PokerStars Hand #167418472572:  Hold'em Limit ($3/$6 USD) - 2017/03/11 2:28:23 ET
Table 'Oileus' 6-max Seat #4 is the button
Seat 1: slamamouse ($42.41 in chips)
Seat 4: Agrotait ($91.50 in chips)
Agrotait: posts small blind $1
slamamouse: posts big blind $3
*** HOLE CARDS ***
Agrotait: raises $3 to $6
slamamouse: folds
Uncalled bet ($3) returned to Agrotait
Agrotait collected $6 from pot
Agrotait: doesn't show hand
*** SUMMARY ***
Total pot $6 | Rake $0
Seat 1: slamamouse (big blind) folded before Flop
Seat 4: Agrotait (button) (small blind) collected ($6)


PokerStars Hand #167418486635:  Hold'em Limit ($3/$6 USD) - 2017/03/11 2:29:09 ET
Table 'Oileus' 6-max Seat #1 is the button
Seat 1: slamamouse ($28.41 in chips)
Seat 4: Agrotait ($105.02 in chips)
slamamouse: posts small blind $1
Agrotait: posts big blind $3
*** HOLE CARDS ***
slamamouse: raises $3 to $6
Agrotait: folds
Uncalled bet ($3) returned to slamamouse
slamamouse collected $6 from pot
slamamouse: doesn't show hand
*** SUMMARY ***
Total pot $6 | Rake $0
Seat 1: slamamouse (button) (small blind) collected ($6)
Seat 4: Agrotait (big blind) folded before Flop


PokerStars Hand #167418484839:  Hold'em Limit ($3/$6 USD) - 2017/03/11 2:29:03 ET
Table 'Oileus' 6-max Seat #4 is the button
Seat 1: slamamouse ($27.41 in chips)
Seat 4: Agrotait ($106.02 in chips)
Agrotait: posts small blind $1
slamamouse: posts big blind $3
*** HOLE CARDS ***
Agrotait: folds
Uncalled bet ($2) returned to slamamouse
slamamouse collected $2 from pot
slamamouse: doesn't show hand
*** SUMMARY ***
Total pot $2 | Rake $0
Seat 1: slamamouse (big blind) collected ($2)
Seat 4: Agrotait (button) (small blind) folded before Flop


PokerStars Hand #167418476993:  Hold'em Limit ($3/$6 USD) - 2017/03/11 2:28:38 ET
Table 'Oileus' 6-max Seat #1 is the button
Seat 1: slamamouse ($39.41 in chips)
Seat 4: Agrotait ($94.50 in chips)
slamamouse: posts small blind $1
Agrotait: posts big blind $3
*** HOLE CARDS ***
slamamouse: raises $3 to $6
Agrotait: raises $3 to $9
slamamouse: calls $3
*** FLOP *** [9c 6s Td]
Agrotait: bets $3
slamamouse: calls $3
*** TURN *** [9c 6s Td] [As]
Agrotait: checks
slamamouse: checks
*** RIVER *** [9c 6s Td As] [Qs]
Agrotait: bets $6
slamamouse: folds
Uncalled bet ($6) returned to Agrotait
Agrotait collected $23.52 from pot
Agrotait: doesn't show hand
*** SUMMARY ***
Total pot $24 | Rake $0.48
Board [9c 6s Td As Qs]
Seat 1: slamamouse (button) (small blind) folded on the River
Seat 4: Agrotait (big blind) collected ($23.52)


PokerStars Hand #167418489538:  Hold'em Limit ($3/$6 USD) - 2017/03/11 2:29:18 ET
Table 'Oileus' 6-max Seat #4 is the button
Seat 1: slamamouse ($31.41 in chips)
Seat 4: Agrotait ($102.02 in chips)
Agrotait: posts small blind $1
slamamouse: posts big blind $3
*** HOLE CARDS ***
Agrotait: raises $3 to $6
slamamouse: raises $3 to $9
Agrotait: calls $3
*** FLOP *** [2h Kc Ks]
slamamouse: checks
Agrotait: checks
*** TURN *** [2h Kc Ks] [3s]
slamamouse: bets $6
Agrotait: calls $6
*** RIVER *** [2h Kc Ks 3s] [Tc]
slamamouse: bets $6
Agrotait: calls $6
*** SHOW DOWN ***
slamamouse: shows [8c Kh] (three of a kind, Kings)
Agrotait: mucks hand
slamamouse collected $41.50 from pot
*** SUMMARY ***
Total pot $42 | Rake $0.50
Board [2h Kc Ks 3s Tc]
Seat 1: slamamouse (big blind) showed [8c Kh] and won ($41.50) with three of a kind, Kings
Seat 4: Agrotait (button) (small blind) mucked


PokerStars Hand #167418518738:  Hold'em Limit ($3/$6 USD) - 2017/03/11 2:30:54 ET
Table 'Oileus' 6-max Seat #4 is the button
Seat 1: slamamouse ($57.67 in chips)
Seat 4: Agrotait ($75.02 in chips)
Agrotait: posts small blind $1
slamamouse: posts big blind $3
*** HOLE CARDS ***
Agrotait: raises $3 to $6
slamamouse: calls $3
*** FLOP *** [6h 2d Ac]
slamamouse: checks
Agrotait: bets $3
slamamouse: folds
Uncalled bet ($3) returned to Agrotait
Agrotait collected $11.76 from pot
Agrotait: doesn't show hand
*** SUMMARY ***
Total pot $12 | Rake $0.24
Board [6h 2d Ac]
Seat 1: slamamouse (big blind) folded on the Flop
Seat 4: Agrotait (button) (small blind) collected ($11.76)


PokerStars Hand #167418504676:  Hold'em Limit ($3/$6 USD) - 2017/03/11 2:30:08 ET
Table 'Oileus' 6-max Seat #1 is the button
Seat 1: slamamouse ($51.91 in chips)
Seat 4: Agrotait ($81.02 in chips)
slamamouse: posts small blind $1
Agrotait: posts big blind $3
*** HOLE CARDS ***
slamamouse: raises $3 to $6
Agrotait: calls $3
*** FLOP *** [2d 7c 4c]
Agrotait: checks
slamamouse: checks
*** TURN *** [2d 7c 4c] [Th]
Agrotait: checks
slamamouse: checks
*** RIVER *** [2d 7c 4c Th] [2c]
Agrotait: checks
slamamouse: checks
*** SHOW DOWN ***
Agrotait: shows [5h Qs] (a pair of Deuces)
slamamouse: shows [3d Ad] (a pair of Deuces - Ace kicker)
slamamouse collected $11.76 from pot
*** SUMMARY ***
Total pot $12 | Rake $0.24
Board [2d 7c 4c Th 2c]
Seat 1: slamamouse (button) (small blind) showed [3d Ad] and won ($11.76) with a pair of Deuces
Seat 4: Agrotait (big blind) showed [5h Qs] and lost with a pair of Deuces


PokerStars Hand #167418523366:  Hold'em Limit ($3/$6 USD) - 2017/03/11 2:31:09 ET
Table 'Oileus' 6-max Seat #1 is the button
Seat 1: slamamouse ($51.67 in chips)
Seat 4: Agrotait ($80.78 in chips)
slamamouse: posts small blind $1
Agrotait: posts big blind $3
*** HOLE CARDS ***
slamamouse: raises $3 to $6
Agrotait: calls $3
*** FLOP *** [7h Qh Ts]
Agrotait: checks
slamamouse: bets $3
Agrotait: folds
Uncalled bet ($3) returned to slamamouse
slamamouse collected $11.76 from pot
slamamouse: doesn't show hand
*** SUMMARY ***
Total pot $12 | Rake $0.24
Board [7h Qh Ts]
Seat 1: slamamouse (button) (small blind) collected ($11.76)
Seat 4: Agrotait (big blind) folded on the Flop


PokerStars Hand #167418528926:  Hold'em Limit ($3/$6 USD) - 2017/03/11 2:31:27 ET
Table 'Oileus' 6-max Seat #4 is the button
Seat 1: slamamouse ($57.43 in chips)
Seat 4: Agrotait ($74.78 in chips)
Agrotait: posts small blind $1
slamamouse: posts big blind $3
*** HOLE CARDS ***
Agrotait: raises $3 to $6
slamamouse: calls $3
*** FLOP *** [3c 4s 6d]
slamamouse: checks
Agrotait: bets $3
slamamouse: calls $3
*** TURN *** [3c 4s 6d] [Qs]
slamamouse: checks
Agrotait: bets $6
slamamouse: folds
Uncalled bet ($6) returned to Agrotait
Agrotait collected $17.64 from pot
Agrotait: doesn't show hand
*** SUMMARY ***
Total pot $18 | Rake $0.36
Board [3c 4s 6d Qs]
Seat 1: slamamouse (big blind) folded on the Turn
Seat 4: Agrotait (button) (small blind) collected ($17.64)


PokerStars Hand #167418535984:  Hold'em Limit ($3/$6 USD) - 2017/03/11 2:31:51 ET
Table 'Oileus' 6-max Seat #1 is the button
Seat 1: slamamouse ($48.43 in chips)
Seat 4: Agrotait ($83.42 in chips)
slamamouse: posts small blind $1
Agrotait: posts big blind $3
*** HOLE CARDS ***
slamamouse: raises $3 to $6
Agrotait: calls $3
*** FLOP *** [5h 5s 3h]
Agrotait: checks
slamamouse: bets $3
Agrotait: calls $3
*** TURN *** [5h 5s 3h] [8h]
Agrotait: checks
slamamouse: checks
*** RIVER *** [5h 5s 3h 8h] [Ts]
Agrotait: checks
slamamouse: checks
*** SHOW DOWN ***
Agrotait: shows [Kc 6h] (a pair of Fives)
slamamouse: shows [7h Ks] (a pair of Fives)
Agrotait collected $8.82 from pot
slamamouse collected $8.82 from pot
*** SUMMARY ***
Total pot $18 | Rake $0.36
Board [5h 5s 3h 8h Ts]
Seat 1: slamamouse (button) (small blind) showed [7h Ks] and won ($8.82) with a pair of Fives
Seat 4: Agrotait (big blind) showed [Kc 6h] and won ($8.82) with a pair of Fives


PokerStars Hand #167418552051:  Hold'em Limit ($3/$6 USD) - 2017/03/11 2:32:44 ET
Table 'Oileus' 6-max Seat #4 is the button
Seat 1: slamamouse ($48.25 in chips)
Seat 4: Agrotait ($83.24 in chips)
Agrotait: posts small blind $1
slamamouse: posts big blind $3
*** HOLE CARDS ***
Agrotait: raises $3 to $6
LuckyScal joins the table at seat #2
slamamouse: calls $3
*** FLOP *** [Qc Kc 5h]
slamamouse: checks
Agrotait: bets $3
slamamouse: raises $3 to $6
Agrotait: calls $3
*** TURN *** [Qc Kc 5h] [7c]
slamamouse: bets $6
Agrotait: calls $6
*** RIVER *** [Qc Kc 5h 7c] [5d]
slamamouse: bets $6
Agrotait: calls $6
*** SHOW DOWN ***
slamamouse: shows [Kh 4h] (two pair, Kings and Fives)
Agrotait: mucks hand
slamamouse collected $47.50 from pot
*** SUMMARY ***
Total pot $48 | Rake $0.50
Board [Qc Kc 5h 7c 5d]
Seat 1: slamamouse (big blind) showed [Kh 4h] and won ($47.50) with two pair, Kings and Fives
Seat 4: Agrotait (button) (small blind) mucked


PokerStars Hand #167422061324:  Hold'em Limit ($3/$6 USD) - 2017/03/11 5:18:19 ET
Table 'Oileus' 6-max Seat #6 is the button
Seat 5: Agrotait ($116.50 in chips)
Seat 6: MellivoraSto ($504.55 in chips)
MellivoraSto: posts small blind $1
wwwBTHEREcom: is sitting out
Agrotait: posts big blind $3
*** HOLE CARDS ***
MellivoraSto: raises $3 to $6
Agrotait: calls $3
*** FLOP *** [5c 2h 4h]
wwwBTHEREcom leaves the table
Agrotait: checks
MellivoraSto: bets $3
Agrotait: calls $3
*** TURN *** [5c 2h 4h] [4d]
Agrotait: checks
MellivoraSto: checks
*** RIVER *** [5c 2h 4h 4d] [5s]
Agrotait: bets $6
MellivoraSto: folds
Uncalled bet ($6) returned to Agrotait
Agrotait collected $17.64 from pot
Agrotait: doesn't show hand
*** SUMMARY ***
Total pot $18 | Rake $0.36
Board [5c 2h 4h 4d 5s]
Seat 5: Agrotait (big blind) collected ($17.64)
Seat 6: MellivoraSto (button) (small blind) folded on the River


