PokerStars Hand #155228712495:  Hold'em Limit ($3/$6 USD) - 2016/06/26 14:01:09 ET
Table 'Oileus II' 6-max Seat #3 is the button
Seat 3: thom's666 ($98.80 in chips)
Seat 4: VolkovDmitri ($120 in chips)
thom's666: posts small blind $1
VolkovDmitri: posts big blind $3
*** HOLE CARDS ***
thom's666: raises $3 to $6
VolkovDmitri: calls $3
*** FLOP *** [Qc 8d 6h]
VolkovDmitri: checks
thom's666: bets $3
VolkovDmitri: raises $3 to $6
thom's666: calls $3
*** TURN *** [Qc 8d 6h] [4c]
VolkovDmitri: bets $6
thom's666: calls $6
*** RIVER *** [Qc 8d 6h 4c] [9s]
VolkovDmitri: checks
perten joins the table at seat #5
thom's666: checks
*** SHOW DOWN ***
VolkovDmitri: shows [8c Jc] (a pair of Eights)
thom's666: shows [Ac 8h] (a pair of Eights - Ace kicker)
thom's666 collected $35.50 from pot
*** SUMMARY ***
Total pot $36 | Rake $0.50
Board [Qc 8d 6h 4c 9s]
Seat 3: thom's666 (button) (small blind) showed [Ac 8h] and won ($35.50) with a pair of Eights
Seat 4: VolkovDmitri (big blind) showed [8c Jc] and lost with a pair of Eights


PokerStars Hand #155239294781:  Hold'em Limit ($3/$6 USD) - 2016/06/26 17:37:27 ET
Table 'Oileus II' 6-max Seat #5 is the button
Seat 4: ogdealer ($49.44 in chips)
Seat 5: GRAILKO ($247.19 in chips)
GRAILKO: posts small blind $1
jackRizzar: is sitting out
ogdealer: posts big blind $3
*** HOLE CARDS ***
GRAILKO: raises $3 to $6
ogdealer: folds
Uncalled bet ($3) returned to GRAILKO
GRAILKO collected $6 from pot
GRAILKO: doesn't show hand
*** SUMMARY ***
Total pot $6 | Rake $0
Seat 4: ogdealer (big blind) folded before Flop
Seat 5: GRAILKO (button) (small blind) collected ($6)


PokerStars Hand #155239300986:  Hold'em Limit ($3/$6 USD) - 2016/06/26 17:37:35 ET
Table 'Oileus II' 6-max Seat #4 is the button
Seat 4: ogdealer ($46.44 in chips)
Seat 5: GRAILKO ($250.19 in chips)
ogdealer: posts small blind $1
GRAILKO: posts big blind $3
*** HOLE CARDS ***
ogdealer: calls $2
GRAILKO: raises $3 to $6
ogdealer: calls $3
*** FLOP *** [5d 3d Kh]
GRAILKO: bets $3
ogdealer: folds
Uncalled bet ($3) returned to GRAILKO
GRAILKO collected $11.76 from pot
GRAILKO: doesn't show hand
*** SUMMARY ***
Total pot $12 | Rake $0.24
Board [5d 3d Kh]
Seat 4: ogdealer (button) (small blind) folded on the Flop
Seat 5: GRAILKO (big blind) collected ($11.76)


