PokerStars Hand #159924566258:  Hold'em Limit ($3/$6 USD) - 2016/10/14 13:20:03 ET
Table 'Oileus' 6-max Seat #1 is the button
Seat 1: HAOYUN88888 ($120.67 in chips)
Seat 4: AzureCaper ($72 in chips)
HAOYUN88888: posts small blind $1
AzureCaper: posts big blind $3
*** HOLE CARDS ***
HAOYUN88888: folds
Uncalled bet ($2) returned to AzureCaper
AzureCaper collected $2 from pot
AzureCaper: doesn't show hand
*** SUMMARY ***
Total pot $2 | Rake $0
Seat 1: HAOYUN88888 (button) (small blind) folded before Flop
Seat 4: AzureCaper (big blind) collected ($2)


PokerStars Hand #159924559177:  Hold'em Limit ($3/$6 USD) - 2016/10/14 13:19:53 ET
Table 'Oileus' 6-max Seat #4 is the button
Seat 1: HAOYUN88888 ($112.03 in chips)
Seat 4: AzureCaper ($73 in chips)
AzureCaper: posts small blind $1
HAOYUN88888: posts big blind $3
*** HOLE CARDS ***
AzureCaper: raises $3 to $6
HAOYUN88888: calls $3
*** FLOP *** [Ad 8h 9h]
HAOYUN88888: checks
AzureCaper: bets $3
HAOYUN88888: raises $3 to $6
AzureCaper: folds
Uncalled bet ($3) returned to HAOYUN88888
HAOYUN88888 collected $17.64 from pot
HAOYUN88888: doesn't show hand
*** SUMMARY ***
Total pot $18 | Rake $0.36
Board [Ad 8h 9h]
Seat 1: HAOYUN88888 (big blind) collected ($17.64)
Seat 4: AzureCaper (button) (small blind) folded on the Flop


PokerStars Hand #159924555791:  Hold'em Limit ($3/$6 USD) - 2016/10/14 13:19:49 ET
Table 'Oileus' 6-max Seat #1 is the button
Seat 1: HAOYUN88888 ($113.03 in chips)
Seat 4: AzureCaper ($72 in chips)
HAOYUN88888: posts small blind $1
AzureCaper: posts big blind $3
*** HOLE CARDS ***
HAOYUN88888: folds
Uncalled bet ($2) returned to AzureCaper
AzureCaper collected $2 from pot
AzureCaper: doesn't show hand
*** SUMMARY ***
Total pot $2 | Rake $0
Seat 1: HAOYUN88888 (button) (small blind) folded before Flop
Seat 4: AzureCaper (big blind) collected ($2)


PokerStars Hand #159924552328:  Hold'em Limit ($3/$6 USD) - 2016/10/14 13:19:44 ET
Table 'Oileus' 6-max Seat #4 is the button
Seat 1: HAOYUN88888 ($112.03 in chips)
Seat 4: AzureCaper ($73 in chips)
AzureCaper: posts small blind $1
HAOYUN88888: posts big blind $3
*** HOLE CARDS ***
AzureCaper: folds
Uncalled bet ($2) returned to HAOYUN88888
HAOYUN88888 collected $2 from pot
HAOYUN88888: doesn't show hand
*** SUMMARY ***
Total pot $2 | Rake $0
Seat 1: HAOYUN88888 (big blind) collected ($2)
Seat 4: AzureCaper (button) (small blind) folded before Flop


PokerStars Hand #159924546475:  Hold'em Limit ($3/$6 USD) - 2016/10/14 13:19:40 ET
Table 'Oileus' 6-max Seat #1 is the button
Seat 1: HAOYUN88888 ($113.03 in chips)
Seat 4: AzureCaper ($72 in chips)
HAOYUN88888: posts small blind $1
AzureCaper: posts big blind $3
*** HOLE CARDS ***
HAOYUN88888: folds
Uncalled bet ($2) returned to AzureCaper
AzureCaper collected $2 from pot
AzureCaper: doesn't show hand
*** SUMMARY ***
Total pot $2 | Rake $0
Seat 1: HAOYUN88888 (button) (small blind) folded before Flop
Seat 4: AzureCaper (big blind) collected ($2)


PokerStars Hand #159924532482:  Hold'em Limit ($3/$6 USD) - 2016/10/14 13:19:21 ET
Table 'Oileus' 6-max Seat #4 is the button
Seat 1: HAOYUN88888 ($101.51 in chips)
Seat 4: AzureCaper ($72 in chips)
AzureCaper: posts small blind $1
HAOYUN88888: posts big blind $3
*** HOLE CARDS ***
AzureCaper: raises $3 to $6
HAOYUN88888: calls $3
*** FLOP *** [3d 9c Kh]
HAOYUN88888: checks
AzureCaper: bets $3
HAOYUN88888: raises $3 to $6
AzureCaper: calls $3
*** TURN *** [3d 9c Kh] [Jh]
HAOYUN88888: bets $6
AzureCaper: folds
Uncalled bet ($6) returned to HAOYUN88888
HAOYUN88888 collected $23.52 from pot
HAOYUN88888: doesn't show hand
*** SUMMARY ***
Total pot $24 | Rake $0.48
Board [3d 9c Kh Jh]
Seat 1: HAOYUN88888 (big blind) collected ($23.52)
Seat 4: AzureCaper (button) (small blind) folded on the Turn


PokerStars Hand #159924620258:  Hold'em Limit ($3/$6 USD) - 2016/10/14 13:21:14 ET
Table 'Oileus' 6-max Seat #1 is the button
Seat 1: HAOYUN88888 ($106.31 in chips)
Seat 4: AzureCaper ($93.50 in chips)
HAOYUN88888: posts small blind $1
AzureCaper: posts big blind $3
*** HOLE CARDS ***
HAOYUN88888: folds
Uncalled bet ($2) returned to AzureCaper
AzureCaper collected $2 from pot
AzureCaper: doesn't show hand
*** SUMMARY ***
Total pot $2 | Rake $0
Seat 1: HAOYUN88888 (button) (small blind) folded before Flop
Seat 4: AzureCaper (big blind) collected ($2)


PokerStars Hand #159924605173:  Hold'em Limit ($3/$6 USD) - 2016/10/14 13:20:54 ET
Table 'Oileus' 6-max Seat #4 is the button
Seat 1: HAOYUN88888 ($127.31 in chips)
Seat 4: AzureCaper ($73 in chips)
AzureCaper: posts small blind $1
HAOYUN88888: posts big blind $3
*** HOLE CARDS ***
AzureCaper: raises $3 to $6
HAOYUN88888: calls $3
*** FLOP *** [7c Th 6s]
HAOYUN88888: checks
AzureCaper: bets $3
HAOYUN88888: calls $3
*** TURN *** [7c Th 6s] [8s]
HAOYUN88888: checks
AzureCaper: checks
*** RIVER *** [7c Th 6s 8s] [Jd]
HAOYUN88888: bets $6
AzureCaper: raises $6 to $12
HAOYUN88888: calls $6
*** SHOW DOWN ***
AzureCaper: shows [7h 7s] (three of a kind, Sevens)
HAOYUN88888: mucks hand
AzureCaper collected $41.50 from pot
*** SUMMARY ***
Total pot $42 | Rake $0.50
Board [7c Th 6s 8s Jd]
Seat 1: HAOYUN88888 (big blind) mucked
Seat 4: AzureCaper (button) (small blind) showed [7h 7s] and won ($41.50) with three of a kind, Sevens


PokerStars Hand #159924601711:  Hold'em Limit ($3/$6 USD) - 2016/10/14 13:20:50 ET
Table 'Oileus' 6-max Seat #1 is the button
Seat 1: HAOYUN88888 ($128.31 in chips)
Seat 4: AzureCaper ($72 in chips)
HAOYUN88888: posts small blind $1
AzureCaper: posts big blind $3
*** HOLE CARDS ***
HAOYUN88888: folds
Uncalled bet ($2) returned to AzureCaper
AzureCaper collected $2 from pot
AzureCaper: doesn't show hand
*** SUMMARY ***
Total pot $2 | Rake $0
Seat 1: HAOYUN88888 (button) (small blind) folded before Flop
Seat 4: AzureCaper (big blind) collected ($2)


PokerStars Hand #159924598111:  Hold'em Limit ($3/$6 USD) - 2016/10/14 13:20:45 ET
Table 'Oileus' 6-max Seat #4 is the button
Seat 1: HAOYUN88888 ($127.31 in chips)
Seat 4: AzureCaper ($73 in chips)
AzureCaper: posts small blind $1
HAOYUN88888: posts big blind $3
*** HOLE CARDS ***
AzureCaper: folds
Uncalled bet ($2) returned to HAOYUN88888
HAOYUN88888 collected $2 from pot
HAOYUN88888: doesn't show hand
*** SUMMARY ***
Total pot $2 | Rake $0
Seat 1: HAOYUN88888 (big blind) collected ($2)
Seat 4: AzureCaper (button) (small blind) folded before Flop


PokerStars Hand #159924592686:  Hold'em Limit ($3/$6 USD) - 2016/10/14 13:20:38 ET
Table 'Oileus' 6-max Seat #1 is the button
Seat 1: HAOYUN88888 ($128.31 in chips)
Seat 4: AzureCaper ($72 in chips)
HAOYUN88888: posts small blind $1
AzureCaper: posts big blind $3
*** HOLE CARDS ***
HAOYUN88888: folds
Uncalled bet ($2) returned to AzureCaper
AzureCaper collected $2 from pot
AzureCaper: doesn't show hand
*** SUMMARY ***
Total pot $2 | Rake $0
Seat 1: HAOYUN88888 (button) (small blind) folded before Flop
Seat 4: AzureCaper (big blind) collected ($2)


PokerStars Hand #159924588469:  Hold'em Limit ($3/$6 USD) - 2016/10/14 13:20:32 ET
Table 'Oileus' 6-max Seat #4 is the button
Seat 1: HAOYUN88888 ($127.31 in chips)
Seat 4: AzureCaper ($73 in chips)
AzureCaper: posts small blind $1
HAOYUN88888: posts big blind $3
*** HOLE CARDS ***
AzureCaper: folds
Uncalled bet ($2) returned to HAOYUN88888
HAOYUN88888 collected $2 from pot
HAOYUN88888: doesn't show hand
*** SUMMARY ***
Total pot $2 | Rake $0
Seat 1: HAOYUN88888 (big blind) collected ($2)
Seat 4: AzureCaper (button) (small blind) folded before Flop


PokerStars Hand #159924585046:  Hold'em Limit ($3/$6 USD) - 2016/10/14 13:20:28 ET
Table 'Oileus' 6-max Seat #1 is the button
Seat 1: HAOYUN88888 ($128.31 in chips)
Seat 4: AzureCaper ($72 in chips)
HAOYUN88888: posts small blind $1
AzureCaper: posts big blind $3
*** HOLE CARDS ***
HAOYUN88888: folds
Uncalled bet ($2) returned to AzureCaper
AzureCaper collected $2 from pot
AzureCaper: doesn't show hand
*** SUMMARY ***
Total pot $2 | Rake $0
Seat 1: HAOYUN88888 (button) (small blind) folded before Flop
Seat 4: AzureCaper (big blind) collected ($2)


PokerStars Hand #159924569811:  Hold'em Limit ($3/$6 USD) - 2016/10/14 13:20:08 ET
Table 'Oileus' 6-max Seat #4 is the button
Seat 1: HAOYUN88888 ($119.67 in chips)
Seat 4: AzureCaper ($73 in chips)
AzureCaper: posts small blind $1
HAOYUN88888: posts big blind $3
*** HOLE CARDS ***
AzureCaper: raises $3 to $6
HAOYUN88888: calls $3
*** FLOP *** [3d 4c Kd]
HAOYUN88888: checks
AzureCaper: bets $3
HAOYUN88888: calls $3
*** TURN *** [3d 4c Kd] [Kc]
HAOYUN88888: checks
AzureCaper: checks
*** RIVER *** [3d 4c Kd Kc] [9h]
HAOYUN88888: bets $6
AzureCaper: folds
Uncalled bet ($6) returned to HAOYUN88888
HAOYUN88888 collected $17.64 from pot
HAOYUN88888: doesn't show hand
*** SUMMARY ***
Total pot $18 | Rake $0.36
Board [3d 4c Kd Kc 9h]
Seat 1: HAOYUN88888 (big blind) collected ($17.64)
Seat 4: AzureCaper (button) (small blind) folded on the River


PokerStars Hand #159924636963:  Hold'em Limit ($3/$6 USD) - 2016/10/14 13:21:36 ET
Table 'Oileus' 6-max Seat #4 is the button
Seat 1: HAOYUN88888 ($105.31 in chips)
Seat 4: AzureCaper ($94.50 in chips)
AzureCaper: posts small blind $1
HAOYUN88888: posts big blind $3
*** HOLE CARDS ***
AzureCaper: raises $3 to $6
HAOYUN88888: calls $3
*** FLOP *** [Th 7d 2h]
HAOYUN88888: checks
AzureCaper: bets $3
HAOYUN88888: raises $3 to $6
AzureCaper: calls $3
*** TURN *** [Th 7d 2h] [8d]
HAOYUN88888: bets $6
AzureCaper: calls $6
*** RIVER *** [Th 7d 2h 8d] [Td]
HAOYUN88888: checks
AzureCaper: bets $6
HAOYUN88888: calls $6
*** SHOW DOWN ***
AzureCaper: shows [3h 6h] (a pair of Tens)
HAOYUN88888: shows [Ah 6s] (a pair of Tens - Ace kicker)
HAOYUN88888 collected $47.50 from pot
*** SUMMARY ***
Total pot $48 | Rake $0.50
Board [Th 7d 2h 8d Td]
Seat 1: HAOYUN88888 (big blind) showed [Ah 6s] and won ($47.50) with a pair of Tens
Seat 4: AzureCaper (button) (small blind) showed [3h 6h] and lost with a pair of Tens


PokerStars Hand #159924630669:  Hold'em Limit ($3/$6 USD) - 2016/10/14 13:21:28 ET
Table 'Oileus' 6-max Seat #1 is the button
Seat 1: HAOYUN88888 ($106.31 in chips)
Seat 4: AzureCaper ($93.50 in chips)
HAOYUN88888: posts small blind $1
AzureCaper: posts big blind $3
*** HOLE CARDS ***
marmatixx joins the table at seat #2
HAOYUN88888: folds
Uncalled bet ($2) returned to AzureCaper
AzureCaper collected $2 from pot
AzureCaper: doesn't show hand
*** SUMMARY ***
Total pot $2 | Rake $0
Seat 1: HAOYUN88888 (button) (small blind) folded before Flop
Seat 4: AzureCaper (big blind) collected ($2)


PokerStars Hand #159924623792:  Hold'em Limit ($3/$6 USD) - 2016/10/14 13:21:19 ET
Table 'Oileus' 6-max Seat #4 is the button
Seat 1: HAOYUN88888 ($105.31 in chips)
Seat 4: AzureCaper ($94.50 in chips)
AzureCaper: posts small blind $1
HAOYUN88888: posts big blind $3
*** HOLE CARDS ***
AzureCaper: folds
Uncalled bet ($2) returned to HAOYUN88888
HAOYUN88888 collected $2 from pot
HAOYUN88888: doesn't show hand
*** SUMMARY ***
Total pot $2 | Rake $0
Seat 1: HAOYUN88888 (big blind) collected ($2)
Seat 4: AzureCaper (button) (small blind) folded before Flop


PokerStars Hand #159925133207:  Hold'em Limit ($3/$6 USD) - 2016/10/14 13:32:33 ET
Table 'Oileus' 6-max Seat #2 is the button
Seat 2: marmatixx ($37 in chips)
Seat 4: AzureCaper ($72 in chips)
VolkovDmitri will be allowed to play after the button
HAOYUN88888 will be allowed to play after the button
marmatixx: posts small blind $1
vestimokrec: is sitting out
AzureCaper: posts big blind $3
*** HOLE CARDS ***
marmatixx: calls $2
AzureCaper: checks
*** FLOP *** [7h 5h Qh]
AzureCaper: bets $3
marmatixx: folds
Uncalled bet ($3) returned to AzureCaper
AzureCaper collected $5.88 from pot
AzureCaper: doesn't show hand
*** SUMMARY ***
Total pot $6 | Rake $0.12
Board [7h 5h Qh]
Seat 2: marmatixx (button) (small blind) folded on the Flop
Seat 4: AzureCaper (big blind) collected ($5.88)


PokerStars Hand #159929840766:  Hold'em Limit ($3/$6 USD) - 2016/10/14 15:13:34 ET
Table 'Oileus' 6-max Seat #5 is the button
Seat 1: ABATAPP ($78.31 in chips)
Seat 5: VolkovDmitri ($421.30 in chips)
VolkovDmitri: posts small blind $1
ABATAPP: posts big blind $3
*** HOLE CARDS ***
VolkovDmitri: raises $3 to $6
ABATAPP: folds
Uncalled bet ($3) returned to VolkovDmitri
VolkovDmitri collected $6 from pot
VolkovDmitri: doesn't show hand
*** SUMMARY ***
Total pot $6 | Rake $0
Seat 1: ABATAPP (big blind) folded before Flop
Seat 5: VolkovDmitri (button) (small blind) collected ($6)


PokerStars Hand #159929851334:  Hold'em Limit ($3/$6 USD) - 2016/10/14 15:13:47 ET
Table 'Oileus' 6-max Seat #1 is the button
Seat 1: ABATAPP ($75.31 in chips)
Seat 5: VolkovDmitri ($424.30 in chips)
ABATAPP: posts small blind $1
VolkovDmitri: posts big blind $3
*** HOLE CARDS ***
ABATAPP: folds
Uncalled bet ($2) returned to VolkovDmitri
ABATAPP leaves the table
VolkovDmitri collected $2 from pot
VolkovDmitri: doesn't show hand
*** SUMMARY ***
Total pot $2 | Rake $0
Seat 1: ABATAPP (button) (small blind) folded before Flop
Seat 5: VolkovDmitri (big blind) collected ($2)


