PokerStars Hand #148546615259:  Hold'em Limit ($3/$6 USD) - 2016/02/10 3:41:38 ET
Table 'Okavango' 2-max Seat #1 is the button
Seat 1: kaputnikoff ($269.50 in chips)
Seat 2: Piparipoker ($70 in chips)
kaputnikoff: posts small blind $1
Piparipoker: posts big blind $3
*** HOLE CARDS ***
kaputnikoff: folds
Uncalled bet ($2) returned to Piparipoker
Piparipoker collected $2 from pot
Piparipoker: doesn't show hand
*** SUMMARY ***
Total pot $2 | Rake $0
Seat 1: kaputnikoff (button) (small blind) folded before Flop
Seat 2: Piparipoker (big blind) collected ($2)


PokerStars Hand #148546600913:  Hold'em Limit ($3/$6 USD) - 2016/02/10 3:40:58 ET
Table 'Okavango' 2-max Seat #2 is the button
Seat 1: kaputnikoff ($240 in chips)
Seat 2: Piparipoker ($100 in chips)
Piparipoker: posts small blind $1
kaputnikoff: posts big blind $3
*** HOLE CARDS ***
Piparipoker: raises $3 to $6
kaputnikoff: calls $3
*** FLOP *** [4d 9h 9d]
kaputnikoff: checks
Piparipoker: bets $3
kaputnikoff: raises $3 to $6
Piparipoker: calls $3
*** TURN *** [4d 9h 9d] [3s]
kaputnikoff: bets $6
Piparipoker: raises $6 to $12
kaputnikoff: calls $6
*** RIVER *** [4d 9h 9d 3s] [9s]
kaputnikoff: checks
Piparipoker: bets $6
kaputnikoff: calls $6
*** SHOW DOWN ***
Piparipoker: shows [2c 2d] (a full house, Nines full of Deuces)
kaputnikoff: shows [5d 4s] (a full house, Nines full of Fours)
kaputnikoff collected $59.50 from pot
*** SUMMARY ***
Total pot $60 | Rake $0.50
Board [4d 9h 9d 3s 9s]
Seat 1: kaputnikoff (big blind) showed [5d 4s] and won ($59.50) with a full house, Nines full of Fours
Seat 2: Piparipoker (button) (small blind) showed [2c 2d] and lost with a full house, Nines full of Deuces


PokerStars Hand #148546631545:  Hold'em Limit ($3/$6 USD) - 2016/02/10 3:42:24 ET
Table 'Okavango' 2-max Seat #2 is the button
Seat 1: kaputnikoff ($294.52 in chips)
Seat 2: Piparipoker ($44 in chips)
Piparipoker: posts small blind $1
kaputnikoff: posts big blind $3
*** HOLE CARDS ***
Piparipoker: raises $3 to $6
kaputnikoff: calls $3
*** FLOP *** [7d 7c 3d]
kaputnikoff: checks
Piparipoker: checks
*** TURN *** [7d 7c 3d] [3c]
kaputnikoff: bets $6
Piparipoker: folds
Uncalled bet ($6) returned to kaputnikoff
kaputnikoff collected $11.76 from pot
kaputnikoff: doesn't show hand
*** SUMMARY ***
Total pot $12 | Rake $0.24
Board [7d 7c 3d 3c]
Seat 1: kaputnikoff (big blind) collected ($11.76)
Seat 2: Piparipoker (button) (small blind) folded on the Turn


PokerStars Hand #148546618014:  Hold'em Limit ($3/$6 USD) - 2016/02/10 3:41:46 ET
Table 'Okavango' 2-max Seat #2 is the button
Seat 1: kaputnikoff ($268.50 in chips)
Seat 2: Piparipoker ($71 in chips)
Piparipoker: posts small blind $1
kaputnikoff: posts big blind $3
*** HOLE CARDS ***
Piparipoker: raises $3 to $6
kaputnikoff: raises $3 to $9
Piparipoker: calls $3
*** FLOP *** [3c 9s Ah]
kaputnikoff: bets $3
Piparipoker: calls $3
*** TURN *** [3c 9s Ah] [Qs]
kaputnikoff: bets $6
Piparipoker: folds
Uncalled bet ($6) returned to kaputnikoff
kaputnikoff collected $23.52 from pot
kaputnikoff: doesn't show hand
*** SUMMARY ***
Total pot $24 | Rake $0.48
Board [3c 9s Ah Qs]
Seat 1: kaputnikoff (big blind) collected ($23.52)
Seat 2: Piparipoker (button) (small blind) folded on the Turn


PokerStars Hand #148546625154:  Hold'em Limit ($3/$6 USD) - 2016/02/10 3:42:06 ET
Table 'Okavango' 2-max Seat #1 is the button
Seat 1: kaputnikoff ($280.02 in chips)
Seat 2: Piparipoker ($59 in chips)
kaputnikoff: posts small blind $1
Piparipoker: posts big blind $3
*** HOLE CARDS ***
kaputnikoff: raises $3 to $6
Piparipoker: calls $3
*** FLOP *** [Ac 9c Ah]
Piparipoker: checks
kaputnikoff: bets $3
Piparipoker: calls $3
*** TURN *** [Ac 9c Ah] [5d]
Piparipoker: checks
kaputnikoff: checks
*** RIVER *** [Ac 9c Ah 5d] [6d]
Piparipoker: bets $6
kaputnikoff: calls $6
*** SHOW DOWN ***
Piparipoker: shows [Kh 7d] (a pair of Aces)
kaputnikoff: shows [3d 3c] (two pair, Aces and Threes)
kaputnikoff collected $29.50 from pot
*** SUMMARY ***
Total pot $30 | Rake $0.50
Board [Ac 9c Ah 5d 6d]
Seat 1: kaputnikoff (button) (small blind) showed [3d 3c] and won ($29.50) with two pair, Aces and Threes
Seat 2: Piparipoker (big blind) showed [Kh 7d] and lost with a pair of Aces


PokerStars Hand #148546649490:  Hold'em Limit ($3/$6 USD) - 2016/02/10 3:43:14 ET
Table 'Okavango' 2-max Seat #2 is the button
Seat 1: kaputnikoff ($323.78 in chips)
Seat 2: Piparipoker ($14 in chips)
Piparipoker: posts small blind $1
kaputnikoff: posts big blind $3
*** HOLE CARDS ***
Piparipoker: raises $3 to $6
kaputnikoff: raises $3 to $9
Piparipoker: calls $3
*** FLOP *** [Jd 6s 9h]
kaputnikoff: bets $3
Piparipoker: raises $2 to $5 and is all-in
kaputnikoff: calls $2
*** TURN *** [Jd 6s 9h] [6d]
*** RIVER *** [Jd 6s 9h 6d] [Qc]
*** SHOW DOWN ***
kaputnikoff: shows [Ts 9s] (two pair, Nines and Sixes)
Piparipoker: shows [7s 3s] (a pair of Sixes)
kaputnikoff collected $27.50 from pot
*** SUMMARY ***
Total pot $28 | Rake $0.50
Board [Jd 6s 9h 6d Qc]
Seat 1: kaputnikoff (big blind) showed [Ts 9s] and won ($27.50) with two pair, Nines and Sixes
Seat 2: Piparipoker (button) (small blind) showed [7s 3s] and lost with a pair of Sixes


PokerStars Hand #148546636916:  Hold'em Limit ($3/$6 USD) - 2016/02/10 3:42:39 ET
Table 'Okavango' 2-max Seat #1 is the button
Seat 1: kaputnikoff ($300.28 in chips)
Seat 2: Piparipoker ($38 in chips)
kaputnikoff: posts small blind $1
Piparipoker: posts big blind $3
*** HOLE CARDS ***
kaputnikoff: raises $3 to $6
Piparipoker: raises $3 to $9
kaputnikoff: calls $3
*** FLOP *** [2c 3c 4d]
Piparipoker: bets $3
kaputnikoff: calls $3
*** TURN *** [2c 3c 4d] [7c]
Piparipoker: bets $6
kaputnikoff: calls $6
*** RIVER *** [2c 3c 4d 7c] [7h]
Piparipoker: bets $6
kaputnikoff: calls $6
*** SHOW DOWN ***
Piparipoker: shows [Ad 6d] (a pair of Sevens)
kaputnikoff: shows [8s 3h] (two pair, Sevens and Threes)
kaputnikoff collected $47.50 from pot
*** SUMMARY ***
Total pot $48 | Rake $0.50
Board [2c 3c 4d 7c 7h]
Seat 1: kaputnikoff (button) (small blind) showed [8s 3h] and won ($47.50) with two pair, Sevens and Threes
Seat 2: Piparipoker (big blind) showed [Ad 6d] and lost with a pair of Sevens


PokerStars Hand #148546701166:  Hold'em Limit ($3/$6 USD) - 2016/02/10 3:45:36 ET
Table 'Okavango' 2-max Seat #2 is the button
Seat 1: kaputnikoff ($326.28 in chips)
Seat 2: Piparipoker ($55.64 in chips)
Piparipoker: posts small blind $1
kaputnikoff: posts big blind $3
*** HOLE CARDS ***
Piparipoker: folds
Uncalled bet ($2) returned to kaputnikoff
kaputnikoff collected $2 from pot
kaputnikoff: doesn't show hand
*** SUMMARY ***
Total pot $2 | Rake $0
Seat 1: kaputnikoff (big blind) collected ($2)
Seat 2: Piparipoker (button) (small blind) folded before Flop


PokerStars Hand #148546696837:  Hold'em Limit ($3/$6 USD) - 2016/02/10 3:45:24 ET
Table 'Okavango' 2-max Seat #1 is the button
Seat 1: kaputnikoff ($327.28 in chips)
Seat 2: Piparipoker ($54.64 in chips)
kaputnikoff: posts small blind $1
Piparipoker: posts big blind $3
*** HOLE CARDS ***
kaputnikoff: folds
Uncalled bet ($2) returned to Piparipoker
Piparipoker collected $2 from pot
Piparipoker: doesn't show hand
*** SUMMARY ***
Total pot $2 | Rake $0
Seat 1: kaputnikoff (button) (small blind) folded before Flop
Seat 2: Piparipoker (big blind) collected ($2)


PokerStars Hand #148546687142:  Hold'em Limit ($3/$6 USD) - 2016/02/10 3:44:58 ET
Table 'Okavango' 2-max Seat #2 is the button
Seat 1: kaputnikoff ($336.28 in chips)
Seat 2: Piparipoker ($46 in chips)
Piparipoker: posts small blind $1
kaputnikoff: posts big blind $3
*** HOLE CARDS ***
Piparipoker: raises $3 to $6
kaputnikoff: calls $3
*** FLOP *** [Ad 6d Qh]
kaputnikoff: checks
Piparipoker: bets $3
kaputnikoff: calls $3
*** TURN *** [Ad 6d Qh] [Tc]
kaputnikoff: checks
Piparipoker: bets $6
kaputnikoff: folds
Uncalled bet ($6) returned to Piparipoker
Piparipoker collected $17.64 from pot
Piparipoker: doesn't show hand
*** SUMMARY ***
Total pot $18 | Rake $0.36
Board [Ad 6d Qh Tc]
Seat 1: kaputnikoff (big blind) folded on the Turn
Seat 2: Piparipoker (button) (small blind) collected ($17.64)


PokerStars Hand #148546683772:  Hold'em Limit ($3/$6 USD) - 2016/02/10 3:44:49 ET
Table 'Okavango' 2-max Seat #1 is the button
Seat 1: kaputnikoff ($337.28 in chips)
Seat 2: Piparipoker ($45 in chips)
kaputnikoff: posts small blind $1
Piparipoker: posts big blind $3
*** HOLE CARDS ***
kaputnikoff: folds
Uncalled bet ($2) returned to Piparipoker
Piparipoker collected $2 from pot
Piparipoker: doesn't show hand
*** SUMMARY ***
Total pot $2 | Rake $0
Seat 1: kaputnikoff (button) (small blind) folded before Flop
Seat 2: Piparipoker (big blind) collected ($2)


PokerStars Hand #148546724120:  Hold'em Limit ($3/$6 USD) - 2016/02/10 3:46:38 ET
Table 'Okavango' 2-max Seat #1 is the button
Seat 1: kaputnikoff ($322.04 in chips)
Seat 2: Piparipoker ($59.28 in chips)
kaputnikoff: posts small blind $1
Piparipoker: posts big blind $3
*** HOLE CARDS ***
kaputnikoff: raises $3 to $6
Piparipoker: folds
Uncalled bet ($3) returned to kaputnikoff
kaputnikoff collected $6 from pot
kaputnikoff: doesn't show hand
*** SUMMARY ***
Total pot $6 | Rake $0
Seat 1: kaputnikoff (button) (small blind) collected ($6)
Seat 2: Piparipoker (big blind) folded before Flop


PokerStars Hand #148546722256:  Hold'em Limit ($3/$6 USD) - 2016/02/10 3:46:33 ET
Table 'Okavango' 2-max Seat #2 is the button
Seat 1: kaputnikoff ($321.04 in chips)
Seat 2: Piparipoker ($60.28 in chips)
Piparipoker: posts small blind $1
kaputnikoff: posts big blind $3
*** HOLE CARDS ***
Piparipoker: folds
Uncalled bet ($2) returned to kaputnikoff
kaputnikoff collected $2 from pot
kaputnikoff: doesn't show hand
*** SUMMARY ***
Total pot $2 | Rake $0
Seat 1: kaputnikoff (big blind) collected ($2)
Seat 2: Piparipoker (button) (small blind) folded before Flop


PokerStars Hand #148546718057:  Hold'em Limit ($3/$6 USD) - 2016/02/10 3:46:21 ET
Table 'Okavango' 2-max Seat #1 is the button
Seat 1: kaputnikoff ($315.28 in chips)
Seat 2: Piparipoker ($66.28 in chips)
kaputnikoff: posts small blind $1
Piparipoker: posts big blind $3
*** HOLE CARDS ***
kaputnikoff: raises $3 to $6
Piparipoker: calls $3
*** FLOP *** [6d Qd Js]
Piparipoker: checks
kaputnikoff: bets $3
Piparipoker: folds
Uncalled bet ($3) returned to kaputnikoff
kaputnikoff collected $11.76 from pot
kaputnikoff: doesn't show hand
*** SUMMARY ***
Total pot $12 | Rake $0.24
Board [6d Qd Js]
Seat 1: kaputnikoff (button) (small blind) collected ($11.76)
Seat 2: Piparipoker (big blind) folded on the Flop


PokerStars Hand #148546714516:  Hold'em Limit ($3/$6 USD) - 2016/02/10 3:46:12 ET
Table 'Okavango' 2-max Seat #2 is the button
Seat 1: kaputnikoff ($318.28 in chips)
Seat 2: Piparipoker ($63.28 in chips)
Piparipoker: posts small blind $1
kaputnikoff: posts big blind $3
*** HOLE CARDS ***
Piparipoker: raises $3 to $6
kaputnikoff: folds
Uncalled bet ($3) returned to Piparipoker
Piparipoker collected $6 from pot
Piparipoker: doesn't show hand
*** SUMMARY ***
Total pot $6 | Rake $0
Seat 1: kaputnikoff (big blind) folded before Flop
Seat 2: Piparipoker (button) (small blind) collected ($6)


PokerStars Hand #148546703291:  Hold'em Limit ($3/$6 USD) - 2016/02/10 3:45:41 ET
Table 'Okavango' 2-max Seat #1 is the button
Seat 1: kaputnikoff ($327.28 in chips)
Seat 2: Piparipoker ($54.64 in chips)
kaputnikoff: posts small blind $1
Piparipoker: posts big blind $3
*** HOLE CARDS ***
kaputnikoff: raises $3 to $6
Piparipoker: calls $3
*** FLOP *** [9c 2d 6h]
Piparipoker: checks
kaputnikoff: bets $3
Piparipoker: calls $3
*** TURN *** [9c 2d 6h] [Th]
Piparipoker: checks
kaputnikoff: checks
*** RIVER *** [9c 2d 6h Th] [Ad]
Piparipoker: bets $6
kaputnikoff: folds
Uncalled bet ($6) returned to Piparipoker
Piparipoker collected $17.64 from pot
Piparipoker: doesn't show hand
*** SUMMARY ***
Total pot $18 | Rake $0.36
Board [9c 2d 6h Th Ad]
Seat 1: kaputnikoff (button) (small blind) folded on the River
Seat 2: Piparipoker (big blind) collected ($17.64)


PokerStars Hand #148546737300:  Hold'em Limit ($3/$6 USD) - 2016/02/10 3:47:13 ET
Table 'Okavango' 2-max Seat #1 is the button
Seat 1: kaputnikoff ($316.04 in chips)
Seat 2: Piparipoker ($64.92 in chips)
kaputnikoff: posts small blind $1
Piparipoker: posts big blind $3
*** HOLE CARDS ***
kaputnikoff: folds
Uncalled bet ($2) returned to Piparipoker
Piparipoker collected $2 from pot
Piparipoker: doesn't show hand
*** SUMMARY ***
Total pot $2 | Rake $0
Seat 1: kaputnikoff (button) (small blind) folded before Flop
Seat 2: Piparipoker (big blind) collected ($2)


PokerStars Hand #148546726806:  Hold'em Limit ($3/$6 USD) - 2016/02/10 3:46:45 ET
Table 'Okavango' 2-max Seat #2 is the button
Seat 1: kaputnikoff ($325.04 in chips)
Seat 2: Piparipoker ($56.28 in chips)
Piparipoker: posts small blind $1
kaputnikoff: posts big blind $3
*** HOLE CARDS ***
Piparipoker: raises $3 to $6
kaputnikoff: calls $3
*** FLOP *** [2h 6h 9d]
kaputnikoff: checks
Piparipoker: bets $3
kaputnikoff: calls $3
*** TURN *** [2h 6h 9d] [7s]
kaputnikoff: checks
Piparipoker: checks
*** RIVER *** [2h 6h 9d 7s] [4c]
kaputnikoff: checks
Piparipoker: bets $6
kaputnikoff: folds
Uncalled bet ($6) returned to Piparipoker
Piparipoker collected $17.64 from pot
Piparipoker: doesn't show hand
*** SUMMARY ***
Total pot $18 | Rake $0.36
Board [2h 6h 9d 7s 4c]
Seat 1: kaputnikoff (big blind) folded on the River
Seat 2: Piparipoker (button) (small blind) collected ($17.64)


PokerStars Hand #148546740179:  Hold'em Limit ($3/$6 USD) - 2016/02/10 3:47:21 ET
Table 'Okavango' 2-max Seat #2 is the button
Seat 1: kaputnikoff ($315.04 in chips)
Seat 2: Piparipoker ($65.92 in chips)
Piparipoker: posts small blind $1
kaputnikoff: posts big blind $3
*** HOLE CARDS ***
Piparipoker: raises $3 to $6
kaputnikoff: calls $3
*** FLOP *** [9s Qd 9c]
kaputnikoff: checks
Piparipoker: checks
*** TURN *** [9s Qd 9c] [Ts]
kaputnikoff: checks
Piparipoker: checks
*** RIVER *** [9s Qd 9c Ts] [2c]
kaputnikoff: bets $6
Piparipoker: folds
Uncalled bet ($6) returned to kaputnikoff
kaputnikoff collected $11.76 from pot
kaputnikoff: doesn't show hand
*** SUMMARY ***
Total pot $12 | Rake $0.24
Board [9s Qd 9c Ts 2c]
Seat 1: kaputnikoff (big blind) collected ($11.76)
Seat 2: Piparipoker (button) (small blind) folded on the River


PokerStars Hand #148546768978:  Hold'em Limit ($3/$6 USD) - 2016/02/10 3:48:39 ET
Table 'Okavango' 2-max Seat #1 is the button
Seat 1: kaputnikoff ($335.30 in chips)
Seat 2: Piparipoker ($44.56 in chips)
kaputnikoff: posts small blind $1
Piparipoker: posts big blind $3
*** HOLE CARDS ***
kaputnikoff: raises $3 to $6
Piparipoker: calls $3
*** FLOP *** [2d 6s 3s]
Piparipoker: bets $3
kaputnikoff: calls $3
*** TURN *** [2d 6s 3s] [9h]
Piparipoker: bets $6
kaputnikoff: folds
Uncalled bet ($6) returned to Piparipoker
Piparipoker collected $17.64 from pot
Piparipoker: doesn't show hand
*** SUMMARY ***
Total pot $18 | Rake $0.36
Board [2d 6s 3s 9h]
Seat 1: kaputnikoff (button) (small blind) folded on the Turn
Seat 2: Piparipoker (big blind) collected ($17.64)


PokerStars Hand #148546756269:  Hold'em Limit ($3/$6 USD) - 2016/02/10 3:48:04 ET
Table 'Okavango' 2-max Seat #2 is the button
Seat 1: kaputnikoff ($311.80 in chips)
Seat 2: Piparipoker ($68.56 in chips)
Piparipoker: posts small blind $1
kaputnikoff: posts big blind $3
*** HOLE CARDS ***
Piparipoker: raises $3 to $6
kaputnikoff: calls $3
*** FLOP *** [Kd Kc 3c]
kaputnikoff: checks
Piparipoker: bets $3
kaputnikoff: raises $3 to $6
Piparipoker: calls $3
*** TURN *** [Kd Kc 3c] [4h]
kaputnikoff: bets $6
Piparipoker: calls $6
*** RIVER *** [Kd Kc 3c 4h] [2d]
kaputnikoff: bets $6
Piparipoker: calls $6
*** SHOW DOWN ***
kaputnikoff: shows [3d As] (two pair, Kings and Threes)
Piparipoker: mucks hand
kaputnikoff collected $47.50 from pot
*** SUMMARY ***
Total pot $48 | Rake $0.50
Board [Kd Kc 3c 4h 2d]
Seat 1: kaputnikoff (big blind) showed [3d As] and won ($47.50) with two pair, Kings and Threes
Seat 2: Piparipoker (button) (small blind) mucked


PokerStars Hand #148546749252:  Hold'em Limit ($3/$6 USD) - 2016/02/10 3:47:46 ET
Table 'Okavango' 2-max Seat #1 is the button
Seat 1: kaputnikoff ($320.80 in chips)
Seat 2: Piparipoker ($59.92 in chips)
kaputnikoff: posts small blind $1
Piparipoker: posts big blind $3
*** HOLE CARDS ***
kaputnikoff: raises $3 to $6
Piparipoker: calls $3
*** FLOP *** [8h 6c 8c]
Piparipoker: checks
kaputnikoff: bets $3
Piparipoker: calls $3
*** TURN *** [8h 6c 8c] [9d]
Piparipoker: bets $6
kaputnikoff: folds
Uncalled bet ($6) returned to Piparipoker
Piparipoker collected $17.64 from pot
Piparipoker: doesn't show hand
*** SUMMARY ***
Total pot $18 | Rake $0.36
Board [8h 6c 8c 9d]
Seat 1: kaputnikoff (button) (small blind) folded on the Turn
Seat 2: Piparipoker (big blind) collected ($17.64)


PokerStars Hand #148546795214:  Hold'em Limit ($3/$6 USD) - 2016/02/10 3:49:50 ET
Table 'Okavango' 2-max Seat #2 is the button
Seat 1: kaputnikoff ($328.82 in chips)
Seat 2: Piparipoker ($49.84 in chips)
Piparipoker: posts small blind $1
kaputnikoff: posts big blind $3
*** HOLE CARDS ***
Piparipoker: folds
Uncalled bet ($2) returned to kaputnikoff
kaputnikoff collected $2 from pot
kaputnikoff: doesn't show hand
*** SUMMARY ***
Total pot $2 | Rake $0
Seat 1: kaputnikoff (big blind) collected ($2)
Seat 2: Piparipoker (button) (small blind) folded before Flop


PokerStars Hand #148546787798:  Hold'em Limit ($3/$6 USD) - 2016/02/10 3:49:30 ET
Table 'Okavango' 2-max Seat #1 is the button
Seat 1: kaputnikoff ($337.82 in chips)
Seat 2: Piparipoker ($41.20 in chips)
kaputnikoff: posts small blind $1
Piparipoker: posts big blind $3
*** HOLE CARDS ***
kaputnikoff: raises $3 to $6
Piparipoker: raises $3 to $9
kaputnikoff: calls $3
*** FLOP *** [6c 6d Qs]
Piparipoker: bets $3
kaputnikoff: folds
Uncalled bet ($3) returned to Piparipoker
Piparipoker collected $17.64 from pot
Piparipoker: doesn't show hand
*** SUMMARY ***
Total pot $18 | Rake $0.36
Board [6c 6d Qs]
Seat 1: kaputnikoff (button) (small blind) folded on the Flop
Seat 2: Piparipoker (big blind) collected ($17.64)


PokerStars Hand #148546775035:  Hold'em Limit ($3/$6 USD) - 2016/02/10 3:48:55 ET
Table 'Okavango' 2-max Seat #2 is the button
Seat 1: kaputnikoff ($326.30 in chips)
Seat 2: Piparipoker ($53.20 in chips)
Piparipoker: posts small blind $1
kaputnikoff: posts big blind $3
*** HOLE CARDS ***
Piparipoker: raises $3 to $6
kaputnikoff: calls $3
*** FLOP *** [2c 5h Ac]
kaputnikoff: checks
Piparipoker: bets $3
kaputnikoff: raises $3 to $6
Piparipoker: calls $3
*** TURN *** [2c 5h Ac] [Qd]
kaputnikoff: checks
Piparipoker: checks
*** RIVER *** [2c 5h Ac Qd] [Ad]
kaputnikoff: bets $6
Piparipoker: folds
Uncalled bet ($6) returned to kaputnikoff
kaputnikoff collected $23.52 from pot
kaputnikoff: doesn't show hand
*** SUMMARY ***
Total pot $24 | Rake $0.48
Board [2c 5h Ac Qd Ad]
Seat 1: kaputnikoff (big blind) collected ($23.52)
Seat 2: Piparipoker (button) (small blind) folded on the River


PokerStars Hand #148546816590:  Hold'em Limit ($3/$6 USD) - 2016/02/10 3:50:47 ET
Table 'Okavango' 2-max Seat #1 is the button
Seat 1: kaputnikoff ($338.21 in chips)
Seat 2: Piparipoker ($39.59 in chips)
kaputnikoff: posts small blind $1
Piparipoker: posts big blind $3
*** HOLE CARDS ***
kaputnikoff: folds
Uncalled bet ($2) returned to Piparipoker
Piparipoker collected $2 from pot
Piparipoker: doesn't show hand
*** SUMMARY ***
Total pot $2 | Rake $0
Seat 1: kaputnikoff (button) (small blind) folded before Flop
Seat 2: Piparipoker (big blind) collected ($2)


PokerStars Hand #148546806383:  Hold'em Limit ($3/$6 USD) - 2016/02/10 3:50:20 ET
Table 'Okavango' 2-max Seat #2 is the button
Seat 1: kaputnikoff ($329.57 in chips)
Seat 2: Piparipoker ($48.59 in chips)
Piparipoker: posts small blind $1
kaputnikoff: posts big blind $3
*** HOLE CARDS ***
Piparipoker: raises $3 to $6
kaputnikoff: calls $3
*** FLOP *** [7d 9h Tc]
kaputnikoff: checks
Piparipoker: bets $3
kaputnikoff: calls $3
*** TURN *** [7d 9h Tc] [7c]
kaputnikoff: checks
Piparipoker: checks
*** RIVER *** [7d 9h Tc 7c] [Th]
kaputnikoff: bets $6
Piparipoker: folds
Uncalled bet ($6) returned to kaputnikoff
kaputnikoff collected $17.64 from pot
kaputnikoff: doesn't show hand
*** SUMMARY ***
Total pot $18 | Rake $0.36
Board [7d 9h Tc 7c Th]
Seat 1: kaputnikoff (big blind) collected ($17.64)
Seat 2: Piparipoker (button) (small blind) folded on the River


PokerStars Hand #148546797251:  Hold'em Limit ($3/$6 USD) - 2016/02/10 3:49:55 ET
Table 'Okavango' 2-max Seat #1 is the button
Seat 1: kaputnikoff ($329.82 in chips)
Seat 2: Piparipoker ($48.84 in chips)
kaputnikoff: posts small blind $1
Piparipoker: posts big blind $3
*** HOLE CARDS ***
kaputnikoff: raises $3 to $6
Piparipoker: calls $3
*** FLOP *** [4d 6h Ah]
Piparipoker: checks
kaputnikoff: bets $3
Piparipoker: calls $3
*** TURN *** [4d 6h Ah] [Js]
Piparipoker: checks
kaputnikoff: bets $6
Piparipoker: calls $6
*** RIVER *** [4d 6h Ah Js] [Jh]
Piparipoker: checks
kaputnikoff: bets $6
Piparipoker: calls $6
*** SHOW DOWN ***
kaputnikoff: shows [Kd 6s] (two pair, Jacks and Sixes)
Piparipoker: shows [6d Qc] (two pair, Jacks and Sixes)
Piparipoker collected $20.75 from pot
kaputnikoff collected $20.75 from pot
*** SUMMARY ***
Total pot $42 | Rake $0.50
Board [4d 6h Ah Js Jh]
Seat 1: kaputnikoff (button) (small blind) showed [Kd 6s] and won ($20.75) with two pair, Jacks and Sixes
Seat 2: Piparipoker (big blind) showed [6d Qc] and won ($20.75) with two pair, Jacks and Sixes


PokerStars Hand #148546819173:  Hold'em Limit ($3/$6 USD) - 2016/02/10 3:50:54 ET
Table 'Okavango' 2-max Seat #2 is the button
Seat 1: kaputnikoff ($337.21 in chips)
Seat 2: Piparipoker ($40.59 in chips)
Piparipoker: posts small blind $1
kaputnikoff: posts big blind $3
*** HOLE CARDS ***
Piparipoker: raises $3 to $6
kaputnikoff: calls $3
*** FLOP *** [Ts 9s 4c]
kaputnikoff: checks
Piparipoker: bets $3
kaputnikoff: raises $3 to $6
Piparipoker: calls $3
*** TURN *** [Ts 9s 4c] [7s]
kaputnikoff: bets $6
Piparipoker: calls $6
*** RIVER *** [Ts 9s 4c 7s] [3s]
kaputnikoff: bets $6
Piparipoker: folds
Uncalled bet ($6) returned to kaputnikoff
kaputnikoff collected $35.50 from pot
kaputnikoff: doesn't show hand
*** SUMMARY ***
Total pot $36 | Rake $0.50
Board [Ts 9s 4c 7s 3s]
Seat 1: kaputnikoff (big blind) collected ($35.50)
Seat 2: Piparipoker (button) (small blind) folded on the River


PokerStars Hand #148546827377:  Hold'em Limit ($3/$6 USD) - 2016/02/10 3:51:16 ET
Table 'Okavango' 2-max Seat #1 is the button
Seat 1: kaputnikoff ($354.71 in chips)
Seat 2: Piparipoker ($22.59 in chips)
kaputnikoff: posts small blind $1
Piparipoker: posts big blind $3
*** HOLE CARDS ***
kaputnikoff: raises $3 to $6
Piparipoker: folds
Uncalled bet ($3) returned to kaputnikoff
kaputnikoff collected $6 from pot
kaputnikoff: doesn't show hand
*** SUMMARY ***
Total pot $6 | Rake $0
Seat 1: kaputnikoff (button) (small blind) collected ($6)
Seat 2: Piparipoker (big blind) folded before Flop


PokerStars Hand #148546835770:  Hold'em Limit ($3/$6 USD) - 2016/02/10 3:51:39 ET
Table 'Okavango' 2-max Seat #1 is the button
Seat 1: kaputnikoff ($345.71 in chips)
Seat 2: Piparipoker ($31.11 in chips)
kaputnikoff: posts small blind $1
Piparipoker: posts big blind $3
*** HOLE CARDS ***
kaputnikoff: raises $3 to $6
Piparipoker: folds
Uncalled bet ($3) returned to kaputnikoff
kaputnikoff collected $6 from pot
kaputnikoff: doesn't show hand
*** SUMMARY ***
Total pot $6 | Rake $0
Seat 1: kaputnikoff (button) (small blind) collected ($6)
Seat 2: Piparipoker (big blind) folded before Flop


PokerStars Hand #148546829721:  Hold'em Limit ($3/$6 USD) - 2016/02/10 3:51:23 ET
Table 'Okavango' 2-max Seat #2 is the button
Seat 1: kaputnikoff ($357.71 in chips)
Seat 2: Piparipoker ($19.59 in chips)
Piparipoker: posts small blind $1
kaputnikoff: posts big blind $3
*** HOLE CARDS ***
Piparipoker: raises $3 to $6
kaputnikoff: calls $3
*** FLOP *** [9s Jc Qs]
kaputnikoff: checks
Piparipoker: checks
*** TURN *** [9s Jc Qs] [7c]
kaputnikoff: bets $6
Piparipoker: raises $6 to $12
kaputnikoff: folds
Uncalled bet ($6) returned to Piparipoker
Piparipoker collected $23.52 from pot
Piparipoker: doesn't show hand
*** SUMMARY ***
Total pot $24 | Rake $0.48
Board [9s Jc Qs 7c]
Seat 1: kaputnikoff (big blind) folded on the Turn
Seat 2: Piparipoker (button) (small blind) collected ($23.52)


PokerStars Hand #148546837916:  Hold'em Limit ($3/$6 USD) - 2016/02/10 3:51:45 ET
Table 'Okavango' 2-max Seat #2 is the button
Seat 1: kaputnikoff ($348.71 in chips)
Seat 2: Piparipoker ($28.11 in chips)
Piparipoker: posts small blind $1
kaputnikoff: posts big blind $3
*** HOLE CARDS ***
Piparipoker: raises $3 to $6
kaputnikoff: calls $3
*** FLOP *** [Kh Js 3h]
kaputnikoff: checks
Piparipoker: bets $3
kaputnikoff: raises $3 to $6
Piparipoker: folds
Uncalled bet ($3) returned to kaputnikoff
kaputnikoff collected $17.64 from pot
kaputnikoff: doesn't show hand
*** SUMMARY ***
Total pot $18 | Rake $0.36
Board [Kh Js 3h]
Seat 1: kaputnikoff (big blind) collected ($17.64)
Seat 2: Piparipoker (button) (small blind) folded on the Flop


PokerStars Hand #148546842868:  Hold'em Limit ($3/$6 USD) - 2016/02/10 3:51:58 ET
Table 'Okavango' 2-max Seat #1 is the button
Seat 1: kaputnikoff ($357.35 in chips)
Seat 2: Piparipoker ($19.11 in chips)
kaputnikoff: posts small blind $1
Piparipoker: posts big blind $3
*** HOLE CARDS ***
kaputnikoff: raises $3 to $6
Piparipoker: raises $3 to $9
kaputnikoff: calls $3
*** FLOP *** [Qc Qh Kd]
Piparipoker: bets $3
kaputnikoff: calls $3
*** TURN *** [Qc Qh Kd] [3h]
Piparipoker: bets $6
kaputnikoff: raises $6 to $12
Piparipoker: calls $1.11 and is all-in
Uncalled bet ($4.89) returned to kaputnikoff
*** RIVER *** [Qc Qh Kd 3h] [9h]
*** SHOW DOWN ***
Piparipoker: shows [7s 7h] (two pair, Queens and Sevens)
kaputnikoff: shows [Jh 6s] (a pair of Queens)
Piparipoker collected $37.72 from pot
*** SUMMARY ***
Total pot $38.22 | Rake $0.50
Board [Qc Qh Kd 3h 9h]
Seat 1: kaputnikoff (button) (small blind) showed [Jh 6s] and lost with a pair of Queens
Seat 2: Piparipoker (big blind) showed [7s 7h] and won ($37.72) with two pair, Queens and Sevens


PokerStars Hand #148546851755:  Hold'em Limit ($3/$6 USD) - 2016/02/10 3:52:22 ET
Table 'Okavango' 2-max Seat #2 is the button
Seat 1: kaputnikoff ($338.24 in chips)
Seat 2: Piparipoker ($37.72 in chips)
Piparipoker: posts small blind $1
kaputnikoff: posts big blind $3
*** HOLE CARDS ***
Piparipoker: raises $3 to $6
kaputnikoff: calls $3
*** FLOP *** [4c 5d 3c]
kaputnikoff: checks
Piparipoker: bets $3
kaputnikoff: raises $3 to $6
Piparipoker: calls $3
*** TURN *** [4c 5d 3c] [Jh]
kaputnikoff: bets $6
Piparipoker: calls $6
*** RIVER *** [4c 5d 3c Jh] [Tc]
kaputnikoff: bets $6
Piparipoker: calls $6
*** SHOW DOWN ***
kaputnikoff: shows [5h 7c] (a pair of Fives)
Piparipoker: mucks hand
kaputnikoff collected $47.50 from pot
*** SUMMARY ***
Total pot $48 | Rake $0.50
Board [4c 5d 3c Jh Tc]
Seat 1: kaputnikoff (big blind) showed [5h 7c] and won ($47.50) with a pair of Fives
Seat 2: Piparipoker (button) (small blind) mucked


PokerStars Hand #148546859889:  Hold'em Limit ($3/$6 USD) - 2016/02/10 3:52:43 ET
Table 'Okavango' 2-max Seat #1 is the button
Seat 1: kaputnikoff ($361.74 in chips)
Seat 2: Piparipoker ($13.72 in chips)
kaputnikoff: posts small blind $1
Piparipoker: posts big blind $3
*** HOLE CARDS ***
kaputnikoff: raises $3 to $6
Piparipoker: raises $3 to $9
kaputnikoff: calls $3
*** FLOP *** [6s 9s Js]
Piparipoker: bets $3
kaputnikoff: calls $3
*** TURN *** [6s 9s Js] [2c]
Piparipoker: bets $1.72 and is all-in
kaputnikoff: calls $1.72
*** RIVER *** [6s 9s Js 2c] [4s]
*** SHOW DOWN ***
Piparipoker: shows [9c 7h] (a pair of Nines)
kaputnikoff: shows [Kc Ac] (high card Ace)
Piparipoker collected $26.94 from pot
*** SUMMARY ***
Total pot $27.44 | Rake $0.50
Board [6s 9s Js 2c 4s]
Seat 1: kaputnikoff (button) (small blind) showed [Kc Ac] and lost with high card Ace
Seat 2: Piparipoker (big blind) showed [9c 7h] and won ($26.94) with a pair of Nines


PokerStars Hand #148546870791:  Hold'em Limit ($3/$6 USD) - 2016/02/10 3:53:12 ET
Table 'Okavango' 2-max Seat #2 is the button
Seat 1: kaputnikoff ($348.02 in chips)
Seat 2: Piparipoker ($26.94 in chips)
Piparipoker: posts small blind $1
kaputnikoff: posts big blind $3
*** HOLE CARDS ***
Piparipoker: raises $3 to $6
kaputnikoff: calls $3
*** FLOP *** [Ad 5s 6s]
kaputnikoff: checks
Piparipoker: checks
*** TURN *** [Ad 5s 6s] [Kc]
kaputnikoff: bets $6
Piparipoker: folds
Uncalled bet ($6) returned to kaputnikoff
kaputnikoff collected $11.76 from pot
kaputnikoff: doesn't show hand
*** SUMMARY ***
Total pot $12 | Rake $0.24
Board [Ad 5s 6s Kc]
Seat 1: kaputnikoff (big blind) collected ($11.76)
Seat 2: Piparipoker (button) (small blind) folded on the Turn


PokerStars Hand #148546876374:  Hold'em Limit ($3/$6 USD) - 2016/02/10 3:53:27 ET
Table 'Okavango' 2-max Seat #1 is the button
Seat 1: kaputnikoff ($353.78 in chips)
Seat 2: Piparipoker ($20.94 in chips)
kaputnikoff: posts small blind $1
Piparipoker: posts big blind $3
*** HOLE CARDS ***
kaputnikoff: raises $3 to $6
Piparipoker: calls $3
*** FLOP *** [5s Ac 9c]
Piparipoker: checks
kaputnikoff: bets $3
Piparipoker: folds
Uncalled bet ($3) returned to kaputnikoff
kaputnikoff collected $11.76 from pot
kaputnikoff: doesn't show hand
*** SUMMARY ***
Total pot $12 | Rake $0.24
Board [5s Ac 9c]
Seat 1: kaputnikoff (button) (small blind) collected ($11.76)
Seat 2: Piparipoker (big blind) folded on the Flop


PokerStars Hand #148546881075:  Hold'em Limit ($3/$6 USD) - 2016/02/10 3:53:40 ET
Table 'Okavango' 2-max Seat #2 is the button
Seat 1: kaputnikoff ($359.54 in chips)
Seat 2: Piparipoker ($14.94 in chips)
Piparipoker: posts small blind $1
kaputnikoff: posts big blind $3
*** HOLE CARDS ***
Piparipoker: raises $3 to $6
kaputnikoff: raises $3 to $9
Piparipoker: raises $3 to $12
Betting is capped
kaputnikoff: calls $3
*** FLOP *** [6c 2c 8c]
kaputnikoff: checks
Piparipoker: bets $2.94 and is all-in
kaputnikoff: calls $2.94
*** TURN *** [6c 2c 8c] [7s]
*** RIVER *** [6c 2c 8c 7s] [Jh]
*** SHOW DOWN ***
kaputnikoff: shows [Qd Ad] (high card Ace)
Piparipoker: shows [8h Ac] (a pair of Eights)
Piparipoker collected $29.38 from pot
*** SUMMARY ***
Total pot $29.88 | Rake $0.50
Board [6c 2c 8c 7s Jh]
Seat 1: kaputnikoff (big blind) showed [Qd Ad] and lost with high card Ace
Seat 2: Piparipoker (button) (small blind) showed [8h Ac] and won ($29.38) with a pair of Eights


PokerStars Hand #148546888889:  Hold'em Limit ($3/$6 USD) - 2016/02/10 3:54:01 ET
Table 'Okavango' 2-max Seat #1 is the button
Seat 1: kaputnikoff ($344.60 in chips)
Seat 2: Piparipoker ($29.38 in chips)
kaputnikoff: posts small blind $1
Piparipoker: posts big blind $3
*** HOLE CARDS ***
kaputnikoff: raises $3 to $6
Piparipoker: raises $3 to $9
kaputnikoff: calls $3
*** FLOP *** [5s Kc Qh]
Piparipoker: bets $3
kaputnikoff: folds
Uncalled bet ($3) returned to Piparipoker
Piparipoker collected $17.64 from pot
Piparipoker: doesn't show hand
*** SUMMARY ***
Total pot $18 | Rake $0.36
Board [5s Kc Qh]
Seat 1: kaputnikoff (button) (small blind) folded on the Flop
Seat 2: Piparipoker (big blind) collected ($17.64)


PokerStars Hand #148546894564:  Hold'em Limit ($3/$6 USD) - 2016/02/10 3:54:16 ET
Table 'Okavango' 2-max Seat #2 is the button
Seat 1: kaputnikoff ($335.60 in chips)
Seat 2: Piparipoker ($38.02 in chips)
Piparipoker: posts small blind $1
kaputnikoff: posts big blind $3
*** HOLE CARDS ***
Piparipoker: raises $3 to $6
kaputnikoff: folds
Uncalled bet ($3) returned to Piparipoker
Piparipoker collected $6 from pot
Piparipoker: doesn't show hand
*** SUMMARY ***
Total pot $6 | Rake $0
Seat 1: kaputnikoff (big blind) folded before Flop
Seat 2: Piparipoker (button) (small blind) collected ($6)


PokerStars Hand #148546897871:  Hold'em Limit ($3/$6 USD) - 2016/02/10 3:54:25 ET
Table 'Okavango' 2-max Seat #1 is the button
Seat 1: kaputnikoff ($332.60 in chips)
Seat 2: Piparipoker ($41.02 in chips)
kaputnikoff: posts small blind $1
Piparipoker: posts big blind $3
*** HOLE CARDS ***
kaputnikoff: raises $3 to $6
Piparipoker: folds
Uncalled bet ($3) returned to kaputnikoff
kaputnikoff collected $6 from pot
kaputnikoff: doesn't show hand
*** SUMMARY ***
Total pot $6 | Rake $0
Seat 1: kaputnikoff (button) (small blind) collected ($6)
Seat 2: Piparipoker (big blind) folded before Flop


PokerStars Hand #148546899991:  Hold'em Limit ($3/$6 USD) - 2016/02/10 3:54:30 ET
Table 'Okavango' 2-max Seat #2 is the button
Seat 1: kaputnikoff ($335.60 in chips)
Seat 2: Piparipoker ($38.02 in chips)
Piparipoker: posts small blind $1
kaputnikoff: posts big blind $3
*** HOLE CARDS ***
Piparipoker: raises $3 to $6
kaputnikoff: calls $3
*** FLOP *** [4h 4c 8h]
kaputnikoff: checks
Piparipoker: bets $3
kaputnikoff: calls $3
*** TURN *** [4h 4c 8h] [6d]
kaputnikoff: checks
Piparipoker: bets $6
kaputnikoff: folds
Uncalled bet ($6) returned to Piparipoker
Piparipoker collected $17.64 from pot
Piparipoker: doesn't show hand
*** SUMMARY ***
Total pot $18 | Rake $0.36
Board [4h 4c 8h 6d]
Seat 1: kaputnikoff (big blind) folded on the Turn
Seat 2: Piparipoker (button) (small blind) collected ($17.64)


PokerStars Hand #148546916730:  Hold'em Limit ($3/$6 USD) - 2016/02/10 3:55:15 ET
Table 'Okavango' 2-max Seat #2 is the button
Seat 1: kaputnikoff ($302.60 in chips)
Seat 2: Piparipoker ($70.16 in chips)
Piparipoker: posts small blind $1
kaputnikoff: posts big blind $3
*** HOLE CARDS ***
Piparipoker: raises $3 to $6
kaputnikoff: folds
Uncalled bet ($3) returned to Piparipoker
Piparipoker collected $6 from pot
Piparipoker: doesn't show hand
*** SUMMARY ***
Total pot $6 | Rake $0
Seat 1: kaputnikoff (big blind) folded before Flop
Seat 2: Piparipoker (button) (small blind) collected ($6)


PokerStars Hand #148546928721:  Hold'em Limit ($3/$6 USD) - 2016/02/10 3:55:51 ET
Table 'Okavango' 2-max Seat #1 is the button
Seat 1: kaputnikoff ($286.60 in chips)
Seat 2: Piparipoker ($85.68 in chips)
kaputnikoff: posts small blind $1
Piparipoker: posts big blind $3
*** HOLE CARDS ***
kaputnikoff: raises $3 to $6
Piparipoker: folds
Uncalled bet ($3) returned to kaputnikoff
kaputnikoff collected $6 from pot
kaputnikoff: doesn't show hand
*** SUMMARY ***
Total pot $6 | Rake $0
Seat 1: kaputnikoff (button) (small blind) collected ($6)
Seat 2: Piparipoker (big blind) folded before Flop


PokerStars Hand #148546922282:  Hold'em Limit ($3/$6 USD) - 2016/02/10 3:55:32 ET
Table 'Okavango' 2-max Seat #2 is the button
Seat 1: kaputnikoff ($298.60 in chips)
Seat 2: Piparipoker ($74.16 in chips)
Piparipoker: posts small blind $1
kaputnikoff: posts big blind $3
*** HOLE CARDS ***
Piparipoker: raises $3 to $6
kaputnikoff: calls $3
*** FLOP *** [2c Js Ts]
kaputnikoff: checks
Piparipoker: checks
*** TURN *** [2c Js Ts] [6c]
kaputnikoff: checks
Piparipoker: bets $6
kaputnikoff: calls $6
*** RIVER *** [2c Js Ts 6c] [9h]
kaputnikoff: checks
Piparipoker: checks
*** SHOW DOWN ***
kaputnikoff: shows [Kc 5c] (high card King)
Piparipoker: shows [6s Qh] (a pair of Sixes)
Piparipoker collected $23.52 from pot
*** SUMMARY ***
Total pot $24 | Rake $0.48
Board [2c Js Ts 6c 9h]
Seat 1: kaputnikoff (big blind) showed [Kc 5c] and lost with high card King
Seat 2: Piparipoker (button) (small blind) showed [6s Qh] and won ($23.52) with a pair of Sixes


PokerStars Hand #148546919889:  Hold'em Limit ($3/$6 USD) - 2016/02/10 3:55:24 ET
Table 'Okavango' 2-max Seat #1 is the button
Seat 1: kaputnikoff ($299.60 in chips)
Seat 2: Piparipoker ($73.16 in chips)
kaputnikoff: posts small blind $1
Piparipoker: posts big blind $3
*** HOLE CARDS ***
kaputnikoff: folds
Uncalled bet ($2) returned to Piparipoker
Piparipoker collected $2 from pot
Piparipoker: doesn't show hand
*** SUMMARY ***
Total pot $2 | Rake $0
Seat 1: kaputnikoff (button) (small blind) folded before Flop
Seat 2: Piparipoker (big blind) collected ($2)


PokerStars Hand #148546908858:  Hold'em Limit ($3/$6 USD) - 2016/02/10 3:54:54 ET
Table 'Okavango' 2-max Seat #1 is the button
Seat 1: kaputnikoff ($326.60 in chips)
Seat 2: Piparipoker ($46.66 in chips)
kaputnikoff: posts small blind $1
Piparipoker: posts big blind $3
*** HOLE CARDS ***
kaputnikoff: raises $3 to $6
Piparipoker: raises $3 to $9
kaputnikoff: calls $3
*** FLOP *** [3c 4c 9s]
Piparipoker: bets $3
kaputnikoff: calls $3
*** TURN *** [3c 4c 9s] [5d]
Piparipoker: bets $6
kaputnikoff: calls $6
*** RIVER *** [3c 4c 9s 5d] [5c]
Piparipoker: bets $6
kaputnikoff: calls $6
*** SHOW DOWN ***
Piparipoker: shows [6d 6h] (two pair, Sixes and Fives)
kaputnikoff: mucks hand
Piparipoker collected $47.50 from pot
*** SUMMARY ***
Total pot $48 | Rake $0.50
Board [3c 4c 9s 5d 5c]
Seat 1: kaputnikoff (button) (small blind) mucked
Seat 2: Piparipoker (big blind) showed [6d 6h] and won ($47.50) with two pair, Sixes and Fives


PokerStars Hand #148546930759:  Hold'em Limit ($3/$6 USD) - 2016/02/10 3:55:57 ET
Table 'Okavango' 2-max Seat #2 is the button
Seat 1: kaputnikoff ($289.60 in chips)
Seat 2: Piparipoker ($82.68 in chips)
Piparipoker: posts small blind $1
kaputnikoff: posts big blind $3
*** HOLE CARDS ***
Piparipoker: raises $3 to $6
kaputnikoff: calls $3
*** FLOP *** [7d 7c Ks]
kaputnikoff: checks
Piparipoker: checks
*** TURN *** [7d 7c Ks] [4h]
kaputnikoff: bets $6
Piparipoker: raises $6 to $12
kaputnikoff: folds
Uncalled bet ($6) returned to Piparipoker
Piparipoker collected $23.52 from pot
Piparipoker: doesn't show hand
*** SUMMARY ***
Total pot $24 | Rake $0.48
Board [7d 7c Ks 4h]
Seat 1: kaputnikoff (big blind) folded on the Turn
Seat 2: Piparipoker (button) (small blind) collected ($23.52)


PokerStars Hand #148546935793:  Hold'em Limit ($3/$6 USD) - 2016/02/10 3:56:13 ET
Table 'Okavango' 2-max Seat #1 is the button
Seat 1: kaputnikoff ($277.60 in chips)
Seat 2: Piparipoker ($94.20 in chips)
kaputnikoff: posts small blind $1
Piparipoker: posts big blind $3
*** HOLE CARDS ***
kaputnikoff: raises $3 to $6
Piparipoker: calls $3
*** FLOP *** [Ah 4c 2h]
Piparipoker: checks
kaputnikoff: bets $3
Piparipoker: calls $3
*** TURN *** [Ah 4c 2h] [Qc]
Piparipoker: checks
kaputnikoff: bets $6
Piparipoker: raises $6 to $12
kaputnikoff: folds
Uncalled bet ($6) returned to Piparipoker
Piparipoker collected $29.50 from pot
Piparipoker: doesn't show hand
*** SUMMARY ***
Total pot $30 | Rake $0.50
Board [Ah 4c 2h Qc]
Seat 1: kaputnikoff (button) (small blind) folded on the Turn
Seat 2: Piparipoker (big blind) collected ($29.50)


PokerStars Hand #148546942566:  Hold'em Limit ($3/$6 USD) - 2016/02/10 3:56:33 ET
Table 'Okavango' 2-max Seat #2 is the button
Seat 1: kaputnikoff ($262.60 in chips)
Seat 2: Piparipoker ($108.70 in chips)
Piparipoker: posts small blind $1
kaputnikoff: posts big blind $3
*** HOLE CARDS ***
Piparipoker: raises $3 to $6
kaputnikoff: raises $3 to $9
Piparipoker: calls $3
*** FLOP *** [Kh 5c 2c]
kaputnikoff: bets $3
Piparipoker: calls $3
*** TURN *** [Kh 5c 2c] [Tc]
kaputnikoff: checks
Piparipoker: bets $6
kaputnikoff: folds
Uncalled bet ($6) returned to Piparipoker
Piparipoker collected $23.52 from pot
Piparipoker: doesn't show hand
*** SUMMARY ***
Total pot $24 | Rake $0.48
Board [Kh 5c 2c Tc]
Seat 1: kaputnikoff (big blind) folded on the Turn
Seat 2: Piparipoker (button) (small blind) collected ($23.52)


PokerStars Hand #148546950530:  Hold'em Limit ($3/$6 USD) - 2016/02/10 3:56:57 ET
Table 'Okavango' 2-max Seat #1 is the button
Seat 1: kaputnikoff ($250.60 in chips)
Seat 2: Piparipoker ($120.22 in chips)
kaputnikoff: posts small blind $1
Piparipoker: posts big blind $3
*** HOLE CARDS ***
kaputnikoff: raises $3 to $6
Piparipoker: calls $3
*** FLOP *** [Ah 7h 4c]
Piparipoker: checks
kaputnikoff: bets $3
Piparipoker: raises $3 to $6
kaputnikoff: folds
Uncalled bet ($3) returned to Piparipoker
Piparipoker collected $17.64 from pot
Piparipoker: doesn't show hand
*** SUMMARY ***
Total pot $18 | Rake $0.36
Board [Ah 7h 4c]
Seat 1: kaputnikoff (button) (small blind) folded on the Flop
Seat 2: Piparipoker (big blind) collected ($17.64)


PokerStars Hand #148546963328:  Hold'em Limit ($3/$6 USD) - 2016/02/10 3:57:36 ET
Table 'Okavango' 2-max Seat #1 is the button
Seat 1: kaputnikoff ($235.60 in chips)
Seat 2: Piparipoker ($134.62 in chips)
kaputnikoff: posts small blind $1
Piparipoker: posts big blind $3
*** HOLE CARDS ***
kaputnikoff: folds
Uncalled bet ($2) returned to Piparipoker
Piparipoker collected $2 from pot
Piparipoker: doesn't show hand
*** SUMMARY ***
Total pot $2 | Rake $0
Seat 1: kaputnikoff (button) (small blind) folded before Flop
Seat 2: Piparipoker (big blind) collected ($2)


PokerStars Hand #148546965386:  Hold'em Limit ($3/$6 USD) - 2016/02/10 3:57:42 ET
Table 'Okavango' 2-max Seat #2 is the button
Seat 1: kaputnikoff ($234.60 in chips)
Seat 2: Piparipoker ($135.62 in chips)
Piparipoker: posts small blind $1
kaputnikoff: posts big blind $3
*** HOLE CARDS ***
Piparipoker: raises $3 to $6
kaputnikoff: raises $3 to $9
Piparipoker: calls $3
*** FLOP *** [Kd Jc Ah]
kaputnikoff: bets $3
Piparipoker: folds
Uncalled bet ($3) returned to kaputnikoff
kaputnikoff collected $17.64 from pot
kaputnikoff: doesn't show hand
*** SUMMARY ***
Total pot $18 | Rake $0.36
Board [Kd Jc Ah]
Seat 1: kaputnikoff (big blind) collected ($17.64)
Seat 2: Piparipoker (button) (small blind) folded on the Flop


PokerStars Hand #148546956264:  Hold'em Limit ($3/$6 USD) - 2016/02/10 3:57:14 ET
Table 'Okavango' 2-max Seat #2 is the button
Seat 1: kaputnikoff ($241.60 in chips)
Seat 2: Piparipoker ($128.86 in chips)
Piparipoker: posts small blind $1
kaputnikoff: posts big blind $3
*** HOLE CARDS ***
Piparipoker: raises $3 to $6
kaputnikoff: calls $3
*** FLOP *** [4h 7d 8s]
kaputnikoff: checks
Piparipoker: checks
*** TURN *** [4h 7d 8s] [9c]
kaputnikoff: checks
Piparipoker: checks
*** RIVER *** [4h 7d 8s 9c] [6c]
kaputnikoff: checks
Piparipoker: bets $6
kaputnikoff: folds
Uncalled bet ($6) returned to Piparipoker
Piparipoker collected $11.76 from pot
Piparipoker: doesn't show hand
*** SUMMARY ***
Total pot $12 | Rake $0.24
Board [4h 7d 8s 9c 6c]
Seat 1: kaputnikoff (big blind) folded on the River
Seat 2: Piparipoker (button) (small blind) collected ($11.76)


PokerStars Hand #148546969269:  Hold'em Limit ($3/$6 USD) - 2016/02/10 3:57:53 ET
Table 'Okavango' 2-max Seat #1 is the button
Seat 1: kaputnikoff ($243.24 in chips)
Seat 2: Piparipoker ($126.62 in chips)
kaputnikoff: posts small blind $1
Piparipoker: posts big blind $3
*** HOLE CARDS ***
kaputnikoff: raises $3 to $6
Piparipoker: calls $3
*** FLOP *** [Qd Js 6d]
Piparipoker: checks
kaputnikoff: bets $3
Piparipoker: raises $3 to $6
kaputnikoff: calls $3
*** TURN *** [Qd Js 6d] [Td]
Piparipoker: bets $6
kaputnikoff: raises $6 to $12
Piparipoker: calls $6
*** RIVER *** [Qd Js 6d Td] [As]
Piparipoker: checks
kaputnikoff: bets $6
Piparipoker: folds
Uncalled bet ($6) returned to kaputnikoff
kaputnikoff collected $47.50 from pot
kaputnikoff: doesn't show hand
*** SUMMARY ***
Total pot $48 | Rake $0.50
Board [Qd Js 6d Td As]
Seat 1: kaputnikoff (button) (small blind) collected ($47.50)
Seat 2: Piparipoker (big blind) folded on the River


PokerStars Hand #148546985435:  Hold'em Limit ($3/$6 USD) - 2016/02/10 3:58:22 ET
Table 'Okavango' 2-max Seat #2 is the button
Seat 1: kaputnikoff ($266.74 in chips)
Seat 2: Piparipoker ($102.62 in chips)
Piparipoker: posts small blind $1
kaputnikoff: posts big blind $3
*** HOLE CARDS ***
Piparipoker: raises $3 to $6
kaputnikoff: calls $3
*** FLOP *** [As Qc 4d]
kaputnikoff: checks
Piparipoker: bets $3
kaputnikoff: calls $3
*** TURN *** [As Qc 4d] [6c]
kaputnikoff: checks
Piparipoker: bets $6
kaputnikoff: folds
Uncalled bet ($6) returned to Piparipoker
Piparipoker collected $17.64 from pot
Piparipoker: doesn't show hand
*** SUMMARY ***
Total pot $18 | Rake $0.36
Board [As Qc 4d 6c]
Seat 1: kaputnikoff (big blind) folded on the Turn
Seat 2: Piparipoker (button) (small blind) collected ($17.64)


PokerStars Hand #148546994270:  Hold'em Limit ($3/$6 USD) - 2016/02/10 3:58:42 ET
Table 'Okavango' 2-max Seat #1 is the button
Seat 1: kaputnikoff ($257.74 in chips)
Seat 2: Piparipoker ($111.26 in chips)
kaputnikoff: posts small blind $1
Piparipoker: posts big blind $3
*** HOLE CARDS ***
kaputnikoff: raises $3 to $6
Piparipoker: calls $3
*** FLOP *** [9d 5d Qh]
Piparipoker: checks
kaputnikoff: bets $3
Piparipoker: raises $3 to $6
kaputnikoff: calls $3
*** TURN *** [9d 5d Qh] [Qs]
Piparipoker: bets $6
kaputnikoff: calls $6
*** RIVER *** [9d 5d Qh Qs] [8d]
Piparipoker: checks
kaputnikoff: checks
*** SHOW DOWN ***
Piparipoker: shows [Ks Th] (a pair of Queens)
kaputnikoff: mucks hand
Piparipoker collected $35.50 from pot
*** SUMMARY ***
Total pot $36 | Rake $0.50
Board [9d 5d Qh Qs 8d]
Seat 1: kaputnikoff (button) (small blind) mucked
Seat 2: Piparipoker (big blind) showed [Ks Th] and won ($35.50) with a pair of Queens


PokerStars Hand #148547003918:  Hold'em Limit ($3/$6 USD) - 2016/02/10 3:59:08 ET
Table 'Okavango' 2-max Seat #2 is the button
Seat 1: kaputnikoff ($239.74 in chips)
Seat 2: Piparipoker ($128.76 in chips)
Piparipoker: posts small blind $1
kaputnikoff: posts big blind $3
*** HOLE CARDS ***
Piparipoker: raises $3 to $6
kaputnikoff: raises $3 to $9
Piparipoker: calls $3
*** FLOP *** [2d 9d 4c]
kaputnikoff: bets $3
Piparipoker: calls $3
*** TURN *** [2d 9d 4c] [As]
kaputnikoff: bets $6
Piparipoker: folds
Uncalled bet ($6) returned to kaputnikoff
kaputnikoff collected $23.52 from pot
kaputnikoff: doesn't show hand
*** SUMMARY ***
Total pot $24 | Rake $0.48
Board [2d 9d 4c As]
Seat 1: kaputnikoff (big blind) collected ($23.52)
Seat 2: Piparipoker (button) (small blind) folded on the Turn


PokerStars Hand #148547011890:  Hold'em Limit ($3/$6 USD) - 2016/02/10 3:59:32 ET
Table 'Okavango' 2-max Seat #1 is the button
Seat 1: kaputnikoff ($251.26 in chips)
Seat 2: Piparipoker ($116.76 in chips)
kaputnikoff: posts small blind $1
Piparipoker: posts big blind $3
*** HOLE CARDS ***
kaputnikoff: raises $3 to $6
Piparipoker: folds
Uncalled bet ($3) returned to kaputnikoff
kaputnikoff collected $6 from pot
kaputnikoff: doesn't show hand
*** SUMMARY ***
Total pot $6 | Rake $0
Seat 1: kaputnikoff (button) (small blind) collected ($6)
Seat 2: Piparipoker (big blind) folded before Flop


PokerStars Hand #148547014134:  Hold'em Limit ($3/$6 USD) - 2016/02/10 3:59:39 ET
Table 'Okavango' 2-max Seat #2 is the button
Seat 1: kaputnikoff ($254.26 in chips)
Seat 2: Piparipoker ($113.76 in chips)
Piparipoker: posts small blind $1
kaputnikoff: posts big blind $3
*** HOLE CARDS ***
Piparipoker: raises $3 to $6
kaputnikoff: raises $3 to $9
Piparipoker: calls $3
*** FLOP *** [Kd 5c Ks]
kaputnikoff: bets $3
Piparipoker: raises $3 to $6
kaputnikoff: calls $3
*** TURN *** [Kd 5c Ks] [5s]
kaputnikoff: checks
Piparipoker: bets $6
kaputnikoff: folds
Uncalled bet ($6) returned to Piparipoker
Piparipoker collected $29.50 from pot
Piparipoker: doesn't show hand
*** SUMMARY ***
Total pot $30 | Rake $0.50
Board [Kd 5c Ks 5s]
Seat 1: kaputnikoff (big blind) folded on the Turn
Seat 2: Piparipoker (button) (small blind) collected ($29.50)


PokerStars Hand #148547021163:  Hold'em Limit ($3/$6 USD) - 2016/02/10 3:59:59 ET
Table 'Okavango' 2-max Seat #1 is the button
Seat 1: kaputnikoff ($239.26 in chips)
Seat 2: Piparipoker ($128.26 in chips)
kaputnikoff: posts small blind $1
Piparipoker: posts big blind $3
*** HOLE CARDS ***
kaputnikoff: raises $3 to $6
Piparipoker: calls $3
*** FLOP *** [4d Qd 6s]
Piparipoker: checks
kaputnikoff: bets $3
Piparipoker: folds
Uncalled bet ($3) returned to kaputnikoff
kaputnikoff collected $11.76 from pot
kaputnikoff: doesn't show hand
*** SUMMARY ***
Total pot $12 | Rake $0.24
Board [4d Qd 6s]
Seat 1: kaputnikoff (button) (small blind) collected ($11.76)
Seat 2: Piparipoker (big blind) folded on the Flop


PokerStars Hand #148547025206:  Hold'em Limit ($3/$6 USD) - 2016/02/10 4:00:11 ET
Table 'Okavango' 2-max Seat #2 is the button
Seat 1: kaputnikoff ($245.02 in chips)
Seat 2: Piparipoker ($122.26 in chips)
Piparipoker: posts small blind $1
kaputnikoff: posts big blind $3
*** HOLE CARDS ***
Piparipoker: raises $3 to $6
kaputnikoff: raises $3 to $9
Piparipoker: calls $3
*** FLOP *** [Th Jh 8c]
kaputnikoff: bets $3
Piparipoker: raises $3 to $6
kaputnikoff: raises $3 to $9
Piparipoker: calls $3
*** TURN *** [Th Jh 8c] [9s]
kaputnikoff: bets $6
Piparipoker: raises $6 to $12
kaputnikoff: calls $6
*** RIVER *** [Th Jh 8c 9s] [Js]
kaputnikoff: checks
Piparipoker: bets $6
kaputnikoff: calls $6
*** SHOW DOWN ***
Piparipoker: shows [Ts Td] (a full house, Tens full of Jacks)
kaputnikoff: mucks hand
Piparipoker collected $71.50 from pot
*** SUMMARY ***
Total pot $72 | Rake $0.50
Board [Th Jh 8c 9s Js]
Seat 1: kaputnikoff (big blind) mucked
Seat 2: Piparipoker (button) (small blind) showed [Ts Td] and won ($71.50) with a full house, Tens full of Jacks


PokerStars Hand #148547044229:  Hold'em Limit ($3/$6 USD) - 2016/02/10 4:01:06 ET
Table 'Okavango' 2-max Seat #2 is the button
Seat 1: kaputnikoff ($226.52 in chips)
Seat 2: Piparipoker ($139.76 in chips)
Piparipoker: posts small blind $1
kaputnikoff: posts big blind $3
*** HOLE CARDS ***
Piparipoker: folds
Uncalled bet ($2) returned to kaputnikoff
kaputnikoff collected $2 from pot
kaputnikoff: doesn't show hand
*** SUMMARY ***
Total pot $2 | Rake $0
Seat 1: kaputnikoff (big blind) collected ($2)
Seat 2: Piparipoker (button) (small blind) folded before Flop


PokerStars Hand #148547046108:  Hold'em Limit ($3/$6 USD) - 2016/02/10 4:01:11 ET
Table 'Okavango' 2-max Seat #1 is the button
Seat 1: kaputnikoff ($227.52 in chips)
Seat 2: Piparipoker ($138.76 in chips)
kaputnikoff: posts small blind $1
Piparipoker: posts big blind $3
*** HOLE CARDS ***
kaputnikoff: raises $3 to $6
Piparipoker: folds
Uncalled bet ($3) returned to kaputnikoff
kaputnikoff collected $6 from pot
kaputnikoff: doesn't show hand
*** SUMMARY ***
Total pot $6 | Rake $0
Seat 1: kaputnikoff (button) (small blind) collected ($6)
Seat 2: Piparipoker (big blind) folded before Flop


PokerStars Hand #148547049014:  Hold'em Limit ($3/$6 USD) - 2016/02/10 4:01:19 ET
Table 'Okavango' 2-max Seat #2 is the button
Seat 1: kaputnikoff ($230.52 in chips)
Seat 2: Piparipoker ($135.76 in chips)
Piparipoker: posts small blind $1
kaputnikoff: posts big blind $3
*** HOLE CARDS ***
Piparipoker: raises $3 to $6
kaputnikoff: calls $3
*** FLOP *** [8c 2h Th]
kaputnikoff: checks
Piparipoker: bets $3
kaputnikoff: folds
Uncalled bet ($3) returned to Piparipoker
Piparipoker collected $11.76 from pot
Piparipoker: doesn't show hand
*** SUMMARY ***
Total pot $12 | Rake $0.24
Board [8c 2h Th]
Seat 1: kaputnikoff (big blind) folded on the Flop
Seat 2: Piparipoker (button) (small blind) collected ($11.76)


PokerStars Hand #148547035126:  Hold'em Limit ($3/$6 USD) - 2016/02/10 4:00:40 ET
Table 'Okavango' 2-max Seat #1 is the button
Seat 1: kaputnikoff ($209.02 in chips)
Seat 2: Piparipoker ($157.76 in chips)
kaputnikoff: posts small blind $1
Piparipoker: posts big blind $3
*** HOLE CARDS ***
kaputnikoff: raises $3 to $6
Piparipoker: calls $3
*** FLOP *** [3d Th As]
Piparipoker: checks
kaputnikoff: checks
*** TURN *** [3d Th As] [8d]
Piparipoker: bets $6
kaputnikoff: calls $6
*** RIVER *** [3d Th As 8d] [2h]
Piparipoker: checks
kaputnikoff: bets $6
Piparipoker: calls $6
*** SHOW DOWN ***
kaputnikoff: shows [Js Jc] (a pair of Jacks)
Piparipoker: mucks hand
kaputnikoff collected $35.50 from pot
*** SUMMARY ***
Total pot $36 | Rake $0.50
Board [3d Th As 8d 2h]
Seat 1: kaputnikoff (button) (small blind) showed [Js Jc] and won ($35.50) with a pair of Jacks
Seat 2: Piparipoker (big blind) mucked


PokerStars Hand #148547057573:  Hold'em Limit ($3/$6 USD) - 2016/02/10 4:01:43 ET
Table 'Okavango' 2-max Seat #1 is the button
Seat 1: kaputnikoff ($224.52 in chips)
Seat 2: Piparipoker ($141.52 in chips)
kaputnikoff: posts small blind $1
Piparipoker: posts big blind $3
*** HOLE CARDS ***
kaputnikoff: raises $3 to $6
Piparipoker: calls $3
*** FLOP *** [Ks 4c 2d]
Piparipoker: checks
kaputnikoff: bets $3
Piparipoker: calls $3
*** TURN *** [Ks 4c 2d] [5c]
Piparipoker: checks
kaputnikoff: bets $6
Piparipoker: folds
Uncalled bet ($6) returned to kaputnikoff
kaputnikoff collected $17.64 from pot
kaputnikoff: doesn't show hand
*** SUMMARY ***
Total pot $18 | Rake $0.36
Board [Ks 4c 2d 5c]
Seat 1: kaputnikoff (button) (small blind) collected ($17.64)
Seat 2: Piparipoker (big blind) folded on the Turn


PokerStars Hand #148547064558:  Hold'em Limit ($3/$6 USD) - 2016/02/10 4:02:01 ET
Table 'Okavango' 2-max Seat #2 is the button
Seat 1: kaputnikoff ($233.16 in chips)
Seat 2: Piparipoker ($132.52 in chips)
Piparipoker: posts small blind $1
kaputnikoff: posts big blind $3
*** HOLE CARDS ***
Piparipoker: raises $3 to $6
kaputnikoff: raises $3 to $9
Piparipoker: calls $3
*** FLOP *** [As 8s 6h]
kaputnikoff: bets $3
Piparipoker: raises $3 to $6
kaputnikoff: raises $3 to $9
Piparipoker: calls $3
*** TURN *** [As 8s 6h] [Tc]
kaputnikoff: bets $6
Piparipoker: calls $6
*** RIVER *** [As 8s 6h Tc] [5h]
kaputnikoff: bets $6
Piparipoker: calls $6
*** SHOW DOWN ***
kaputnikoff: shows [Qh Ac] (a pair of Aces)
Piparipoker: mucks hand
kaputnikoff collected $59.50 from pot
*** SUMMARY ***
Total pot $60 | Rake $0.50
Board [As 8s 6h Tc 5h]
Seat 1: kaputnikoff (big blind) showed [Qh Ac] and won ($59.50) with a pair of Aces
Seat 2: Piparipoker (button) (small blind) mucked


PokerStars Hand #148547072917:  Hold'em Limit ($3/$6 USD) - 2016/02/10 4:02:23 ET
Table 'Okavango' 2-max Seat #1 is the button
Seat 1: kaputnikoff ($262.66 in chips)
Seat 2: Piparipoker ($102.52 in chips)
kaputnikoff: posts small blind $1
Piparipoker: posts big blind $3
*** HOLE CARDS ***
kaputnikoff: raises $3 to $6
Piparipoker: raises $3 to $9
kaputnikoff: calls $3
*** FLOP *** [3d 3h 8s]
Piparipoker: bets $3
kaputnikoff: calls $3
*** TURN *** [3d 3h 8s] [7c]
Piparipoker: bets $6
kaputnikoff: calls $6
*** RIVER *** [3d 3h 8s 7c] [2h]
Piparipoker: checks
kaputnikoff: bets $6
Piparipoker: calls $6
*** SHOW DOWN ***
kaputnikoff: shows [Ad Jh] (a pair of Threes)
Piparipoker: mucks hand
kaputnikoff collected $47.50 from pot
*** SUMMARY ***
Total pot $48 | Rake $0.50
Board [3d 3h 8s 7c 2h]
Seat 1: kaputnikoff (button) (small blind) showed [Ad Jh] and won ($47.50) with a pair of Threes
Seat 2: Piparipoker (big blind) mucked


PokerStars Hand #148547081331:  Hold'em Limit ($3/$6 USD) - 2016/02/10 4:02:45 ET
Table 'Okavango' 2-max Seat #2 is the button
Seat 1: kaputnikoff ($286.16 in chips)
Seat 2: Piparipoker ($78.52 in chips)
Piparipoker: posts small blind $1
kaputnikoff: posts big blind $3
*** HOLE CARDS ***
Piparipoker: raises $3 to $6
kaputnikoff: calls $3
*** FLOP *** [8c 5d 9c]
kaputnikoff: checks
Piparipoker: checks
*** TURN *** [8c 5d 9c] [7d]
kaputnikoff: bets $6
Piparipoker: raises $6 to $12
kaputnikoff: folds
Uncalled bet ($6) returned to Piparipoker
Piparipoker collected $23.52 from pot
Piparipoker: doesn't show hand
*** SUMMARY ***
Total pot $24 | Rake $0.48
Board [8c 5d 9c 7d]
Seat 1: kaputnikoff (big blind) folded on the Turn
Seat 2: Piparipoker (button) (small blind) collected ($23.52)


PokerStars Hand #148547096401:  Hold'em Limit ($3/$6 USD) - 2016/02/10 4:03:25 ET
Table 'Okavango' 2-max Seat #2 is the button
Seat 1: kaputnikoff ($294.66 in chips)
Seat 2: Piparipoker ($69.04 in chips)
Piparipoker: posts small blind $1
kaputnikoff: posts big blind $3
*** HOLE CARDS ***
Piparipoker: raises $3 to $6
kaputnikoff: raises $3 to $9
Piparipoker: calls $3
*** FLOP *** [8c Qd 8d]
kaputnikoff: bets $3
Piparipoker: calls $3
*** TURN *** [8c Qd 8d] [7h]
kaputnikoff: checks
Piparipoker: checks
*** RIVER *** [8c Qd 8d 7h] [2d]
kaputnikoff: checks
Piparipoker: checks
*** SHOW DOWN ***
kaputnikoff: shows [Ac 9h] (a pair of Eights)
Piparipoker: mucks hand
kaputnikoff collected $23.52 from pot
*** SUMMARY ***
Total pot $24 | Rake $0.48
Board [8c Qd 8d 7h 2d]
Seat 1: kaputnikoff (big blind) showed [Ac 9h] and won ($23.52) with a pair of Eights
Seat 2: Piparipoker (button) (small blind) mucked


PokerStars Hand #148547102628:  Hold'em Limit ($3/$6 USD) - 2016/02/10 4:03:41 ET
Table 'Okavango' 2-max Seat #1 is the button
Seat 1: kaputnikoff ($306.18 in chips)
Seat 2: Piparipoker ($57.04 in chips)
kaputnikoff: posts small blind $1
Piparipoker: posts big blind $3
*** HOLE CARDS ***
kaputnikoff: raises $3 to $6
Piparipoker: calls $3
*** FLOP *** [Jd 2d Qd]
Piparipoker: checks
kaputnikoff: bets $3
Piparipoker: calls $3
*** TURN *** [Jd 2d Qd] [9h]
Piparipoker: bets $6
kaputnikoff: calls $6
*** RIVER *** [Jd 2d Qd 9h] [4s]
Piparipoker: bets $6
kaputnikoff: calls $6
*** SHOW DOWN ***
Piparipoker: shows [Js Tc] (a pair of Jacks)
kaputnikoff: shows [5h Qh] (a pair of Queens)
kaputnikoff collected $41.50 from pot
*** SUMMARY ***
Total pot $42 | Rake $0.50
Board [Jd 2d Qd 9h 4s]
Seat 1: kaputnikoff (button) (small blind) showed [5h Qh] and won ($41.50) with a pair of Queens
Seat 2: Piparipoker (big blind) showed [Js Tc] and lost with a pair of Jacks


PokerStars Hand #148547088492:  Hold'em Limit ($3/$6 USD) - 2016/02/10 4:03:04 ET
Table 'Okavango' 2-max Seat #1 is the button
Seat 1: kaputnikoff ($274.16 in chips)
Seat 2: Piparipoker ($90.04 in chips)
kaputnikoff: posts small blind $1
Piparipoker: posts big blind $3
*** HOLE CARDS ***
kaputnikoff: raises $3 to $6
Piparipoker: calls $3
*** FLOP *** [Ac 3c 5s]
Piparipoker: bets $3
kaputnikoff: calls $3
*** TURN *** [Ac 3c 5s] [4s]
Piparipoker: checks
kaputnikoff: bets $6
Piparipoker: calls $6
*** RIVER *** [Ac 3c 5s 4s] [Jh]
Piparipoker: checks
kaputnikoff: bets $6
Piparipoker: calls $6
*** SHOW DOWN ***
kaputnikoff: shows [3s 2s] (a straight, Ace to Five)
Piparipoker: mucks hand
kaputnikoff collected $41.50 from pot
*** SUMMARY ***
Total pot $42 | Rake $0.50
Board [Ac 3c 5s 4s Jh]
Seat 1: kaputnikoff (button) (small blind) showed [3s 2s] and won ($41.50) with a straight, Ace to Five
Seat 2: Piparipoker (big blind) mucked


PokerStars Hand #148547118000:  Hold'em Limit ($3/$6 USD) - 2016/02/10 4:04:20 ET
Table 'Okavango' 2-max Seat #1 is the button
Seat 1: kaputnikoff ($317.68 in chips)
Seat 2: Piparipoker ($44.68 in chips)
kaputnikoff: posts small blind $1
Piparipoker: posts big blind $3
*** HOLE CARDS ***
kaputnikoff: raises $3 to $6
Piparipoker: calls $3
*** FLOP *** [7s Jh 2d]
Piparipoker: checks
kaputnikoff: bets $3
Piparipoker: folds
Uncalled bet ($3) returned to kaputnikoff
kaputnikoff collected $11.76 from pot
kaputnikoff: doesn't show hand
*** SUMMARY ***
Total pot $12 | Rake $0.24
Board [7s Jh 2d]
Seat 1: kaputnikoff (button) (small blind) collected ($11.76)
Seat 2: Piparipoker (big blind) folded on the Flop


PokerStars Hand #148547109375:  Hold'em Limit ($3/$6 USD) - 2016/02/10 4:03:58 ET
Table 'Okavango' 2-max Seat #2 is the button
Seat 1: kaputnikoff ($326.68 in chips)
Seat 2: Piparipoker ($36.04 in chips)
Piparipoker: posts small blind $1
kaputnikoff: posts big blind $3
*** HOLE CARDS ***
Piparipoker: raises $3 to $6
kaputnikoff: calls $3
*** FLOP *** [3h 2s 8h]
kaputnikoff: checks
Piparipoker: bets $3
kaputnikoff: calls $3
*** TURN *** [3h 2s 8h] [Ks]
kaputnikoff: checks
Piparipoker: bets $6
kaputnikoff: folds
Uncalled bet ($6) returned to Piparipoker
Piparipoker collected $17.64 from pot
Piparipoker: doesn't show hand
*** SUMMARY ***
Total pot $18 | Rake $0.36
Board [3h 2s 8h Ks]
Seat 1: kaputnikoff (big blind) folded on the Turn
Seat 2: Piparipoker (button) (small blind) collected ($17.64)


PokerStars Hand #148547129062:  Hold'em Limit ($3/$6 USD) - 2016/02/10 4:04:48 ET
Table 'Okavango' 2-max Seat #2 is the button
Seat 1: kaputnikoff ($323.44 in chips)
Seat 2: Piparipoker ($38.68 in chips)
Piparipoker: posts small blind $1
kaputnikoff: posts big blind $3
*** HOLE CARDS ***
Piparipoker: raises $3 to $6
kaputnikoff: calls $3
*** FLOP *** [5d As Jc]
kaputnikoff: checks
Piparipoker: bets $3
kaputnikoff: calls $3
*** TURN *** [5d As Jc] [6d]
kaputnikoff: checks
Piparipoker: checks
*** RIVER *** [5d As Jc 6d] [Qc]
kaputnikoff: bets $6
Piparipoker: calls $6
*** SHOW DOWN ***
kaputnikoff: shows [Qs 2h] (a pair of Queens)
Piparipoker: shows [Ts Qd] (a pair of Queens - Ace+Jack+Ten kicker)
Piparipoker collected $29.50 from pot
*** SUMMARY ***
Total pot $30 | Rake $0.50
Board [5d As Jc 6d Qc]
Seat 1: kaputnikoff (big blind) showed [Qs 2h] and lost with a pair of Queens
Seat 2: Piparipoker (button) (small blind) showed [Ts Qd] and won ($29.50) with a pair of Queens


PokerStars Hand #148547144930:  Hold'em Limit ($3/$6 USD) - 2016/02/10 4:05:29 ET
Table 'Okavango' 2-max Seat #2 is the button
Seat 1: kaputnikoff ($337.94 in chips)
Seat 2: Piparipoker ($23.18 in chips)
Piparipoker: posts small blind $1
kaputnikoff: posts big blind $3
*** HOLE CARDS ***
Piparipoker: raises $3 to $6
kaputnikoff: calls $3
*** FLOP *** [6h 4d 6s]
kaputnikoff: checks
Piparipoker: bets $3
kaputnikoff: calls $3
*** TURN *** [6h 4d 6s] [Td]
kaputnikoff: checks
Piparipoker: bets $6
kaputnikoff: folds
Uncalled bet ($6) returned to Piparipoker
Piparipoker collected $17.64 from pot
Piparipoker: doesn't show hand
*** SUMMARY ***
Total pot $18 | Rake $0.36
Board [6h 4d 6s Td]
Seat 1: kaputnikoff (big blind) folded on the Turn
Seat 2: Piparipoker (button) (small blind) collected ($17.64)


PokerStars Hand #148547136147:  Hold'em Limit ($3/$6 USD) - 2016/02/10 4:05:07 ET
Table 'Okavango' 2-max Seat #1 is the button
Seat 1: kaputnikoff ($308.44 in chips)
Seat 2: Piparipoker ($53.18 in chips)
kaputnikoff: posts small blind $1
Piparipoker: posts big blind $3
*** HOLE CARDS ***
kaputnikoff: raises $3 to $6
Piparipoker: raises $3 to $9
kaputnikoff: calls $3
*** FLOP *** [Kd 5s Tc]
Piparipoker: bets $3
kaputnikoff: calls $3
*** TURN *** [Kd 5s Tc] [Jc]
Piparipoker: bets $6
kaputnikoff: raises $6 to $12
Piparipoker: calls $6
*** RIVER *** [Kd 5s Tc Jc] [3s]
Piparipoker: checks
kaputnikoff: bets $6
Piparipoker: calls $6
*** SHOW DOWN ***
kaputnikoff: shows [Kc 3c] (two pair, Kings and Threes)
Piparipoker: mucks hand
kaputnikoff collected $59.50 from pot
*** SUMMARY ***
Total pot $60 | Rake $0.50
Board [Kd 5s Tc Jc 3s]
Seat 1: kaputnikoff (button) (small blind) showed [Kc 3c] and won ($59.50) with two pair, Kings and Threes
Seat 2: Piparipoker (big blind) mucked


PokerStars Hand #148547163729:  Hold'em Limit ($3/$6 USD) - 2016/02/10 4:06:18 ET
Table 'Okavango' 2-max Seat #2 is the button
Seat 1: kaputnikoff ($355.08 in chips)
Seat 2: Piparipoker ($4.82 in chips)
Piparipoker: posts small blind $1
kaputnikoff: posts big blind $3
*** HOLE CARDS ***
Piparipoker: raises $1.82 to $4.82 and is all-in
kaputnikoff: calls $1.82
*** FLOP *** [Jh 9d 4s]
*** TURN *** [Jh 9d 4s] [6s]
*** RIVER *** [Jh 9d 4s 6s] [7h]
*** SHOW DOWN ***
kaputnikoff: shows [9c 2c] (a pair of Nines)
Piparipoker: shows [3s 3d] (a pair of Threes)
kaputnikoff collected $9.45 from pot
*** SUMMARY ***
Total pot $9.64 | Rake $0.19
Board [Jh 9d 4s 6s 7h]
Seat 1: kaputnikoff (big blind) showed [9c 2c] and won ($9.45) with a pair of Nines
Seat 2: Piparipoker (button) (small blind) showed [3s 3d] and lost with a pair of Threes


PokerStars Hand #148547161309:  Hold'em Limit ($3/$6 USD) - 2016/02/10 4:06:11 ET
Table 'Okavango' 2-max Seat #1 is the button
Seat 1: kaputnikoff ($352.08 in chips)
Seat 2: Piparipoker ($7.82 in chips)
kaputnikoff: posts small blind $1
Piparipoker: posts big blind $3
*** HOLE CARDS ***
kaputnikoff: raises $3 to $6
Piparipoker: folds
Uncalled bet ($3) returned to kaputnikoff
kaputnikoff collected $6 from pot
kaputnikoff: doesn't show hand
*** SUMMARY ***
Total pot $6 | Rake $0
Seat 1: kaputnikoff (button) (small blind) collected ($6)
Seat 2: Piparipoker (big blind) folded before Flop


PokerStars Hand #148547157626:  Hold'em Limit ($3/$6 USD) - 2016/02/10 4:06:02 ET
Table 'Okavango' 2-max Seat #2 is the button
Seat 1: kaputnikoff ($343.44 in chips)
Seat 2: Piparipoker ($16.82 in chips)
Piparipoker: posts small blind $1
kaputnikoff: posts big blind $3
*** HOLE CARDS ***
Piparipoker: raises $3 to $6
kaputnikoff: raises $3 to $9
Piparipoker: calls $3
*** FLOP *** [Ks 4d 4h]
kaputnikoff: bets $3
Piparipoker: folds
Uncalled bet ($3) returned to kaputnikoff
kaputnikoff collected $17.64 from pot
kaputnikoff: doesn't show hand
*** SUMMARY ***
Total pot $18 | Rake $0.36
Board [Ks 4d 4h]
Seat 1: kaputnikoff (big blind) collected ($17.64)
Seat 2: Piparipoker (button) (small blind) folded on the Flop


PokerStars Hand #148547151208:  Hold'em Limit ($3/$6 USD) - 2016/02/10 4:05:45 ET
Table 'Okavango' 2-max Seat #1 is the button
Seat 1: kaputnikoff ($328.94 in chips)
Seat 2: Piparipoker ($31.82 in chips)
kaputnikoff: posts small blind $1
Piparipoker: posts big blind $3
*** HOLE CARDS ***
kaputnikoff: raises $3 to $6
Piparipoker: calls $3
*** FLOP *** [9s 8s Jd]
Piparipoker: checks
kaputnikoff: bets $3
Piparipoker: calls $3
*** TURN *** [9s 8s Jd] [Qd]
Piparipoker: checks
kaputnikoff: bets $6
Piparipoker: calls $6
*** RIVER *** [9s 8s Jd Qd] [8c]
Piparipoker: checks
kaputnikoff: bets $6
Piparipoker: folds
Uncalled bet ($6) returned to kaputnikoff
kaputnikoff collected $29.50 from pot
kaputnikoff: doesn't show hand
*** SUMMARY ***
Total pot $30 | Rake $0.50
Board [9s 8s Jd Qd 8c]
Seat 1: kaputnikoff (button) (small blind) collected ($29.50)
Seat 2: Piparipoker (big blind) folded on the River


PokerStars Hand #148547207178:  Hold'em Limit ($3/$6 USD) - 2016/02/10 4:08:10 ET
Table 'Okavango' 2-max Seat #1 is the button
Seat 1: kaputnikoff ($359.71 in chips)
Seat 2: Piparipoker ($60 in chips)
kaputnikoff: posts small blind $1
Piparipoker: posts big blind $3
*** HOLE CARDS ***
kaputnikoff: raises $3 to $6
Piparipoker: calls $3
*** FLOP *** [2s 3c 2c]
Piparipoker: checks
kaputnikoff: bets $3
Piparipoker: calls $3
*** TURN *** [2s 3c 2c] [7h]
Piparipoker: checks
kaputnikoff: checks
*** RIVER *** [2s 3c 2c 7h] [Kc]
Piparipoker: bets $6
kaputnikoff: folds
Uncalled bet ($6) returned to Piparipoker
Piparipoker collected $17.64 from pot
Piparipoker: doesn't show hand
*** SUMMARY ***
Total pot $18 | Rake $0.36
Board [2s 3c 2c 7h Kc]
Seat 1: kaputnikoff (button) (small blind) folded on the River
Seat 2: Piparipoker (big blind) collected ($17.64)


PokerStars Hand #148547234701:  Hold'em Limit ($3/$6 USD) - 2016/02/10 4:09:21 ET
Table 'Okavango' 2-max Seat #1 is the button
Seat 1: kaputnikoff ($314.71 in chips)
Seat 2: Piparipoker ($104.14 in chips)
kaputnikoff: posts small blind $1
Piparipoker: posts big blind $3
*** HOLE CARDS ***
kaputnikoff is disconnected
kaputnikoff has timed out while disconnected
kaputnikoff: folds
Uncalled bet ($2) returned to Piparipoker
Piparipoker collected $2 from pot
Piparipoker: doesn't show hand
*** SUMMARY ***
Total pot $2 | Rake $0
Seat 1: kaputnikoff (button) (small blind) folded before Flop
Seat 2: Piparipoker (big blind) collected ($2)


PokerStars Hand #148547214032:  Hold'em Limit ($3/$6 USD) - 2016/02/10 4:08:28 ET
Table 'Okavango' 2-max Seat #2 is the button
Seat 1: kaputnikoff ($350.71 in chips)
Seat 2: Piparipoker ($68.64 in chips)
Piparipoker: posts small blind $1
kaputnikoff: posts big blind $3
*** HOLE CARDS ***
Piparipoker: raises $3 to $6
kaputnikoff: calls $3
*** FLOP *** [Th 5d 9d]
kaputnikoff: checks
Piparipoker: bets $3
kaputnikoff: raises $3 to $6
Piparipoker: calls $3
*** TURN *** [Th 5d 9d] [9h]
kaputnikoff: bets $6
Piparipoker: raises $6 to $12
kaputnikoff: calls $6
*** RIVER *** [Th 5d 9d 9h] [6h]
kaputnikoff: checks
Piparipoker: bets $6
kaputnikoff: raises $6 to $12
Piparipoker: raises $6 to $18
kaputnikoff: folds
Uncalled bet ($6) returned to Piparipoker
Piparipoker collected $71.50 from pot
Piparipoker: doesn't show hand
*** SUMMARY ***
Total pot $72 | Rake $0.50
Board [Th 5d 9d 9h 6h]
Seat 1: kaputnikoff (big blind) folded on the River
Seat 2: Piparipoker (button) (small blind) collected ($71.50)


