PokerStars Hand #171429296818:  Hold'em Limit ($3/$6 USD) - 2017/06/06 14:37:30 ET
Table 'Okavango II' 10-max Seat #3 is the button
Seat 3: andyrr ($97 in chips)
Seat 10: MTails ($109 in chips)
andyrr: posts small blind $1
MTails: posts big blind $3
*** HOLE CARDS ***
andyrr: folds
Uncalled bet ($2) returned to MTails
MTails collected $2 from pot
*** SUMMARY ***
Total pot $2 | Rake $0
Seat 3: andyrr (button) (small blind) folded before Flop
Seat 10: MTails (big blind) collected ($2)


PokerStars Hand #171433368477:  Hold'em Limit ($3/$6 USD) - 2017/06/06 15:56:26 ET
Table 'Okavango II' 10-max Seat #7 is the button
Seat 6: vestimokrec ($137.47 in chips)
Seat 7: B_loJkl ($143 in chips)
B_loJkl: posts small blind $1
MTails: is sitting out
vestimokrec: posts big blind $3
*** HOLE CARDS ***
B_loJkl: raises $3 to $6
gnatakurchpz leaves the table
vestimokrec: calls $3
*** FLOP *** [Qs Qc 7h]
vestimokrec: checks
MTails leaves the table
B_loJkl: checks
*** TURN *** [Qs Qc 7h] [5d]
vestimokrec: bets $6
B_loJkl: raises $6 to $12
vestimokrec: calls $6
*** RIVER *** [Qs Qc 7h 5d] [6h]
vestimokrec: checks
B_loJkl: checks
*** SHOW DOWN ***
vestimokrec: shows [7d Th] (two pair, Queens and Sevens)
B_loJkl: mucks hand
vestimokrec collected $35.50 from pot
*** SUMMARY ***
Total pot $36 | Rake $0.50
Board [Qs Qc 7h 5d 6h]
Seat 6: vestimokrec (big blind) showed [7d Th] and won ($35.50) with two pair, Queens and Sevens
Seat 7: B_loJkl (button) (small blind) mucked


