PokerStars Hand #159790482608:  Hold'em Limit ($3/$6 USD) - 2016/10/11 13:26:03 ET
Table 'Okavango II' 6-max Seat #4 is the button
Seat 4: AzureCaper ($72 in chips)
Seat 5: DirtyBernerd ($119.88 in chips)
AzureCaper: posts small blind $1
DirtyBernerd: posts big blind $3
*** HOLE CARDS ***
AzureCaper: raises $3 to $6
DirtyBernerd: folds
Uncalled bet ($3) returned to AzureCaper
AzureCaper collected $6 from pot
AzureCaper: doesn't show hand
*** SUMMARY ***
Total pot $6 | Rake $0
Seat 4: AzureCaper (button) (small blind) collected ($6)
Seat 5: DirtyBernerd (big blind) folded before Flop


PokerStars Hand #159790469473:  Hold'em Limit ($3/$6 USD) - 2016/10/11 13:25:46 ET
Table 'Okavango II' 6-max Seat #5 is the button
Seat 4: AzureCaper ($75 in chips)
Seat 5: DirtyBernerd ($117 in chips)
DirtyBernerd: posts small blind $1
AzureCaper: posts big blind $3
*** HOLE CARDS ***
vestimokrec joins the table at seat #6
DirtyBernerd: calls $2
AzureCaper: checks
*** FLOP *** [8c 9h 7s]
AzureCaper: checks
DirtyBernerd: checks
*** TURN *** [8c 9h 7s] [Ad]
AzureCaper: checks
DirtyBernerd: checks
*** RIVER *** [8c 9h 7s Ad] [4d]
AzureCaper: checks
DirtyBernerd: checks
*** SHOW DOWN ***
AzureCaper: shows [2d 4h] (a pair of Fours)
DirtyBernerd: shows [Jh 7h] (a pair of Sevens)
DirtyBernerd collected $5.88 from pot
*** SUMMARY ***
Total pot $6 | Rake $0.12
Board [8c 9h 7s Ad 4d]
Seat 4: AzureCaper (big blind) showed [2d 4h] and lost with a pair of Fours
Seat 5: DirtyBernerd (button) (small blind) showed [Jh 7h] and won ($5.88) with a pair of Sevens


PokerStars Hand #159794056795:  Hold'em Limit ($3/$6 USD) - 2016/10/11 14:38:26 ET
Table 'Okavango II' 6-max Seat #5 is the button
Seat 2: RaisemyNut$ ($102 in chips)
Seat 5: DirtyBernerd ($63.03 in chips)
DirtyBernerd: posts small blind $1
RaisemyNut$: posts big blind $3
*** HOLE CARDS ***
DirtyBernerd: raises $3 to $6
RaisemyNut$: folds
Uncalled bet ($3) returned to DirtyBernerd
DirtyBernerd collected $6 from pot
DirtyBernerd: doesn't show hand
*** SUMMARY ***
Total pot $6 | Rake $0
Seat 2: RaisemyNut$ (big blind) folded before Flop
Seat 5: DirtyBernerd (button) (small blind) collected ($6)


PokerStars Hand #159794035884:  Hold'em Limit ($3/$6 USD) - 2016/10/11 14:38:01 ET
Table 'Okavango II' 6-max Seat #2 is the button
Seat 2: RaisemyNut$ ($117 in chips)
Seat 5: DirtyBernerd ($48.53 in chips)
RaisemyNut$: posts small blind $1
Luanto 14: is sitting out
DirtyBernerd: posts big blind $3
*** HOLE CARDS ***
RaisemyNut$: raises $3 to $6
DirtyBernerd: calls $3
*** FLOP *** [8c 9s Kd]
DirtyBernerd: checks
RaisemyNut$: bets $3
DirtyBernerd: calls $3
*** TURN *** [8c 9s Kd] [4h]
DirtyBernerd: checks
RaisemyNut$: bets $6
DirtyBernerd: calls $6
*** RIVER *** [8c 9s Kd 4h] [Tc]
DirtyBernerd: checks
RaisemyNut$: checks
*** SHOW DOWN ***
DirtyBernerd: shows [As 8d] (a pair of Eights)
RaisemyNut$: mucks hand
DirtyBernerd collected $29.50 from pot
*** SUMMARY ***
Total pot $30 | Rake $0.50
Board [8c 9s Kd 4h Tc]
Seat 2: RaisemyNut$ (button) (small blind) mucked
Seat 5: DirtyBernerd (big blind) showed [As 8d] and won ($29.50) with a pair of Eights


PokerStars Hand #159794062738:  Hold'em Limit ($3/$6 USD) - 2016/10/11 14:38:33 ET
Table 'Okavango II' 6-max Seat #2 is the button
Seat 2: RaisemyNut$ ($99 in chips)
Seat 5: DirtyBernerd ($66.03 in chips)
RaisemyNut$: posts small blind $1
DirtyBernerd: posts big blind $3
*** HOLE CARDS ***
RaisemyNut$: folds
Uncalled bet ($2) returned to DirtyBernerd
DirtyBernerd collected $2 from pot
DirtyBernerd: doesn't show hand
*** SUMMARY ***
Total pot $2 | Rake $0
Seat 2: RaisemyNut$ (button) (small blind) folded before Flop
Seat 5: DirtyBernerd (big blind) collected ($2)


PokerStars Hand #159794067184:  Hold'em Limit ($3/$6 USD) - 2016/10/11 14:38:38 ET
Table 'Okavango II' 6-max Seat #5 is the button
Seat 2: RaisemyNut$ ($98 in chips)
Seat 5: DirtyBernerd ($67.03 in chips)
DirtyBernerd: posts small blind $1
RaisemyNut$: posts big blind $3
*** HOLE CARDS ***
DirtyBernerd: raises $3 to $6
RaisemyNut$: calls $3
*** FLOP *** [Js 4s Tc]
RaisemyNut$: checks
DirtyBernerd: bets $3
sim5sim5 leaves the table
RaisemyNut$: folds
Uncalled bet ($3) returned to DirtyBernerd
DirtyBernerd collected $11.76 from pot
DirtyBernerd: doesn't show hand
*** SUMMARY ***
Total pot $12 | Rake $0.24
Board [Js 4s Tc]
Seat 2: RaisemyNut$ (big blind) folded on the Flop
Seat 5: DirtyBernerd (button) (small blind) collected ($11.76)


PokerStars Hand #159794092948:  Hold'em Limit ($3/$6 USD) - 2016/10/11 14:39:08 ET
Table 'Okavango II' 6-max Seat #2 is the button
Seat 2: RaisemyNut$ ($92 in chips)
Seat 5: DirtyBernerd ($72.79 in chips)
RaisemyNut$: posts small blind $1
DirtyBernerd: posts big blind $3
*** HOLE CARDS ***
RaisemyNut$: raises $3 to $6
DirtyBernerd: calls $3
*** FLOP *** [Th 9c 7h]
DirtyBernerd: checks
RaisemyNut$: bets $3
DirtyBernerd: calls $3
*** TURN *** [Th 9c 7h] [Ad]
DirtyBernerd: checks
RaisemyNut$: bets $6
DirtyBernerd: raises $6 to $12
RaisemyNut$: folds
Uncalled bet ($6) returned to DirtyBernerd
DirtyBernerd collected $29.50 from pot
DirtyBernerd: doesn't show hand
*** SUMMARY ***
Total pot $30 | Rake $0.50
Board [Th 9c 7h Ad]
Seat 2: RaisemyNut$ (button) (small blind) folded on the Turn
Seat 5: DirtyBernerd (big blind) collected ($29.50)


PokerStars Hand #159794113827:  Hold'em Limit ($3/$6 USD) - 2016/10/11 14:39:33 ET
Table 'Okavango II' 6-max Seat #5 is the button
Seat 2: RaisemyNut$ ($77 in chips)
Seat 5: DirtyBernerd ($87.29 in chips)
DirtyBernerd: posts small blind $1
RaisemyNut$: posts big blind $3
*** HOLE CARDS ***
DirtyBernerd: folds
Uncalled bet ($2) returned to RaisemyNut$
RaisemyNut$ collected $2 from pot
RaisemyNut$: doesn't show hand
*** SUMMARY ***
Total pot $2 | Rake $0
Seat 2: RaisemyNut$ (big blind) collected ($2)
Seat 5: DirtyBernerd (button) (small blind) folded before Flop


PokerStars Hand #159794118560:  Hold'em Limit ($3/$6 USD) - 2016/10/11 14:39:38 ET
Table 'Okavango II' 6-max Seat #2 is the button
Seat 2: RaisemyNut$ ($78 in chips)
Seat 5: DirtyBernerd ($86.29 in chips)
RaisemyNut$: posts small blind $1
DirtyBernerd: posts big blind $3
*** HOLE CARDS ***
RaisemyNut$: raises $3 to $6
DirtyBernerd: calls $3
*** FLOP *** [8h 3s 7c]
DirtyBernerd: checks
RaisemyNut$: bets $3
DirtyBernerd: calls $3
*** TURN *** [8h 3s 7c] [Ah]
DirtyBernerd: checks
RaisemyNut$: bets $6
DirtyBernerd: calls $6
*** RIVER *** [8h 3s 7c Ah] [3d]
DirtyBernerd: checks
RaisemyNut$: checks
*** SHOW DOWN ***
DirtyBernerd: shows [Qs 7d] (two pair, Sevens and Threes)
RaisemyNut$: mucks hand
DirtyBernerd collected $29.50 from pot
*** SUMMARY ***
Total pot $30 | Rake $0.50
Board [8h 3s 7c Ah 3d]
Seat 2: RaisemyNut$ (button) (small blind) mucked
Seat 5: DirtyBernerd (big blind) showed [Qs 7d] and won ($29.50) with two pair, Sevens and Threes


PokerStars Hand #159794136290:  Hold'em Limit ($3/$6 USD) - 2016/10/11 14:39:59 ET
Table 'Okavango II' 6-max Seat #5 is the button
Seat 2: RaisemyNut$ ($63 in chips)
Seat 5: DirtyBernerd ($100.79 in chips)
DirtyBernerd: posts small blind $1
RaisemyNut$: posts big blind $3
*** HOLE CARDS ***
DirtyBernerd: raises $3 to $6
bangolfaren joins the table at seat #1
RaisemyNut$: calls $3
*** FLOP *** [2d 5c Kd]
RaisemyNut$: checks
DirtyBernerd: checks
*** TURN *** [2d 5c Kd] [5d]
RaisemyNut$: bets $6
DirtyBernerd: calls $6
*** RIVER *** [2d 5c Kd 5d] [As]
RaisemyNut$: checks
swics1202 joins the table at seat #6
DirtyBernerd: bets $6
RaisemyNut$: folds
Uncalled bet ($6) returned to DirtyBernerd
DirtyBernerd collected $23.52 from pot
DirtyBernerd: doesn't show hand
*** SUMMARY ***
Total pot $24 | Rake $0.48
Board [2d 5c Kd 5d As]
Seat 2: RaisemyNut$ (big blind) folded on the River
Seat 5: DirtyBernerd (button) (small blind) collected ($23.52)


PokerStars Hand #159795694631:  Hold'em Limit ($3/$6 USD) - 2016/10/11 15:10:52 ET
Table 'Okavango II' 6-max Seat #4 is the button
Seat 3: trecoscie ($99.23 in chips)
Seat 4: Luanto 14 ($310.18 in chips)
Luanto 14: posts small blind $1
trecoscie: posts big blind $3
*** HOLE CARDS ***
Apanage joins the table at seat #6
Luanto 14: raises $3 to $6
sim5sim5 joins the table at seat #5
trecoscie: calls $3
*** FLOP *** [Ac 6d 3d]
kolaz03 joins the table at seat #2
kolaz03 leaves the table
trecoscie: bets $3
Apanage leaves the table
Luanto 14: raises $3 to $6
wobetting joins the table at seat #6
trecoscie: calls $3
*** TURN *** [Ac 6d 3d] [7d]
trecoscie: checks
Luanto 14: checks
*** RIVER *** [Ac 6d 3d 7d] [7c]
trecoscie: checks
sim5sim5 leaves the table
Luanto 14: checks
*** SHOW DOWN ***
trecoscie: shows [9c As] (two pair, Aces and Sevens)
Luanto 14: mucks hand
trecoscie collected $23.52 from pot
*** SUMMARY ***
Total pot $24 | Rake $0.48
Board [Ac 6d 3d 7d 7c]
Seat 3: trecoscie (big blind) showed [9c As] and won ($23.52) with two pair, Aces and Sevens
Seat 4: Luanto 14 (button) (small blind) mucked


PokerStars Hand #159795726874:  Hold'em Limit ($3/$6 USD) - 2016/10/11 15:11:28 ET
Table 'Okavango II' 6-max Seat #3 is the button
Seat 3: trecoscie ($110.75 in chips)
Seat 4: Luanto 14 ($298.18 in chips)
trecoscie: posts small blind $1
Luanto 14: posts big blind $3
*** HOLE CARDS ***
trecoscie: folds
Uncalled bet ($2) returned to Luanto 14
Luanto 14 collected $2 from pot
Luanto 14: doesn't show hand
*** SUMMARY ***
Total pot $2 | Rake $0
Seat 3: trecoscie (button) (small blind) folded before Flop
Seat 4: Luanto 14 (big blind) collected ($2)


