PokerStars Hand #155951990815:  Hold'em Limit ($3/$6 USD) - 2016/07/14 5:47:41 ET
Table 'Okavango' 6-max Seat #1 is the button
Seat 1: pipuuu ($120 in chips)
Seat 4: VolkovDmitri ($120 in chips)
pipuuu: posts small blind $1
VolkovDmitri: posts big blind $3
*** HOLE CARDS ***
pipuuu: calls $2
VolkovDmitri: raises $3 to $6
pipuuu: calls $3
*** FLOP *** [5d Qc 9d]
VolkovDmitri: bets $3
PaulAudra joins the table at seat #3
pipuuu: folds
Uncalled bet ($3) returned to VolkovDmitri
VolkovDmitri collected $11.76 from pot
VolkovDmitri: doesn't show hand
*** SUMMARY ***
Total pot $12 | Rake $0.24
Board [5d Qc 9d]
Seat 1: pipuuu (button) (small blind) folded on the Flop
Seat 4: VolkovDmitri (big blind) collected ($11.76)


PokerStars Hand #155951999038:  Hold'em Limit ($3/$6 USD) - 2016/07/14 5:48:07 ET
Table 'Okavango' 6-max Seat #4 is the button
Seat 1: pipuuu ($114 in chips)
Seat 4: VolkovDmitri ($125.76 in chips)
VolkovDmitri: posts small blind $1
pipuuu: posts big blind $3
*** HOLE CARDS ***
VolkovDmitri: raises $3 to $6
pipuuu: calls $3
*** FLOP *** [2s Kh Kc]
pipuuu: checks
VolkovDmitri: bets $3
pipuuu: calls $3
*** TURN *** [2s Kh Kc] [9c]
pipuuu: checks
VolkovDmitri: bets $6
pipuuu: raises $6 to $12
VolkovDmitri: calls $6
*** RIVER *** [2s Kh Kc 9c] [6d]
pipuuu: bets $6
VolkovDmitri: calls $6
*** SHOW DOWN ***
pipuuu: shows [Ah 6h] (two pair, Kings and Sixes)
VolkovDmitri: shows [Jd Jc] (two pair, Kings and Jacks)
VolkovDmitri collected $53.50 from pot
*** SUMMARY ***
Total pot $54 | Rake $0.50
Board [2s Kh Kc 9c 6d]
Seat 1: pipuuu (big blind) showed [Ah 6h] and lost with two pair, Kings and Sixes
Seat 4: VolkovDmitri (button) (small blind) showed [Jd Jc] and won ($53.50) with two pair, Kings and Jacks


PokerStars Hand #155970548288:  Hold'em Limit ($3/$6 USD) - 2016/07/14 15:42:10 ET
Table 'Okavango' 6-max Seat #1 is the button
Seat 1: _fayzulllo_ ($52 in chips)
Seat 4: BuzovaPro ($91.50 in chips)
_fayzulllo_: posts small blind $1
BuzovaPro: posts big blind $3
*** HOLE CARDS ***
_fayzulllo_: raises $3 to $6
BuzovaPro: raises $3 to $9
_fayzulllo_: calls $3
*** FLOP *** [Ah 6c Qc]
BuzovaPro: bets $3
_fayzulllo_: calls $3
*** TURN *** [Ah 6c Qc] [Js]
BuzovaPro: checks
_fayzulllo_: checks
*** RIVER *** [Ah 6c Qc Js] [Tc]
BuzovaPro: bets $6
_fayzulllo_: folds
Uncalled bet ($6) returned to BuzovaPro
BuzovaPro collected $23.52 from pot
BuzovaPro: doesn't show hand
*** SUMMARY ***
Total pot $24 | Rake $0.48
Board [Ah 6c Qc Js Tc]
Seat 1: _fayzulllo_ (button) (small blind) folded on the River
Seat 4: BuzovaPro (big blind) collected ($23.52)


PokerStars Hand #155970543413:  Hold'em Limit ($3/$6 USD) - 2016/07/14 15:42:04 ET
Table 'Okavango' 6-max Seat #4 is the button
Seat 1: _fayzulllo_ ($51 in chips)
Seat 4: BuzovaPro ($92.50 in chips)
BuzovaPro: posts small blind $1
_fayzulllo_: posts big blind $3
*** HOLE CARDS ***
BuzovaPro: folds
Uncalled bet ($2) returned to _fayzulllo_
_fayzulllo_ collected $2 from pot
_fayzulllo_: doesn't show hand
*** SUMMARY ***
Total pot $2 | Rake $0
Seat 1: _fayzulllo_ (big blind) collected ($2)
Seat 4: BuzovaPro (button) (small blind) folded before Flop


PokerStars Hand #155970568198:  Hold'em Limit ($3/$6 USD) - 2016/07/14 15:42:35 ET
Table 'Okavango' 6-max Seat #4 is the button
Seat 1: _fayzulllo_ ($40 in chips)
Seat 4: BuzovaPro ($103.02 in chips)
BuzovaPro: posts small blind $1
_fayzulllo_: posts big blind $3
*** HOLE CARDS ***
BuzovaPro: raises $3 to $6
_fayzulllo_: calls $3
*** FLOP *** [7h 3c 7d]
RockKillerTY joins the table at seat #2
_fayzulllo_: checks
BuzovaPro: bets $3
_fayzulllo_: calls $3
*** TURN *** [7h 3c 7d] [4d]
_fayzulllo_: checks
BuzovaPro: checks
*** RIVER *** [7h 3c 7d 4d] [6h]
_fayzulllo_: bets $6
BuzovaPro: calls $6
*** SHOW DOWN ***
_fayzulllo_: shows [5s 7c] (a straight, Three to Seven)
BuzovaPro: mucks hand
_fayzulllo_ collected $29.50 from pot
*** SUMMARY ***
Total pot $30 | Rake $0.50
Board [7h 3c 7d 4d 6h]
Seat 1: _fayzulllo_ (big blind) showed [5s 7c] and won ($29.50) with a straight, Three to Seven
Seat 4: BuzovaPro (button) (small blind) mucked


PokerStars Hand #155970695210:  Hold'em Limit ($3/$6 USD) - 2016/07/14 15:45:10 ET
Table 'Okavango' 6-max Seat #4 is the button
Seat 2: RockKillerTY ($104 in chips)
Seat 4: BuzovaPro ($154.80 in chips)
B_loJkl will be allowed to play after the button
BuzovaPro: posts small blind $1
RockKillerTY: posts big blind $3
*** HOLE CARDS ***
BuzovaPro: folds
Uncalled bet ($2) returned to RockKillerTY
RockKillerTY collected $2 from pot
RockKillerTY: doesn't show hand
*** SUMMARY ***
Total pot $2 | Rake $0
Seat 2: RockKillerTY (big blind) collected ($2)
Seat 4: BuzovaPro (button) (small blind) folded before Flop


PokerStars Hand #155970784670:  Hold'em Limit ($3/$6 USD) - 2016/07/14 15:47:01 ET
Table 'Okavango' 6-max Seat #1 is the button
Seat 1: _fayzulllo_ ($78.69 in chips)
Seat 3: B_loJkl ($120 in chips)
_fayzulllo_: posts small blind $1
RockKillerTY: is sitting out
B_loJkl: posts big blind $3
*** HOLE CARDS ***
_fayzulllo_: calls $2
B_loJkl: raises $3 to $6
_fayzulllo_: calls $3
*** FLOP *** [7c 4c 4d]
B_loJkl: checks
_fayzulllo_: checks
*** TURN *** [7c 4c 4d] [Kh]
B_loJkl: bets $6
_fayzulllo_: calls $6
*** RIVER *** [7c 4c 4d Kh] [5s]
B_loJkl: bets $6
_fayzulllo_: calls $6
*** SHOW DOWN ***
B_loJkl: shows [9d Ks] (two pair, Kings and Fours)
_fayzulllo_: mucks hand
B_loJkl collected $35.50 from pot
*** SUMMARY ***
Total pot $36 | Rake $0.50
Board [7c 4c 4d Kh 5s]
Seat 1: _fayzulllo_ (button) (small blind) mucked
Seat 3: B_loJkl (big blind) showed [9d Ks] and won ($35.50) with two pair, Kings and Fours


PokerStars Hand #155970814913:  Hold'em Limit ($3/$6 USD) - 2016/07/14 15:47:39 ET
Table 'Okavango' 6-max Seat #3 is the button
Seat 1: _fayzulllo_ ($60.69 in chips)
Seat 3: B_loJkl ($137.50 in chips)
B_loJkl: posts small blind $1
_fayzulllo_: posts big blind $3
*** HOLE CARDS ***
B_loJkl: raises $3 to $6
_fayzulllo_: calls $3
*** FLOP *** [Jh 9s Jd]
_fayzulllo_: checks
B_loJkl: bets $3
_fayzulllo_: raises $3 to $6
B_loJkl: calls $3
*** TURN *** [Jh 9s Jd] [5d]
_fayzulllo_: bets $6
B_loJkl: calls $6
*** RIVER *** [Jh 9s Jd 5d] [Js]
_fayzulllo_: checks
B_loJkl: bets $6
_fayzulllo_: folds
Uncalled bet ($6) returned to B_loJkl
B_loJkl collected $35.50 from pot
B_loJkl: doesn't show hand
*** SUMMARY ***
Total pot $36 | Rake $0.50
Board [Jh 9s Jd 5d Js]
Seat 1: _fayzulllo_ (big blind) folded on the River
Seat 3: B_loJkl (button) (small blind) collected ($35.50)


PokerStars Hand #155970912609:  Hold'em Limit ($3/$6 USD) - 2016/07/14 15:49:41 ET
Table 'Okavango' 6-max Seat #3 is the button
Seat 2: RockKillerTY ($93.74 in chips)
Seat 3: B_loJkl ($190.78 in chips)
B_loJkl: posts small blind $1
_fayzulllo_: is sitting out
RockKillerTY: posts big blind $3
*** HOLE CARDS ***
_fayzulllo_ leaves the table
B_loJkl: folds
Uncalled bet ($2) returned to RockKillerTY
RockKillerTY collected $2 from pot
RockKillerTY: doesn't show hand
*** SUMMARY ***
Total pot $2 | Rake $0
Seat 2: RockKillerTY (big blind) collected ($2)
Seat 3: B_loJkl (button) (small blind) folded before Flop


