PokerStars Hand #165824087589:  Hold'em Limit ($3/$6 USD) - 2017/02/07 7:45:04 ET
Table 'Okavango' 6-max Seat #3 is the button
Seat 2: sim5sim5 ($72 in chips)
Seat 3: belik555 ($90 in chips)
belik555: posts small blind $1
Agrotait: is sitting out
Agrotait leaves the table
sim5sim5: posts big blind $3
*** HOLE CARDS ***
belik555: raises $3 to $6
sim5sim5: folds
Uncalled bet ($3) returned to belik555
belik555 collected $6 from pot
belik555: doesn't show hand
*** SUMMARY ***
Total pot $6 | Rake $0
Seat 2: sim5sim5 (big blind) folded before Flop
Seat 3: belik555 (button) (small blind) collected ($6)


PokerStars Hand #165824104019:  Hold'em Limit ($3/$6 USD) - 2017/02/07 7:45:33 ET
Table 'Okavango' 6-max Seat #2 is the button
Seat 2: sim5sim5 ($72 in chips)
Seat 3: belik555 ($93 in chips)
sim5sim5: posts small blind $1
belik555: posts big blind $3
*** HOLE CARDS ***
sim5sim5: raises $3 to $6
belik555: raises $3 to $9
sim5sim5: calls $3
*** FLOP *** [Jd 2s 7h]
belik555: bets $3
sim5sim5: calls $3
*** TURN *** [Jd 2s 7h] [6d]
belik555: bets $6
sim5sim5: folds
Uncalled bet ($6) returned to belik555
belik555 collected $23.52 from pot
belik555: doesn't show hand
*** SUMMARY ***
Total pot $24 | Rake $0.48
Board [Jd 2s 7h 6d]
Seat 2: sim5sim5 (button) (small blind) folded on the Turn
Seat 3: belik555 (big blind) collected ($23.52)


PokerStars Hand #165824169539:  Hold'em Limit ($3/$6 USD) - 2017/02/07 7:47:26 ET
Table 'Okavango' 6-max Seat #3 is the button
Seat 2: sim5sim5 ($72 in chips)
Seat 3: belik555 ($122.50 in chips)
belik555: posts small blind $1
sim5sim5: posts big blind $3
*** HOLE CARDS ***
belik555: folds
Uncalled bet ($2) returned to sim5sim5
sim5sim5 collected $2 from pot
sim5sim5: doesn't show hand
*** SUMMARY ***
Total pot $2 | Rake $0
Seat 2: sim5sim5 (big blind) collected ($2)
Seat 3: belik555 (button) (small blind) folded before Flop


