PokerStars Hand #153135502316:  Hold'em Limit ($3/$6 USD) - 2016/05/10 18:09:02 ET
Table 'Okavango' 6-max Seat #4 is the button
Seat 2: TheRivRat22 ($52.46 in chips)
Seat 4: Actionni13 ($210.17 in chips)
Actionni13: posts small blind $1
TheRivRat22: posts big blind $3
*** HOLE CARDS ***
Actionni13: raises $3 to $6
TheRivRat22: folds
Uncalled bet ($3) returned to Actionni13
Actionni13 collected $6 from pot
*** SUMMARY ***
Total pot $6 | Rake $0
Seat 2: TheRivRat22 (big blind) folded before Flop
Seat 4: Actionni13 (button) (small blind) collected ($6)


PokerStars Hand #153135491102:  Hold'em Limit ($3/$6 USD) - 2016/05/10 18:08:49 ET
Table 'Okavango' 6-max Seat #2 is the button
Seat 2: TheRivRat22 ($46.70 in chips)
Seat 4: Actionni13 ($216.17 in chips)
TheRivRat22: posts small blind $1
Actionni13: posts big blind $3
*** HOLE CARDS ***
TheRivRat22: raises $3 to $6
Actionni13: calls $3
*** FLOP *** [3c 7s 6s]
Actionni13: checks
TheRivRat22: checks
*** TURN *** [3c 7s 6s] [Jh]
Actionni13: checks
TheRivRat22: bets $6
Actionni13: folds
Uncalled bet ($6) returned to TheRivRat22
TheRivRat22 collected $11.76 from pot
TheRivRat22: doesn't show hand
*** SUMMARY ***
Total pot $12 | Rake $0.24
Board [3c 7s 6s Jh]
Seat 2: TheRivRat22 (button) (small blind) collected ($11.76)
Seat 4: Actionni13 (big blind) folded on the Turn


PokerStars Hand #153135464643:  Hold'em Limit ($3/$6 USD) - 2016/05/10 18:08:16 ET
Table 'Okavango' 6-max Seat #2 is the button
Seat 2: TheRivRat22 ($29.20 in chips)
Seat 4: Actionni13 ($234.17 in chips)
TheRivRat22: posts small blind $1
Actionni13: posts big blind $3
*** HOLE CARDS ***
TheRivRat22: raises $3 to $6
Actionni13: folds
Uncalled bet ($3) returned to TheRivRat22
TheRivRat22 collected $6 from pot
TheRivRat22: doesn't show hand
*** SUMMARY ***
Total pot $6 | Rake $0
Seat 2: TheRivRat22 (button) (small blind) collected ($6)
Seat 4: Actionni13 (big blind) folded before Flop


PokerStars Hand #153135450846:  Hold'em Limit ($3/$6 USD) - 2016/05/10 18:07:59 ET
Table 'Okavango' 6-max Seat #4 is the button
Seat 2: TheRivRat22 ($14.85 in chips)
Seat 4: Actionni13 ($249.02 in chips)
Actionni13: posts small blind $1
TheRivRat22: posts big blind $3
*** HOLE CARDS ***
Actionni13: raises $3 to $6
TheRivRat22: raises $3 to $9
Actionni13: calls $3
*** FLOP *** [5h 2d 3h]
TheRivRat22: bets $3
Actionni13: raises $3 to $6
TheRivRat22: calls $2.85 and is all-in
Uncalled bet ($0.15) returned to Actionni13
*** TURN *** [5h 2d 3h] [3d]
*** RIVER *** [5h 2d 3h 3d] [6d]
*** SHOW DOWN ***
TheRivRat22: shows [Jh Kh] (a pair of Threes)
Actionni13: shows [Th 8h] (a pair of Threes - lower kicker)
TheRivRat22 collected $29.20 from pot
*** SUMMARY ***
Total pot $29.70 | Rake $0.50
Board [5h 2d 3h 3d 6d]
Seat 2: TheRivRat22 (big blind) showed [Jh Kh] and won ($29.20) with a pair of Threes
Seat 4: Actionni13 (button) (small blind) showed [Th 8h] and lost with a pair of Threes


PokerStars Hand #153135469009:  Hold'em Limit ($3/$6 USD) - 2016/05/10 18:08:21 ET
Table 'Okavango' 6-max Seat #4 is the button
Seat 2: TheRivRat22 ($32.20 in chips)
Seat 4: Actionni13 ($231.17 in chips)
Actionni13: posts small blind $1
TheRivRat22: posts big blind $3
*** HOLE CARDS ***
Actionni13: raises $3 to $6
TheRivRat22: calls $3
*** FLOP *** [Ah 4s 3d]
TheRivRat22: bets $3
Actionni13: calls $3
*** TURN *** [Ah 4s 3d] [Qd]
TheRivRat22: checks
Actionni13: checks
*** RIVER *** [Ah 4s 3d Qd] [Ts]
TheRivRat22: bets $6
Actionni13: calls $6
*** SHOW DOWN ***
TheRivRat22: shows [4h Th] (two pair, Tens and Fours)
Actionni13: mucks hand
TheRivRat22 collected $29.50 from pot
*** SUMMARY ***
Total pot $30 | Rake $0.50
Board [Ah 4s 3d Qd Ts]
Seat 2: TheRivRat22 (big blind) showed [4h Th] and won ($29.50) with two pair, Tens and Fours
Seat 4: Actionni13 (button) (small blind) mucked


PokerStars Hand #153135518888:  Hold'em Limit ($3/$6 USD) - 2016/05/10 18:09:22 ET
Table 'Okavango' 6-max Seat #4 is the button
Seat 2: TheRivRat22 ($48.46 in chips)
Seat 4: Actionni13 ($214.17 in chips)
Actionni13: posts small blind $1
TheRivRat22: posts big blind $3
*** HOLE CARDS ***
Actionni13: raises $3 to $6
TheRivRat22: calls $3
*** FLOP *** [2c 8c Th]
TheRivRat22: checks
Actionni13: bets $3
TheRivRat22: folds
Uncalled bet ($3) returned to Actionni13
Actionni13 collected $11.76 from pot
Actionni13: doesn't show hand
*** SUMMARY ***
Total pot $12 | Rake $0.24
Board [2c 8c Th]
Seat 2: TheRivRat22 (big blind) folded on the Flop
Seat 4: Actionni13 (button) (small blind) collected ($11.76)


PokerStars Hand #153135548609:  Hold'em Limit ($3/$6 USD) - 2016/05/10 18:09:58 ET
Table 'Okavango' 6-max Seat #4 is the button
Seat 2: TheRivRat22 ($33.46 in chips)
Seat 4: Actionni13 ($228.57 in chips)
Actionni13: posts small blind $1
TheRivRat22: posts big blind $3
*** HOLE CARDS ***
Actionni13: raises $3 to $6
TheRivRat22: folds
Uncalled bet ($3) returned to Actionni13
Actionni13 collected $6 from pot
Actionni13: doesn't show hand
*** SUMMARY ***
Total pot $6 | Rake $0
Seat 2: TheRivRat22 (big blind) folded before Flop
Seat 4: Actionni13 (button) (small blind) collected ($6)


PokerStars Hand #153135507169:  Hold'em Limit ($3/$6 USD) - 2016/05/10 18:09:08 ET
Table 'Okavango' 6-max Seat #2 is the button
Seat 2: TheRivRat22 ($49.46 in chips)
Seat 4: Actionni13 ($213.17 in chips)
TheRivRat22: posts small blind $1
Actionni13: posts big blind $3
*** HOLE CARDS ***
TheRivRat22: folds
Uncalled bet ($2) returned to Actionni13
Actionni13 collected $2 from pot
Actionni13: doesn't show hand
*** SUMMARY ***
Total pot $2 | Rake $0
Seat 2: TheRivRat22 (button) (small blind) folded before Flop
Seat 4: Actionni13 (big blind) collected ($2)


PokerStars Hand #153135566785:  Hold'em Limit ($3/$6 USD) - 2016/05/10 18:10:20 ET
Table 'Okavango' 6-max Seat #4 is the button
Seat 2: TheRivRat22 ($24.46 in chips)
Seat 4: Actionni13 ($237.33 in chips)
Actionni13: posts small blind $1
TheRivRat22: posts big blind $3
*** HOLE CARDS ***
Actionni13: folds
Uncalled bet ($2) returned to TheRivRat22
TheRivRat22 collected $2 from pot
TheRivRat22: doesn't show hand
*** SUMMARY ***
Total pot $2 | Rake $0
Seat 2: TheRivRat22 (big blind) collected ($2)
Seat 4: Actionni13 (button) (small blind) folded before Flop


PokerStars Hand #153135571932:  Hold'em Limit ($3/$6 USD) - 2016/05/10 18:10:27 ET
Table 'Okavango' 6-max Seat #2 is the button
Seat 2: TheRivRat22 ($25.46 in chips)
Seat 4: Actionni13 ($236.33 in chips)
TheRivRat22: posts small blind $1
Actionni13: posts big blind $3
*** HOLE CARDS ***
TheRivRat22: raises $3 to $6
Actionni13: raises $3 to $9
TheRivRat22: raises $3 to $12
Betting is capped
Actionni13: calls $3
*** FLOP *** [5d 3s Ks]
Actionni13: checks
TheRivRat22: checks
*** TURN *** [5d 3s Ks] [Kh]
Actionni13: checks
TheRivRat22: checks
*** RIVER *** [5d 3s Ks Kh] [5s]
Actionni13: checks
TheRivRat22: checks
*** SHOW DOWN ***
Actionni13: shows [9h Ac] (two pair, Kings and Fives)
TheRivRat22: mucks hand
Actionni13 collected $23.52 from pot
*** SUMMARY ***
Total pot $24 | Rake $0.48
Board [5d 3s Ks Kh 5s]
Seat 2: TheRivRat22 (button) (small blind) mucked
Seat 4: Actionni13 (big blind) showed [9h Ac] and won ($23.52) with two pair, Kings and Fives


PokerStars Hand #153135554269:  Hold'em Limit ($3/$6 USD) - 2016/05/10 18:10:05 ET
Table 'Okavango' 6-max Seat #2 is the button
Seat 2: TheRivRat22 ($30.46 in chips)
Seat 4: Actionni13 ($231.57 in chips)
TheRivRat22: posts small blind $1
Actionni13: posts big blind $3
*** HOLE CARDS ***
TheRivRat22: calls $2
Actionni13: checks
*** FLOP *** [2h 8h 9h]
Actionni13: bets $3
TheRivRat22: calls $3
*** TURN *** [2h 8h 9h] [6h]
Actionni13: bets $6
TheRivRat22: folds
Uncalled bet ($6) returned to Actionni13
Actionni13 collected $11.76 from pot
Actionni13: doesn't show hand
*** SUMMARY ***
Total pot $12 | Rake $0.24
Board [2h 8h 9h 6h]
Seat 2: TheRivRat22 (button) (small blind) folded on the Turn
Seat 4: Actionni13 (big blind) collected ($11.76)


PokerStars Hand #153135638349:  Hold'em Limit ($3/$6 USD) - 2016/05/10 18:11:47 ET
Table 'Okavango' 6-max Seat #4 is the button
Seat 2: TheRivRat22 ($33.94 in chips)
Seat 4: Actionni13 ($226.39 in chips)
Actionni13: posts small blind $1
TheRivRat22: posts big blind $3
*** HOLE CARDS ***
Actionni13: raises $3 to $6
TheRivRat22: folds
Uncalled bet ($3) returned to Actionni13
Actionni13 collected $6 from pot
Actionni13: doesn't show hand
*** SUMMARY ***
Total pot $6 | Rake $0
Seat 2: TheRivRat22 (big blind) folded before Flop
Seat 4: Actionni13 (button) (small blind) collected ($6)


PokerStars Hand #153135621978:  Hold'em Limit ($3/$6 USD) - 2016/05/10 18:11:27 ET
Table 'Okavango' 6-max Seat #2 is the button
Seat 2: TheRivRat22 ($22.42 in chips)
Seat 4: Actionni13 ($238.39 in chips)
TheRivRat22: posts small blind $1
Actionni13: posts big blind $3
*** HOLE CARDS ***
TheRivRat22: calls $2
Actionni13: raises $3 to $6
TheRivRat22: calls $3
*** FLOP *** [7h 5d 5s]
Actionni13: bets $3
TheRivRat22: raises $3 to $6
Actionni13: calls $3
*** TURN *** [7h 5d 5s] [Kh]
Actionni13: checks
TheRivRat22: bets $6
Actionni13: folds
Uncalled bet ($6) returned to TheRivRat22
TheRivRat22 collected $23.52 from pot
TheRivRat22: doesn't show hand
*** SUMMARY ***
Total pot $24 | Rake $0.48
Board [7h 5d 5s Kh]
Seat 2: TheRivRat22 (button) (small blind) collected ($23.52)
Seat 4: Actionni13 (big blind) folded on the Turn


PokerStars Hand #153135643374:  Hold'em Limit ($3/$6 USD) - 2016/05/10 18:11:53 ET
Table 'Okavango' 6-max Seat #2 is the button
Seat 2: TheRivRat22 ($30.94 in chips)
Seat 4: Actionni13 ($229.39 in chips)
TheRivRat22: posts small blind $1
Actionni13: posts big blind $3
*** HOLE CARDS ***
TheRivRat22: raises $3 to $6
Actionni13: calls $3
*** FLOP *** [7c As Qd]
Actionni13: checks
TheRivRat22: checks
*** TURN *** [7c As Qd] [8c]
Actionni13: checks
TheRivRat22: bets $6
Actionni13: calls $6
*** RIVER *** [7c As Qd 8c] [3s]
Actionni13: checks
TheRivRat22: checks
*** SHOW DOWN ***
Actionni13: shows [9s 8h] (a pair of Eights)
TheRivRat22: mucks hand
Actionni13 collected $23.52 from pot
*** SUMMARY ***
Total pot $24 | Rake $0.48
Board [7c As Qd 8c 3s]
Seat 2: TheRivRat22 (button) (small blind) mucked
Seat 4: Actionni13 (big blind) showed [9s 8h] and won ($23.52) with a pair of Eights


PokerStars Hand #153135617206:  Hold'em Limit ($3/$6 USD) - 2016/05/10 18:11:21 ET
Table 'Okavango' 6-max Seat #4 is the button
Seat 2: TheRivRat22 ($25.42 in chips)
Seat 4: Actionni13 ($235.39 in chips)
Actionni13: posts small blind $1
TheRivRat22: posts big blind $3
*** HOLE CARDS ***
Actionni13: raises $3 to $6
TheRivRat22: folds
Uncalled bet ($3) returned to Actionni13
Actionni13 collected $6 from pot
Actionni13: doesn't show hand
*** SUMMARY ***
Total pot $6 | Rake $0
Seat 2: TheRivRat22 (big blind) folded before Flop
Seat 4: Actionni13 (button) (small blind) collected ($6)


PokerStars Hand #153135612650:  Hold'em Limit ($3/$6 USD) - 2016/05/10 18:11:16 ET
Table 'Okavango' 6-max Seat #2 is the button
Seat 2: TheRivRat22 ($26.42 in chips)
Seat 4: Actionni13 ($234.39 in chips)
TheRivRat22: posts small blind $1
Actionni13: posts big blind $3
*** HOLE CARDS ***
TheRivRat22: folds
Uncalled bet ($2) returned to Actionni13
Actionni13 collected $2 from pot
Actionni13: doesn't show hand
*** SUMMARY ***
Total pot $2 | Rake $0
Seat 2: TheRivRat22 (button) (small blind) folded before Flop
Seat 4: Actionni13 (big blind) collected ($2)


PokerStars Hand #153135592023:  Hold'em Limit ($3/$6 USD) - 2016/05/10 18:10:51 ET
Table 'Okavango' 6-max Seat #4 is the button
Seat 2: TheRivRat22 ($13.46 in chips)
Seat 4: Actionni13 ($247.85 in chips)
Actionni13: posts small blind $1
TheRivRat22: posts big blind $3
*** HOLE CARDS ***
Actionni13: raises $3 to $6
TheRivRat22: raises $3 to $9
Actionni13: calls $3
*** FLOP *** [5s 5h 3d]
TheRivRat22: bets $3
Actionni13: calls $3
*** TURN *** [5s 5h 3d] [Jd]
TheRivRat22: bets $1.46 and is all-in
Actionni13: calls $1.46
*** RIVER *** [5s 5h 3d Jd] [Kc]
*** SHOW DOWN ***
TheRivRat22: shows [Th Ac] (a pair of Fives)
Actionni13: shows [8h 7d] (a pair of Fives - lower kicker)
TheRivRat22 collected $26.42 from pot
*** SUMMARY ***
Total pot $26.92 | Rake $0.50
Board [5s 5h 3d Jd Kc]
Seat 2: TheRivRat22 (big blind) showed [Th Ac] and won ($26.42) with a pair of Fives
Seat 4: Actionni13 (button) (small blind) showed [8h 7d] and lost with a pair of Fives


PokerStars Hand #153135656842:  Hold'em Limit ($3/$6 USD) - 2016/05/10 18:12:09 ET
Table 'Okavango' 6-max Seat #4 is the button
Seat 2: TheRivRat22 ($18.94 in chips)
Seat 4: Actionni13 ($240.91 in chips)
Actionni13: posts small blind $1
TheRivRat22: posts big blind $3
*** HOLE CARDS ***
Actionni13: raises $3 to $6
TheRivRat22: raises $3 to $9
Actionni13: calls $3
*** FLOP *** [2h 5d 4c]
TheRivRat22: bets $3
Actionni13: calls $3
*** TURN *** [2h 5d 4c] [Td]
TheRivRat22: bets $6
Actionni13: folds
Uncalled bet ($6) returned to TheRivRat22
TheRivRat22 collected $23.52 from pot
TheRivRat22: doesn't show hand
*** SUMMARY ***
Total pot $24 | Rake $0.48
Board [2h 5d 4c Td]
Seat 2: TheRivRat22 (big blind) collected ($23.52)
Seat 4: Actionni13 (button) (small blind) folded on the Turn


PokerStars Hand #153135677055:  Hold'em Limit ($3/$6 USD) - 2016/05/10 18:12:34 ET
Table 'Okavango' 6-max Seat #2 is the button
Seat 2: TheRivRat22 ($30.46 in chips)
Seat 4: Actionni13 ($228.91 in chips)
TheRivRat22: posts small blind $1
Actionni13: posts big blind $3
*** HOLE CARDS ***
TheRivRat22: calls $2
Actionni13: checks
*** FLOP *** [Kc 4s 9h]
Actionni13: checks
TheRivRat22: checks
*** TURN *** [Kc 4s 9h] [Ts]
Actionni13: checks
TheRivRat22: checks
*** RIVER *** [Kc 4s 9h Ts] [Jh]
Actionni13: checks
TheRivRat22: checks
*** SHOW DOWN ***
Actionni13: shows [6c Tc] (a pair of Tens)
TheRivRat22: mucks hand
Actionni13 collected $5.88 from pot
*** SUMMARY ***
Total pot $6 | Rake $0.12
Board [Kc 4s 9h Ts Jh]
Seat 2: TheRivRat22 (button) (small blind) mucked
Seat 4: Actionni13 (big blind) showed [6c Tc] and won ($5.88) with a pair of Tens


PokerStars Hand #153135718447:  Hold'em Limit ($3/$6 USD) - 2016/05/10 18:13:24 ET
Table 'Okavango' 6-max Seat #4 is the button
Seat 2: TheRivRat22 ($40.96 in chips)
Seat 4: Actionni13 ($217.79 in chips)
Actionni13: posts small blind $1
TheRivRat22: posts big blind $3
*** HOLE CARDS ***
Actionni13: raises $3 to $6
TheRivRat22: raises $3 to $9
Actionni13: calls $3
*** FLOP *** [2d 7s Td]
TheRivRat22: bets $3
Actionni13: calls $3
*** TURN *** [2d 7s Td] [Ts]
TheRivRat22: bets $6
Actionni13: raises $6 to $12
TheRivRat22: folds
Uncalled bet ($6) returned to Actionni13
Actionni13 collected $35.50 from pot
Actionni13: doesn't show hand
*** SUMMARY ***
Total pot $36 | Rake $0.50
Board [2d 7s Td Ts]
Seat 2: TheRivRat22 (big blind) folded on the Turn
Seat 4: Actionni13 (button) (small blind) collected ($35.50)


PokerStars Hand #153135737600:  Hold'em Limit ($3/$6 USD) - 2016/05/10 18:13:48 ET
Table 'Okavango' 6-max Seat #4 is the button
Seat 2: TheRivRat22 ($25.96 in chips)
Seat 4: Actionni13 ($232.29 in chips)
Actionni13: posts small blind $1
TheRivRat22: posts big blind $3
*** HOLE CARDS ***
Actionni13: raises $3 to $6
TheRivRat22: folds
Uncalled bet ($3) returned to Actionni13
Actionni13 collected $6 from pot
Actionni13: doesn't show hand
*** SUMMARY ***
Total pot $6 | Rake $0
Seat 2: TheRivRat22 (big blind) folded before Flop
Seat 4: Actionni13 (button) (small blind) collected ($6)


PokerStars Hand #153135732966:  Hold'em Limit ($3/$6 USD) - 2016/05/10 18:13:42 ET
Table 'Okavango' 6-max Seat #2 is the button
Seat 2: TheRivRat22 ($22.96 in chips)
Seat 4: Actionni13 ($235.29 in chips)
TheRivRat22: posts small blind $1
Actionni13: posts big blind $3
*** HOLE CARDS ***
TheRivRat22: raises $3 to $6
Actionni13: folds
Uncalled bet ($3) returned to TheRivRat22
TheRivRat22 collected $6 from pot
TheRivRat22: doesn't show hand
*** SUMMARY ***
Total pot $6 | Rake $0
Seat 2: TheRivRat22 (button) (small blind) collected ($6)
Seat 4: Actionni13 (big blind) folded before Flop


PokerStars Hand #153135742366:  Hold'em Limit ($3/$6 USD) - 2016/05/10 18:13:53 ET
Table 'Okavango' 6-max Seat #2 is the button
Seat 2: TheRivRat22 ($22.96 in chips)
Seat 4: Actionni13 ($235.29 in chips)
TheRivRat22: posts small blind $1
Actionni13: posts big blind $3
*** HOLE CARDS ***
TheRivRat22: raises $3 to $6
Actionni13: calls $3
*** FLOP *** [9d 3d 2s]
Actionni13: checks
TheRivRat22: checks
*** TURN *** [9d 3d 2s] [3h]
Actionni13: bets $6
TheRivRat22: folds
Uncalled bet ($6) returned to Actionni13
Actionni13 collected $11.76 from pot
Actionni13: doesn't show hand
*** SUMMARY ***
Total pot $12 | Rake $0.24
Board [9d 3d 2s 3h]
Seat 2: TheRivRat22 (button) (small blind) folded on the Turn
Seat 4: Actionni13 (big blind) collected ($11.76)


PokerStars Hand #153135714543:  Hold'em Limit ($3/$6 USD) - 2016/05/10 18:13:20 ET
Table 'Okavango' 6-max Seat #2 is the button
Seat 2: TheRivRat22 ($41.96 in chips)
Seat 4: Actionni13 ($216.79 in chips)
TheRivRat22: posts small blind $1
Actionni13: posts big blind $3
*** HOLE CARDS ***
TheRivRat22: folds
Uncalled bet ($2) returned to Actionni13
Actionni13 collected $2 from pot
Actionni13: doesn't show hand
*** SUMMARY ***
Total pot $2 | Rake $0
Seat 2: TheRivRat22 (button) (small blind) folded before Flop
Seat 4: Actionni13 (big blind) collected ($2)


PokerStars Hand #153135755905:  Hold'em Limit ($3/$6 USD) - 2016/05/10 18:14:10 ET
Table 'Okavango' 6-max Seat #4 is the button
Seat 2: TheRivRat22 ($16.96 in chips)
Seat 4: Actionni13 ($241.05 in chips)
Actionni13: posts small blind $1
TheRivRat22: posts big blind $3
*** HOLE CARDS ***
Actionni13: raises $3 to $6
TheRivRat22: raises $3 to $9
Actionni13: calls $3
*** FLOP *** [Td Tc 6c]
TheRivRat22: bets $3
Actionni13: calls $3
*** TURN *** [Td Tc 6c] [9s]
TheRivRat22: bets $4.96 and is all-in
Actionni13: calls $4.96
*** RIVER *** [Td Tc 6c 9s] [Jd]
*** SHOW DOWN ***
TheRivRat22: shows [4d 4c] (two pair, Tens and Fours)
Actionni13: shows [6d Qh] (two pair, Tens and Sixes)
Actionni13 collected $33.42 from pot
*** SUMMARY ***
Total pot $33.92 | Rake $0.50
Board [Td Tc 6c 9s Jd]
Seat 2: TheRivRat22 (big blind) showed [4d 4c] and lost with two pair, Tens and Fours
Seat 4: Actionni13 (button) (small blind) showed [6d Qh] and won ($33.42) with two pair, Tens and Sixes


