PokerStars Hand #169248892980:  Hold'em Limit ($3/$6 USD) - 2017/04/19 3:48:39 ET
Table 'Olga' 6-max Seat #5 is the button
Seat 1: Qvidde ($196.61 in chips)
Seat 5: karambakilla ($162.99 in chips)
hairy1961 will be allowed to play after the button
karambakilla: posts small blind $1
Qvidde: posts big blind $3
*** HOLE CARDS ***
habari786 leaves the table
karambakilla: raises $3 to $6
Qvidde: raises $3 to $9
karambakilla: calls $3
*** FLOP *** [Jh Ah 9s]
Qvidde: bets $3
karambakilla: calls $3
*** TURN *** [Jh Ah 9s] [7s]
Qvidde: bets $6
karambakilla: folds
Uncalled bet ($6) returned to Qvidde
Qvidde collected $23.52 from pot
Qvidde: doesn't show hand
*** SUMMARY ***
Total pot $24 | Rake $0.48
Board [Jh Ah 9s 7s]
Seat 1: Qvidde (big blind) collected ($23.52)
Seat 5: karambakilla (button) (small blind) folded on the Turn


PokerStars Hand #169248935696:  Hold'em Limit ($3/$6 USD) - 2017/04/19 3:50:52 ET
Table 'Olga' 6-max Seat #5 is the button
Seat 1: Qvidde ($258.04 in chips)
Seat 5: karambakilla ($147.99 in chips)
karambakilla: posts small blind $1
Qvidde: posts big blind $3
*** HOLE CARDS ***
hairy1961 leaves the table
karambakilla: folds
Uncalled bet ($2) returned to Qvidde
Qvidde collected $2 from pot
Qvidde: doesn't show hand
*** SUMMARY ***
Total pot $2 | Rake $0
Seat 1: Qvidde (big blind) collected ($2)
Seat 5: karambakilla (button) (small blind) folded before Flop


