PokerStars Hand #160887369842:  Hold'em Limit ($3/$6 USD) - 2016/11/04 11:19:09 ET
Table 'Olga' 6-max Seat #4 is the button
Seat 3: Luffemann64 ($116.42 in chips)
Seat 4: VolkovDmitri ($120 in chips)
VolkovDmitri: posts small blind $1
Luffemann64: posts big blind $3
*** HOLE CARDS ***
VolkovDmitri: folds
Uncalled bet ($2) returned to Luffemann64
sim5sim5 joins the table at seat #5
Luffemann64 collected $2 from pot
Luffemann64: doesn't show hand
*** SUMMARY ***
Total pot $2 | Rake $0
Seat 3: Luffemann64 (big blind) collected ($2)
Seat 4: VolkovDmitri (button) (small blind) folded before Flop


PokerStars Hand #160887357367:  Hold'em Limit ($3/$6 USD) - 2016/11/04 11:18:50 ET
Table 'Olga' 6-max Seat #3 is the button
Seat 3: Luffemann64 ($110.66 in chips)
Seat 4: VolkovDmitri ($120 in chips)
Luffemann64: posts small blind $1
VolkovDmitri: posts big blind $3
*** HOLE CARDS ***
Luffemann64: raises $3 to $6
VolkovDmitri: calls $3
*** FLOP *** [Ks 2s 2c]
VolkovDmitri: checks
Luffemann64: bets $3
VolkovDmitri: folds
Uncalled bet ($3) returned to Luffemann64
Luffemann64 collected $11.76 from pot
Luffemann64: doesn't show hand
*** SUMMARY ***
Total pot $12 | Rake $0.24
Board [Ks 2s 2c]
Seat 3: Luffemann64 (button) (small blind) collected ($11.76)
Seat 4: VolkovDmitri (big blind) folded on the Flop


PokerStars Hand #160887374523:  Hold'em Limit ($3/$6 USD) - 2016/11/04 11:19:15 ET
Table 'Olga' 6-max Seat #3 is the button
Seat 3: Luffemann64 ($117.42 in chips)
Seat 4: VolkovDmitri ($120 in chips)
Luffemann64: posts small blind $1
VolkovDmitri: posts big blind $3
*** HOLE CARDS ***
Luffemann64: folds
Uncalled bet ($2) returned to VolkovDmitri
VolkovDmitri collected $2 from pot
VolkovDmitri: doesn't show hand
*** SUMMARY ***
Total pot $2 | Rake $0
Seat 3: Luffemann64 (button) (small blind) folded before Flop
Seat 4: VolkovDmitri (big blind) collected ($2)


PokerStars Hand #160888693725:  Hold'em Limit ($3/$6 USD) - 2016/11/04 11:50:55 ET
Table 'Olga' 6-max Seat #5 is the button
Seat 4: VolkovDmitri ($134.80 in chips)
Seat 5: Fabulous108 ($163.09 in chips)
Fabulous108: posts small blind $1
Motta16: is sitting out
VolkovDmitri: posts big blind $3
*** HOLE CARDS ***
Fabulous108: raises $3 to $6
VolkovDmitri: calls $3
*** FLOP *** [4c Qs 3h]
Motta16 leaves the table
VolkovDmitri: checks
Fabulous108: checks
*** TURN *** [4c Qs 3h] [3c]
VolkovDmitri: bets $6
Fabulous108: calls $6
*** RIVER *** [4c Qs 3h 3c] [7d]
VolkovDmitri: bets $6
Fabulous108: calls $6
*** SHOW DOWN ***
VolkovDmitri: shows [4d 7h] (two pair, Sevens and Fours)
Fabulous108: mucks hand
VolkovDmitri collected $35.50 from pot
*** SUMMARY ***
Total pot $36 | Rake $0.50
Board [4c Qs 3h 3c 7d]
Seat 4: VolkovDmitri (big blind) showed [4d 7h] and won ($35.50) with two pair, Sevens and Fours
Seat 5: Fabulous108 (button) (small blind) mucked


PokerStars Hand #160888735822:  Hold'em Limit ($3/$6 USD) - 2016/11/04 11:51:54 ET
Table 'Olga' 6-max Seat #5 is the button
Seat 2: vitamin168 ($53.64 in chips)
Seat 5: Fabulous108 ($153.73 in chips)
Fabulous108: posts small blind $1
vitamin168: posts big blind $3
*** HOLE CARDS ***
Fabulous108: raises $3 to $6
vitamin168: calls $3
*** FLOP *** [8h 9d Ah]
VolkovDmitri leaves the table
vitamin168: checks
Fabulous108: bets $3
vitamin168: calls $3
*** TURN *** [8h 9d Ah] [Ts]
vitamin168: checks
Fabulous108: bets $6
vitamin168: raises $6 to $12
Fabulous108: calls $6
*** RIVER *** [8h 9d Ah Ts] [2s]
vitamin168: bets $6
Fabulous108: calls $6
*** SHOW DOWN ***
vitamin168: shows [Qs Jc] (a straight, Eight to Queen)
Fabulous108: mucks hand
vitamin168 collected $53.50 from pot
*** SUMMARY ***
Total pot $54 | Rake $0.50
Board [8h 9d Ah Ts 2s]
Seat 2: vitamin168 (big blind) showed [Qs Jc] and won ($53.50) with a straight, Eight to Queen
Seat 5: Fabulous108 (button) (small blind) mucked


PokerStars Hand #160888712163:  Hold'em Limit ($3/$6 USD) - 2016/11/04 11:51:21 ET
Table 'Olga' 6-max Seat #4 is the button
Seat 4: VolkovDmitri ($152.30 in chips)
Seat 5: Fabulous108 ($145.09 in chips)
VolkovDmitri: posts small blind $1
Fabulous108: posts big blind $3
*** HOLE CARDS ***
vitamin168 joins the table at seat #2
VolkovDmitri: raises $3 to $6
Fabulous108: raises $3 to $9
VolkovDmitri: calls $3
*** FLOP *** [6c 2s 2c]
Fabulous108: bets $3
VolkovDmitri: folds
Uncalled bet ($3) returned to Fabulous108
Fabulous108 collected $17.64 from pot
Fabulous108: doesn't show hand
*** SUMMARY ***
Total pot $18 | Rake $0.36
Board [6c 2s 2c]
Seat 4: VolkovDmitri (button) (small blind) folded on the Flop
Seat 5: Fabulous108 (big blind) collected ($17.64)


PokerStars Hand #160888812419:  Hold'em Limit ($3/$6 USD) - 2016/11/04 11:53:42 ET
Table 'Olga' 6-max Seat #2 is the button
Seat 2: vitamin168 ($87.88 in chips)
Seat 5: Fabulous108 ($151.73 in chips)
vitamin168: posts small blind $1
VolkovDmitri joins the table at seat #1
Luffemann64 has timed out while being disconnected
Luffemann64: is sitting out
Fabulous108: posts big blind $3
*** HOLE CARDS ***
vitamin168: folds
Uncalled bet ($2) returned to Fabulous108
Fabulous108 collected $2 from pot
Luffemann64 is disconnected
Fabulous108: doesn't show hand
*** SUMMARY ***
Total pot $2 | Rake $0
Seat 2: vitamin168 (button) (small blind) folded before Flop
Seat 5: Fabulous108 (big blind) collected ($2)


PokerStars Hand #160888834956:  Hold'em Limit ($3/$6 USD) - 2016/11/04 11:54:14 ET
Table 'Olga' 6-max Seat #5 is the button
Seat 2: vitamin168 ($86.88 in chips)
Seat 5: Fabulous108 ($152.73 in chips)
Fabulous108: posts small blind $1
vitamin168: posts big blind $3
*** HOLE CARDS ***
VolkovDmitri leaves the table
Fabulous108: raises $3 to $6
vitamin168: calls $3
*** FLOP *** [2h Kc 3c]
vitamin168: checks
Fabulous108: bets $3
vitamin168: folds
Uncalled bet ($3) returned to Fabulous108
Fabulous108 collected $11.76 from pot
Fabulous108: doesn't show hand
*** SUMMARY ***
Total pot $12 | Rake $0.24
Board [2h Kc 3c]
Seat 2: vitamin168 (big blind) folded on the Flop
Seat 5: Fabulous108 (button) (small blind) collected ($11.76)


PokerStars Hand #160889211968:  Hold'em Limit ($3/$6 USD) - 2016/11/04 12:03:50 ET
Table 'Olga' 6-max Seat #5 is the button
Seat 2: vitamin168 ($86.25 in chips)
Seat 5: Fabulous108 ($138.52 in chips)
Fabulous108: posts small blind $1
vitamin168: posts big blind $3
*** HOLE CARDS ***
Fabulous108: raises $3 to $6
vitamin168: calls $3
*** FLOP *** [6s 2s 5c]
vitamin168: checks
Fabulous108: bets $3
vitamin168: calls $3
*** TURN *** [6s 2s 5c] [8c]
vitamin168: checks
Fabulous108: checks
*** RIVER *** [6s 2s 5c 8c] [5d]
vitamin168: bets $6
Fabulous108: calls $6
*** SHOW DOWN ***
vitamin168: shows [3c 6c] (two pair, Sixes and Fives)
Fabulous108: mucks hand
vitamin168 collected $29.50 from pot
*** SUMMARY ***
Total pot $30 | Rake $0.50
Board [6s 2s 5c 8c 5d]
Seat 2: vitamin168 (big blind) showed [3c 6c] and won ($29.50) with two pair, Sixes and Fives
Seat 5: Fabulous108 (button) (small blind) mucked


