PokerStars Hand #148637616752:  Hold'em Limit ($3/$6 USD) - 2016/02/11 16:23:08 ET
Table 'Oljato' 2-max Seat #1 is the button
Seat 1: TheU10 ($125.76 in chips)
Seat 2: knysi ($39.28 in chips)
TheU10: posts small blind $1
knysi: posts big blind $3
*** HOLE CARDS ***
TheU10: raises $3 to $6
knysi: calls $3
*** FLOP *** [Kc 3c 5s]
knysi: checks
TheU10: bets $3
knysi: calls $3
*** TURN *** [Kc 3c 5s] [6c]
knysi: checks
TheU10: checks
*** RIVER *** [Kc 3c 5s 6c] [Jc]
knysi: bets $6
TheU10: folds
Uncalled bet ($6) returned to knysi
knysi collected $17.64 from pot
knysi: doesn't show hand
*** SUMMARY ***
Total pot $18 | Rake $0.36
Board [Kc 3c 5s 6c Jc]
Seat 1: TheU10 (button) (small blind) folded on the River
Seat 2: knysi (big blind) collected ($17.64)


PokerStars Hand #148637721682:  Hold'em Limit ($3/$6 USD) - 2016/02/11 16:24:45 ET
Table 'Oljato' 2-max Seat #2 is the button
Seat 1: TheU10 ($86.76 in chips)
Seat 2: knysi ($77.06 in chips)
knysi: posts small blind $1
TheU10: posts big blind $3
*** HOLE CARDS ***
knysi: raises $3 to $6
TheU10: folds
Uncalled bet ($3) returned to knysi
knysi collected $6 from pot
knysi: doesn't show hand
*** SUMMARY ***
Total pot $6 | Rake $0
Seat 1: TheU10 (big blind) folded before Flop
Seat 2: knysi (button) (small blind) collected ($6)


PokerStars Hand #148637711914:  Hold'em Limit ($3/$6 USD) - 2016/02/11 16:24:36 ET
Table 'Oljato' 2-max Seat #1 is the button
Seat 1: TheU10 ($87.76 in chips)
Seat 2: knysi ($76.06 in chips)
TheU10: posts small blind $1
knysi: posts big blind $3
*** HOLE CARDS ***
TheU10: folds
Uncalled bet ($2) returned to knysi
knysi collected $2 from pot
knysi: doesn't show hand
*** SUMMARY ***
Total pot $2 | Rake $0
Seat 1: TheU10 (button) (small blind) folded before Flop
Seat 2: knysi (big blind) collected ($2)


PokerStars Hand #148637704419:  Hold'em Limit ($3/$6 USD) - 2016/02/11 16:24:29 ET
Table 'Oljato' 2-max Seat #2 is the button
Seat 1: TheU10 ($86.76 in chips)
Seat 2: knysi ($77.06 in chips)
knysi: posts small blind $1
TheU10: posts big blind $3
*** HOLE CARDS ***
knysi: folds
Uncalled bet ($2) returned to TheU10
TheU10 collected $2 from pot
*** SUMMARY ***
Total pot $2 | Rake $0
Seat 1: TheU10 (big blind) collected ($2)
Seat 2: knysi (button) (small blind) folded before Flop


PokerStars Hand #148637676234:  Hold'em Limit ($3/$6 USD) - 2016/02/11 16:24:03 ET
Table 'Oljato' 2-max Seat #1 is the button
Seat 1: TheU10 ($95.76 in chips)
Seat 2: knysi ($68.42 in chips)
TheU10: posts small blind $1
knysi: posts big blind $3
*** HOLE CARDS ***
TheU10: raises $3 to $6
knysi: calls $3
*** FLOP *** [5c 2s 9h]
knysi: checks
TheU10: bets $3
knysi: calls $3
*** TURN *** [5c 2s 9h] [8d]
knysi: checks
TheU10: checks
*** RIVER *** [5c 2s 9h 8d] [7h]
knysi: checks
TheU10: checks
*** SHOW DOWN ***
knysi: shows [As Qc] (high card Ace)
TheU10: mucks hand
knysi collected $17.64 from pot
*** SUMMARY ***
Total pot $18 | Rake $0.36
Board [5c 2s 9h 8d 7h]
Seat 1: TheU10 (button) (small blind) mucked
Seat 2: knysi (big blind) showed [As Qc] and won ($17.64) with high card Ace


PokerStars Hand #148637650739:  Hold'em Limit ($3/$6 USD) - 2016/02/11 16:23:40 ET
Table 'Oljato' 2-max Seat #2 is the button
Seat 1: TheU10 ($116.76 in chips)
Seat 2: knysi ($47.92 in chips)
knysi: posts small blind $1
TheU10: posts big blind $3
*** HOLE CARDS ***
knysi: raises $3 to $6
TheU10: calls $3
*** FLOP *** [Tc 8d Kh]
TheU10: checks
knysi: bets $3
TheU10: calls $3
*** TURN *** [Tc 8d Kh] [Qs]
TheU10: checks
knysi: bets $6
TheU10: calls $6
*** RIVER *** [Tc 8d Kh Qs] [6h]
TheU10: checks
knysi: bets $6
TheU10: calls $6
*** SHOW DOWN ***
knysi: shows [2c Kd] (a pair of Kings)
TheU10: mucks hand
knysi collected $41.50 from pot
*** SUMMARY ***
Total pot $42 | Rake $0.50
Board [Tc 8d Kh Qs 6h]
Seat 1: TheU10 (big blind) mucked
Seat 2: knysi (button) (small blind) showed [2c Kd] and won ($41.50) with a pair of Kings


PokerStars Hand #148637769532:  Hold'em Limit ($3/$6 USD) - 2016/02/11 16:25:28 ET
Table 'Oljato' 2-max Seat #2 is the button
Seat 1: TheU10 ($85.26 in chips)
Seat 2: knysi ($77.58 in chips)
knysi: posts small blind $1
TheU10: posts big blind $3
*** HOLE CARDS ***
knysi: raises $3 to $6
TheU10: calls $3
*** FLOP *** [5s 2c Ad]
TheU10: checks
knysi: checks
*** TURN *** [5s 2c Ad] [Kc]
TheU10: checks
knysi: checks
*** RIVER *** [5s 2c Ad Kc] [Jd]
TheU10: bets $6
knysi: folds
Uncalled bet ($6) returned to TheU10
TheU10 collected $11.76 from pot
TheU10: doesn't show hand
*** SUMMARY ***
Total pot $12 | Rake $0.24
Board [5s 2c Ad Kc Jd]
Seat 1: TheU10 (big blind) collected ($11.76)
Seat 2: knysi (button) (small blind) folded on the River


PokerStars Hand #148637746728:  Hold'em Limit ($3/$6 USD) - 2016/02/11 16:25:08 ET
Table 'Oljato' 2-max Seat #1 is the button
Seat 1: TheU10 ($70.76 in chips)
Seat 2: knysi ($92.58 in chips)
TheU10: posts small blind $1
knysi: posts big blind $3
*** HOLE CARDS ***
TheU10: raises $3 to $6
knysi: calls $3
*** FLOP *** [Jh 2h Qd]
knysi: checks
TheU10: bets $3
knysi: calls $3
*** TURN *** [Jh 2h Qd] [Ad]
knysi: checks
TheU10: bets $6
knysi: calls $6
*** RIVER *** [Jh 2h Qd Ad] [3c]
knysi: checks
TheU10: bets $6
knysi: folds
Uncalled bet ($6) returned to TheU10
TheU10 collected $29.50 from pot
*** SUMMARY ***
Total pot $30 | Rake $0.50
Board [Jh 2h Qd Ad 3c]
Seat 1: TheU10 (button) (small blind) collected ($29.50)
Seat 2: knysi (big blind) folded on the River


PokerStars Hand #148637731715:  Hold'em Limit ($3/$6 USD) - 2016/02/11 16:24:54 ET
Table 'Oljato' 2-max Seat #2 is the button
Seat 1: TheU10 ($82.76 in chips)
Seat 2: knysi ($81.06 in chips)
knysi: posts small blind $1
TheU10: posts big blind $3
*** HOLE CARDS ***
knysi: raises $3 to $6
TheU10: calls $3
*** FLOP *** [Qs Jc Kd]
TheU10: checks
knysi: checks
*** TURN *** [Qs Jc Kd] [5d]
TheU10: bets $6
knysi: calls $6
*** RIVER *** [Qs Jc Kd 5d] [4s]
TheU10: checks
knysi: checks
*** SHOW DOWN ***
TheU10: shows [7d 4h] (a pair of Fours)
knysi: shows [Jd 9d] (a pair of Jacks)
knysi collected $23.52 from pot
*** SUMMARY ***
Total pot $24 | Rake $0.48
Board [Qs Jc Kd 5d 4s]
Seat 1: TheU10 (big blind) showed [7d 4h] and lost with a pair of Fours
Seat 2: knysi (button) (small blind) showed [Jd 9d] and won ($23.52) with a pair of Jacks


PokerStars Hand #148637727166:  Hold'em Limit ($3/$6 USD) - 2016/02/11 16:24:50 ET
Table 'Oljato' 2-max Seat #1 is the button
Seat 1: TheU10 ($83.76 in chips)
Seat 2: knysi ($80.06 in chips)
TheU10: posts small blind $1
knysi: posts big blind $3
*** HOLE CARDS ***
TheU10: folds
Uncalled bet ($2) returned to knysi
knysi collected $2 from pot
knysi: doesn't show hand
*** SUMMARY ***
Total pot $2 | Rake $0
Seat 1: TheU10 (button) (small blind) folded before Flop
Seat 2: knysi (big blind) collected ($2)


PokerStars Hand #148637834723:  Hold'em Limit ($3/$6 USD) - 2016/02/11 16:26:29 ET
Table 'Oljato' 2-max Seat #2 is the button
Seat 1: TheU10 ($70.02 in chips)
Seat 2: knysi ($92.08 in chips)
knysi: posts small blind $1
TheU10: posts big blind $3
*** HOLE CARDS ***
knysi: raises $3 to $6
TheU10: calls $3
*** FLOP *** [5s 7c 9h]
TheU10: checks
knysi: checks
*** TURN *** [5s 7c 9h] [5d]
TheU10: checks
knysi: checks
*** RIVER *** [5s 7c 9h 5d] [Js]
TheU10: checks
knysi: bets $6
TheU10: calls $6
*** SHOW DOWN ***
knysi: shows [Qd 5h] (three of a kind, Fives)
TheU10: mucks hand
knysi collected $23.52 from pot
*** SUMMARY ***
Total pot $24 | Rake $0.48
Board [5s 7c 9h 5d Js]
Seat 1: TheU10 (big blind) mucked
Seat 2: knysi (button) (small blind) showed [Qd 5h] and won ($23.52) with three of a kind, Fives


PokerStars Hand #148637803301:  Hold'em Limit ($3/$6 USD) - 2016/02/11 16:25:59 ET
Table 'Oljato' 2-max Seat #1 is the button
Seat 1: TheU10 ($91.02 in chips)
Seat 2: knysi ($71.58 in chips)
TheU10: posts small blind $1
knysi: posts big blind $3
*** HOLE CARDS ***
TheU10: raises $3 to $6
knysi: calls $3
*** FLOP *** [2s Kc 8h]
knysi: checks
TheU10: bets $3
knysi: calls $3
*** TURN *** [2s Kc 8h] [6d]
knysi: checks
TheU10: bets $6
knysi: calls $6
*** RIVER *** [2s Kc 8h 6d] [Jh]
knysi: checks
TheU10: bets $6
knysi: calls $6
*** SHOW DOWN ***
TheU10: shows [Ac 8s] (a pair of Eights)
knysi: shows [Kd Qh] (a pair of Kings)
knysi collected $41.50 from pot
*** SUMMARY ***
Total pot $42 | Rake $0.50
Board [2s Kc 8h 6d Jh]
Seat 1: TheU10 (button) (small blind) showed [Ac 8s] and lost with a pair of Eights
Seat 2: knysi (big blind) showed [Kd Qh] and won ($41.50) with a pair of Kings


PokerStars Hand #148637797170:  Hold'em Limit ($3/$6 USD) - 2016/02/11 16:25:54 ET
Table 'Oljato' 2-max Seat #2 is the button
Seat 1: TheU10 ($94.02 in chips)
Seat 2: knysi ($68.58 in chips)
knysi: posts small blind $1
TheU10: posts big blind $3
*** HOLE CARDS ***
knysi: raises $3 to $6
TheU10: folds
Uncalled bet ($3) returned to knysi
knysi collected $6 from pot
knysi: doesn't show hand
*** SUMMARY ***
Total pot $6 | Rake $0
Seat 1: TheU10 (big blind) folded before Flop
Seat 2: knysi (button) (small blind) collected ($6)


PokerStars Hand #148637790489:  Hold'em Limit ($3/$6 USD) - 2016/02/11 16:25:48 ET
Table 'Oljato' 2-max Seat #1 is the button
Seat 1: TheU10 ($91.02 in chips)
Seat 2: knysi ($71.58 in chips)
TheU10: posts small blind $1
knysi: posts big blind $3
*** HOLE CARDS ***
TheU10: raises $3 to $6
knysi: folds
Uncalled bet ($3) returned to TheU10
TheU10 collected $6 from pot
*** SUMMARY ***
Total pot $6 | Rake $0
Seat 1: TheU10 (button) (small blind) collected ($6)
Seat 2: knysi (big blind) folded before Flop


PokerStars Hand #148637904330:  Hold'em Limit ($3/$6 USD) - 2016/02/11 16:27:33 ET
Table 'Oljato' 2-max Seat #2 is the button
Seat 1: TheU10 ($64.52 in chips)
Seat 2: knysi ($96.24 in chips)
knysi: posts small blind $1
TheU10: posts big blind $3
*** HOLE CARDS ***
knysi: raises $3 to $6
TheU10: calls $3
*** FLOP *** [7d 8c 8h]
TheU10: checks
knysi: bets $3
TheU10: raises $3 to $6
knysi: calls $3
*** TURN *** [7d 8c 8h] [Jc]
TheU10: bets $6
knysi: calls $6
*** RIVER *** [7d 8c 8h Jc] [6d]
TheU10: checks
knysi: checks
*** SHOW DOWN ***
TheU10: shows [9d 6s] (two pair, Eights and Sixes)
knysi: mucks hand
TheU10 collected $35.50 from pot
*** SUMMARY ***
Total pot $36 | Rake $0.50
Board [7d 8c 8h Jc 6d]
Seat 1: TheU10 (big blind) showed [9d 6s] and won ($35.50) with two pair, Eights and Sixes
Seat 2: knysi (button) (small blind) mucked


PokerStars Hand #148637878055:  Hold'em Limit ($3/$6 USD) - 2016/02/11 16:27:08 ET
Table 'Oljato' 2-max Seat #1 is the button
Seat 1: TheU10 ($73.52 in chips)
Seat 2: knysi ($87.60 in chips)
TheU10: posts small blind $1
knysi: posts big blind $3
*** HOLE CARDS ***
TheU10: raises $3 to $6
knysi: calls $3
*** FLOP *** [4s 5d 9h]
knysi: checks
TheU10: bets $3
knysi: calls $3
*** TURN *** [4s 5d 9h] [7s]
knysi: checks
TheU10: checks
*** RIVER *** [4s 5d 9h 7s] [3s]
knysi: bets $6
TheU10: folds
Uncalled bet ($6) returned to knysi
knysi collected $17.64 from pot
knysi: doesn't show hand
*** SUMMARY ***
Total pot $18 | Rake $0.36
Board [4s 5d 9h 7s 3s]
Seat 1: TheU10 (button) (small blind) folded on the River
Seat 2: knysi (big blind) collected ($17.64)


PokerStars Hand #148637873355:  Hold'em Limit ($3/$6 USD) - 2016/02/11 16:27:04 ET
Table 'Oljato' 2-max Seat #2 is the button
Seat 1: TheU10 ($72.52 in chips)
Seat 2: knysi ($88.60 in chips)
knysi: posts small blind $1
TheU10: posts big blind $3
*** HOLE CARDS ***
knysi: folds
Uncalled bet ($2) returned to TheU10
TheU10 collected $2 from pot
TheU10: doesn't show hand
*** SUMMARY ***
Total pot $2 | Rake $0
Seat 1: TheU10 (big blind) collected ($2)
Seat 2: knysi (button) (small blind) folded before Flop


PokerStars Hand #148637853759:  Hold'em Limit ($3/$6 USD) - 2016/02/11 16:26:46 ET
Table 'Oljato' 2-max Seat #1 is the button
Seat 1: TheU10 ($58.02 in chips)
Seat 2: knysi ($103.60 in chips)
TheU10: posts small blind $1
knysi: posts big blind $3
*** HOLE CARDS ***
TheU10: raises $3 to $6
knysi: calls $3
*** FLOP *** [6c 3s 6s]
knysi: checks
TheU10: bets $3
knysi: calls $3
*** TURN *** [6c 3s 6s] [Tc]
knysi: checks
TheU10: bets $6
knysi: calls $6
*** RIVER *** [6c 3s 6s Tc] [7d]
knysi: checks
TheU10: checks
*** SHOW DOWN ***
knysi: shows [Ac Kc] (a pair of Sixes)
TheU10: shows [2c 2h] (two pair, Sixes and Deuces)
TheU10 collected $29.50 from pot
*** SUMMARY ***
Total pot $30 | Rake $0.50
Board [6c 3s 6s Tc 7d]
Seat 1: TheU10 (button) (small blind) showed [2c 2h] and won ($29.50) with two pair, Sixes and Deuces
Seat 2: knysi (big blind) showed [Ac Kc] and lost with a pair of Sixes


PokerStars Hand #148637987074:  Hold'em Limit ($3/$6 USD) - 2016/02/11 16:28:49 ET
Table 'Oljato' 2-max Seat #1 is the button
Seat 1: TheU10 ($104.28 in chips)
Seat 2: knysi ($54.76 in chips)
TheU10: posts small blind $1
knysi: posts big blind $3
*** HOLE CARDS ***
TheU10: raises $3 to $6
knysi: folds
Uncalled bet ($3) returned to TheU10
TheU10 collected $6 from pot
TheU10: doesn't show hand
*** SUMMARY ***
Total pot $6 | Rake $0
Seat 1: TheU10 (button) (small blind) collected ($6)
Seat 2: knysi (big blind) folded before Flop


PokerStars Hand #148637982495:  Hold'em Limit ($3/$6 USD) - 2016/02/11 16:28:45 ET
Table 'Oljato' 2-max Seat #2 is the button
Seat 1: TheU10 ($103.28 in chips)
Seat 2: knysi ($55.76 in chips)
knysi: posts small blind $1
TheU10: posts big blind $3
*** HOLE CARDS ***
knysi: folds
Uncalled bet ($2) returned to TheU10
TheU10 collected $2 from pot
TheU10: doesn't show hand
*** SUMMARY ***
Total pot $2 | Rake $0
Seat 1: TheU10 (big blind) collected ($2)
Seat 2: knysi (button) (small blind) folded before Flop


PokerStars Hand #148637960291:  Hold'em Limit ($3/$6 USD) - 2016/02/11 16:28:24 ET
Table 'Oljato' 2-max Seat #1 is the button
Seat 1: TheU10 ($115.28 in chips)
Seat 2: knysi ($44.24 in chips)
TheU10: posts small blind $1
knysi: posts big blind $3
*** HOLE CARDS ***
TheU10: raises $3 to $6
knysi: calls $3
*** FLOP *** [4d 3d 8c]
knysi: checks
TheU10: checks
*** TURN *** [4d 3d 8c] [6c]
knysi: bets $6
TheU10: calls $6
*** RIVER *** [4d 3d 8c 6c] [Kh]
knysi: bets $6
TheU10: folds
Uncalled bet ($6) returned to knysi
knysi collected $23.52 from pot
knysi: doesn't show hand
*** SUMMARY ***
Total pot $24 | Rake $0.48
Board [4d 3d 8c 6c Kh]
Seat 1: TheU10 (button) (small blind) folded on the River
Seat 2: knysi (big blind) collected ($23.52)


PokerStars Hand #148637955722:  Hold'em Limit ($3/$6 USD) - 2016/02/11 16:28:20 ET
Table 'Oljato' 2-max Seat #2 is the button
Seat 1: TheU10 ($114.28 in chips)
Seat 2: knysi ($45.24 in chips)
knysi: posts small blind $1
TheU10: posts big blind $3
*** HOLE CARDS ***
knysi: folds
Uncalled bet ($2) returned to TheU10
TheU10 collected $2 from pot
TheU10: doesn't show hand
*** SUMMARY ***
Total pot $2 | Rake $0
Seat 1: TheU10 (big blind) collected ($2)
Seat 2: knysi (button) (small blind) folded before Flop


PokerStars Hand #148637946437:  Hold'em Limit ($3/$6 USD) - 2016/02/11 16:28:12 ET
Table 'Oljato' 2-max Seat #1 is the button
Seat 1: TheU10 ($108.52 in chips)
Seat 2: knysi ($51.24 in chips)
TheU10: posts small blind $1
knysi: posts big blind $3
*** HOLE CARDS ***
TheU10: raises $3 to $6
knysi: calls $3
*** FLOP *** [Td 5d 4d]
knysi: checks
TheU10: bets $3
knysi: folds
Uncalled bet ($3) returned to TheU10
TheU10 collected $11.76 from pot
TheU10: doesn't show hand
*** SUMMARY ***
Total pot $12 | Rake $0.24
Board [Td 5d 4d]
Seat 1: TheU10 (button) (small blind) collected ($11.76)
Seat 2: knysi (big blind) folded on the Flop


PokerStars Hand #148637931967:  Hold'em Limit ($3/$6 USD) - 2016/02/11 16:27:58 ET
Table 'Oljato' 2-max Seat #2 is the button
Seat 1: TheU10 ($85.02 in chips)
Seat 2: knysi ($75.24 in chips)
knysi: posts small blind $1
TheU10: posts big blind $3
*** HOLE CARDS ***
knysi: raises $3 to $6
TheU10: raises $3 to $9
knysi: calls $3
*** FLOP *** [3s Kd Kc]
TheU10: bets $3
knysi: calls $3
*** TURN *** [3s Kd Kc] [Qd]
TheU10: bets $6
knysi: calls $6
*** RIVER *** [3s Kd Kc Qd] [9c]
TheU10: bets $6
knysi: calls $6
*** SHOW DOWN ***
TheU10: shows [Qh Kh] (a full house, Kings full of Queens)
knysi: mucks hand
TheU10 collected $47.50 from pot
*** SUMMARY ***
Total pot $48 | Rake $0.50
Board [3s Kd Kc Qd 9c]
Seat 1: TheU10 (big blind) showed [Qh Kh] and won ($47.50) with a full house, Kings full of Queens
Seat 2: knysi (button) (small blind) mucked


PokerStars Hand #148637925176:  Hold'em Limit ($3/$6 USD) - 2016/02/11 16:27:52 ET
Table 'Oljato' 2-max Seat #1 is the button
Seat 1: TheU10 ($82.02 in chips)
Seat 2: knysi ($78.24 in chips)
TheU10: posts small blind $1
knysi: posts big blind $3
*** HOLE CARDS ***
TheU10: raises $3 to $6
knysi: folds
Uncalled bet ($3) returned to TheU10
TheU10 collected $6 from pot
TheU10: doesn't show hand
*** SUMMARY ***
Total pot $6 | Rake $0
Seat 1: TheU10 (button) (small blind) collected ($6)
Seat 2: knysi (big blind) folded before Flop


PokerStars Hand #148638028505:  Hold'em Limit ($3/$6 USD) - 2016/02/11 16:29:28 ET
Table 'Oljato' 2-max Seat #2 is the button
Seat 1: TheU10 ($107.04 in chips)
Seat 2: knysi ($51.52 in chips)
knysi: posts small blind $1
TheU10: posts big blind $3
*** HOLE CARDS ***
knysi: raises $3 to $6
TheU10: calls $3
*** FLOP *** [Kd Ks 3s]
TheU10: checks
knysi: bets $3
TheU10: raises $3 to $6
knysi: calls $3
*** TURN *** [Kd Ks 3s] [Th]
TheU10: bets $6
knysi: calls $6
*** RIVER *** [Kd Ks 3s Th] [Jh]
TheU10: checks
knysi: checks
*** SHOW DOWN ***
TheU10: shows [5c As] (a pair of Kings)
knysi: shows [Td Ad] (two pair, Kings and Tens)
knysi collected $35.50 from pot
*** SUMMARY ***
Total pot $36 | Rake $0.50
Board [Kd Ks 3s Th Jh]
Seat 1: TheU10 (big blind) showed [5c As] and lost with a pair of Kings
Seat 2: knysi (button) (small blind) showed [Td Ad] and won ($35.50) with two pair, Kings and Tens


PokerStars Hand #148638013747:  Hold'em Limit ($3/$6 USD) - 2016/02/11 16:29:14 ET
Table 'Oljato' 2-max Seat #1 is the button
Seat 1: TheU10 ($101.28 in chips)
Seat 2: knysi ($57.52 in chips)
TheU10: posts small blind $1
knysi: posts big blind $3
*** HOLE CARDS ***
TheU10: raises $3 to $6
knysi: calls $3
*** FLOP *** [Kc 2d Jd]
knysi: checks
TheU10: bets $3
knysi: folds
Uncalled bet ($3) returned to TheU10
TheU10 collected $11.76 from pot
TheU10: doesn't show hand
*** SUMMARY ***
Total pot $12 | Rake $0.24
Board [Kc 2d Jd]
Seat 1: TheU10 (button) (small blind) collected ($11.76)
Seat 2: knysi (big blind) folded on the Flop


PokerStars Hand #148637992203:  Hold'em Limit ($3/$6 USD) - 2016/02/11 16:28:54 ET
Table 'Oljato' 2-max Seat #2 is the button
Seat 1: TheU10 ($107.28 in chips)
Seat 2: knysi ($51.76 in chips)
knysi: posts small blind $1
TheU10: posts big blind $3
*** HOLE CARDS ***
knysi: raises $3 to $6
TheU10: calls $3
*** FLOP *** [9s 9d Jh]
TheU10: checks
knysi: checks
*** TURN *** [9s 9d Jh] [9h]
TheU10: checks
knysi: bets $6
TheU10: folds
Uncalled bet ($6) returned to knysi
knysi collected $11.76 from pot
knysi: doesn't show hand
*** SUMMARY ***
Total pot $12 | Rake $0.24
Board [9s 9d Jh 9h]
Seat 1: TheU10 (big blind) folded on the Turn
Seat 2: knysi (button) (small blind) collected ($11.76)


PokerStars Hand #148638100922:  Hold'em Limit ($3/$6 USD) - 2016/02/11 16:30:35 ET
Table 'Oljato' 2-max Seat #2 is the button
Seat 1: TheU10 ($135.68 in chips)
Seat 2: knysi ($21.02 in chips)
knysi: posts small blind $1
TheU10: posts big blind $3
*** HOLE CARDS ***
knysi: raises $3 to $6
TheU10: calls $3
*** FLOP *** [Th 9h Ac]
TheU10: checks
knysi: checks
*** TURN *** [Th 9h Ac] [Ad]
TheU10: checks
knysi: bets $6
TheU10: folds
Uncalled bet ($6) returned to knysi
knysi collected $11.76 from pot
knysi: doesn't show hand
*** SUMMARY ***
Total pot $12 | Rake $0.24
Board [Th 9h Ac Ad]
Seat 1: TheU10 (big blind) folded on the Turn
Seat 2: knysi (button) (small blind) collected ($11.76)


PokerStars Hand #148638085336:  Hold'em Limit ($3/$6 USD) - 2016/02/11 16:30:20 ET
Table 'Oljato' 2-max Seat #1 is the button
Seat 1: TheU10 ($121.18 in chips)
Seat 2: knysi ($36.02 in chips)
TheU10: posts small blind $1
knysi: posts big blind $3
*** HOLE CARDS ***
TheU10: raises $3 to $6
knysi: calls $3
*** FLOP *** [6h 3d 2c]
knysi: checks
TheU10: bets $3
knysi: calls $3
*** TURN *** [6h 3d 2c] [7d]
knysi: checks
TheU10: bets $6
knysi: calls $6
*** RIVER *** [6h 3d 2c 7d] [Kc]
knysi: checks
TheU10: checks
*** SHOW DOWN ***
knysi: shows [5c As] (high card Ace)
TheU10: shows [3s Ah] (a pair of Threes)
TheU10 collected $29.50 from pot
*** SUMMARY ***
Total pot $30 | Rake $0.50
Board [6h 3d 2c 7d Kc]
Seat 1: TheU10 (button) (small blind) showed [3s Ah] and won ($29.50) with a pair of Threes
Seat 2: knysi (big blind) showed [5c As] and lost with high card Ace


PokerStars Hand #148638071762:  Hold'em Limit ($3/$6 USD) - 2016/02/11 16:30:08 ET
Table 'Oljato' 2-max Seat #2 is the button
Seat 1: TheU10 ($97.68 in chips)
Seat 2: knysi ($60.02 in chips)
knysi: posts small blind $1
TheU10: posts big blind $3
*** HOLE CARDS ***
knysi: raises $3 to $6
TheU10: raises $3 to $9
knysi: calls $3
*** FLOP *** [7h 3d 8d]
TheU10: bets $3
knysi: calls $3
*** TURN *** [7h 3d 8d] [2c]
TheU10: bets $6
knysi: calls $6
*** RIVER *** [7h 3d 8d 2c] [5d]
TheU10: bets $6
knysi: calls $6
*** SHOW DOWN ***
TheU10: shows [5c 5h] (three of a kind, Fives)
knysi: mucks hand
TheU10 collected $47.50 from pot
*** SUMMARY ***
Total pot $48 | Rake $0.50
Board [7h 3d 8d 2c 5d]
Seat 1: TheU10 (big blind) showed [5c 5h] and won ($47.50) with three of a kind, Fives
Seat 2: knysi (button) (small blind) mucked


PokerStars Hand #148638048132:  Hold'em Limit ($3/$6 USD) - 2016/02/11 16:29:46 ET
Table 'Oljato' 2-max Seat #1 is the button
Seat 1: TheU10 ($89.04 in chips)
Seat 2: knysi ($69.02 in chips)
TheU10: posts small blind $1
knysi: posts big blind $3
*** HOLE CARDS ***
TheU10: raises $3 to $6
knysi: calls $3
*** FLOP *** [2s 6s Jd]
knysi: checks
TheU10: bets $3
knysi: calls $3
*** TURN *** [2s 6s Jd] [5s]
knysi: checks
TheU10: checks
*** RIVER *** [2s 6s Jd 5s] [9d]
knysi: checks
TheU10: bets $6
knysi: folds
Uncalled bet ($6) returned to TheU10
TheU10 collected $17.64 from pot
TheU10: doesn't show hand
*** SUMMARY ***
Total pot $18 | Rake $0.36
Board [2s 6s Jd 5s 9d]
Seat 1: TheU10 (button) (small blind) collected ($17.64)
Seat 2: knysi (big blind) folded on the River


PokerStars Hand #148638177377:  Hold'em Limit ($3/$6 USD) - 2016/02/11 16:31:46 ET
Table 'Oljato' 2-max Seat #1 is the button
Seat 1: TheU10 ($135.94 in chips)
Seat 2: knysi ($19.30 in chips)
TheU10: posts small blind $1
knysi: posts big blind $3
*** HOLE CARDS ***
TheU10: raises $3 to $6
knysi: folds
Uncalled bet ($3) returned to TheU10
TheU10 collected $6 from pot
TheU10: doesn't show hand
*** SUMMARY ***
Total pot $6 | Rake $0
Seat 1: TheU10 (button) (small blind) collected ($6)
Seat 2: knysi (big blind) folded before Flop


PokerStars Hand #148638172730:  Hold'em Limit ($3/$6 USD) - 2016/02/11 16:31:41 ET
Table 'Oljato' 2-max Seat #2 is the button
Seat 1: TheU10 ($134.94 in chips)
Seat 2: knysi ($20.30 in chips)
knysi: posts small blind $1
TheU10: posts big blind $3
*** HOLE CARDS ***
knysi: folds
Uncalled bet ($2) returned to TheU10
TheU10 collected $2 from pot
TheU10: doesn't show hand
*** SUMMARY ***
Total pot $2 | Rake $0
Seat 1: TheU10 (big blind) collected ($2)
Seat 2: knysi (button) (small blind) folded before Flop


PokerStars Hand #148638152687:  Hold'em Limit ($3/$6 USD) - 2016/02/11 16:31:23 ET
Table 'Oljato' 2-max Seat #1 is the button
Seat 1: TheU10 ($120.44 in chips)
Seat 2: knysi ($35.30 in chips)
TheU10: posts small blind $1
knysi: posts big blind $3
*** HOLE CARDS ***
TheU10: raises $3 to $6
knysi: calls $3
*** FLOP *** [Ah 7d As]
knysi: checks
TheU10: bets $3
knysi: calls $3
*** TURN *** [Ah 7d As] [Qh]
knysi: checks
TheU10: bets $6
knysi: calls $6
*** RIVER *** [Ah 7d As Qh] [Qs]
knysi: checks
TheU10: bets $6
knysi: folds
Uncalled bet ($6) returned to TheU10
TheU10 collected $29.50 from pot
TheU10: doesn't show hand
*** SUMMARY ***
Total pot $30 | Rake $0.50
Board [Ah 7d As Qh Qs]
Seat 1: TheU10 (button) (small blind) collected ($29.50)
Seat 2: knysi (big blind) folded on the River


PokerStars Hand #148638146692:  Hold'em Limit ($3/$6 USD) - 2016/02/11 16:31:17 ET
Table 'Oljato' 2-max Seat #2 is the button
Seat 1: TheU10 ($123.44 in chips)
Seat 2: knysi ($32.30 in chips)
knysi: posts small blind $1
TheU10: posts big blind $3
*** HOLE CARDS ***
knysi: raises $3 to $6
TheU10: folds
Uncalled bet ($3) returned to knysi
knysi collected $6 from pot
knysi: doesn't show hand
*** SUMMARY ***
Total pot $6 | Rake $0
Seat 1: TheU10 (big blind) folded before Flop
Seat 2: knysi (button) (small blind) collected ($6)


PokerStars Hand #148638137541:  Hold'em Limit ($3/$6 USD) - 2016/02/11 16:31:09 ET
Table 'Oljato' 2-max Seat #1 is the button
Seat 1: TheU10 ($117.68 in chips)
Seat 2: knysi ($38.30 in chips)
TheU10: posts small blind $1
knysi: posts big blind $3
*** HOLE CARDS ***
TheU10: raises $3 to $6
knysi: calls $3
*** FLOP *** [2d 6s Qs]
knysi: checks
TheU10: bets $3
knysi: folds
Uncalled bet ($3) returned to TheU10
TheU10 collected $11.76 from pot
*** SUMMARY ***
Total pot $12 | Rake $0.24
Board [2d 6s Qs]
Seat 1: TheU10 (button) (small blind) collected ($11.76)
Seat 2: knysi (big blind) folded on the Flop


PokerStars Hand #148638127269:  Hold'em Limit ($3/$6 USD) - 2016/02/11 16:30:59 ET
Table 'Oljato' 2-max Seat #2 is the button
Seat 1: TheU10 ($123.68 in chips)
Seat 2: knysi ($32.54 in chips)
knysi: posts small blind $1
TheU10: posts big blind $3
*** HOLE CARDS ***
knysi: raises $3 to $6
TheU10: calls $3
*** FLOP *** [2d 2s As]
TheU10: checks
knysi: bets $3
TheU10: folds
Uncalled bet ($3) returned to knysi
knysi collected $11.76 from pot
knysi: doesn't show hand
*** SUMMARY ***
Total pot $12 | Rake $0.24
Board [2d 2s As]
Seat 1: TheU10 (big blind) folded on the Flop
Seat 2: knysi (button) (small blind) collected ($11.76)


PokerStars Hand #148638113979:  Hold'em Limit ($3/$6 USD) - 2016/02/11 16:30:47 ET
Table 'Oljato' 2-max Seat #1 is the button
Seat 1: TheU10 ($129.68 in chips)
Seat 2: knysi ($26.78 in chips)
TheU10: posts small blind $1
knysi: posts big blind $3
*** HOLE CARDS ***
TheU10: raises $3 to $6
knysi: calls $3
*** FLOP *** [5h 9c 6h]
knysi: checks
TheU10: checks
*** TURN *** [5h 9c 6h] [4c]
knysi: bets $6
TheU10: folds
Uncalled bet ($6) returned to knysi
knysi collected $11.76 from pot
knysi: doesn't show hand
*** SUMMARY ***
Total pot $12 | Rake $0.24
Board [5h 9c 6h 4c]
Seat 1: TheU10 (button) (small blind) folded on the Turn
Seat 2: knysi (big blind) collected ($11.76)


PokerStars Hand #148638197389:  Hold'em Limit ($3/$6 USD) - 2016/02/11 16:32:05 ET
Table 'Oljato' 2-max Seat #1 is the button
Seat 1: TheU10 ($147.58 in chips)
Seat 2: knysi ($7.30 in chips)
TheU10: posts small blind $1
knysi: posts big blind $3
*** HOLE CARDS ***
TheU10: raises $3 to $6
knysi: raises $1.30 to $7.30 and is all-in
TheU10: calls $1.30
*** FLOP *** [5h Jc 4c]
*** TURN *** [5h Jc 4c] [7c]
*** RIVER *** [5h Jc 4c 7c] [8d]
*** SHOW DOWN ***
knysi: shows [2h 2d] (a pair of Deuces)
TheU10: shows [Kc 5s] (a pair of Fives)
TheU10 collected $14.31 from pot
*** SUMMARY ***
Total pot $14.60 | Rake $0.29
Board [5h Jc 4c 7c 8d]
Seat 1: TheU10 (button) (small blind) showed [Kc 5s] and won ($14.31) with a pair of Fives
Seat 2: knysi (big blind) showed [2h 2d] and lost with a pair of Deuces


PokerStars Hand #148638182212:  Hold'em Limit ($3/$6 USD) - 2016/02/11 16:31:50 ET
Table 'Oljato' 2-max Seat #2 is the button
Seat 1: TheU10 ($138.94 in chips)
Seat 2: knysi ($16.30 in chips)
knysi: posts small blind $1
TheU10: posts big blind $3
*** HOLE CARDS ***
knysi: raises $3 to $6
TheU10: calls $3
*** FLOP *** [6s 4c As]
TheU10: checks
knysi: bets $3
TheU10: calls $3
*** TURN *** [6s 4c As] [5d]
TheU10: checks
knysi: checks
*** RIVER *** [6s 4c As 5d] [Kc]
TheU10: checks
knysi: checks
*** SHOW DOWN ***
TheU10: shows [5c 7h] (a pair of Fives)
knysi: mucks hand
TheU10 collected $17.64 from pot
*** SUMMARY ***
Total pot $18 | Rake $0.36
Board [6s 4c As 5d Kc]
Seat 1: TheU10 (big blind) showed [5c 7h] and won ($17.64) with a pair of Fives
Seat 2: knysi (button) (small blind) mucked


PokerStars Hand #148638302678:  Hold'em Limit ($3/$6 USD) - 2016/02/11 16:33:43 ET
Table 'Oljato' 2-max Seat #2 is the button
Seat 1: TheU10 ($148.03 in chips)
Seat 2: knysi ($39.42 in chips)
knysi: posts small blind $1
TheU10: posts big blind $3
*** HOLE CARDS ***
knysi: raises $3 to $6
TheU10: calls $3
*** FLOP *** [7d 7c Kc]
TheU10: checks
knysi: checks
*** TURN *** [7d 7c Kc] [4s]
TheU10: bets $6
knysi: folds
Uncalled bet ($6) returned to TheU10
TheU10 collected $11.76 from pot
TheU10: doesn't show hand
*** SUMMARY ***
Total pot $12 | Rake $0.24
Board [7d 7c Kc 4s]
Seat 1: TheU10 (big blind) collected ($11.76)
Seat 2: knysi (button) (small blind) folded on the Turn


PokerStars Hand #148638281839:  Hold'em Limit ($3/$6 USD) - 2016/02/11 16:33:24 ET
Table 'Oljato' 2-max Seat #1 is the button
Seat 1: TheU10 ($167.99 in chips)
Seat 2: knysi ($19.96 in chips)
TheU10: posts small blind $1
knysi: posts big blind $3
*** HOLE CARDS ***
TheU10: raises $3 to $6
knysi: calls $3
*** FLOP *** [9d Ad 8d]
knysi: checks
TheU10: bets $3
knysi: raises $3 to $6
TheU10: calls $3
*** TURN *** [9d Ad 8d] [Qs]
knysi: bets $6
TheU10: calls $6
*** RIVER *** [9d Ad 8d Qs] [7s]
knysi: bets $1.96 and is all-in
TheU10: calls $1.96
*** SHOW DOWN ***
knysi: shows [9s 6s] (a pair of Nines)
TheU10: shows [5h Jd] (high card Ace)
knysi collected $39.42 from pot
*** SUMMARY ***
Total pot $39.92 | Rake $0.50
Board [9d Ad 8d Qs 7s]
Seat 1: TheU10 (button) (small blind) showed [5h Jd] and lost with high card Ace
Seat 2: knysi (big blind) showed [9s 6s] and won ($39.42) with a pair of Nines


PokerStars Hand #148638269717:  Hold'em Limit ($3/$6 USD) - 2016/02/11 16:33:12 ET
Table 'Oljato' 2-max Seat #2 is the button
Seat 1: TheU10 ($159.35 in chips)
Seat 2: knysi ($28.96 in chips)
knysi: posts small blind $1
TheU10: posts big blind $3
*** HOLE CARDS ***
knysi: raises $3 to $6
TheU10: raises $3 to $9
knysi: calls $3
*** FLOP *** [8c 4h Ad]
TheU10: bets $3
knysi: folds
Uncalled bet ($3) returned to TheU10
TheU10 collected $17.64 from pot
TheU10: doesn't show hand
*** SUMMARY ***
Total pot $18 | Rake $0.36
Board [8c 4h Ad]
Seat 1: TheU10 (big blind) collected ($17.64)
Seat 2: knysi (button) (small blind) folded on the Flop


PokerStars Hand #148638265284:  Hold'em Limit ($3/$6 USD) - 2016/02/11 16:33:08 ET
Table 'Oljato' 2-max Seat #1 is the button
Seat 1: TheU10 ($160.35 in chips)
Seat 2: knysi ($27.96 in chips)
TheU10: posts small blind $1
knysi: posts big blind $3
*** HOLE CARDS ***
TheU10: folds
Uncalled bet ($2) returned to knysi
knysi collected $2 from pot
knysi: doesn't show hand
*** SUMMARY ***
Total pot $2 | Rake $0
Seat 1: TheU10 (button) (small blind) folded before Flop
Seat 2: knysi (big blind) collected ($2)


PokerStars Hand #148638246557:  Hold'em Limit ($3/$6 USD) - 2016/02/11 16:32:51 ET
Table 'Oljato' 2-max Seat #2 is the button
Seat 1: TheU10 ($154.59 in chips)
Seat 2: knysi ($33.96 in chips)
knysi: posts small blind $1
TheU10: posts big blind $3
*** HOLE CARDS ***
knysi: raises $3 to $6
TheU10: calls $3
*** FLOP *** [4h 3c 3d]
TheU10: checks
knysi: checks
*** TURN *** [4h 3c 3d] [Jd]
TheU10: checks
knysi: checks
*** RIVER *** [4h 3c 3d Jd] [6c]
TheU10: bets $6
knysi: folds
Uncalled bet ($6) returned to TheU10
TheU10 collected $11.76 from pot
TheU10: doesn't show hand
*** SUMMARY ***
Total pot $12 | Rake $0.24
Board [4h 3c 3d Jd 6c]
Seat 1: TheU10 (big blind) collected ($11.76)
Seat 2: knysi (button) (small blind) folded on the River


PokerStars Hand #148638313108:  Hold'em Limit ($3/$6 USD) - 2016/02/11 16:33:53 ET
Table 'Oljato' 2-max Seat #1 is the button
Seat 1: TheU10 ($153.79 in chips)
Seat 2: knysi ($33.42 in chips)
TheU10: posts small blind $1
knysi: posts big blind $3
*** HOLE CARDS ***
TheU10: raises $3 to $6
knysi: calls $3
*** FLOP *** [5s 7h Qc]
knysi: checks
TheU10: checks
*** TURN *** [5s 7h Qc] [8s]
knysi: checks
TheU10: checks
*** RIVER *** [5s 7h Qc 8s] [9c]
knysi: bets $6
TheU10: raises $6 to $12
knysi: calls $6
*** SHOW DOWN ***
TheU10: shows [Js Tc] (a straight, Eight to Queen)
knysi: mucks hand
TheU10 collected $35.50 from pot
*** SUMMARY ***
Total pot $36 | Rake $0.50
Board [5s 7h Qc 8s 9c]
Seat 1: TheU10 (button) (small blind) showed [Js Tc] and won ($35.50) with a straight, Eight to Queen
Seat 2: knysi (big blind) mucked


PokerStars Hand #148638329239:  Hold'em Limit ($3/$6 USD) - 2016/02/11 16:34:08 ET
Table 'Oljato' 2-max Seat #2 is the button
Seat 1: TheU10 ($171.29 in chips)
Seat 2: knysi ($15.42 in chips)
knysi: posts small blind $1
TheU10: posts big blind $3
*** HOLE CARDS ***
knysi: raises $3 to $6
TheU10: calls $3
*** FLOP *** [Qs Th 5h]
TheU10: checks
knysi: bets $3
TheU10: calls $3
*** TURN *** [Qs Th 5h] [Kd]
TheU10: checks
knysi: bets $6
TheU10: raises $6 to $12
knysi: calls $0.42 and is all-in
Uncalled bet ($5.58) returned to TheU10
*** RIVER *** [Qs Th 5h Kd] [2s]
*** SHOW DOWN ***
TheU10: shows [Td Qd] (two pair, Queens and Tens)
knysi: shows [5s 8s] (a pair of Fives)
TheU10 collected $30.34 from pot
*** SUMMARY ***
Total pot $30.84 | Rake $0.50
Board [Qs Th 5h Kd 2s]
Seat 1: TheU10 (big blind) showed [Td Qd] and won ($30.34) with two pair, Queens and Tens
Seat 2: knysi (button) (small blind) showed [5s 8s] and lost with a pair of Fives


PokerStars Hand #148638378060:  Hold'em Limit ($3/$6 USD) - 2016/02/11 16:34:54 ET
Table 'Oljato' 2-max Seat #1 is the button
Seat 1: TheU10 ($186.21 in chips)
Seat 2: knysi ($33.96 in chips)
TheU10: posts small blind $1
knysi: posts big blind $3
*** HOLE CARDS ***
TheU10: raises $3 to $6
knysi: calls $3
*** FLOP *** [Qs Ad 2c]
knysi: checks
TheU10: checks
*** TURN *** [Qs Ad 2c] [6s]
knysi: bets $6
TheU10: calls $6
*** RIVER *** [Qs Ad 2c 6s] [3c]
knysi: bets $6
TheU10: calls $6
*** SHOW DOWN ***
knysi: shows [4d 3d] (a pair of Threes)
TheU10: shows [Qh Td] (a pair of Queens)
TheU10 collected $35.50 from pot
*** SUMMARY ***
Total pot $36 | Rake $0.50
Board [Qs Ad 2c 6s 3c]
Seat 1: TheU10 (button) (small blind) showed [Qh Td] and won ($35.50) with a pair of Queens
Seat 2: knysi (big blind) showed [4d 3d] and lost with a pair of Threes


PokerStars Hand #148638449468:  Hold'em Limit ($3/$6 USD) - 2016/02/11 16:36:03 ET
Table 'Oljato' 2-max Seat #1 is the button
Seat 1: TheU10 ($219.17 in chips)
Seat 2: knysi ($33.96 in chips)
TheU10: posts small blind $1
knysi: posts big blind $3
*** HOLE CARDS ***
TheU10: raises $3 to $6
knysi: calls $3
*** FLOP *** [Ac Jh Jd]
knysi: checks
TheU10: checks
*** TURN *** [Ac Jh Jd] [Kh]
knysi: checks
TheU10: checks
*** RIVER *** [Ac Jh Jd Kh] [7d]
knysi: checks
TheU10: bets $6
knysi: folds
Uncalled bet ($6) returned to TheU10
TheU10 collected $11.76 from pot
*** SUMMARY ***
Total pot $12 | Rake $0.24
Board [Ac Jh Jd Kh 7d]
Seat 1: TheU10 (button) (small blind) collected ($11.76)
Seat 2: knysi (big blind) folded on the River


PokerStars Hand #148638465834:  Hold'em Limit ($3/$6 USD) - 2016/02/11 16:36:18 ET
Table 'Oljato' 2-max Seat #2 is the button
Seat 1: TheU10 ($224.93 in chips)
Seat 2: knysi ($27.96 in chips)
knysi: posts small blind $1
TheU10: posts big blind $3
*** HOLE CARDS ***
knysi: raises $3 to $6
TheU10: calls $3
*** FLOP *** [4d 2d Ad]
TheU10: checks
knysi: checks
*** TURN *** [4d 2d Ad] [3d]
TheU10: checks
knysi: checks
*** RIVER *** [4d 2d Ad 3d] [6s]
TheU10: checks
knysi: checks
*** SHOW DOWN ***
TheU10: shows [6c Kd] (a flush, Ace high)
knysi: mucks hand
TheU10 collected $11.76 from pot
*** SUMMARY ***
Total pot $12 | Rake $0.24
Board [4d 2d Ad 3d 6s]
Seat 1: TheU10 (big blind) showed [6c Kd] and won ($11.76) with a flush, Ace high
Seat 2: knysi (button) (small blind) mucked


PokerStars Hand #148638482673:  Hold'em Limit ($3/$6 USD) - 2016/02/11 16:36:34 ET
Table 'Oljato' 2-max Seat #1 is the button
Seat 1: TheU10 ($230.69 in chips)
Seat 2: knysi ($21.96 in chips)
TheU10: posts small blind $1
knysi: posts big blind $3
*** HOLE CARDS ***
TheU10: raises $3 to $6
knysi: folds
Uncalled bet ($3) returned to TheU10
TheU10 collected $6 from pot
*** SUMMARY ***
Total pot $6 | Rake $0
Seat 1: TheU10 (button) (small blind) collected ($6)
Seat 2: knysi (big blind) folded before Flop


PokerStars Hand #148638509213:  Hold'em Limit ($3/$6 USD) - 2016/02/11 16:36:59 ET
Table 'Oljato' 2-max Seat #1 is the button
Seat 1: TheU10 ($214.73 in chips)
Seat 2: knysi ($37.42 in chips)
TheU10: posts small blind $1
knysi: posts big blind $3
*** HOLE CARDS ***
TheU10: folds
Uncalled bet ($2) returned to knysi
knysi collected $2 from pot
knysi: doesn't show hand
*** SUMMARY ***
Total pot $2 | Rake $0
Seat 1: TheU10 (button) (small blind) folded before Flop
Seat 2: knysi (big blind) collected ($2)


PokerStars Hand #148638488090:  Hold'em Limit ($3/$6 USD) - 2016/02/11 16:36:39 ET
Table 'Oljato' 2-max Seat #2 is the button
Seat 1: TheU10 ($233.69 in chips)
Seat 2: knysi ($18.96 in chips)
knysi: posts small blind $1
TheU10: posts big blind $3
*** HOLE CARDS ***
knysi: raises $3 to $6
TheU10: calls $3
*** FLOP *** [8s Td Tc]
TheU10: checks
knysi: bets $3
TheU10: calls $3
*** TURN *** [8s Td Tc] [As]
TheU10: checks
knysi: bets $6
TheU10: calls $6
*** RIVER *** [8s Td Tc As] [5d]
TheU10: bets $6
knysi: calls $3.96 and is all-in
Uncalled bet ($2.04) returned to TheU10
*** SHOW DOWN ***
TheU10: shows [Th 2d] (three of a kind, Tens)
knysi: shows [Ad Ac] (a full house, Aces full of Tens)
knysi collected $37.42 from pot
*** SUMMARY ***
Total pot $37.92 | Rake $0.50
Board [8s Td Tc As 5d]
Seat 1: TheU10 (big blind) showed [Th 2d] and lost with three of a kind, Tens
Seat 2: knysi (button) (small blind) showed [Ad Ac] and won ($37.42) with a full house, Aces full of Tens


PokerStars Hand #148638514041:  Hold'em Limit ($3/$6 USD) - 2016/02/11 16:37:05 ET
Table 'Oljato' 2-max Seat #2 is the button
Seat 1: TheU10 ($213.73 in chips)
Seat 2: knysi ($38.42 in chips)
knysi: posts small blind $1
TheU10: posts big blind $3
*** HOLE CARDS ***
knysi: raises $3 to $6
TheU10: calls $3
*** FLOP *** [4c 3h 3d]
TheU10: checks
knysi: checks
*** TURN *** [4c 3h 3d] [Kh]
TheU10: checks
knysi: checks
*** RIVER *** [4c 3h 3d Kh] [9s]
TheU10: bets $6
knysi: folds
Uncalled bet ($6) returned to TheU10
TheU10 collected $11.76 from pot
TheU10: doesn't show hand
*** SUMMARY ***
Total pot $12 | Rake $0.24
Board [4c 3h 3d Kh 9s]
Seat 1: TheU10 (big blind) collected ($11.76)
Seat 2: knysi (button) (small blind) folded on the River


PokerStars Hand #148638529205:  Hold'em Limit ($3/$6 USD) - 2016/02/11 16:37:18 ET
Table 'Oljato' 2-max Seat #1 is the button
Seat 1: TheU10 ($219.49 in chips)
Seat 2: knysi ($32.42 in chips)
TheU10: posts small blind $1
knysi: posts big blind $3
*** HOLE CARDS ***
TheU10: raises $3 to $6
knysi: calls $3
*** FLOP *** [Ts Ac Qc]
knysi: checks
TheU10: bets $3
knysi: folds
Uncalled bet ($3) returned to TheU10
TheU10 collected $11.76 from pot
TheU10: doesn't show hand
*** SUMMARY ***
Total pot $12 | Rake $0.24
Board [Ts Ac Qc]
Seat 1: TheU10 (button) (small blind) collected ($11.76)
Seat 2: knysi (big blind) folded on the Flop


PokerStars Hand #148638550497:  Hold'em Limit ($3/$6 USD) - 2016/02/11 16:37:38 ET
Table 'Oljato' 2-max Seat #1 is the button
Seat 1: TheU10 ($231.01 in chips)
Seat 2: knysi ($20.42 in chips)
TheU10: posts small blind $1
knysi: posts big blind $3
*** HOLE CARDS ***
TheU10: raises $3 to $6
knysi: folds
Uncalled bet ($3) returned to TheU10
TheU10 collected $6 from pot
TheU10: doesn't show hand
*** SUMMARY ***
Total pot $6 | Rake $0
Seat 1: TheU10 (button) (small blind) collected ($6)
Seat 2: knysi (big blind) folded before Flop


PokerStars Hand #148638539396:  Hold'em Limit ($3/$6 USD) - 2016/02/11 16:37:27 ET
Table 'Oljato' 2-max Seat #2 is the button
Seat 1: TheU10 ($225.25 in chips)
Seat 2: knysi ($26.42 in chips)
knysi: posts small blind $1
TheU10: posts big blind $3
*** HOLE CARDS ***
knysi: raises $3 to $6
TheU10: calls $3
*** FLOP *** [3h 8h 9d]
TheU10: checks
knysi: checks
*** TURN *** [3h 8h 9d] [9c]
TheU10: bets $6
knysi: folds
Uncalled bet ($6) returned to TheU10
TheU10 collected $11.76 from pot
TheU10: doesn't show hand
*** SUMMARY ***
Total pot $12 | Rake $0.24
Board [3h 8h 9d 9c]
Seat 1: TheU10 (big blind) collected ($11.76)
Seat 2: knysi (button) (small blind) folded on the Turn


PokerStars Hand #148638560444:  Hold'em Limit ($3/$6 USD) - 2016/02/11 16:37:47 ET
Table 'Oljato' 2-max Seat #2 is the button
Seat 1: TheU10 ($234.01 in chips)
Seat 2: knysi ($17.42 in chips)
knysi: posts small blind $1
TheU10: posts big blind $3
*** HOLE CARDS ***
knysi: folds
Uncalled bet ($2) returned to TheU10
TheU10 collected $2 from pot
TheU10: doesn't show hand
*** SUMMARY ***
Total pot $2 | Rake $0
Seat 1: TheU10 (big blind) collected ($2)
Seat 2: knysi (button) (small blind) folded before Flop


PokerStars Hand #148638570929:  Hold'em Limit ($3/$6 USD) - 2016/02/11 16:37:57 ET
Table 'Oljato' 2-max Seat #2 is the button
Seat 1: TheU10 ($238.01 in chips)
Seat 2: knysi ($13.42 in chips)
knysi: posts small blind $1
TheU10: posts big blind $3
*** HOLE CARDS ***
knysi: raises $3 to $6
TheU10: calls $3
*** FLOP *** [8h Ks 2d]
TheU10: checks
knysi: checks
*** TURN *** [8h Ks 2d] [4d]
TheU10: bets $6
knysi: raises $1.42 to $7.42 and is all-in
TheU10: calls $1.42
*** RIVER *** [8h Ks 2d 4d] [5c]
*** SHOW DOWN ***
TheU10: shows [4h 7d] (a pair of Fours)
knysi: shows [2s 2c] (three of a kind, Deuces)
knysi collected $26.34 from pot
*** SUMMARY ***
Total pot $26.84 | Rake $0.50
Board [8h Ks 2d 4d 5c]
Seat 1: TheU10 (big blind) showed [4h 7d] and lost with a pair of Fours
Seat 2: knysi (button) (small blind) showed [2s 2c] and won ($26.34) with three of a kind, Deuces


PokerStars Hand #148638589761:  Hold'em Limit ($3/$6 USD) - 2016/02/11 16:38:15 ET
Table 'Oljato' 2-max Seat #1 is the button
Seat 1: TheU10 ($224.59 in chips)
Seat 2: knysi ($26.34 in chips)
TheU10: posts small blind $1
knysi: posts big blind $3
*** HOLE CARDS ***
TheU10: raises $3 to $6
knysi: calls $3
*** FLOP *** [Qc 5c 7c]
knysi: checks
TheU10: checks
*** TURN *** [Qc 5c 7c] [2d]
knysi: checks
TheU10: checks
*** RIVER *** [Qc 5c 7c 2d] [3h]
knysi: checks
TheU10: bets $6
knysi: folds
Uncalled bet ($6) returned to TheU10
TheU10 collected $11.76 from pot
TheU10: doesn't show hand
*** SUMMARY ***
Total pot $12 | Rake $0.24
Board [Qc 5c 7c 2d 3h]
Seat 1: TheU10 (button) (small blind) collected ($11.76)
Seat 2: knysi (big blind) folded on the River


PokerStars Hand #148638614157:  Hold'em Limit ($3/$6 USD) - 2016/02/11 16:38:38 ET
Table 'Oljato' 2-max Seat #2 is the button
Seat 1: TheU10 ($230.35 in chips)
Seat 2: knysi ($20.34 in chips)
knysi: posts small blind $1
TheU10: posts big blind $3
*** HOLE CARDS ***
knysi: raises $3 to $6
TheU10: raises $3 to $9
knysi: calls $3
*** FLOP *** [4s 9h Kd]
TheU10: bets $3
knysi: raises $3 to $6
TheU10: raises $3 to $9
knysi: raises $2.34 to $11.34 and is all-in
Betting is capped
TheU10: calls $2.34
*** TURN *** [4s 9h Kd] [Jh]
*** RIVER *** [4s 9h Kd Jh] [3c]
*** SHOW DOWN ***
TheU10: shows [Jc Qs] (a pair of Jacks)
knysi: shows [7h 9c] (a pair of Nines)
TheU10 collected $40.18 from pot
*** SUMMARY ***
Total pot $40.68 | Rake $0.50
Board [4s 9h Kd Jh 3c]
Seat 1: TheU10 (big blind) showed [Jc Qs] and won ($40.18) with a pair of Jacks
Seat 2: knysi (button) (small blind) showed [7h 9c] and lost with a pair of Nines


