PokerStars Hand #146552603949:  Hold'em Limit ($3/$6 USD) - 2016/01/06 3:34:31 ET
Table 'Olympia II' 2-max Seat #1 is the button
Seat 1: Ultrafranke ($105 in chips)
Seat 2: josch2001 ($161.50 in chips)
Ultrafranke: posts small blind $1
josch2001: posts big blind $3
*** HOLE CARDS ***
Ultrafranke: folds
Uncalled bet ($2) returned to josch2001
josch2001 collected $2 from pot
josch2001: doesn't show hand
*** SUMMARY ***
Total pot $2 | Rake $0
Seat 1: Ultrafranke (button) (small blind) folded before Flop
Seat 2: josch2001 (big blind) collected ($2)


PokerStars Hand #146552593394:  Hold'em Limit ($3/$6 USD) - 2016/01/06 3:34:01 ET
Table 'Olympia II' 2-max Seat #2 is the button
Seat 1: Ultrafranke ($120 in chips)
Seat 2: josch2001 ($147 in chips)
josch2001: posts small blind $1
Ultrafranke: posts big blind $3
*** HOLE CARDS ***
josch2001: raises $3 to $6
Ultrafranke: calls $3
*** FLOP *** [5d 3s 7d]
Ultrafranke: checks
josch2001: bets $3
Ultrafranke: calls $3
*** TURN *** [5d 3s 7d] [3h]
Ultrafranke: checks
josch2001: bets $6
Ultrafranke: calls $6
*** RIVER *** [5d 3s 7d 3h] [4h]
Ultrafranke: checks
josch2001: bets $6
Ultrafranke: folds
Uncalled bet ($6) returned to josch2001
josch2001 collected $29.50 from pot
josch2001: doesn't show hand
*** SUMMARY ***
Total pot $30 | Rake $0.50
Board [5d 3s 7d 3h 4h]
Seat 1: Ultrafranke (big blind) folded on the River
Seat 2: josch2001 (button) (small blind) collected ($29.50)


PokerStars Hand #146552611072:  Hold'em Limit ($3/$6 USD) - 2016/01/06 3:34:51 ET
Table 'Olympia II' 2-max Seat #1 is the button
Seat 1: Ultrafranke ($83 in chips)
Seat 2: josch2001 ($183 in chips)
Ultrafranke: posts small blind $1
josch2001: posts big blind $3
*** HOLE CARDS ***
Ultrafranke: raises $3 to $6
josch2001: calls $3
*** FLOP *** [6d 7c 2s]
josch2001: checks
Ultrafranke: bets $3
josch2001: folds
Uncalled bet ($3) returned to Ultrafranke
Ultrafranke collected $11.76 from pot
Ultrafranke: doesn't show hand
*** SUMMARY ***
Total pot $12 | Rake $0.24
Board [6d 7c 2s]
Seat 1: Ultrafranke (button) (small blind) collected ($11.76)
Seat 2: josch2001 (big blind) folded on the Flop


PokerStars Hand #146552605793:  Hold'em Limit ($3/$6 USD) - 2016/01/06 3:34:36 ET
Table 'Olympia II' 2-max Seat #2 is the button
Seat 1: Ultrafranke ($104 in chips)
Seat 2: josch2001 ($162.50 in chips)
josch2001: posts small blind $1
Ultrafranke: posts big blind $3
*** HOLE CARDS ***
josch2001: raises $3 to $6
Ultrafranke: calls $3
*** FLOP *** [As 2c Td]
Ultrafranke: checks
josch2001: bets $3
Ultrafranke: calls $3
*** TURN *** [As 2c Td] [4s]
Ultrafranke: checks
josch2001: bets $6
Ultrafranke: calls $6
*** RIVER *** [As 2c Td 4s] [3h]
Ultrafranke: checks
josch2001: bets $6
Ultrafranke: calls $6
*** SHOW DOWN ***
josch2001: shows [9c Ac] (a pair of Aces)
Ultrafranke: mucks hand
josch2001 collected $41.50 from pot
*** SUMMARY ***
Total pot $42 | Rake $0.50
Board [As 2c Td 4s 3h]
Seat 1: Ultrafranke (big blind) mucked
Seat 2: josch2001 (button) (small blind) showed [9c Ac] and won ($41.50) with a pair of Aces


PokerStars Hand #146552617572:  Hold'em Limit ($3/$6 USD) - 2016/01/06 3:35:10 ET
Table 'Olympia II' 2-max Seat #2 is the button
Seat 1: Ultrafranke ($88.76 in chips)
Seat 2: josch2001 ($177 in chips)
josch2001: posts small blind $1
Ultrafranke: posts big blind $3
*** HOLE CARDS ***
josch2001: raises $3 to $6
Ultrafranke: calls $3
*** FLOP *** [Tc 6s 7c]
Ultrafranke: checks
josch2001: bets $3
Ultrafranke: calls $3
*** TURN *** [Tc 6s 7c] [6h]
Ultrafranke: checks
josch2001: bets $6
Ultrafranke: calls $6
*** RIVER *** [Tc 6s 7c 6h] [8c]
Ultrafranke: checks
josch2001: checks
*** SHOW DOWN ***
Ultrafranke: shows [Ks 3s] (a pair of Sixes)
josch2001: shows [Qc Ad] (a pair of Sixes - Ace kicker)
josch2001 collected $29.50 from pot
*** SUMMARY ***
Total pot $30 | Rake $0.50
Board [Tc 6s 7c 6h 8c]
Seat 1: Ultrafranke (big blind) showed [Ks 3s] and lost with a pair of Sixes
Seat 2: josch2001 (button) (small blind) showed [Qc Ad] and won ($29.50) with a pair of Sixes


PokerStars Hand #146552632375:  Hold'em Limit ($3/$6 USD) - 2016/01/06 3:35:52 ET
Table 'Olympia II' 2-max Seat #1 is the button
Seat 1: Ultrafranke ($80.52 in chips)
Seat 2: josch2001 ($184.50 in chips)
Ultrafranke: posts small blind $1
josch2001: posts big blind $3
*** HOLE CARDS ***
Ultrafranke: folds
Uncalled bet ($2) returned to josch2001
josch2001 collected $2 from pot
josch2001: doesn't show hand
*** SUMMARY ***
Total pot $2 | Rake $0
Seat 1: Ultrafranke (button) (small blind) folded before Flop
Seat 2: josch2001 (big blind) collected ($2)


PokerStars Hand #146552629806:  Hold'em Limit ($3/$6 USD) - 2016/01/06 3:35:45 ET
Table 'Olympia II' 2-max Seat #2 is the button
Seat 1: Ultrafranke ($79.52 in chips)
Seat 2: josch2001 ($185.50 in chips)
josch2001: posts small blind $1
Ultrafranke: posts big blind $3
*** HOLE CARDS ***
josch2001: folds
Uncalled bet ($2) returned to Ultrafranke
Ultrafranke collected $2 from pot
Ultrafranke: doesn't show hand
*** SUMMARY ***
Total pot $2 | Rake $0
Seat 1: Ultrafranke (big blind) collected ($2)
Seat 2: josch2001 (button) (small blind) folded before Flop


PokerStars Hand #146552623244:  Hold'em Limit ($3/$6 USD) - 2016/01/06 3:35:26 ET
Table 'Olympia II' 2-max Seat #1 is the button
Seat 1: Ultrafranke ($73.76 in chips)
Seat 2: josch2001 ($191.50 in chips)
Ultrafranke: posts small blind $1
josch2001: posts big blind $3
*** HOLE CARDS ***
Ultrafranke: raises $3 to $6
josch2001: calls $3
*** FLOP *** [5d 2c Qs]
josch2001: checks
Ultrafranke: checks
*** TURN *** [5d 2c Qs] [9h]
josch2001: checks
Ultrafranke: bets $6
josch2001: folds
Uncalled bet ($6) returned to Ultrafranke
Ultrafranke collected $11.76 from pot
Ultrafranke: doesn't show hand
*** SUMMARY ***
Total pot $12 | Rake $0.24
Board [5d 2c Qs 9h]
Seat 1: Ultrafranke (button) (small blind) collected ($11.76)
Seat 2: josch2001 (big blind) folded on the Turn


PokerStars Hand #146552634120:  Hold'em Limit ($3/$6 USD) - 2016/01/06 3:35:57 ET
Table 'Olympia II' 2-max Seat #2 is the button
Seat 1: Ultrafranke ($79.52 in chips)
Seat 2: josch2001 ($185.50 in chips)
josch2001: posts small blind $1
Ultrafranke: posts big blind $3
*** HOLE CARDS ***
josch2001: raises $3 to $6
Ultrafranke: calls $3
*** FLOP *** [8s Jh As]
Ultrafranke: checks
josch2001: bets $3
Ultrafranke: calls $3
*** TURN *** [8s Jh As] [Ks]
Ultrafranke: checks
josch2001: bets $6
Ultrafranke: calls $6
*** RIVER *** [8s Jh As Ks] [Qs]
Ultrafranke: checks
josch2001: checks
*** SHOW DOWN ***
Ultrafranke: shows [Ts 8h] (a flush, Ace high)
josch2001: mucks hand
Ultrafranke collected $29.50 from pot
*** SUMMARY ***
Total pot $30 | Rake $0.50
Board [8s Jh As Ks Qs]
Seat 1: Ultrafranke (big blind) showed [Ts 8h] and won ($29.50) with a flush, Ace high
Seat 2: josch2001 (button) (small blind) mucked


PokerStars Hand #146552644642:  Hold'em Limit ($3/$6 USD) - 2016/01/06 3:36:26 ET
Table 'Olympia II' 2-max Seat #2 is the button
Seat 1: Ultrafranke ($76.02 in chips)
Seat 2: josch2001 ($188 in chips)
josch2001: posts small blind $1
Ultrafranke: posts big blind $3
*** HOLE CARDS ***
josch2001: raises $3 to $6
Ultrafranke: folds
Uncalled bet ($3) returned to josch2001
josch2001 collected $6 from pot
josch2001: doesn't show hand
*** SUMMARY ***
Total pot $6 | Rake $0
Seat 1: Ultrafranke (big blind) folded before Flop
Seat 2: josch2001 (button) (small blind) collected ($6)


PokerStars Hand #146552639111:  Hold'em Limit ($3/$6 USD) - 2016/01/06 3:36:11 ET
Table 'Olympia II' 2-max Seat #1 is the button
Seat 1: Ultrafranke ($94.02 in chips)
Seat 2: josch2001 ($170.50 in chips)
Ultrafranke: posts small blind $1
josch2001: posts big blind $3
*** HOLE CARDS ***
Ultrafranke: raises $3 to $6
josch2001: calls $3
*** FLOP *** [7h 2c 3c]
josch2001: checks
Ultrafranke: checks
*** TURN *** [7h 2c 3c] [Qc]
josch2001: bets $6
Ultrafranke: calls $6
*** RIVER *** [7h 2c 3c Qc] [4c]
josch2001: bets $6
Ultrafranke: calls $6
*** SHOW DOWN ***
josch2001: shows [3d 5s] (a pair of Threes)
Ultrafranke: mucks hand
josch2001 collected $35.50 from pot
*** SUMMARY ***
Total pot $36 | Rake $0.50
Board [7h 2c 3c Qc 4c]
Seat 1: Ultrafranke (button) (small blind) mucked
Seat 2: josch2001 (big blind) showed [3d 5s] and won ($35.50) with a pair of Threes


PokerStars Hand #146552646974:  Hold'em Limit ($3/$6 USD) - 2016/01/06 3:36:33 ET
Table 'Olympia II' 2-max Seat #1 is the button
Seat 1: Ultrafranke ($73.02 in chips)
Seat 2: josch2001 ($191 in chips)
Ultrafranke: posts small blind $1
josch2001: posts big blind $3
*** HOLE CARDS ***
Ultrafranke: raises $3 to $6
josch2001: raises $3 to $9
Ultrafranke: calls $3
*** FLOP *** [Kh 2s 6s]
josch2001: bets $3
Ultrafranke: calls $3
*** TURN *** [Kh 2s 6s] [Ts]
josch2001: bets $6
Ultrafranke: calls $6
*** RIVER *** [Kh 2s 6s Ts] [2d]
josch2001: bets $6
Ultrafranke: raises $6 to $12
josch2001: folds
Uncalled bet ($6) returned to Ultrafranke
Ultrafranke collected $47.50 from pot
Ultrafranke: doesn't show hand
*** SUMMARY ***
Total pot $48 | Rake $0.50
Board [Kh 2s 6s Ts 2d]
Seat 1: Ultrafranke (button) (small blind) collected ($47.50)
Seat 2: josch2001 (big blind) folded on the River


PokerStars Hand #146552671326:  Hold'em Limit ($3/$6 USD) - 2016/01/06 3:37:42 ET
Table 'Olympia II' 2-max Seat #2 is the button
Seat 1: Ultrafranke ($63.52 in chips)
Seat 2: josch2001 ($199.14 in chips)
josch2001: posts small blind $1
Ultrafranke: posts big blind $3
*** HOLE CARDS ***
josch2001: raises $3 to $6
Ultrafranke: calls $3
*** FLOP *** [5h 3h Th]
Ultrafranke: checks
josch2001: bets $3
Ultrafranke: calls $3
*** TURN *** [5h 3h Th] [5c]
Ultrafranke: checks
josch2001: bets $6
Ultrafranke: raises $6 to $12
josch2001: folds
Uncalled bet ($6) returned to Ultrafranke
Ultrafranke collected $29.50 from pot
Ultrafranke: doesn't show hand
*** SUMMARY ***
Total pot $30 | Rake $0.50
Board [5h 3h Th 5c]
Seat 1: Ultrafranke (big blind) collected ($29.50)
Seat 2: josch2001 (button) (small blind) folded on the Turn


PokerStars Hand #146552668348:  Hold'em Limit ($3/$6 USD) - 2016/01/06 3:37:33 ET
Table 'Olympia II' 2-max Seat #1 is the button
Seat 1: Ultrafranke ($72.52 in chips)
Seat 2: josch2001 ($190.50 in chips)
Ultrafranke: posts small blind $1
josch2001: posts big blind $3
*** HOLE CARDS ***
Ultrafranke: raises $3 to $6
josch2001: raises $3 to $9
Ultrafranke: calls $3
*** FLOP *** [Kc Kd 3s]
josch2001: bets $3
Ultrafranke: folds
Uncalled bet ($3) returned to josch2001
josch2001 collected $17.64 from pot
josch2001: doesn't show hand
*** SUMMARY ***
Total pot $18 | Rake $0.36
Board [Kc Kd 3s]
Seat 1: Ultrafranke (button) (small blind) folded on the Flop
Seat 2: josch2001 (big blind) collected ($17.64)


PokerStars Hand #146552660449:  Hold'em Limit ($3/$6 USD) - 2016/01/06 3:37:11 ET
Table 'Olympia II' 2-max Seat #2 is the button
Seat 1: Ultrafranke ($96.52 in chips)
Seat 2: josch2001 ($167 in chips)
josch2001: posts small blind $1
Ultrafranke: posts big blind $3
*** HOLE CARDS ***
josch2001: raises $3 to $6
Ultrafranke: calls $3
*** FLOP *** [9c 5h Ac]
Ultrafranke: bets $3
josch2001: raises $3 to $6
Ultrafranke: calls $3
*** TURN *** [9c 5h Ac] [Ks]
Ultrafranke: checks
josch2001: bets $6
Ultrafranke: calls $6
*** RIVER *** [9c 5h Ac Ks] [4s]
Ultrafranke: checks
josch2001: bets $6
Ultrafranke: calls $6
*** SHOW DOWN ***
josch2001: shows [As 7h] (a pair of Aces)
Ultrafranke: mucks hand
josch2001 collected $47.50 from pot
*** SUMMARY ***
Total pot $48 | Rake $0.50
Board [9c 5h Ac Ks 4s]
Seat 1: Ultrafranke (big blind) mucked
Seat 2: josch2001 (button) (small blind) showed [As 7h] and won ($47.50) with a pair of Aces


PokerStars Hand #146552675698:  Hold'em Limit ($3/$6 USD) - 2016/01/06 3:37:54 ET
Table 'Olympia II' 2-max Seat #1 is the button
Seat 1: Ultrafranke ($78.02 in chips)
Seat 2: josch2001 ($184.14 in chips)
Ultrafranke: posts small blind $1
josch2001: posts big blind $3
*** HOLE CARDS ***
Ultrafranke: raises $3 to $6
josch2001: calls $3
*** FLOP *** [9c Ad 5s]
josch2001: checks
Ultrafranke: bets $3
josch2001: calls $3
*** TURN *** [9c Ad 5s] [Jd]
josch2001: checks
Ultrafranke: checks
*** RIVER *** [9c Ad 5s Jd] [8c]
josch2001: bets $6
Ultrafranke: calls $6
*** SHOW DOWN ***
josch2001: shows [7d As] (a pair of Aces)
Ultrafranke: mucks hand
josch2001 collected $29.50 from pot
*** SUMMARY ***
Total pot $30 | Rake $0.50
Board [9c Ad 5s Jd 8c]
Seat 1: Ultrafranke (button) (small blind) mucked
Seat 2: josch2001 (big blind) showed [7d As] and won ($29.50) with a pair of Aces


PokerStars Hand #146552694071:  Hold'em Limit ($3/$6 USD) - 2016/01/06 3:38:46 ET
Table 'Olympia II' 2-max Seat #1 is the button
Seat 1: Ultrafranke ($61.52 in chips)
Seat 2: josch2001 ($199.14 in chips)
Ultrafranke: posts small blind $1
josch2001: posts big blind $3
*** HOLE CARDS ***
Ultrafranke: raises $3 to $6
josch2001: calls $3
*** FLOP *** [2s Kh Kd]
josch2001: checks
Ultrafranke: checks
*** TURN *** [2s Kh Kd] [Qd]
josch2001: bets $6
Ultrafranke: calls $6
*** RIVER *** [2s Kh Kd Qd] [Tc]
josch2001: checks
Ultrafranke: bets $6
josch2001: calls $6
*** SHOW DOWN ***
Ultrafranke: shows [5c 9h] (a pair of Kings)
josch2001: shows [2c Ts] (two pair, Kings and Tens)
josch2001 collected $35.50 from pot
*** SUMMARY ***
Total pot $36 | Rake $0.50
Board [2s Kh Kd Qd Tc]
Seat 1: Ultrafranke (button) (small blind) showed [5c 9h] and lost with a pair of Kings
Seat 2: josch2001 (big blind) showed [2c Ts] and won ($35.50) with two pair, Kings and Tens


PokerStars Hand #146552688735:  Hold'em Limit ($3/$6 USD) - 2016/01/06 3:38:32 ET
Table 'Olympia II' 2-max Seat #2 is the button
Seat 1: Ultrafranke ($82.52 in chips)
Seat 2: josch2001 ($178.64 in chips)
josch2001: posts small blind $1
Ultrafranke: posts big blind $3
*** HOLE CARDS ***
josch2001: raises $3 to $6
Ultrafranke: calls $3
*** FLOP *** [9c Jh As]
Ultrafranke: checks
josch2001: bets $3
Ultrafranke: calls $3
*** TURN *** [9c Jh As] [7d]
Ultrafranke: checks
josch2001: bets $6
Ultrafranke: calls $6
*** RIVER *** [9c Jh As 7d] [5h]
Ultrafranke: checks
josch2001: bets $6
Ultrafranke: calls $6
*** SHOW DOWN ***
josch2001: shows [5c 9s] (two pair, Nines and Fives)
Ultrafranke: mucks hand
josch2001 collected $41.50 from pot
*** SUMMARY ***
Total pot $42 | Rake $0.50
Board [9c Jh As 7d 5h]
Seat 1: Ultrafranke (big blind) mucked
Seat 2: josch2001 (button) (small blind) showed [5c 9s] and won ($41.50) with two pair, Nines and Fives


PokerStars Hand #146552687117:  Hold'em Limit ($3/$6 USD) - 2016/01/06 3:38:27 ET
Table 'Olympia II' 2-max Seat #1 is the button
Seat 1: Ultrafranke ($83.52 in chips)
Seat 2: josch2001 ($177.64 in chips)
Ultrafranke: posts small blind $1
josch2001: posts big blind $3
*** HOLE CARDS ***
Ultrafranke: folds
Uncalled bet ($2) returned to josch2001
josch2001 collected $2 from pot
josch2001: doesn't show hand
*** SUMMARY ***
Total pot $2 | Rake $0
Seat 1: Ultrafranke (button) (small blind) folded before Flop
Seat 2: josch2001 (big blind) collected ($2)


PokerStars Hand #146552681784:  Hold'em Limit ($3/$6 USD) - 2016/01/06 3:38:12 ET
Table 'Olympia II' 2-max Seat #2 is the button
Seat 1: Ultrafranke ($63.02 in chips)
Seat 2: josch2001 ($198.64 in chips)
josch2001: posts small blind $1
Ultrafranke: posts big blind $3
*** HOLE CARDS ***
josch2001: raises $3 to $6
Ultrafranke: calls $3
*** FLOP *** [Kd 6c Qh]
Ultrafranke: checks
josch2001: bets $3
Ultrafranke: calls $3
*** TURN *** [Kd 6c Qh] [3d]
Ultrafranke: checks
josch2001: bets $6
Ultrafranke: raises $6 to $12
josch2001: calls $6
*** RIVER *** [Kd 6c Qh 3d] [Ts]
Ultrafranke: bets $6
josch2001: folds
Uncalled bet ($6) returned to Ultrafranke
Ultrafranke collected $41.50 from pot
Ultrafranke: doesn't show hand
*** SUMMARY ***
Total pot $42 | Rake $0.50
Board [Kd 6c Qh 3d Ts]
Seat 1: Ultrafranke (big blind) collected ($41.50)
Seat 2: josch2001 (button) (small blind) folded on the River


PokerStars Hand #146552699027:  Hold'em Limit ($3/$6 USD) - 2016/01/06 3:39:00 ET
Table 'Olympia II' 2-max Seat #2 is the button
Seat 1: Ultrafranke ($43.52 in chips)
Seat 2: josch2001 ($216.64 in chips)
josch2001: posts small blind $1
Ultrafranke: posts big blind $3
*** HOLE CARDS ***
josch2001: folds
Uncalled bet ($2) returned to Ultrafranke
Ultrafranke collected $2 from pot
Ultrafranke: doesn't show hand
*** SUMMARY ***
Total pot $2 | Rake $0
Seat 1: Ultrafranke (big blind) collected ($2)
Seat 2: josch2001 (button) (small blind) folded before Flop


PokerStars Hand #146552711658:  Hold'em Limit ($3/$6 USD) - 2016/01/06 3:39:36 ET
Table 'Olympia II' 2-max Seat #1 is the button
Seat 1: Ultrafranke ($61.80 in chips)
Seat 2: josch2001 ($197.64 in chips)
Ultrafranke: posts small blind $1
josch2001: posts big blind $3
*** HOLE CARDS ***
Ultrafranke: raises $3 to $6
josch2001: calls $3
*** FLOP *** [8h Th 2h]
josch2001: checks
Ultrafranke: checks
*** TURN *** [8h Th 2h] [Ts]
josch2001: bets $6
Ultrafranke: calls $6
*** RIVER *** [8h Th 2h Ts] [Qh]
josch2001: checks
Ultrafranke: checks
*** SHOW DOWN ***
josch2001: shows [Qs 8c] (two pair, Queens and Tens)
Ultrafranke: shows [Ks 3h] (a flush, Queen high)
Ultrafranke collected $23.52 from pot
*** SUMMARY ***
Total pot $24 | Rake $0.48
Board [8h Th 2h Ts Qh]
Seat 1: Ultrafranke (button) (small blind) showed [Ks 3h] and won ($23.52) with a flush, Queen high
Seat 2: josch2001 (big blind) showed [Qs 8c] and lost with two pair, Queens and Tens


PokerStars Hand #146552706976:  Hold'em Limit ($3/$6 USD) - 2016/01/06 3:39:23 ET
Table 'Olympia II' 2-max Seat #2 is the button
Seat 1: Ultrafranke ($50.28 in chips)
Seat 2: josch2001 ($209.64 in chips)
josch2001: posts small blind $1
Ultrafranke: posts big blind $3
*** HOLE CARDS ***
josch2001: raises $3 to $6
Ultrafranke: raises $3 to $9
josch2001: calls $3
*** FLOP *** [Ah Td Qs]
Ultrafranke: bets $3
josch2001: calls $3
*** TURN *** [Ah Td Qs] [5c]
Ultrafranke: checks
josch2001: checks
*** RIVER *** [Ah Td Qs 5c] [2d]
Ultrafranke: bets $6
josch2001: folds
Uncalled bet ($6) returned to Ultrafranke
Ultrafranke collected $23.52 from pot
Ultrafranke: doesn't show hand
*** SUMMARY ***
Total pot $24 | Rake $0.48
Board [Ah Td Qs 5c 2d]
Seat 1: Ultrafranke (big blind) collected ($23.52)
Seat 2: josch2001 (button) (small blind) folded on the River


PokerStars Hand #146552700907:  Hold'em Limit ($3/$6 USD) - 2016/01/06 3:39:06 ET
Table 'Olympia II' 2-max Seat #1 is the button
Seat 1: Ultrafranke ($44.52 in chips)
Seat 2: josch2001 ($215.64 in chips)
Ultrafranke: posts small blind $1
josch2001: posts big blind $3
*** HOLE CARDS ***
Ultrafranke: raises $3 to $6
josch2001: calls $3
*** FLOP *** [Qc As 4c]
josch2001: checks
Ultrafranke: bets $3
josch2001: folds
Uncalled bet ($3) returned to Ultrafranke
Ultrafranke collected $11.76 from pot
Ultrafranke: doesn't show hand
*** SUMMARY ***
Total pot $12 | Rake $0.24
Board [Qc As 4c]
Seat 1: Ultrafranke (button) (small blind) collected ($11.76)
Seat 2: josch2001 (big blind) folded on the Flop


PokerStars Hand #146552716297:  Hold'em Limit ($3/$6 USD) - 2016/01/06 3:39:49 ET
Table 'Olympia II' 2-max Seat #2 is the button
Seat 1: Ultrafranke ($73.32 in chips)
Seat 2: josch2001 ($185.64 in chips)
josch2001: posts small blind $1
Ultrafranke: posts big blind $3
*** HOLE CARDS ***
josch2001: raises $3 to $6
Ultrafranke: calls $3
*** FLOP *** [3s Ts 6s]
Ultrafranke: checks
josch2001: bets $3
Ultrafranke: calls $3
*** TURN *** [3s Ts 6s] [Qc]
Ultrafranke: checks
josch2001: checks
*** RIVER *** [3s Ts 6s Qc] [6d]
Ultrafranke: bets $6
josch2001: folds
Uncalled bet ($6) returned to Ultrafranke
Ultrafranke collected $17.64 from pot
Ultrafranke: doesn't show hand
*** SUMMARY ***
Total pot $18 | Rake $0.36
Board [3s Ts 6s Qc 6d]
Seat 1: Ultrafranke (big blind) collected ($17.64)
Seat 2: josch2001 (button) (small blind) folded on the River


PokerStars Hand #146552721447:  Hold'em Limit ($3/$6 USD) - 2016/01/06 3:40:03 ET
Table 'Olympia II' 2-max Seat #1 is the button
Seat 1: Ultrafranke ($81.96 in chips)
Seat 2: josch2001 ($176.64 in chips)
Ultrafranke: posts small blind $1
josch2001: posts big blind $3
*** HOLE CARDS ***
Ultrafranke: raises $3 to $6
josch2001: calls $3
*** FLOP *** [9d 5c Qc]
josch2001: checks
Ultrafranke: bets $3
josch2001: calls $3
*** TURN *** [9d 5c Qc] [5d]
josch2001: checks
Ultrafranke: bets $6
josch2001: raises $6 to $12
Ultrafranke: calls $6
*** RIVER *** [9d 5c Qc 5d] [Ac]
josch2001: bets $6
Ultrafranke: calls $6
*** SHOW DOWN ***
josch2001: shows [7h 5s] (three of a kind, Fives)
Ultrafranke: mucks hand
josch2001 collected $53.50 from pot
*** SUMMARY ***
Total pot $54 | Rake $0.50
Board [9d 5c Qc 5d Ac]
Seat 1: Ultrafranke (button) (small blind) mucked
Seat 2: josch2001 (big blind) showed [7h 5s] and won ($53.50) with three of a kind, Fives


PokerStars Hand #146552735875:  Hold'em Limit ($3/$6 USD) - 2016/01/06 3:40:44 ET
Table 'Olympia II' 2-max Seat #2 is the button
Seat 1: Ultrafranke ($33.96 in chips)
Seat 2: josch2001 ($223.30 in chips)
josch2001: posts small blind $1
Ultrafranke: posts big blind $3
*** HOLE CARDS ***
josch2001: raises $3 to $6
Ultrafranke: calls $3
*** FLOP *** [Td 8d 9c]
Ultrafranke: bets $3
josch2001: calls $3
*** TURN *** [Td 8d 9c] [3s]
Ultrafranke: bets $6
josch2001: folds
Uncalled bet ($6) returned to Ultrafranke
Ultrafranke collected $17.64 from pot
Ultrafranke: doesn't show hand
*** SUMMARY ***
Total pot $18 | Rake $0.36
Board [Td 8d 9c 3s]
Seat 1: Ultrafranke (big blind) collected ($17.64)
Seat 2: josch2001 (button) (small blind) folded on the Turn


PokerStars Hand #146552730855:  Hold'em Limit ($3/$6 USD) - 2016/01/06 3:40:30 ET
Table 'Olympia II' 2-max Seat #1 is the button
Seat 1: Ultrafranke ($45.96 in chips)
Seat 2: josch2001 ($211.78 in chips)
Ultrafranke: posts small blind $1
josch2001: posts big blind $3
*** HOLE CARDS ***
Ultrafranke: raises $3 to $6
josch2001: raises $3 to $9
Ultrafranke: calls $3
*** FLOP *** [7s 9d Jc]
josch2001: bets $3
Ultrafranke: calls $3
*** TURN *** [7s 9d Jc] [2d]
josch2001: checks
Ultrafranke: checks
*** RIVER *** [7s 9d Jc 2d] [3d]
josch2001: checks
Ultrafranke: checks
*** SHOW DOWN ***
josch2001: shows [Kd Qs] (high card King)
Ultrafranke: mucks hand
josch2001 collected $23.52 from pot
*** SUMMARY ***
Total pot $24 | Rake $0.48
Board [7s 9d Jc 2d 3d]
Seat 1: Ultrafranke (button) (small blind) mucked
Seat 2: josch2001 (big blind) showed [Kd Qs] and won ($23.52) with high card King


PokerStars Hand #146552726477:  Hold'em Limit ($3/$6 USD) - 2016/01/06 3:40:18 ET
Table 'Olympia II' 2-max Seat #2 is the button
Seat 1: Ultrafranke ($54.96 in chips)
Seat 2: josch2001 ($203.14 in chips)
josch2001: posts small blind $1
Ultrafranke: posts big blind $3
*** HOLE CARDS ***
josch2001: raises $3 to $6
Ultrafranke: calls $3
*** FLOP *** [7h 9h Th]
Ultrafranke: checks
josch2001: bets $3
Ultrafranke: calls $3
*** TURN *** [7h 9h Th] [8h]
Ultrafranke: checks
josch2001: checks
*** RIVER *** [7h 9h Th 8h] [Kc]
Ultrafranke: checks
josch2001: checks
*** SHOW DOWN ***
Ultrafranke: shows [Tc Kd] (two pair, Kings and Tens)
josch2001: shows [3h 8s] (a flush, Ten high)
josch2001 collected $17.64 from pot
*** SUMMARY ***
Total pot $18 | Rake $0.36
Board [7h 9h Th 8h Kc]
Seat 1: Ultrafranke (big blind) showed [Tc Kd] and lost with two pair, Kings and Tens
Seat 2: josch2001 (button) (small blind) showed [3h 8s] and won ($17.64) with a flush, Ten high


PokerStars Hand #146552741004:  Hold'em Limit ($3/$6 USD) - 2016/01/06 3:40:58 ET
Table 'Olympia II' 2-max Seat #1 is the button
Seat 1: Ultrafranke ($42.60 in chips)
Seat 2: josch2001 ($214.30 in chips)
Ultrafranke: posts small blind $1
josch2001: posts big blind $3
*** HOLE CARDS ***
Ultrafranke: raises $3 to $6
josch2001: calls $3
*** FLOP *** [Jd 3s 3d]
josch2001: checks
Ultrafranke: checks
*** TURN *** [Jd 3s 3d] [4c]
josch2001: bets $6
Ultrafranke: folds
Uncalled bet ($6) returned to josch2001
josch2001 collected $11.76 from pot
josch2001: doesn't show hand
*** SUMMARY ***
Total pot $12 | Rake $0.24
Board [Jd 3s 3d 4c]
Seat 1: Ultrafranke (button) (small blind) folded on the Turn
Seat 2: josch2001 (big blind) collected ($11.76)


PokerStars Hand #146552744741:  Hold'em Limit ($3/$6 USD) - 2016/01/06 3:41:09 ET
Table 'Olympia II' 2-max Seat #2 is the button
Seat 1: Ultrafranke ($36.60 in chips)
Seat 2: josch2001 ($220.06 in chips)
josch2001: posts small blind $1
Ultrafranke: posts big blind $3
*** HOLE CARDS ***
josch2001: raises $3 to $6
Ultrafranke: raises $3 to $9
josch2001: calls $3
*** FLOP *** [9h 4s 7h]
Ultrafranke: bets $3
josch2001: calls $3
*** TURN *** [9h 4s 7h] [2d]
Ultrafranke: checks
josch2001: checks
*** RIVER *** [9h 4s 7h 2d] [Td]
Ultrafranke: bets $6
josch2001: folds
Uncalled bet ($6) returned to Ultrafranke
Ultrafranke collected $23.52 from pot
Ultrafranke: doesn't show hand
*** SUMMARY ***
Total pot $24 | Rake $0.48
Board [9h 4s 7h 2d Td]
Seat 1: Ultrafranke (big blind) collected ($23.52)
Seat 2: josch2001 (button) (small blind) folded on the River


PokerStars Hand #146552760003:  Hold'em Limit ($3/$6 USD) - 2016/01/06 3:41:52 ET
Table 'Olympia II' 2-max Seat #2 is the button
Seat 1: Ultrafranke ($34.76 in chips)
Seat 2: josch2001 ($220.56 in chips)
josch2001: posts small blind $1
Ultrafranke: posts big blind $3
*** HOLE CARDS ***
josch2001: raises $3 to $6
Ultrafranke: calls $3
*** FLOP *** [Ks Jh 3h]
Ultrafranke: checks
josch2001: bets $3
Ultrafranke: folds
Uncalled bet ($3) returned to josch2001
josch2001 collected $11.76 from pot
josch2001: doesn't show hand
*** SUMMARY ***
Total pot $12 | Rake $0.24
Board [Ks Jh 3h]
Seat 1: Ultrafranke (big blind) folded on the Flop
Seat 2: josch2001 (button) (small blind) collected ($11.76)


PokerStars Hand #146552756092:  Hold'em Limit ($3/$6 USD) - 2016/01/06 3:41:41 ET
Table 'Olympia II' 2-max Seat #1 is the button
Seat 1: Ultrafranke ($26.12 in chips)
Seat 2: josch2001 ($229.56 in chips)
Ultrafranke: posts small blind $1
josch2001: posts big blind $3
*** HOLE CARDS ***
Ultrafranke: raises $3 to $6
josch2001: calls $3
*** FLOP *** [2d 5c 4c]
josch2001: checks
Ultrafranke: bets $3
josch2001: calls $3
*** TURN *** [2d 5c 4c] [3s]
josch2001: checks
Ultrafranke: bets $6
josch2001: folds
Uncalled bet ($6) returned to Ultrafranke
Ultrafranke collected $17.64 from pot
Ultrafranke: doesn't show hand
*** SUMMARY ***
Total pot $18 | Rake $0.36
Board [2d 5c 4c 3s]
Seat 1: Ultrafranke (button) (small blind) collected ($17.64)
Seat 2: josch2001 (big blind) folded on the Turn


PokerStars Hand #146552751097:  Hold'em Limit ($3/$6 USD) - 2016/01/06 3:41:27 ET
Table 'Olympia II' 2-max Seat #2 is the button
Seat 1: Ultrafranke ($47.12 in chips)
Seat 2: josch2001 ($209.06 in chips)
josch2001: posts small blind $1
Ultrafranke: posts big blind $3
*** HOLE CARDS ***
josch2001: raises $3 to $6
Ultrafranke: calls $3
*** FLOP *** [7s 9d Td]
Ultrafranke: checks
josch2001: bets $3
Ultrafranke: calls $3
*** TURN *** [7s 9d Td] [Ks]
Ultrafranke: checks
josch2001: bets $6
Ultrafranke: calls $6
*** RIVER *** [7s 9d Td Ks] [3s]
Ultrafranke: checks
josch2001: bets $6
Ultrafranke: calls $6
*** SHOW DOWN ***
josch2001: shows [9h Th] (two pair, Tens and Nines)
Ultrafranke: mucks hand
josch2001 collected $41.50 from pot
*** SUMMARY ***
Total pot $42 | Rake $0.50
Board [7s 9d Td Ks 3s]
Seat 1: Ultrafranke (big blind) mucked
Seat 2: josch2001 (button) (small blind) showed [9h Th] and won ($41.50) with two pair, Tens and Nines


PokerStars Hand #146552768716:  Hold'em Limit ($3/$6 USD) - 2016/01/06 3:42:16 ET
Table 'Olympia II' 2-max Seat #1 is the button
Seat 1: Ultrafranke ($38.40 in chips)
Seat 2: josch2001 ($216.32 in chips)
Ultrafranke: posts small blind $1
josch2001: posts big blind $3
*** HOLE CARDS ***
Ultrafranke: folds
Uncalled bet ($2) returned to josch2001
josch2001 collected $2 from pot
josch2001: doesn't show hand
*** SUMMARY ***
Total pot $2 | Rake $0
Seat 1: Ultrafranke (button) (small blind) folded before Flop
Seat 2: josch2001 (big blind) collected ($2)


PokerStars Hand #146552767203:  Hold'em Limit ($3/$6 USD) - 2016/01/06 3:42:12 ET
Table 'Olympia II' 2-max Seat #2 is the button
Seat 1: Ultrafranke ($37.40 in chips)
Seat 2: josch2001 ($217.32 in chips)
josch2001: posts small blind $1
Ultrafranke: posts big blind $3
*** HOLE CARDS ***
josch2001: folds
Uncalled bet ($2) returned to Ultrafranke
Ultrafranke collected $2 from pot
Ultrafranke: doesn't show hand
*** SUMMARY ***
Total pot $2 | Rake $0
Seat 1: Ultrafranke (big blind) collected ($2)
Seat 2: josch2001 (button) (small blind) folded before Flop


PokerStars Hand #146552762857:  Hold'em Limit ($3/$6 USD) - 2016/01/06 3:42:00 ET
Table 'Olympia II' 2-max Seat #1 is the button
Seat 1: Ultrafranke ($28.76 in chips)
Seat 2: josch2001 ($226.32 in chips)
Ultrafranke: posts small blind $1
josch2001: posts big blind $3
*** HOLE CARDS ***
Ultrafranke: raises $3 to $6
josch2001: calls $3
*** FLOP *** [As Js 5c]
josch2001: checks
Ultrafranke: bets $3
josch2001: calls $3
*** TURN *** [As Js 5c] [Qc]
josch2001: checks
Ultrafranke: bets $6
josch2001: folds
Uncalled bet ($6) returned to Ultrafranke
Ultrafranke collected $17.64 from pot
Ultrafranke: doesn't show hand
*** SUMMARY ***
Total pot $18 | Rake $0.36
Board [As Js 5c Qc]
Seat 1: Ultrafranke (button) (small blind) collected ($17.64)
Seat 2: josch2001 (big blind) folded on the Turn


PokerStars Hand #146552749317:  Hold'em Limit ($3/$6 USD) - 2016/01/06 3:41:22 ET
Table 'Olympia II' 2-max Seat #1 is the button
Seat 1: Ultrafranke ($48.12 in chips)
Seat 2: josch2001 ($208.06 in chips)
Ultrafranke: posts small blind $1
josch2001: posts big blind $3
*** HOLE CARDS ***
Ultrafranke: folds
Uncalled bet ($2) returned to josch2001
josch2001 collected $2 from pot
josch2001: doesn't show hand
*** SUMMARY ***
Total pot $2 | Rake $0
Seat 1: Ultrafranke (button) (small blind) folded before Flop
Seat 2: josch2001 (big blind) collected ($2)


PokerStars Hand #146552782441:  Hold'em Limit ($3/$6 USD) - 2016/01/06 3:42:54 ET
Table 'Olympia II' 2-max Seat #1 is the button
Seat 1: Ultrafranke ($45.80 in chips)
Seat 2: josch2001 ($208.08 in chips)
Ultrafranke: posts small blind $1
josch2001: posts big blind $3
*** HOLE CARDS ***
Ultrafranke: raises $3 to $6
josch2001: raises $3 to $9
Ultrafranke: calls $3
*** FLOP *** [6c 6h 7d]
josch2001: bets $3
Ultrafranke: calls $3
*** TURN *** [6c 6h 7d] [Th]
josch2001: bets $6
Ultrafranke: calls $6
*** RIVER *** [6c 6h 7d Th] [6d]
josch2001: bets $6
Ultrafranke: folds
Uncalled bet ($6) returned to josch2001
josch2001 collected $35.50 from pot
josch2001: doesn't show hand
*** SUMMARY ***
Total pot $36 | Rake $0.50
Board [6c 6h 7d Th 6d]
Seat 1: Ultrafranke (button) (small blind) folded on the River
Seat 2: josch2001 (big blind) collected ($35.50)


PokerStars Hand #146552779502:  Hold'em Limit ($3/$6 USD) - 2016/01/06 3:42:46 ET
Table 'Olympia II' 2-max Seat #2 is the button
Seat 1: Ultrafranke ($51.80 in chips)
Seat 2: josch2001 ($202.32 in chips)
josch2001: posts small blind $1
Ultrafranke: posts big blind $3
*** HOLE CARDS ***
josch2001: raises $3 to $6
Ultrafranke: calls $3
*** FLOP *** [Th As Ks]
Ultrafranke: checks
josch2001: bets $3
Ultrafranke: folds
Uncalled bet ($3) returned to josch2001
josch2001 collected $11.76 from pot
josch2001: doesn't show hand
*** SUMMARY ***
Total pot $12 | Rake $0.24
Board [Th As Ks]
Seat 1: Ultrafranke (big blind) folded on the Flop
Seat 2: josch2001 (button) (small blind) collected ($11.76)


PokerStars Hand #146552775187:  Hold'em Limit ($3/$6 USD) - 2016/01/06 3:42:34 ET
Table 'Olympia II' 2-max Seat #1 is the button
Seat 1: Ultrafranke ($46.04 in chips)
Seat 2: josch2001 ($208.32 in chips)
Ultrafranke: posts small blind $1
josch2001: posts big blind $3
*** HOLE CARDS ***
Ultrafranke: raises $3 to $6
josch2001: calls $3
*** FLOP *** [Ac Kc As]
josch2001: checks
Ultrafranke: checks
*** TURN *** [Ac Kc As] [Qh]
josch2001: checks
Ultrafranke: checks
*** RIVER *** [Ac Kc As Qh] [7s]
josch2001: checks
Ultrafranke: checks
*** SHOW DOWN ***
josch2001: shows [6h 9c] (a pair of Aces)
Ultrafranke: shows [Ts 6s] (a pair of Aces - King+Queen+Ten kicker)
Ultrafranke collected $11.76 from pot
*** SUMMARY ***
Total pot $12 | Rake $0.24
Board [Ac Kc As Qh 7s]
Seat 1: Ultrafranke (button) (small blind) showed [Ts 6s] and won ($11.76) with a pair of Aces
Seat 2: josch2001 (big blind) showed [6h 9c] and lost with a pair of Aces


PokerStars Hand #146552770449:  Hold'em Limit ($3/$6 USD) - 2016/01/06 3:42:21 ET
Table 'Olympia II' 2-max Seat #2 is the button
Seat 1: Ultrafranke ($37.40 in chips)
Seat 2: josch2001 ($217.32 in chips)
josch2001: posts small blind $1
Ultrafranke: posts big blind $3
*** HOLE CARDS ***
josch2001: raises $3 to $6
Ultrafranke: calls $3
*** FLOP *** [Qh 9d 5d]
Ultrafranke: checks
josch2001: bets $3
Ultrafranke: calls $3
*** TURN *** [Qh 9d 5d] [6s]
Ultrafranke: checks
josch2001: checks
*** RIVER *** [Qh 9d 5d 6s] [2h]
Ultrafranke: bets $6
josch2001: folds
Uncalled bet ($6) returned to Ultrafranke
Ultrafranke collected $17.64 from pot
Ultrafranke: doesn't show hand
*** SUMMARY ***
Total pot $18 | Rake $0.36
Board [Qh 9d 5d 6s 2h]
Seat 1: Ultrafranke (big blind) collected ($17.64)
Seat 2: josch2001 (button) (small blind) folded on the River


PokerStars Hand #146552787763:  Hold'em Limit ($3/$6 USD) - 2016/01/06 3:43:09 ET
Table 'Olympia II' 2-max Seat #2 is the button
Seat 1: Ultrafranke ($27.80 in chips)
Seat 2: josch2001 ($225.58 in chips)
josch2001: posts small blind $1
Ultrafranke: posts big blind $3
*** HOLE CARDS ***
josch2001: raises $3 to $6
Ultrafranke: calls $3
*** FLOP *** [Ks Qh Js]
Ultrafranke: checks
josch2001: bets $3
Ultrafranke: calls $3
*** TURN *** [Ks Qh Js] [As]
Ultrafranke: checks
josch2001: checks
*** RIVER *** [Ks Qh Js As] [Kc]
Ultrafranke: bets $6
josch2001: calls $6
*** SHOW DOWN ***
Ultrafranke: shows [9d 4c] (a pair of Kings)
josch2001: shows [Qc 5h] (two pair, Kings and Queens)
josch2001 collected $29.50 from pot
*** SUMMARY ***
Total pot $30 | Rake $0.50
Board [Ks Qh Js As Kc]
Seat 1: Ultrafranke (big blind) showed [9d 4c] and lost with a pair of Kings
Seat 2: josch2001 (button) (small blind) showed [Qc 5h] and won ($29.50) with two pair, Kings and Queens


PokerStars Hand #146552809940:  Hold'em Limit ($3/$6 USD) - 2016/01/06 3:44:10 ET
Table 'Olympia II' 2-max Seat #1 is the button
Seat 1: Ultrafranke ($200.33 in chips)
Seat 2: josch2001 ($202.28 in chips)
Ultrafranke: posts small blind $1
josch2001: posts big blind $3
*** HOLE CARDS ***
Ultrafranke: raises $3 to $6
josch2001: calls $3
*** FLOP *** [7c Jh 5c]
josch2001: checks
Ultrafranke: checks
*** TURN *** [7c Jh 5c] [Th]
josch2001: bets $6
Ultrafranke: folds
Uncalled bet ($6) returned to josch2001
josch2001 collected $11.76 from pot
josch2001: doesn't show hand
*** SUMMARY ***
Total pot $12 | Rake $0.24
Board [7c Jh 5c Th]
Seat 1: Ultrafranke (button) (small blind) folded on the Turn
Seat 2: josch2001 (big blind) collected ($11.76)


PokerStars Hand #146552801196:  Hold'em Limit ($3/$6 USD) - 2016/01/06 3:43:46 ET
Table 'Olympia II' 2-max Seat #2 is the button
Seat 1: Ultrafranke ($176.83 in chips)
Seat 2: josch2001 ($226.28 in chips)
josch2001: posts small blind $1
Ultrafranke: posts big blind $3
*** HOLE CARDS ***
josch2001: raises $3 to $6
Ultrafranke: calls $3
*** FLOP *** [6d 4d Ks]
Ultrafranke: checks
josch2001: bets $3
Ultrafranke: raises $3 to $6
josch2001: calls $3
*** TURN *** [6d 4d Ks] [4s]
Ultrafranke: bets $6
josch2001: calls $6
*** RIVER *** [6d 4d Ks 4s] [7s]
Ultrafranke: bets $6
josch2001: calls $6
*** SHOW DOWN ***
Ultrafranke: shows [5d Kd] (two pair, Kings and Fours)
josch2001: mucks hand
Ultrafranke collected $47.50 from pot
*** SUMMARY ***
Total pot $48 | Rake $0.50
Board [6d 4d Ks 4s 7s]
Seat 1: Ultrafranke (big blind) showed [5d Kd] and won ($47.50) with two pair, Kings and Fours
Seat 2: josch2001 (button) (small blind) mucked


PokerStars Hand #146552799321:  Hold'em Limit ($3/$6 USD) - 2016/01/06 3:43:41 ET
Table 'Olympia II' 2-max Seat #1 is the button
Seat 1: Ultrafranke ($173.83 in chips)
Seat 2: josch2001 ($229.28 in chips)
Ultrafranke: posts small blind $1
josch2001: posts big blind $3
*** HOLE CARDS ***
Ultrafranke: raises $3 to $6
josch2001: folds
Uncalled bet ($3) returned to Ultrafranke
Ultrafranke collected $6 from pot
Ultrafranke: doesn't show hand
*** SUMMARY ***
Total pot $6 | Rake $0
Seat 1: Ultrafranke (button) (small blind) collected ($6)
Seat 2: josch2001 (big blind) folded before Flop


PokerStars Hand #146552793941:  Hold'em Limit ($3/$6 USD) - 2016/01/06 3:43:26 ET
Table 'Olympia II' 2-max Seat #2 is the button
Seat 1: Ultrafranke ($11.80 in chips)
Seat 2: josch2001 ($241.08 in chips)
josch2001: posts small blind $1
Ultrafranke: posts big blind $3
*** HOLE CARDS ***
josch2001: raises $3 to $6
Ultrafranke: calls $3
*** FLOP *** [2d Ah 6h]
Ultrafranke: checks
josch2001: bets $3
Ultrafranke: raises $2.80 to $5.80 and is all-in
josch2001: calls $2.80
*** TURN *** [2d Ah 6h] [9s]
*** RIVER *** [2d Ah 6h 9s] [Ac]
*** SHOW DOWN ***
Ultrafranke: shows [Ks 2h] (two pair, Aces and Deuces)
josch2001: shows [8c Ts] (a pair of Aces)
Ultrafranke collected $23.13 from pot
*** SUMMARY ***
Total pot $23.60 | Rake $0.47
Board [2d Ah 6h 9s Ac]
Seat 1: Ultrafranke (big blind) showed [Ks 2h] and won ($23.13) with two pair, Aces and Deuces
Seat 2: josch2001 (button) (small blind) showed [8c Ts] and lost with a pair of Aces


PokerStars Hand #146552831014:  Hold'em Limit ($3/$6 USD) - 2016/01/06 3:45:08 ET
Table 'Olympia II' 2-max Seat #1 is the button
Seat 1: Ultrafranke ($196.58 in chips)
Seat 2: josch2001 ($204.31 in chips)
Ultrafranke: posts small blind $1
josch2001: posts big blind $3
*** HOLE CARDS ***
Ultrafranke: raises $3 to $6
josch2001: calls $3
*** FLOP *** [Qc 5s Qh]
josch2001: checks
Ultrafranke: bets $3
josch2001: calls $3
*** TURN *** [Qc 5s Qh] [Ts]
josch2001: checks
Ultrafranke: checks
*** RIVER *** [Qc 5s Qh Ts] [7c]
josch2001: checks
Ultrafranke: bets $6
josch2001: calls $6
*** SHOW DOWN ***
Ultrafranke: shows [Ah Td] (two pair, Queens and Tens)
josch2001: mucks hand
Ultrafranke collected $29.50 from pot
*** SUMMARY ***
Total pot $30 | Rake $0.50
Board [Qc 5s Qh Ts 7c]
Seat 1: Ultrafranke (button) (small blind) showed [Ah Td] and won ($29.50) with two pair, Queens and Tens
Seat 2: josch2001 (big blind) mucked


PokerStars Hand #146552825837:  Hold'em Limit ($3/$6 USD) - 2016/01/06 3:44:54 ET
Table 'Olympia II' 2-max Seat #2 is the button
Seat 1: Ultrafranke ($182.08 in chips)
Seat 2: josch2001 ($219.31 in chips)
josch2001: posts small blind $1
Ultrafranke: posts big blind $3
*** HOLE CARDS ***
josch2001: raises $3 to $6
Ultrafranke: calls $3
*** FLOP *** [6s Ts Kc]
Ultrafranke: checks
josch2001: bets $3
Ultrafranke: calls $3
*** TURN *** [6s Ts Kc] [8h]
Ultrafranke: checks
josch2001: bets $6
Ultrafranke: calls $6
*** RIVER *** [6s Ts Kc 8h] [3d]
Ultrafranke: checks
josch2001: checks
*** SHOW DOWN ***
Ultrafranke: shows [Ks 4d] (a pair of Kings)
josch2001: mucks hand
Ultrafranke collected $29.50 from pot
*** SUMMARY ***
Total pot $30 | Rake $0.50
Board [6s Ts Kc 8h 3d]
Seat 1: Ultrafranke (big blind) showed [Ks 4d] and won ($29.50) with a pair of Kings
Seat 2: josch2001 (button) (small blind) mucked


PokerStars Hand #146552821752:  Hold'em Limit ($3/$6 USD) - 2016/01/06 3:44:42 ET
Table 'Olympia II' 2-max Seat #1 is the button
Seat 1: Ultrafranke ($194.08 in chips)
Seat 2: josch2001 ($207.79 in chips)
Ultrafranke: posts small blind $1
josch2001: posts big blind $3
*** HOLE CARDS ***
Ultrafranke: raises $3 to $6
josch2001: calls $3
*** FLOP *** [5d 3h Td]
josch2001: checks
Ultrafranke: bets $3
josch2001: raises $3 to $6
Ultrafranke: calls $3
*** TURN *** [5d 3h Td] [2d]
josch2001: bets $6
Ultrafranke: folds
Uncalled bet ($6) returned to josch2001
josch2001 collected $23.52 from pot
josch2001: doesn't show hand
*** SUMMARY ***
Total pot $24 | Rake $0.48
Board [5d 3h Td 2d]
Seat 1: Ultrafranke (button) (small blind) folded on the Turn
Seat 2: josch2001 (big blind) collected ($23.52)


PokerStars Hand #146552813765:  Hold'em Limit ($3/$6 USD) - 2016/01/06 3:44:21 ET
Table 'Olympia II' 2-max Seat #2 is the button
Seat 1: Ultrafranke ($194.33 in chips)
Seat 2: josch2001 ($208.04 in chips)
josch2001: posts small blind $1
Ultrafranke: posts big blind $3
*** HOLE CARDS ***
josch2001: raises $3 to $6
Ultrafranke: calls $3
*** FLOP *** [3h 3d 6d]
Ultrafranke: checks
josch2001: checks
*** TURN *** [3h 3d 6d] [7s]
Ultrafranke: checks
josch2001: bets $6
Ultrafranke: calls $6
*** RIVER *** [3h 3d 6d 7s] [As]
Ultrafranke: checks
josch2001: bets $6
Ultrafranke: calls $6
*** SHOW DOWN ***
josch2001: shows [7c Js] (two pair, Sevens and Threes)
Ultrafranke: shows [7d Jh] (two pair, Sevens and Threes)
Ultrafranke collected $17.75 from pot
josch2001 collected $17.75 from pot
*** SUMMARY ***
Total pot $36 | Rake $0.50
Board [3h 3d 6d 7s As]
Seat 1: Ultrafranke (big blind) showed [7d Jh] and won ($17.75) with two pair, Sevens and Threes
Seat 2: josch2001 (button) (small blind) showed [7c Js] and won ($17.75) with two pair, Sevens and Threes


PokerStars Hand #146552820046:  Hold'em Limit ($3/$6 USD) - 2016/01/06 3:44:37 ET
Table 'Olympia II' 2-max Seat #2 is the button
Seat 1: Ultrafranke ($193.08 in chips)
Seat 2: josch2001 ($208.79 in chips)
josch2001: posts small blind $1
Ultrafranke: posts big blind $3
*** HOLE CARDS ***
josch2001: folds
Uncalled bet ($2) returned to Ultrafranke
Ultrafranke collected $2 from pot
Ultrafranke: doesn't show hand
*** SUMMARY ***
Total pot $2 | Rake $0
Seat 1: Ultrafranke (big blind) collected ($2)
Seat 2: josch2001 (button) (small blind) folded before Flop


PokerStars Hand #146552818349:  Hold'em Limit ($3/$6 USD) - 2016/01/06 3:44:33 ET
Table 'Olympia II' 2-max Seat #1 is the button
Seat 1: Ultrafranke ($194.08 in chips)
Seat 2: josch2001 ($207.79 in chips)
Ultrafranke: posts small blind $1
josch2001: posts big blind $3
*** HOLE CARDS ***
Ultrafranke: folds
Uncalled bet ($2) returned to josch2001
josch2001 collected $2 from pot
josch2001: doesn't show hand
*** SUMMARY ***
Total pot $2 | Rake $0
Seat 1: Ultrafranke (button) (small blind) folded before Flop
Seat 2: josch2001 (big blind) collected ($2)


PokerStars Hand #146552851668:  Hold'em Limit ($3/$6 USD) - 2016/01/06 3:46:04 ET
Table 'Olympia II' 2-max Seat #2 is the button
Seat 1: Ultrafranke ($218.48 in chips)
Seat 2: josch2001 ($181.07 in chips)
josch2001: posts small blind $1
Ultrafranke: posts big blind $3
*** HOLE CARDS ***
josch2001: raises $3 to $6
Ultrafranke: calls $3
*** FLOP *** [Qd 9h 2d]
Ultrafranke: checks
josch2001: bets $3
Ultrafranke: calls $3
*** TURN *** [Qd 9h 2d] [Kh]
Ultrafranke: checks
josch2001: bets $6
Ultrafranke: calls $6
*** RIVER *** [Qd 9h 2d Kh] [Jh]
Ultrafranke: checks
josch2001: bets $6
Ultrafranke: calls $6
*** SHOW DOWN ***
josch2001: shows [9c 9d] (three of a kind, Nines)
Ultrafranke: mucks hand
josch2001 collected $41.50 from pot
*** SUMMARY ***
Total pot $42 | Rake $0.50
Board [Qd 9h 2d Kh Jh]
Seat 1: Ultrafranke (big blind) mucked
Seat 2: josch2001 (button) (small blind) showed [9c 9d] and won ($41.50) with three of a kind, Nines


PokerStars Hand #146552847425:  Hold'em Limit ($3/$6 USD) - 2016/01/06 3:45:52 ET
Table 'Olympia II' 2-max Seat #1 is the button
Seat 1: Ultrafranke ($212.72 in chips)
Seat 2: josch2001 ($187.07 in chips)
Ultrafranke: posts small blind $1
josch2001: posts big blind $3
*** HOLE CARDS ***
Ultrafranke: raises $3 to $6
josch2001: calls $3
*** FLOP *** [7s Ac Ah]
josch2001: checks
Ultrafranke: checks
*** TURN *** [7s Ac Ah] [Th]
josch2001: checks
Ultrafranke: bets $6
josch2001: folds
Uncalled bet ($6) returned to Ultrafranke
Ultrafranke collected $11.76 from pot
Ultrafranke: doesn't show hand
*** SUMMARY ***
Total pot $12 | Rake $0.24
Board [7s Ac Ah Th]
Seat 1: Ultrafranke (button) (small blind) collected ($11.76)
Seat 2: josch2001 (big blind) folded on the Turn


PokerStars Hand #146552839309:  Hold'em Limit ($3/$6 USD) - 2016/01/06 3:45:30 ET
Table 'Olympia II' 2-max Seat #1 is the button
Seat 1: Ultrafranke ($205.08 in chips)
Seat 2: josch2001 ($195.07 in chips)
Ultrafranke: posts small blind $1
josch2001: posts big blind $3
*** HOLE CARDS ***
Ultrafranke: folds
Uncalled bet ($2) returned to josch2001
josch2001 collected $2 from pot
josch2001: doesn't show hand
*** SUMMARY ***
Total pot $2 | Rake $0
Seat 1: Ultrafranke (button) (small blind) folded before Flop
Seat 2: josch2001 (big blind) collected ($2)


PokerStars Hand #146552836224:  Hold'em Limit ($3/$6 USD) - 2016/01/06 3:45:22 ET
Table 'Olympia II' 2-max Seat #2 is the button
Seat 1: Ultrafranke ($211.08 in chips)
Seat 2: josch2001 ($189.31 in chips)
josch2001: posts small blind $1
Ultrafranke: posts big blind $3
*** HOLE CARDS ***
josch2001: raises $3 to $6
Ultrafranke: calls $3
*** FLOP *** [Qd 6c 6h]
Ultrafranke: checks
josch2001: bets $3
Ultrafranke: folds
Uncalled bet ($3) returned to josch2001
josch2001 collected $11.76 from pot
josch2001: doesn't show hand
*** SUMMARY ***
Total pot $12 | Rake $0.24
Board [Qd 6c 6h]
Seat 1: Ultrafranke (big blind) folded on the Flop
Seat 2: josch2001 (button) (small blind) collected ($11.76)


PokerStars Hand #146552841023:  Hold'em Limit ($3/$6 USD) - 2016/01/06 3:45:35 ET
Table 'Olympia II' 2-max Seat #2 is the button
Seat 1: Ultrafranke ($204.08 in chips)
Seat 2: josch2001 ($196.07 in chips)
josch2001: posts small blind $1
Ultrafranke: posts big blind $3
*** HOLE CARDS ***
josch2001: raises $3 to $6
Ultrafranke: calls $3
*** FLOP *** [7c 3d 9h]
Ultrafranke: checks
josch2001: bets $3
Ultrafranke: calls $3
*** TURN *** [7c 3d 9h] [Th]
Ultrafranke: checks
josch2001: checks
*** RIVER *** [7c 3d 9h Th] [2d]
Ultrafranke: bets $6
josch2001: folds
Uncalled bet ($6) returned to Ultrafranke
Ultrafranke collected $17.64 from pot
Ultrafranke: doesn't show hand
*** SUMMARY ***
Total pot $18 | Rake $0.36
Board [7c 3d 9h Th 2d]
Seat 1: Ultrafranke (big blind) collected ($17.64)
Seat 2: josch2001 (button) (small blind) folded on the River


PokerStars Hand #146552862595:  Hold'em Limit ($3/$6 USD) - 2016/01/06 3:46:34 ET
Table 'Olympia II' 2-max Seat #2 is the button
Seat 1: Ultrafranke ($220.98 in chips)
Seat 2: josch2001 ($177.57 in chips)
josch2001: posts small blind $1
Ultrafranke: posts big blind $3
*** HOLE CARDS ***
josch2001: raises $3 to $6
Ultrafranke: folds
Uncalled bet ($3) returned to josch2001
josch2001 collected $6 from pot
josch2001: doesn't show hand
*** SUMMARY ***
Total pot $6 | Rake $0
Seat 1: Ultrafranke (big blind) folded before Flop
Seat 2: josch2001 (button) (small blind) collected ($6)


PokerStars Hand #146552879210:  Hold'em Limit ($3/$6 USD) - 2016/01/06 3:47:08 ET
Table 'Olympia II' 2-max Seat #1 is the button
Seat 1: Ultrafranke ($202.73 in chips)
Seat 2: josch2001 ($194.82 in chips)
Ultrafranke: posts small blind $1
josch2001: posts big blind $3
*** HOLE CARDS ***
Ultrafranke: raises $3 to $6
josch2001: calls $3
*** FLOP *** [7s 6c 6h]
josch2001: checks
Ultrafranke: checks
*** TURN *** [7s 6c 6h] [As]
josch2001: checks
Ultrafranke: bets $6
josch2001: raises $6 to $12
Ultrafranke: folds
Uncalled bet ($6) returned to josch2001
josch2001 collected $23.52 from pot
josch2001: doesn't show hand
*** SUMMARY ***
Total pot $24 | Rake $0.48
Board [7s 6c 6h As]
Seat 1: Ultrafranke (button) (small blind) folded on the Turn
Seat 2: josch2001 (big blind) collected ($23.52)


PokerStars Hand #146552870299:  Hold'em Limit ($3/$6 USD) - 2016/01/06 3:46:55 ET
Table 'Olympia II' 2-max Seat #2 is the button
Seat 1: Ultrafranke ($217.73 in chips)
Seat 2: josch2001 ($180.32 in chips)
josch2001: posts small blind $1
Ultrafranke: posts big blind $3
*** HOLE CARDS ***
josch2001: raises $3 to $6
Ultrafranke: calls $3
*** FLOP *** [8d Kd 9s]
Ultrafranke: bets $3
josch2001: calls $3
*** TURN *** [8d Kd 9s] [Js]
Ultrafranke: checks
josch2001: bets $6
Ultrafranke: calls $6
*** RIVER *** [8d Kd 9s Js] [5d]
Ultrafranke: checks
josch2001: checks
*** SHOW DOWN ***
Ultrafranke: shows [4s 8s] (a pair of Eights)
josch2001: shows [9d 6h] (a pair of Nines)
josch2001 collected $29.50 from pot
*** SUMMARY ***
Total pot $30 | Rake $0.50
Board [8d Kd 9s Js 5d]
Seat 1: Ultrafranke (big blind) showed [4s 8s] and lost with a pair of Eights
Seat 2: josch2001 (button) (small blind) showed [9d 6h] and won ($29.50) with a pair of Nines


PokerStars Hand #146552857286:  Hold'em Limit ($3/$6 USD) - 2016/01/06 3:46:19 ET
Table 'Olympia II' 2-max Seat #1 is the button
Seat 1: Ultrafranke ($197.48 in chips)
Seat 2: josch2001 ($201.57 in chips)
Ultrafranke: posts small blind $1
josch2001: posts big blind $3
*** HOLE CARDS ***
Ultrafranke: raises $3 to $6
josch2001: raises $3 to $9
Ultrafranke: calls $3
*** FLOP *** [As 5d 6h]
josch2001: bets $3
Ultrafranke: calls $3
*** TURN *** [As 5d 6h] [Th]
josch2001: checks
Ultrafranke: bets $6
josch2001: calls $6
*** RIVER *** [As 5d 6h Th] [Tc]
josch2001: checks
Ultrafranke: bets $6
josch2001: calls $6
*** SHOW DOWN ***
Ultrafranke: shows [9d Ad] (two pair, Aces and Tens)
josch2001: mucks hand
Ultrafranke collected $47.50 from pot
*** SUMMARY ***
Total pot $48 | Rake $0.50
Board [As 5d 6h Th Tc]
Seat 1: Ultrafranke (button) (small blind) showed [9d Ad] and won ($47.50) with two pair, Aces and Tens
Seat 2: josch2001 (big blind) mucked


PokerStars Hand #146552864822:  Hold'em Limit ($3/$6 USD) - 2016/01/06 3:46:40 ET
Table 'Olympia II' 2-max Seat #1 is the button
Seat 1: Ultrafranke ($217.98 in chips)
Seat 2: josch2001 ($180.57 in chips)
Ultrafranke: posts small blind $1
josch2001: posts big blind $3
*** HOLE CARDS ***
Ultrafranke: raises $3 to $6
josch2001: calls $3
*** FLOP *** [As 6c Kd]
josch2001: checks
Ultrafranke: checks
*** TURN *** [As 6c Kd] [Kc]
josch2001: checks
Ultrafranke: bets $6
josch2001: raises $6 to $12
Ultrafranke: calls $6
*** RIVER *** [As 6c Kd Kc] [Qc]
josch2001: bets $6
Ultrafranke: calls $6
*** SHOW DOWN ***
josch2001: shows [Ks 9c] (three of a kind, Kings)
Ultrafranke: shows [7d Kh] (three of a kind, Kings)
josch2001 collected $23.75 from pot
Ultrafranke collected $23.75 from pot
*** SUMMARY ***
Total pot $48 | Rake $0.50
Board [As 6c Kd Kc Qc]
Seat 1: Ultrafranke (button) (small blind) showed [7d Kh] and won ($23.75) with three of a kind, Kings
Seat 2: josch2001 (big blind) showed [Ks 9c] and won ($23.75) with three of a kind, Kings


PokerStars Hand #146552891909:  Hold'em Limit ($3/$6 USD) - 2016/01/06 3:47:30 ET
Table 'Olympia II' 2-max Seat #1 is the button
Seat 1: Ultrafranke ($184.73 in chips)
Seat 2: josch2001 ($212.10 in chips)
Ultrafranke: posts small blind $1
josch2001: posts big blind $3
*** HOLE CARDS ***
Ultrafranke: raises $3 to $6
josch2001: calls $3
*** FLOP *** [Qd 7s 9s]
josch2001: checks
Ultrafranke: checks
*** TURN *** [Qd 7s 9s] [9h]
josch2001: bets $6
Ultrafranke: raises $6 to $12
josch2001: folds
Uncalled bet ($6) returned to Ultrafranke
Ultrafranke collected $23.52 from pot
Ultrafranke: doesn't show hand
*** SUMMARY ***
Total pot $24 | Rake $0.48
Board [Qd 7s 9s 9h]
Seat 1: Ultrafranke (button) (small blind) collected ($23.52)
Seat 2: josch2001 (big blind) folded on the Turn


PokerStars Hand #146552905810:  Hold'em Limit ($3/$6 USD) - 2016/01/06 3:48:03 ET
Table 'Olympia II' 2-max Seat #1 is the button
Seat 1: Ultrafranke ($197.89 in chips)
Seat 2: josch2001 ($197.86 in chips)
Ultrafranke: posts small blind $1
josch2001: posts big blind $3
*** HOLE CARDS ***
Ultrafranke: folds
Uncalled bet ($2) returned to josch2001
josch2001 collected $2 from pot
josch2001: doesn't show hand
*** SUMMARY ***
Total pot $2 | Rake $0
Seat 1: Ultrafranke (button) (small blind) folded before Flop
Seat 2: josch2001 (big blind) collected ($2)


PokerStars Hand #146552902309:  Hold'em Limit ($3/$6 USD) - 2016/01/06 3:47:54 ET
Table 'Olympia II' 2-max Seat #2 is the button
Seat 1: Ultrafranke ($189.25 in chips)
Seat 2: josch2001 ($206.86 in chips)
josch2001: posts small blind $1
Ultrafranke: posts big blind $3
*** HOLE CARDS ***
josch2001: raises $3 to $6
Ultrafranke: raises $3 to $9
josch2001: calls $3
*** FLOP *** [6c Qs Qc]
Ultrafranke: bets $3
josch2001: folds
Uncalled bet ($3) returned to Ultrafranke
Ultrafranke collected $17.64 from pot
Ultrafranke: doesn't show hand
*** SUMMARY ***
Total pot $18 | Rake $0.36
Board [6c Qs Qc]
Seat 1: Ultrafranke (big blind) collected ($17.64)
Seat 2: josch2001 (button) (small blind) folded on the Flop


PokerStars Hand #146552900618:  Hold'em Limit ($3/$6 USD) - 2016/01/06 3:47:50 ET
Table 'Olympia II' 2-max Seat #1 is the button
Seat 1: Ultrafranke ($190.25 in chips)
Seat 2: josch2001 ($205.86 in chips)
Ultrafranke: posts small blind $1
josch2001: posts big blind $3
*** HOLE CARDS ***
Ultrafranke: folds
Uncalled bet ($2) returned to josch2001
josch2001 collected $2 from pot
josch2001: doesn't show hand
*** SUMMARY ***
Total pot $2 | Rake $0
Seat 1: Ultrafranke (button) (small blind) folded before Flop
Seat 2: josch2001 (big blind) collected ($2)


PokerStars Hand #146552897058:  Hold'em Limit ($3/$6 USD) - 2016/01/06 3:47:41 ET
Table 'Olympia II' 2-max Seat #2 is the button
Seat 1: Ultrafranke ($196.25 in chips)
Seat 2: josch2001 ($200.10 in chips)
josch2001: posts small blind $1
Ultrafranke: posts big blind $3
*** HOLE CARDS ***
josch2001: raises $3 to $6
Ultrafranke: calls $3
*** FLOP *** [Ac 3d Jc]
Ultrafranke: checks
josch2001: bets $3
Ultrafranke: folds
Uncalled bet ($3) returned to josch2001
josch2001 collected $11.76 from pot
josch2001: doesn't show hand
*** SUMMARY ***
Total pot $12 | Rake $0.24
Board [Ac 3d Jc]
Seat 1: Ultrafranke (big blind) folded on the Flop
Seat 2: josch2001 (button) (small blind) collected ($11.76)


PokerStars Hand #146552887329:  Hold'em Limit ($3/$6 USD) - 2016/01/06 3:47:22 ET
Table 'Olympia II' 2-max Seat #2 is the button
Seat 1: Ultrafranke ($190.73 in chips)
Seat 2: josch2001 ($206.34 in chips)
josch2001: posts small blind $1
Ultrafranke: posts big blind $3
*** HOLE CARDS ***
josch2001: raises $3 to $6
Ultrafranke: calls $3
*** FLOP *** [Ks 3c Ah]
Ultrafranke: checks
josch2001: bets $3
Ultrafranke: folds
Uncalled bet ($3) returned to josch2001
josch2001 collected $11.76 from pot
josch2001: doesn't show hand
*** SUMMARY ***
Total pot $12 | Rake $0.24
Board [Ks 3c Ah]
Seat 1: Ultrafranke (big blind) folded on the Flop
Seat 2: josch2001 (button) (small blind) collected ($11.76)


PokerStars Hand #146552907925:  Hold'em Limit ($3/$6 USD) - 2016/01/06 3:48:08 ET
Table 'Olympia II' 2-max Seat #2 is the button
Seat 1: Ultrafranke ($196.89 in chips)
Seat 2: josch2001 ($198.86 in chips)
josch2001: posts small blind $1
Ultrafranke: posts big blind $3
*** HOLE CARDS ***
josch2001: raises $3 to $6
Ultrafranke: calls $3
*** FLOP *** [Qc 8h 5s]
Ultrafranke: checks
josch2001: bets $3
Ultrafranke: calls $3
*** TURN *** [Qc 8h 5s] [9d]
Ultrafranke: checks
josch2001: bets $6
Ultrafranke: raises $6 to $12
josch2001: calls $6
*** RIVER *** [Qc 8h 5s 9d] [3h]
Ultrafranke: bets $6
josch2001: folds
Uncalled bet ($6) returned to Ultrafranke
Ultrafranke collected $41.50 from pot
Ultrafranke: doesn't show hand
*** SUMMARY ***
Total pot $42 | Rake $0.50
Board [Qc 8h 5s 9d 3h]
Seat 1: Ultrafranke (big blind) collected ($41.50)
Seat 2: josch2001 (button) (small blind) folded on the River


PokerStars Hand #146552928910:  Hold'em Limit ($3/$6 USD) - 2016/01/06 3:49:05 ET
Table 'Olympia II' 2-max Seat #2 is the button
Seat 1: Ultrafranke ($248.39 in chips)
Seat 2: josch2001 ($145.86 in chips)
josch2001: posts small blind $1
Ultrafranke: posts big blind $3
*** HOLE CARDS ***
josch2001: raises $3 to $6
Ultrafranke: calls $3
*** FLOP *** [7c Qs 7h]
Ultrafranke: checks
josch2001: bets $3
Ultrafranke: folds
Uncalled bet ($3) returned to josch2001
josch2001 collected $11.76 from pot
josch2001: doesn't show hand
*** SUMMARY ***
Total pot $12 | Rake $0.24
Board [7c Qs 7h]
Seat 1: Ultrafranke (big blind) folded on the Flop
Seat 2: josch2001 (button) (small blind) collected ($11.76)


PokerStars Hand #146552927113:  Hold'em Limit ($3/$6 USD) - 2016/01/06 3:49:00 ET
Table 'Olympia II' 2-max Seat #1 is the button
Seat 1: Ultrafranke ($249.39 in chips)
Seat 2: josch2001 ($144.86 in chips)
Ultrafranke: posts small blind $1
josch2001: posts big blind $3
*** HOLE CARDS ***
Ultrafranke: folds
Uncalled bet ($2) returned to josch2001
josch2001 collected $2 from pot
josch2001: doesn't show hand
*** SUMMARY ***
Total pot $2 | Rake $0
Seat 1: Ultrafranke (button) (small blind) folded before Flop
Seat 2: josch2001 (big blind) collected ($2)


PokerStars Hand #146552922567:  Hold'em Limit ($3/$6 USD) - 2016/01/06 3:48:47 ET
Table 'Olympia II' 2-max Seat #2 is the button
Seat 1: Ultrafranke ($234.89 in chips)
Seat 2: josch2001 ($159.86 in chips)
josch2001: posts small blind $1
Ultrafranke: posts big blind $3
*** HOLE CARDS ***
josch2001: raises $3 to $6
Ultrafranke: calls $3
*** FLOP *** [7s 2h Qs]
Ultrafranke: checks
josch2001: bets $3
Ultrafranke: calls $3
*** TURN *** [7s 2h Qs] [2d]
Ultrafranke: checks
josch2001: checks
*** RIVER *** [7s 2h Qs 2d] [Kc]
Ultrafranke: checks
josch2001: bets $6
Ultrafranke: calls $6
*** SHOW DOWN ***
josch2001: shows [6h 9s] (a pair of Deuces)
Ultrafranke: shows [6d 7d] (two pair, Sevens and Deuces)
Ultrafranke collected $29.50 from pot
*** SUMMARY ***
Total pot $30 | Rake $0.50
Board [7s 2h Qs 2d Kc]
Seat 1: Ultrafranke (big blind) showed [6d 7d] and won ($29.50) with two pair, Sevens and Deuces
Seat 2: josch2001 (button) (small blind) showed [6h 9s] and lost with a pair of Deuces


PokerStars Hand #146552916077:  Hold'em Limit ($3/$6 USD) - 2016/01/06 3:48:30 ET
Table 'Olympia II' 2-max Seat #1 is the button
Seat 1: Ultrafranke ($217.39 in chips)
Seat 2: josch2001 ($177.86 in chips)
Ultrafranke: posts small blind $1
josch2001: posts big blind $3
*** HOLE CARDS ***
Ultrafranke: raises $3 to $6
josch2001: calls $3
*** FLOP *** [Kh 7d 7c]
josch2001: checks
Ultrafranke: checks
*** TURN *** [Kh 7d 7c] [5h]
josch2001: bets $6
Ultrafranke: raises $6 to $12
josch2001: calls $6
*** RIVER *** [Kh 7d 7c 5h] [Td]
josch2001: checks
Ultrafranke: bets $6
josch2001: folds
Uncalled bet ($6) returned to Ultrafranke
Ultrafranke collected $35.50 from pot
Ultrafranke: doesn't show hand
*** SUMMARY ***
Total pot $36 | Rake $0.50
Board [Kh 7d 7c 5h Td]
Seat 1: Ultrafranke (button) (small blind) collected ($35.50)
Seat 2: josch2001 (big blind) folded on the River


PokerStars Hand #146552932165:  Hold'em Limit ($3/$6 USD) - 2016/01/06 3:49:13 ET
Table 'Olympia II' 2-max Seat #1 is the button
Seat 1: Ultrafranke ($242.39 in chips)
Seat 2: josch2001 ($151.62 in chips)
Ultrafranke: posts small blind $1
josch2001: posts big blind $3
*** HOLE CARDS ***
Ultrafranke: raises $3 to $6
josch2001: raises $3 to $9
Ultrafranke: calls $3
*** FLOP *** [9h 4h Kc]
josch2001: bets $3
Ultrafranke: calls $3
*** TURN *** [9h 4h Kc] [Ac]
josch2001: bets $6
Ultrafranke: calls $6
*** RIVER *** [9h 4h Kc Ac] [6s]
josch2001: bets $6
Ultrafranke: calls $6
*** SHOW DOWN ***
josch2001: shows [Ah Td] (a pair of Aces)
Ultrafranke: mucks hand
josch2001 collected $47.50 from pot
*** SUMMARY ***
Total pot $48 | Rake $0.50
Board [9h 4h Kc Ac 6s]
Seat 1: Ultrafranke (button) (small blind) mucked
Seat 2: josch2001 (big blind) showed [Ah Td] and won ($47.50) with a pair of Aces


PokerStars Hand #146552956899:  Hold'em Limit ($3/$6 USD) - 2016/01/06 3:50:19 ET
Table 'Olympia II' 2-max Seat #1 is the button
Seat 1: Ultrafranke ($228.41 in chips)
Seat 2: josch2001 ($163.64 in chips)
Ultrafranke: posts small blind $1
josch2001: posts big blind $3
*** HOLE CARDS ***
Ultrafranke: folds
Uncalled bet ($2) returned to josch2001
josch2001 collected $2 from pot
josch2001: doesn't show hand
*** SUMMARY ***
Total pot $2 | Rake $0
Seat 1: Ultrafranke (button) (small blind) folded before Flop
Seat 2: josch2001 (big blind) collected ($2)


PokerStars Hand #146552954398:  Hold'em Limit ($3/$6 USD) - 2016/01/06 3:50:12 ET
Table 'Olympia II' 2-max Seat #2 is the button
Seat 1: Ultrafranke ($231.41 in chips)
Seat 2: josch2001 ($160.64 in chips)
josch2001: posts small blind $1
Ultrafranke: posts big blind $3
*** HOLE CARDS ***
josch2001: raises $3 to $6
Ultrafranke: folds
Uncalled bet ($3) returned to josch2001
josch2001 collected $6 from pot
josch2001: doesn't show hand
*** SUMMARY ***
Total pot $6 | Rake $0
Seat 1: Ultrafranke (big blind) folded before Flop
Seat 2: josch2001 (button) (small blind) collected ($6)


PokerStars Hand #146552949094:  Hold'em Limit ($3/$6 USD) - 2016/01/06 3:49:58 ET
Table 'Olympia II' 2-max Seat #1 is the button
Seat 1: Ultrafranke ($243.41 in chips)
Seat 2: josch2001 ($149.12 in chips)
Ultrafranke: posts small blind $1
josch2001: posts big blind $3
*** HOLE CARDS ***
Ultrafranke: raises $3 to $6
josch2001: calls $3
*** FLOP *** [3d Ah 4d]
josch2001: checks
Ultrafranke: checks
*** TURN *** [3d Ah 4d] [7d]
josch2001: bets $6
Ultrafranke: calls $6
*** RIVER *** [3d Ah 4d 7d] [9c]
josch2001: bets $6
Ultrafranke: folds
Uncalled bet ($6) returned to josch2001
josch2001 collected $23.52 from pot
josch2001: doesn't show hand
*** SUMMARY ***
Total pot $24 | Rake $0.48
Board [3d Ah 4d 7d 9c]
Seat 1: Ultrafranke (button) (small blind) folded on the River
Seat 2: josch2001 (big blind) collected ($23.52)


PokerStars Hand #146552941482:  Hold'em Limit ($3/$6 USD) - 2016/01/06 3:49:38 ET
Table 'Olympia II' 2-max Seat #1 is the button
Seat 1: Ultrafranke ($229.91 in chips)
Seat 2: josch2001 ($163.12 in chips)
Ultrafranke: posts small blind $1
josch2001: posts big blind $3
*** HOLE CARDS ***
Ultrafranke: folds
Uncalled bet ($2) returned to josch2001
josch2001 collected $2 from pot
josch2001: doesn't show hand
*** SUMMARY ***
Total pot $2 | Rake $0
Seat 1: Ultrafranke (button) (small blind) folded before Flop
Seat 2: josch2001 (big blind) collected ($2)


PokerStars Hand #146552936938:  Hold'em Limit ($3/$6 USD) - 2016/01/06 3:49:26 ET
Table 'Olympia II' 2-max Seat #2 is the button
Seat 1: Ultrafranke ($218.39 in chips)
Seat 2: josch2001 ($175.12 in chips)
josch2001: posts small blind $1
Ultrafranke: posts big blind $3
*** HOLE CARDS ***
josch2001: raises $3 to $6
Ultrafranke: calls $3
*** FLOP *** [4h 8d 5c]
Ultrafranke: checks
josch2001: bets $3
Ultrafranke: raises $3 to $6
josch2001: calls $3
*** TURN *** [4h 8d 5c] [Td]
Ultrafranke: bets $6
josch2001: folds
Uncalled bet ($6) returned to Ultrafranke
Ultrafranke collected $23.52 from pot
Ultrafranke: doesn't show hand
*** SUMMARY ***
Total pot $24 | Rake $0.48
Board [4h 8d 5c Td]
Seat 1: Ultrafranke (big blind) collected ($23.52)
Seat 2: josch2001 (button) (small blind) folded on the Turn


PokerStars Hand #146552943184:  Hold'em Limit ($3/$6 USD) - 2016/01/06 3:49:43 ET
Table 'Olympia II' 2-max Seat #2 is the button
Seat 1: Ultrafranke ($228.91 in chips)
Seat 2: josch2001 ($164.12 in chips)
josch2001: posts small blind $1
Ultrafranke: posts big blind $3
*** HOLE CARDS ***
josch2001: raises $3 to $6
Ultrafranke: calls $3
*** FLOP *** [9h Qs Ks]
Ultrafranke: checks
josch2001: bets $3
Ultrafranke: calls $3
*** TURN *** [9h Qs Ks] [Qc]
Ultrafranke: checks
josch2001: bets $6
Ultrafranke: raises $6 to $12
josch2001: folds
Uncalled bet ($6) returned to Ultrafranke
Ultrafranke collected $29.50 from pot
Ultrafranke: doesn't show hand
*** SUMMARY ***
Total pot $30 | Rake $0.50
Board [9h Qs Ks Qc]
Seat 1: Ultrafranke (big blind) collected ($29.50)
Seat 2: josch2001 (button) (small blind) folded on the Turn


PokerStars Hand #146552974243:  Hold'em Limit ($3/$6 USD) - 2016/01/06 3:51:05 ET
Table 'Olympia II' 2-max Seat #1 is the button
Seat 1: Ultrafranke ($267.41 in chips)
Seat 2: josch2001 ($123.64 in chips)
Ultrafranke: posts small blind $1
josch2001: posts big blind $3
*** HOLE CARDS ***
Ultrafranke: raises $3 to $6
josch2001: calls $3
*** FLOP *** [9d As 8s]
josch2001: checks
Ultrafranke: checks
*** TURN *** [9d As 8s] [Kc]
josch2001: checks
Ultrafranke: bets $6
josch2001: calls $6
*** RIVER *** [9d As 8s Kc] [Ac]
josch2001: checks
Ultrafranke: bets $6
josch2001: calls $6
*** SHOW DOWN ***
Ultrafranke: shows [Th Jc] (a pair of Aces)
josch2001: shows [6h 9s] (two pair, Aces and Nines)
josch2001 collected $35.50 from pot
*** SUMMARY ***
Total pot $36 | Rake $0.50
Board [9d As 8s Kc Ac]
Seat 1: Ultrafranke (button) (small blind) showed [Th Jc] and lost with a pair of Aces
Seat 2: josch2001 (big blind) showed [6h 9s] and won ($35.50) with two pair, Aces and Nines


PokerStars Hand #146552967406:  Hold'em Limit ($3/$6 USD) - 2016/01/06 3:50:47 ET
Table 'Olympia II' 2-max Seat #1 is the button
Seat 1: Ultrafranke ($241.91 in chips)
Seat 2: josch2001 ($149.64 in chips)
Ultrafranke: posts small blind $1
josch2001: posts big blind $3
*** HOLE CARDS ***
Ultrafranke: folds
Uncalled bet ($2) returned to josch2001
josch2001 collected $2 from pot
josch2001: doesn't show hand
*** SUMMARY ***
Total pot $2 | Rake $0
Seat 1: Ultrafranke (button) (small blind) folded before Flop
Seat 2: josch2001 (big blind) collected ($2)


PokerStars Hand #146552965718:  Hold'em Limit ($3/$6 USD) - 2016/01/06 3:50:42 ET
Table 'Olympia II' 2-max Seat #2 is the button
Seat 1: Ultrafranke ($240.91 in chips)
Seat 2: josch2001 ($150.64 in chips)
josch2001: posts small blind $1
Ultrafranke: posts big blind $3
*** HOLE CARDS ***
josch2001: folds
Uncalled bet ($2) returned to Ultrafranke
Ultrafranke collected $2 from pot
Ultrafranke: doesn't show hand
*** SUMMARY ***
Total pot $2 | Rake $0
Seat 1: Ultrafranke (big blind) collected ($2)
Seat 2: josch2001 (button) (small blind) folded before Flop


PokerStars Hand #146552969164:  Hold'em Limit ($3/$6 USD) - 2016/01/06 3:50:51 ET
Table 'Olympia II' 2-max Seat #2 is the button
Seat 1: Ultrafranke ($240.91 in chips)
Seat 2: josch2001 ($150.64 in chips)
josch2001: posts small blind $1
Ultrafranke: posts big blind $3
*** HOLE CARDS ***
josch2001: raises $3 to $6
Ultrafranke: calls $3
*** FLOP *** [Ac 5s 6d]
Ultrafranke: checks
josch2001: bets $3
Ultrafranke: calls $3
*** TURN *** [Ac 5s 6d] [5c]
Ultrafranke: checks
josch2001: bets $6
Ultrafranke: raises $6 to $12
josch2001: calls $6
*** RIVER *** [Ac 5s 6d 5c] [9h]
Ultrafranke: bets $6
josch2001: calls $6
*** SHOW DOWN ***
Ultrafranke: shows [5d 8d] (three of a kind, Fives)
josch2001: mucks hand
Ultrafranke collected $53.50 from pot
*** SUMMARY ***
Total pot $54 | Rake $0.50
Board [Ac 5s 6d 5c 9h]
Seat 1: Ultrafranke (big blind) showed [5d 8d] and won ($53.50) with three of a kind, Fives
Seat 2: josch2001 (button) (small blind) mucked


PokerStars Hand #146552963961:  Hold'em Limit ($3/$6 USD) - 2016/01/06 3:50:38 ET
Table 'Olympia II' 2-max Seat #1 is the button
Seat 1: Ultrafranke ($241.91 in chips)
Seat 2: josch2001 ($149.64 in chips)
Ultrafranke: posts small blind $1
josch2001: posts big blind $3
*** HOLE CARDS ***
Ultrafranke: folds
Uncalled bet ($2) returned to josch2001
josch2001 collected $2 from pot
josch2001: doesn't show hand
*** SUMMARY ***
Total pot $2 | Rake $0
Seat 1: Ultrafranke (button) (small blind) folded before Flop
Seat 2: josch2001 (big blind) collected ($2)


PokerStars Hand #146552959170:  Hold'em Limit ($3/$6 USD) - 2016/01/06 3:50:25 ET
Table 'Olympia II' 2-max Seat #2 is the button
Seat 1: Ultrafranke ($227.41 in chips)
Seat 2: josch2001 ($164.64 in chips)
josch2001: posts small blind $1
Ultrafranke: posts big blind $3
*** HOLE CARDS ***
josch2001: raises $3 to $6
Ultrafranke: calls $3
*** FLOP *** [8h 4s 3d]
Ultrafranke: checks
josch2001: bets $3
Ultrafranke: calls $3
*** TURN *** [8h 4s 3d] [Js]
Ultrafranke: checks
josch2001: bets $6
Ultrafranke: calls $6
*** RIVER *** [8h 4s 3d Js] [2s]
Ultrafranke: checks
josch2001: checks
*** SHOW DOWN ***
Ultrafranke: shows [9h 8s] (a pair of Eights)
josch2001: mucks hand
Ultrafranke collected $29.50 from pot
*** SUMMARY ***
Total pot $30 | Rake $0.50
Board [8h 4s 3d Js 2s]
Seat 1: Ultrafranke (big blind) showed [9h 8s] and won ($29.50) with a pair of Eights
Seat 2: josch2001 (button) (small blind) mucked


PokerStars Hand #146552983966:  Hold'em Limit ($3/$6 USD) - 2016/01/06 3:51:31 ET
Table 'Olympia II' 2-max Seat #1 is the button
Seat 1: Ultrafranke ($240.41 in chips)
Seat 2: josch2001 ($149.78 in chips)
Ultrafranke: posts small blind $1
josch2001: posts big blind $3
*** HOLE CARDS ***
Ultrafranke: raises $3 to $6
josch2001: calls $3
*** FLOP *** [8s 9c 2d]
josch2001: checks
Ultrafranke: checks
*** TURN *** [8s 9c 2d] [5d]
josch2001: bets $6
Ultrafranke: calls $6
*** RIVER *** [8s 9c 2d 5d] [2s]
josch2001: bets $6
Ultrafranke: raises $6 to $12
josch2001 said, "lol"
josch2001: folds
Uncalled bet ($6) returned to Ultrafranke
Ultrafranke collected $35.50 from pot
Ultrafranke: doesn't show hand
*** SUMMARY ***
Total pot $36 | Rake $0.50
Board [8s 9c 2d 5d 2s]
Seat 1: Ultrafranke (button) (small blind) collected ($35.50)
Seat 2: josch2001 (big blind) folded on the River


PokerStars Hand #146552979662:  Hold'em Limit ($3/$6 USD) - 2016/01/06 3:51:19 ET
Table 'Olympia II' 2-max Seat #2 is the button
Seat 1: Ultrafranke ($249.41 in chips)
Seat 2: josch2001 ($141.14 in chips)
josch2001: posts small blind $1
Ultrafranke: posts big blind $3
*** HOLE CARDS ***
josch2001: raises $3 to $6
Ultrafranke: calls $3
*** FLOP *** [Jd 8c 7d]
Ultrafranke: checks
josch2001: bets $3
Ultrafranke: calls $3
*** TURN *** [Jd 8c 7d] [2c]
Ultrafranke: checks
josch2001: bets $6
Ultrafranke: folds
Uncalled bet ($6) returned to josch2001
josch2001 collected $17.64 from pot
josch2001: doesn't show hand
*** SUMMARY ***
Total pot $18 | Rake $0.36
Board [Jd 8c 7d 2c]
Seat 1: Ultrafranke (big blind) folded on the Turn
Seat 2: josch2001 (button) (small blind) collected ($17.64)


