PokerStars Hand #145975840899:  Hold'em Limit ($3/$6 USD) - 2015/12/26 19:31:46 ET
Table 'Olympia II' 2-max Seat #2 is the button
Seat 1: igmade ($120 in chips)
Seat 2: punkrott ($72 in chips)
punkrott: posts small blind $1
igmade: posts big blind $3
*** HOLE CARDS ***
punkrott: folds
Uncalled bet ($2) returned to igmade
igmade collected $2 from pot
*** SUMMARY ***
Total pot $2 | Rake $0
Seat 1: igmade (big blind) collected ($2)
Seat 2: punkrott (button) (small blind) folded before Flop


PokerStars Hand #145975873522:  Hold'em Limit ($3/$6 USD) - 2015/12/26 19:32:33 ET
Table 'Olympia II' 2-max Seat #2 is the button
Seat 1: igmade ($123.26 in chips)
Seat 2: punkrott ($67.50 in chips)
punkrott: posts small blind $1
igmade: posts big blind $3
*** HOLE CARDS ***
punkrott: raises $3 to $6
igmade: calls $3
*** FLOP *** [7d Kc 6c]
igmade: checks
punkrott: checks
*** TURN *** [7d Kc 6c] [2d]
igmade: checks
punkrott: bets $6
igmade: calls $6
*** RIVER *** [7d Kc 6c 2d] [Kh]
igmade: checks
punkrott: bets $6
igmade: folds
Uncalled bet ($6) returned to punkrott
punkrott collected $23.52 from pot
punkrott: doesn't show hand
*** SUMMARY ***
Total pot $24 | Rake $0.48
Board [7d Kc 6c 2d Kh]
Seat 1: igmade (big blind) folded on the River
Seat 2: punkrott (button) (small blind) collected ($23.52)


PokerStars Hand #145975862529:  Hold'em Limit ($3/$6 USD) - 2015/12/26 19:32:17 ET
Table 'Olympia II' 2-max Seat #1 is the button
Seat 1: igmade ($105.76 in chips)
Seat 2: punkrott ($85.50 in chips)
igmade: posts small blind $1
punkrott: posts big blind $3
*** HOLE CARDS ***
igmade: raises $3 to $6
punkrott: calls $3
*** FLOP *** [Jd 3s 9h]
punkrott: checks
igmade: bets $3
punkrott: raises $3 to $6
igmade: calls $3
*** TURN *** [Jd 3s 9h] [6s]
punkrott: checks
igmade: checks
*** RIVER *** [Jd 3s 9h 6s] [Qc]
punkrott: bets $6
igmade: calls $6
*** SHOW DOWN ***
punkrott: shows [5s Tc] (high card Queen)
igmade: shows [7s Ad] (high card Ace)
igmade collected $35.50 from pot
*** SUMMARY ***
Total pot $36 | Rake $0.50
Board [Jd 3s 9h 6s Qc]
Seat 1: igmade (button) (small blind) showed [7s Ad] and won ($35.50) with high card Ace
Seat 2: punkrott (big blind) showed [5s Tc] and lost with high card Queen


PokerStars Hand #145975850427:  Hold'em Limit ($3/$6 USD) - 2015/12/26 19:32:00 ET
Table 'Olympia II' 2-max Seat #2 is the button
Seat 1: igmade ($126.76 in chips)
Seat 2: punkrott ($65 in chips)
punkrott: posts small blind $1
igmade: posts big blind $3
*** HOLE CARDS ***
punkrott: raises $3 to $6
igmade: calls $3
*** FLOP *** [Ac 7d Th]
igmade: checks
punkrott: bets $3
igmade: calls $3
*** TURN *** [Ac 7d Th] [5h]
igmade: checks
punkrott: bets $6
igmade: calls $6
*** RIVER *** [Ac 7d Th 5h] [9c]
igmade: checks
punkrott: bets $6
igmade: calls $6
*** SHOW DOWN ***
punkrott: shows [Ts Qh] (a pair of Tens)
igmade: mucks hand
punkrott collected $41.50 from pot
*** SUMMARY ***
Total pot $42 | Rake $0.50
Board [Ac 7d Th 5h 9c]
Seat 1: igmade (big blind) mucked
Seat 2: punkrott (button) (small blind) showed [Ts Qh] and won ($41.50) with a pair of Tens


PokerStars Hand #145975843817:  Hold'em Limit ($3/$6 USD) - 2015/12/26 19:31:50 ET
Table 'Olympia II' 2-max Seat #1 is the button
Seat 1: igmade ($121 in chips)
Seat 2: punkrott ($71 in chips)
igmade: posts small blind $1
punkrott: posts big blind $3
*** HOLE CARDS ***
igmade: raises $3 to $6
punkrott: calls $3
*** FLOP *** [5h 7d 2h]
punkrott: checks
igmade: bets $3
punkrott: folds
Uncalled bet ($3) returned to igmade
igmade collected $11.76 from pot
igmade: doesn't show hand
*** SUMMARY ***
Total pot $12 | Rake $0.24
Board [5h 7d 2h]
Seat 1: igmade (button) (small blind) collected ($11.76)
Seat 2: punkrott (big blind) folded on the Flop


PokerStars Hand #145975890409:  Hold'em Limit ($3/$6 USD) - 2015/12/26 19:32:57 ET
Table 'Olympia II' 2-max Seat #2 is the button
Seat 1: igmade ($110.26 in chips)
Seat 2: punkrott ($80.02 in chips)
punkrott: posts small blind $1
igmade: posts big blind $3
*** HOLE CARDS ***
punkrott: folds
Uncalled bet ($2) returned to igmade
igmade collected $2 from pot
igmade: doesn't show hand
*** SUMMARY ***
Total pot $2 | Rake $0
Seat 1: igmade (big blind) collected ($2)
Seat 2: punkrott (button) (small blind) folded before Flop


PokerStars Hand #145975887319:  Hold'em Limit ($3/$6 USD) - 2015/12/26 19:32:53 ET
Table 'Olympia II' 2-max Seat #1 is the button
Seat 1: igmade ($111.26 in chips)
Seat 2: punkrott ($79.02 in chips)
igmade: posts small blind $1
punkrott: posts big blind $3
*** HOLE CARDS ***
igmade: folds
Uncalled bet ($2) returned to punkrott
punkrott collected $2 from pot
punkrott: doesn't show hand
*** SUMMARY ***
Total pot $2 | Rake $0
Seat 1: igmade (button) (small blind) folded before Flop
Seat 2: punkrott (big blind) collected ($2)


PokerStars Hand #145975919246:  Hold'em Limit ($3/$6 USD) - 2015/12/26 19:33:39 ET
Table 'Olympia II' 2-max Seat #2 is the button
Seat 1: igmade ($140.76 in chips)
Seat 2: punkrott ($49.02 in chips)
punkrott: posts small blind $1
igmade: posts big blind $3
*** HOLE CARDS ***
punkrott: raises $3 to $6
igmade: raises $3 to $9
punkrott: calls $3
*** FLOP *** [3d 5d 8s]
igmade: bets $3
punkrott: calls $3
*** TURN *** [3d 5d 8s] [3h]
igmade: bets $6
punkrott: folds
Uncalled bet ($6) returned to igmade
igmade collected $23.52 from pot
igmade: doesn't show hand
*** SUMMARY ***
Total pot $24 | Rake $0.48
Board [3d 5d 8s 3h]
Seat 1: igmade (big blind) collected ($23.52)
Seat 2: punkrott (button) (small blind) folded on the Turn


PokerStars Hand #145975900433:  Hold'em Limit ($3/$6 USD) - 2015/12/26 19:33:12 ET
Table 'Olympia II' 2-max Seat #1 is the button
Seat 1: igmade ($111.26 in chips)
Seat 2: punkrott ($79.02 in chips)
igmade: posts small blind $1
punkrott: posts big blind $3
*** HOLE CARDS ***
igmade: raises $3 to $6
punkrott: calls $3
*** FLOP *** [8h 6h 5c]
punkrott: checks
igmade: bets $3
punkrott: raises $3 to $6
igmade: raises $3 to $9
punkrott: raises $3 to $12
Betting is capped
igmade: calls $3
*** TURN *** [8h 6h 5c] [3c]
punkrott: bets $6
igmade: calls $6
*** RIVER *** [8h 6h 5c 3c] [Qh]
punkrott: checks
igmade: bets $6
punkrott: calls $6
*** SHOW DOWN ***
igmade: shows [Jd 8s] (a pair of Eights)
punkrott: mucks hand
igmade collected $59.50 from pot
*** SUMMARY ***
Total pot $60 | Rake $0.50
Board [8h 6h 5c 3c Qh]
Seat 1: igmade (button) (small blind) showed [Jd 8s] and won ($59.50) with a pair of Eights
Seat 2: punkrott (big blind) mucked


PokerStars Hand #145975896983:  Hold'em Limit ($3/$6 USD) - 2015/12/26 19:33:07 ET
Table 'Olympia II' 2-max Seat #2 is the button
Seat 1: igmade ($114.26 in chips)
Seat 2: punkrott ($76.02 in chips)
punkrott: posts small blind $1
igmade: posts big blind $3
*** HOLE CARDS ***
punkrott: raises $3 to $6
igmade: folds
Uncalled bet ($3) returned to punkrott
punkrott collected $6 from pot
punkrott: doesn't show hand
*** SUMMARY ***
Total pot $6 | Rake $0
Seat 1: igmade (big blind) folded before Flop
Seat 2: punkrott (button) (small blind) collected ($6)


PokerStars Hand #145975893427:  Hold'em Limit ($3/$6 USD) - 2015/12/26 19:33:02 ET
Table 'Olympia II' 2-max Seat #1 is the button
Seat 1: igmade ($111.26 in chips)
Seat 2: punkrott ($79.02 in chips)
igmade: posts small blind $1
punkrott: posts big blind $3
*** HOLE CARDS ***
igmade: raises $3 to $6
punkrott: folds
Uncalled bet ($3) returned to igmade
igmade collected $6 from pot
igmade: doesn't show hand
*** SUMMARY ***
Total pot $6 | Rake $0
Seat 1: igmade (button) (small blind) collected ($6)
Seat 2: punkrott (big blind) folded before Flop


PokerStars Hand #145975933430:  Hold'em Limit ($3/$6 USD) - 2015/12/26 19:34:00 ET
Table 'Olympia II' 2-max Seat #2 is the button
Seat 1: igmade ($143.28 in chips)
Seat 2: punkrott ($105.66 in chips)
punkrott: posts small blind $1
igmade: posts big blind $3
*** HOLE CARDS ***
punkrott: raises $3 to $6
igmade: raises $3 to $9
punkrott: calls $3
*** FLOP *** [Kc 5c Js]
igmade: bets $3
punkrott: calls $3
*** TURN *** [Kc 5c Js] [9h]
igmade: bets $6
punkrott: calls $6
*** RIVER *** [Kc 5c Js 9h] [3c]
igmade: bets $6
punkrott: calls $6
*** SHOW DOWN ***
igmade: shows [7c Td] (high card King)
punkrott: shows [9d Th] (a pair of Nines)
punkrott collected $47.50 from pot
*** SUMMARY ***
Total pot $48 | Rake $0.50
Board [Kc 5c Js 9h 3c]
Seat 1: igmade (big blind) showed [7c Td] and lost with high card King
Seat 2: punkrott (button) (small blind) showed [9d Th] and won ($47.50) with a pair of Nines


PokerStars Hand #145975927422:  Hold'em Limit ($3/$6 USD) - 2015/12/26 19:33:51 ET
Table 'Olympia II' 2-max Seat #1 is the button
Seat 1: igmade ($152.28 in chips)
Seat 2: punkrott ($97.02 in chips)
igmade: posts small blind $1
punkrott: posts big blind $3
*** HOLE CARDS ***
igmade: raises $3 to $6
punkrott: raises $3 to $9
igmade: calls $3
*** FLOP *** [2s Jd 2c]
punkrott: bets $3
igmade: folds
Uncalled bet ($3) returned to punkrott
punkrott collected $17.64 from pot
punkrott: doesn't show hand
*** SUMMARY ***
Total pot $18 | Rake $0.36
Board [2s Jd 2c]
Seat 1: igmade (button) (small blind) folded on the Flop
Seat 2: punkrott (big blind) collected ($17.64)


PokerStars Hand #145975961730:  Hold'em Limit ($3/$6 USD) - 2015/12/26 19:34:42 ET
Table 'Olympia II' 2-max Seat #1 is the button
Seat 1: igmade ($127.78 in chips)
Seat 2: punkrott ($119.92 in chips)
igmade: posts small blind $1
punkrott: posts big blind $3
*** HOLE CARDS ***
igmade: folds
Uncalled bet ($2) returned to punkrott
punkrott collected $2 from pot
punkrott: doesn't show hand
*** SUMMARY ***
Total pot $2 | Rake $0
Seat 1: igmade (button) (small blind) folded before Flop
Seat 2: punkrott (big blind) collected ($2)


PokerStars Hand #145975949281:  Hold'em Limit ($3/$6 USD) - 2015/12/26 19:34:24 ET
Table 'Olympia II' 2-max Seat #2 is the button
Seat 1: igmade ($113.28 in chips)
Seat 2: punkrott ($134.92 in chips)
punkrott: posts small blind $1
igmade: posts big blind $3
*** HOLE CARDS ***
punkrott: raises $3 to $6
igmade: calls $3
*** FLOP *** [Ad 2h 6s]
igmade: checks
punkrott: bets $3
igmade: calls $3
*** TURN *** [Ad 2h 6s] [Td]
igmade: checks
punkrott: checks
*** RIVER *** [Ad 2h 6s Td] [Jh]
igmade: bets $6
punkrott: calls $6
*** SHOW DOWN ***
igmade: shows [7s Tc] (a pair of Tens)
punkrott: mucks hand
igmade collected $29.50 from pot
*** SUMMARY ***
Total pot $30 | Rake $0.50
Board [Ad 2h 6s Td Jh]
Seat 1: igmade (big blind) showed [7s Tc] and won ($29.50) with a pair of Tens
Seat 2: punkrott (button) (small blind) mucked


PokerStars Hand #145975942266:  Hold'em Limit ($3/$6 USD) - 2015/12/26 19:34:13 ET
Table 'Olympia II' 2-max Seat #1 is the button
Seat 1: igmade ($119.28 in chips)
Seat 2: punkrott ($129.16 in chips)
igmade: posts small blind $1
punkrott: posts big blind $3
*** HOLE CARDS ***
igmade: raises $3 to $6
punkrott: calls $3
*** FLOP *** [8s Ts 4c]
punkrott: checks
igmade: checks
*** TURN *** [8s Ts 4c] [8c]
punkrott: bets $6
igmade: folds
Uncalled bet ($6) returned to punkrott
punkrott collected $11.76 from pot
punkrott: doesn't show hand
*** SUMMARY ***
Total pot $12 | Rake $0.24
Board [8s Ts 4c 8c]
Seat 1: igmade (button) (small blind) folded on the Turn
Seat 2: punkrott (big blind) collected ($11.76)


PokerStars Hand #145975979146:  Hold'em Limit ($3/$6 USD) - 2015/12/26 19:35:07 ET
Table 'Olympia II' 2-max Seat #1 is the button
Seat 1: igmade ($150.28 in chips)
Seat 2: punkrott ($96.92 in chips)
igmade: posts small blind $1
punkrott: posts big blind $3
*** HOLE CARDS ***
igmade: raises $3 to $6
punkrott: calls $3
*** FLOP *** [Kh Ah 7d]
punkrott: checks
igmade: bets $3
punkrott: folds
Uncalled bet ($3) returned to igmade
igmade collected $11.76 from pot
igmade: doesn't show hand
*** SUMMARY ***
Total pot $12 | Rake $0.24
Board [Kh Ah 7d]
Seat 1: igmade (button) (small blind) collected ($11.76)
Seat 2: punkrott (big blind) folded on the Flop


PokerStars Hand #145975964860:  Hold'em Limit ($3/$6 USD) - 2015/12/26 19:34:46 ET
Table 'Olympia II' 2-max Seat #2 is the button
Seat 1: igmade ($126.78 in chips)
Seat 2: punkrott ($120.92 in chips)
punkrott: posts small blind $1
igmade: posts big blind $3
*** HOLE CARDS ***
punkrott: raises $3 to $6
igmade: raises $3 to $9
punkrott: calls $3
*** FLOP *** [5h 7h 6h]
igmade: bets $3
punkrott: calls $3
*** TURN *** [5h 7h 6h] [As]
igmade: bets $6
punkrott: calls $6
*** RIVER *** [5h 7h 6h As] [Jd]
igmade: bets $6
punkrott: calls $6
*** SHOW DOWN ***
igmade: shows [Kh Qh] (a flush, King high)
punkrott: mucks hand
igmade collected $47.50 from pot
*** SUMMARY ***
Total pot $48 | Rake $0.50
Board [5h 7h 6h As Jd]
Seat 1: igmade (big blind) showed [Kh Qh] and won ($47.50) with a flush, King high
Seat 2: punkrott (button) (small blind) mucked


PokerStars Hand #145975985251:  Hold'em Limit ($3/$6 USD) - 2015/12/26 19:35:16 ET
Table 'Olympia II' 2-max Seat #2 is the button
Seat 1: igmade ($156.04 in chips)
Seat 2: punkrott ($90.92 in chips)
punkrott: posts small blind $1
igmade: posts big blind $3
*** HOLE CARDS ***
punkrott: raises $3 to $6
igmade: calls $3
*** FLOP *** [4c Kd 2c]
igmade: checks
punkrott: bets $3
igmade: folds
Uncalled bet ($3) returned to punkrott
punkrott collected $11.76 from pot
punkrott: doesn't show hand
*** SUMMARY ***
Total pot $12 | Rake $0.24
Board [4c Kd 2c]
Seat 1: igmade (big blind) folded on the Flop
Seat 2: punkrott (button) (small blind) collected ($11.76)


PokerStars Hand #145976001313:  Hold'em Limit ($3/$6 USD) - 2015/12/26 19:35:40 ET
Table 'Olympia II' 2-max Seat #1 is the button
Seat 1: igmade ($157.68 in chips)
Seat 2: punkrott ($88.68 in chips)
igmade: posts small blind $1
punkrott: posts big blind $3
*** HOLE CARDS ***
igmade: raises $3 to $6
punkrott: calls $3
*** FLOP *** [Qs Qc Qh]
punkrott: checks
igmade: bets $3
punkrott: folds
Uncalled bet ($3) returned to igmade
igmade collected $11.76 from pot
igmade: doesn't show hand
*** SUMMARY ***
Total pot $12 | Rake $0.24
Board [Qs Qc Qh]
Seat 1: igmade (button) (small blind) collected ($11.76)
Seat 2: punkrott (big blind) folded on the Flop


PokerStars Hand #145975995090:  Hold'em Limit ($3/$6 USD) - 2015/12/26 19:35:31 ET
Table 'Olympia II' 2-max Seat #2 is the button
Seat 1: igmade ($149.04 in chips)
Seat 2: punkrott ($97.68 in chips)
punkrott: posts small blind $1
igmade: posts big blind $3
*** HOLE CARDS ***
punkrott: raises $3 to $6
igmade: raises $3 to $9
punkrott: calls $3
*** FLOP *** [Qd 3c Qc]
igmade: bets $3
punkrott: folds
Uncalled bet ($3) returned to igmade
igmade collected $17.64 from pot
igmade: doesn't show hand
*** SUMMARY ***
Total pot $18 | Rake $0.36
Board [Qd 3c Qc]
Seat 1: igmade (big blind) collected ($17.64)
Seat 2: punkrott (button) (small blind) folded on the Flop


PokerStars Hand #145975992088:  Hold'em Limit ($3/$6 USD) - 2015/12/26 19:35:26 ET
Table 'Olympia II' 2-max Seat #1 is the button
Seat 1: igmade ($150.04 in chips)
Seat 2: punkrott ($96.68 in chips)
igmade: posts small blind $1
punkrott: posts big blind $3
*** HOLE CARDS ***
igmade: folds
Uncalled bet ($2) returned to punkrott
punkrott collected $2 from pot
punkrott: doesn't show hand
*** SUMMARY ***
Total pot $2 | Rake $0
Seat 1: igmade (button) (small blind) folded before Flop
Seat 2: punkrott (big blind) collected ($2)


PokerStars Hand #145976030218:  Hold'em Limit ($3/$6 USD) - 2015/12/26 19:36:22 ET
Table 'Olympia II' 2-max Seat #2 is the button
Seat 1: igmade ($136.08 in chips)
Seat 2: punkrott ($109.18 in chips)
punkrott: posts small blind $1
igmade: posts big blind $3
*** HOLE CARDS ***
punkrott: raises $3 to $6
igmade: calls $3
*** FLOP *** [Ts 3c 5s]
igmade: checks
punkrott: bets $3
igmade: calls $3
*** TURN *** [Ts 3c 5s] [Jc]
igmade: checks
punkrott: bets $6
igmade: folds
Uncalled bet ($6) returned to punkrott
punkrott collected $17.64 from pot
punkrott: doesn't show hand
*** SUMMARY ***
Total pot $18 | Rake $0.36
Board [Ts 3c 5s Jc]
Seat 1: igmade (big blind) folded on the Turn
Seat 2: punkrott (button) (small blind) collected ($17.64)


PokerStars Hand #145976007278:  Hold'em Limit ($3/$6 USD) - 2015/12/26 19:35:49 ET
Table 'Olympia II' 2-max Seat #2 is the button
Seat 1: igmade ($163.44 in chips)
Seat 2: punkrott ($82.68 in chips)
punkrott: posts small blind $1
igmade: posts big blind $3
*** HOLE CARDS ***
punkrott: raises $3 to $6
igmade: calls $3
*** FLOP *** [7s 4s Tc]
igmade: checks
punkrott: bets $3
igmade: raises $3 to $6
punkrott: calls $3
*** TURN *** [7s 4s Tc] [6s]
igmade: bets $6
punkrott: raises $6 to $12
igmade: raises $6 to $18
punkrott: calls $6
*** RIVER *** [7s 4s Tc 6s] [2s]
igmade: bets $6
punkrott: raises $6 to $12
igmade: folds
Uncalled bet ($6) returned to punkrott
punkrott collected $71.50 from pot
punkrott: doesn't show hand
*** SUMMARY ***
Total pot $72 | Rake $0.50
Board [7s 4s Tc 6s 2s]
Seat 1: igmade (big blind) folded on the River
Seat 2: punkrott (button) (small blind) collected ($71.50)


PokerStars Hand #145976022028:  Hold'em Limit ($3/$6 USD) - 2015/12/26 19:36:10 ET
Table 'Olympia II' 2-max Seat #1 is the button
Seat 1: igmade ($127.44 in chips)
Seat 2: punkrott ($118.18 in chips)
igmade: posts small blind $1
punkrott: posts big blind $3
*** HOLE CARDS ***
igmade: raises $3 to $6
punkrott: calls $3
*** FLOP *** [2c Tc 7h]
punkrott: checks
igmade: bets $3
punkrott: calls $3
*** TURN *** [2c Tc 7h] [8c]
punkrott: checks
igmade: bets $6
punkrott: folds
Uncalled bet ($6) returned to igmade
igmade collected $17.64 from pot
igmade: doesn't show hand
*** SUMMARY ***
Total pot $18 | Rake $0.36
Board [2c Tc 7h 8c]
Seat 1: igmade (button) (small blind) collected ($17.64)
Seat 2: punkrott (big blind) folded on the Turn


PokerStars Hand #145976039769:  Hold'em Limit ($3/$6 USD) - 2015/12/26 19:36:37 ET
Table 'Olympia II' 2-max Seat #1 is the button
Seat 1: igmade ($127.08 in chips)
Seat 2: punkrott ($117.82 in chips)
igmade: posts small blind $1
punkrott: posts big blind $3
*** HOLE CARDS ***
igmade: calls $2
punkrott: raises $3 to $6
igmade: calls $3
*** FLOP *** [9d Qh 6c]
punkrott: bets $3
igmade: calls $3
*** TURN *** [9d Qh 6c] [Ad]
punkrott: checks
igmade: checks
*** RIVER *** [9d Qh 6c Ad] [2s]
punkrott: checks
igmade: checks
*** SHOW DOWN ***
punkrott: shows [5d 5h] (a pair of Fives)
igmade: mucks hand
punkrott collected $17.64 from pot
*** SUMMARY ***
Total pot $18 | Rake $0.36
Board [9d Qh 6c Ad 2s]
Seat 1: igmade (button) (small blind) mucked
Seat 2: punkrott (big blind) showed [5d 5h] and won ($17.64) with a pair of Fives


PokerStars Hand #145976050159:  Hold'em Limit ($3/$6 USD) - 2015/12/26 19:36:52 ET
Table 'Olympia II' 2-max Seat #2 is the button
Seat 1: igmade ($118.08 in chips)
Seat 2: punkrott ($126.46 in chips)
punkrott: posts small blind $1
igmade: posts big blind $3
*** HOLE CARDS ***
punkrott: raises $3 to $6
igmade: calls $3
*** FLOP *** [Kd 6s 2c]
igmade: checks
punkrott: bets $3
igmade: calls $3
*** TURN *** [Kd 6s 2c] [9h]
igmade: checks
punkrott: checks
*** RIVER *** [Kd 6s 2c 9h] [6c]
igmade: checks
punkrott: bets $6
igmade: folds
Uncalled bet ($6) returned to punkrott
punkrott collected $17.64 from pot
punkrott: doesn't show hand
*** SUMMARY ***
Total pot $18 | Rake $0.36
Board [Kd 6s 2c 9h 6c]
Seat 1: igmade (big blind) folded on the River
Seat 2: punkrott (button) (small blind) collected ($17.64)


PokerStars Hand #145976069730:  Hold'em Limit ($3/$6 USD) - 2015/12/26 19:37:21 ET
Table 'Olympia II' 2-max Seat #2 is the button
Seat 1: igmade ($114.84 in chips)
Seat 2: punkrott ($129.10 in chips)
punkrott: posts small blind $1
igmade: posts big blind $3
*** HOLE CARDS ***
punkrott: folds
Uncalled bet ($2) returned to igmade
igmade collected $2 from pot
igmade: doesn't show hand
*** SUMMARY ***
Total pot $2 | Rake $0
Seat 1: igmade (big blind) collected ($2)
Seat 2: punkrott (button) (small blind) folded before Flop


PokerStars Hand #145976064187:  Hold'em Limit ($3/$6 USD) - 2015/12/26 19:37:13 ET
Table 'Olympia II' 2-max Seat #1 is the button
Seat 1: igmade ($109.08 in chips)
Seat 2: punkrott ($135.10 in chips)
igmade: posts small blind $1
punkrott: posts big blind $3
*** HOLE CARDS ***
igmade: raises $3 to $6
punkrott: calls $3
*** FLOP *** [5s 2c Ad]
punkrott: checks
igmade: bets $3
punkrott: folds
Uncalled bet ($3) returned to igmade
igmade collected $11.76 from pot
igmade: doesn't show hand
*** SUMMARY ***
Total pot $12 | Rake $0.24
Board [5s 2c Ad]
Seat 1: igmade (button) (small blind) collected ($11.76)
Seat 2: punkrott (big blind) folded on the Flop


PokerStars Hand #145976072497:  Hold'em Limit ($3/$6 USD) - 2015/12/26 19:37:25 ET
Table 'Olympia II' 2-max Seat #1 is the button
Seat 1: igmade ($115.84 in chips)
Seat 2: punkrott ($128.10 in chips)
igmade: posts small blind $1
punkrott: posts big blind $3
*** HOLE CARDS ***
igmade: raises $3 to $6
punkrott: calls $3
*** FLOP *** [Ts 8d 3h]
punkrott: checks
igmade: bets $3
punkrott: folds
Uncalled bet ($3) returned to igmade
igmade collected $11.76 from pot
igmade: doesn't show hand
*** SUMMARY ***
Total pot $12 | Rake $0.24
Board [Ts 8d 3h]
Seat 1: igmade (button) (small blind) collected ($11.76)
Seat 2: punkrott (big blind) folded on the Flop


PokerStars Hand #145976077799:  Hold'em Limit ($3/$6 USD) - 2015/12/26 19:37:33 ET
Table 'Olympia II' 2-max Seat #2 is the button
Seat 1: igmade ($121.60 in chips)
Seat 2: punkrott ($122.10 in chips)
punkrott: posts small blind $1
igmade: posts big blind $3
*** HOLE CARDS ***
punkrott: folds
Uncalled bet ($2) returned to igmade
igmade collected $2 from pot
igmade: doesn't show hand
*** SUMMARY ***
Total pot $2 | Rake $0
Seat 1: igmade (big blind) collected ($2)
Seat 2: punkrott (button) (small blind) folded before Flop


PokerStars Hand #145976080437:  Hold'em Limit ($3/$6 USD) - 2015/12/26 19:37:37 ET
Table 'Olympia II' 2-max Seat #1 is the button
Seat 1: igmade ($122.60 in chips)
Seat 2: punkrott ($121.10 in chips)
igmade: posts small blind $1
punkrott: posts big blind $3
*** HOLE CARDS ***
igmade: raises $3 to $6
punkrott: raises $3 to $9
igmade: calls $3
*** FLOP *** [6c 5h Qs]
punkrott: bets $3
igmade: raises $3 to $6
punkrott: calls $3
*** TURN *** [6c 5h Qs] [Jc]
punkrott: checks
igmade: bets $6
punkrott: calls $6
*** RIVER *** [6c 5h Qs Jc] [Qd]
punkrott: checks
igmade: bets $6
punkrott: folds
Uncalled bet ($6) returned to igmade
igmade collected $41.50 from pot
igmade: doesn't show hand
*** SUMMARY ***
Total pot $42 | Rake $0.50
Board [6c 5h Qs Jc Qd]
Seat 1: igmade (button) (small blind) collected ($41.50)
Seat 2: punkrott (big blind) folded on the River


PokerStars Hand #145976095161:  Hold'em Limit ($3/$6 USD) - 2015/12/26 19:37:59 ET
Table 'Olympia II' 2-max Seat #2 is the button
Seat 1: igmade ($143.10 in chips)
Seat 2: punkrott ($100.10 in chips)
punkrott: posts small blind $1
igmade: posts big blind $3
*** HOLE CARDS ***
punkrott: raises $3 to $6
igmade: calls $3
*** FLOP *** [Th 6s Qc]
igmade: checks
punkrott: checks
*** TURN *** [Th 6s Qc] [Jd]
igmade: bets $6
punkrott: calls $6
*** RIVER *** [Th 6s Qc Jd] [2h]
igmade: bets $6
punkrott: calls $6
*** SHOW DOWN ***
igmade: shows [9c Qs] (a pair of Queens)
punkrott: mucks hand
igmade collected $35.50 from pot
*** SUMMARY ***
Total pot $36 | Rake $0.50
Board [Th 6s Qc Jd 2h]
Seat 1: igmade (big blind) showed [9c Qs] and won ($35.50) with a pair of Queens
Seat 2: punkrott (button) (small blind) mucked


PokerStars Hand #145976118916:  Hold'em Limit ($3/$6 USD) - 2015/12/26 19:38:35 ET
Table 'Olympia II' 2-max Seat #2 is the button
Seat 1: igmade ($142.60 in chips)
Seat 2: punkrott ($99.60 in chips)
punkrott: posts small blind $1
igmade: posts big blind $3
*** HOLE CARDS ***
punkrott: folds
Uncalled bet ($2) returned to igmade
igmade collected $2 from pot
igmade: doesn't show hand
*** SUMMARY ***
Total pot $2 | Rake $0
Seat 1: igmade (big blind) collected ($2)
Seat 2: punkrott (button) (small blind) folded before Flop


PokerStars Hand #145976121703:  Hold'em Limit ($3/$6 USD) - 2015/12/26 19:38:39 ET
Table 'Olympia II' 2-max Seat #1 is the button
Seat 1: igmade ($143.60 in chips)
Seat 2: punkrott ($98.60 in chips)
igmade: posts small blind $1
punkrott: posts big blind $3
*** HOLE CARDS ***
igmade: raises $3 to $6
punkrott: raises $3 to $9
igmade: raises $3 to $12
Betting is capped
punkrott: calls $3
*** FLOP *** [Ac 2c Td]
punkrott: checks
igmade: bets $3
punkrott: calls $3
*** TURN *** [Ac 2c Td] [Ks]
punkrott: checks
igmade: bets $6
punkrott: raises $6 to $12
igmade: calls $6
*** RIVER *** [Ac 2c Td Ks] [2h]
punkrott: bets $6
igmade: calls $6
*** SHOW DOWN ***
punkrott: shows [Jd Jc] (two pair, Jacks and Deuces)
igmade: shows [Kh Jh] (two pair, Kings and Deuces)
igmade collected $65.50 from pot
*** SUMMARY ***
Total pot $66 | Rake $0.50
Board [Ac 2c Td Ks 2h]
Seat 1: igmade (button) (small blind) showed [Kh Jh] and won ($65.50) with two pair, Kings and Deuces
Seat 2: punkrott (big blind) showed [Jd Jc] and lost with two pair, Jacks and Deuces


PokerStars Hand #145976107488:  Hold'em Limit ($3/$6 USD) - 2015/12/26 19:38:18 ET
Table 'Olympia II' 2-max Seat #1 is the button
Seat 1: igmade ($160.60 in chips)
Seat 2: punkrott ($82.10 in chips)
igmade: posts small blind $1
punkrott: posts big blind $3
*** HOLE CARDS ***
igmade: raises $3 to $6
punkrott: calls $3
*** FLOP *** [4s 7s Jc]
punkrott: checks
igmade: bets $3
punkrott: raises $3 to $6
igmade: calls $3
*** TURN *** [4s 7s Jc] [3s]
punkrott: bets $6
igmade: calls $6
*** RIVER *** [4s 7s Jc 3s] [Kd]
punkrott: checks
igmade: checks
*** SHOW DOWN ***
punkrott: shows [Td 7d] (a pair of Sevens)
igmade: mucks hand
punkrott collected $35.50 from pot
*** SUMMARY ***
Total pot $36 | Rake $0.50
Board [4s 7s Jc 3s Kd]
Seat 1: igmade (button) (small blind) mucked
Seat 2: punkrott (big blind) showed [Td 7d] and won ($35.50) with a pair of Sevens


PokerStars Hand #145976139932:  Hold'em Limit ($3/$6 USD) - 2015/12/26 19:39:06 ET
Table 'Olympia II' 2-max Seat #2 is the button
Seat 1: igmade ($172.10 in chips)
Seat 2: punkrott ($69.60 in chips)
punkrott: posts small blind $1
igmade: posts big blind $3
*** HOLE CARDS ***
punkrott: raises $3 to $6
igmade: calls $3
*** FLOP *** [9h Kd 5s]
igmade: bets $3
punkrott: calls $3
*** TURN *** [9h Kd 5s] [7s]
igmade: checks
punkrott: bets $6
igmade: raises $6 to $12
punkrott: calls $6
*** RIVER *** [9h Kd 5s 7s] [4d]
igmade: bets $6
punkrott: calls $6
*** SHOW DOWN ***
igmade: shows [Ts 8c] (high card King)
punkrott: shows [As 4s] (a pair of Fours)
punkrott collected $53.50 from pot
*** SUMMARY ***
Total pot $54 | Rake $0.50
Board [9h Kd 5s 7s 4d]
Seat 1: igmade (big blind) showed [Ts 8c] and lost with high card King
Seat 2: punkrott (button) (small blind) showed [As 4s] and won ($53.50) with a pair of Fours


PokerStars Hand #145976136836:  Hold'em Limit ($3/$6 USD) - 2015/12/26 19:39:02 ET
Table 'Olympia II' 2-max Seat #1 is the button
Seat 1: igmade ($173.10 in chips)
Seat 2: punkrott ($68.60 in chips)
igmade: posts small blind $1
punkrott: posts big blind $3
*** HOLE CARDS ***
igmade: folds
Uncalled bet ($2) returned to punkrott
punkrott collected $2 from pot
punkrott: doesn't show hand
*** SUMMARY ***
Total pot $2 | Rake $0
Seat 1: igmade (button) (small blind) folded before Flop
Seat 2: punkrott (big blind) collected ($2)


PokerStars Hand #145976133223:  Hold'em Limit ($3/$6 USD) - 2015/12/26 19:38:56 ET
Table 'Olympia II' 2-max Seat #2 is the button
Seat 1: igmade ($176.10 in chips)
Seat 2: punkrott ($65.60 in chips)
punkrott: posts small blind $1
igmade: posts big blind $3
*** HOLE CARDS ***
punkrott: raises $3 to $6
igmade: folds
Uncalled bet ($3) returned to punkrott
punkrott collected $6 from pot
punkrott: doesn't show hand
*** SUMMARY ***
Total pot $6 | Rake $0
Seat 1: igmade (big blind) folded before Flop
Seat 2: punkrott (button) (small blind) collected ($6)


PokerStars Hand #145976158483:  Hold'em Limit ($3/$6 USD) - 2015/12/26 19:39:34 ET
Table 'Olympia II' 2-max Seat #1 is the button
Seat 1: igmade ($145.10 in chips)
Seat 2: punkrott ($96.10 in chips)
igmade: posts small blind $1
punkrott: posts big blind $3
*** HOLE CARDS ***
igmade said, "hhaha you fcking donk"
igmade: folds
Uncalled bet ($2) returned to punkrott
punkrott collected $2 from pot
punkrott: doesn't show hand
*** SUMMARY ***
Total pot $2 | Rake $0
Seat 1: igmade (button) (small blind) folded before Flop
Seat 2: punkrott (big blind) collected ($2)


PokerStars Hand #145976190241:  Hold'em Limit ($3/$6 USD) - 2015/12/26 19:40:22 ET
Table 'Olympia II' 2-max Seat #1 is the button
Seat 1: igmade ($140.62 in chips)
Seat 2: punkrott ($99.50 in chips)
igmade: posts small blind $1
punkrott: posts big blind $3
*** HOLE CARDS ***
igmade: raises $3 to $6
punkrott: raises $3 to $9
igmade: raises $3 to $12
Betting is capped
punkrott: calls $3
*** FLOP *** [Ts Td 4h]
punkrott: checks
igmade: bets $3
punkrott: calls $3
*** TURN *** [Ts Td 4h] [Ac]
punkrott: checks
igmade: bets $6
punkrott: calls $6
*** RIVER *** [Ts Td 4h Ac] [4c]
punkrott: checks
igmade: bets $6
punkrott: calls $6
*** SHOW DOWN ***
igmade: shows [Ad Kh] (two pair, Aces and Tens)
punkrott: mucks hand
igmade collected $53.50 from pot
*** SUMMARY ***
Total pot $54 | Rake $0.50
Board [Ts Td 4h Ac 4c]
Seat 1: igmade (button) (small blind) showed [Ad Kh] and won ($53.50) with two pair, Aces and Tens
Seat 2: punkrott (big blind) mucked


PokerStars Hand #145976174661:  Hold'em Limit ($3/$6 USD) - 2015/12/26 19:39:58 ET
Table 'Olympia II' 2-max Seat #1 is the button
Seat 1: igmade ($138.10 in chips)
Seat 2: punkrott ($102.86 in chips)
igmade: posts small blind $1
punkrott: posts big blind $3
*** HOLE CARDS ***
igmade: raises $3 to $6
punkrott: raises $3 to $9
igmade: raises $3 to $12
Betting is capped
punkrott: calls $3
*** FLOP *** [Qs 4c Ah]
punkrott: checks
igmade: bets $3
punkrott: folds
Uncalled bet ($3) returned to igmade
igmade collected $23.52 from pot
igmade: doesn't show hand
*** SUMMARY ***
Total pot $24 | Rake $0.48
Board [Qs 4c Ah]
Seat 1: igmade (button) (small blind) collected ($23.52)
Seat 2: punkrott (big blind) folded on the Flop


PokerStars Hand #145976168454:  Hold'em Limit ($3/$6 USD) - 2015/12/26 19:39:49 ET
Table 'Olympia II' 2-max Seat #2 is the button
Seat 1: igmade ($144.10 in chips)
Seat 2: punkrott ($97.10 in chips)
punkrott: posts small blind $1
igmade: posts big blind $3
*** HOLE CARDS ***
punkrott: raises $3 to $6
igmade: calls $3
*** FLOP *** [6c As 7c]
igmade: checks
punkrott: bets $3
igmade: folds
Uncalled bet ($3) returned to punkrott
punkrott collected $11.76 from pot
punkrott: doesn't show hand
*** SUMMARY ***
Total pot $12 | Rake $0.24
Board [6c As 7c]
Seat 1: igmade (big blind) folded on the Flop
Seat 2: punkrott (button) (small blind) collected ($11.76)


PokerStars Hand #145976181087:  Hold'em Limit ($3/$6 USD) - 2015/12/26 19:40:08 ET
Table 'Olympia II' 2-max Seat #2 is the button
Seat 1: igmade ($149.62 in chips)
Seat 2: punkrott ($90.86 in chips)
punkrott: posts small blind $1
igmade: posts big blind $3
*** HOLE CARDS ***
punkrott: raises $3 to $6
igmade: calls $3
*** FLOP *** [8c 2d Jd]
igmade: checks
punkrott: bets $3
igmade: calls $3
*** TURN *** [8c 2d Jd] [Ah]
igmade: checks
punkrott: bets $6
igmade: folds
Uncalled bet ($6) returned to punkrott
punkrott collected $17.64 from pot
punkrott: doesn't show hand
*** SUMMARY ***
Total pot $18 | Rake $0.36
Board [8c 2d Jd Ah]
Seat 1: igmade (big blind) folded on the Turn
Seat 2: punkrott (button) (small blind) collected ($17.64)


PokerStars Hand #145976202369:  Hold'em Limit ($3/$6 USD) - 2015/12/26 19:40:40 ET
Table 'Olympia II' 2-max Seat #2 is the button
Seat 1: igmade ($167.12 in chips)
Seat 2: punkrott ($72.50 in chips)
punkrott: posts small blind $1
igmade: posts big blind $3
*** HOLE CARDS ***
punkrott: raises $3 to $6
igmade: raises $3 to $9
punkrott: calls $3
*** FLOP *** [3d 7s 6h]
igmade: bets $3
punkrott: calls $3
*** TURN *** [3d 7s 6h] [5d]
igmade: bets $6
punkrott: calls $6
*** RIVER *** [3d 7s 6h 5d] [3h]
igmade: bets $6
punkrott: calls $6
*** SHOW DOWN ***
igmade: shows [Qs 7d] (two pair, Sevens and Threes)
punkrott: mucks hand
igmade collected $47.50 from pot
*** SUMMARY ***
Total pot $48 | Rake $0.50
Board [3d 7s 6h 5d 3h]
Seat 1: igmade (big blind) showed [Qs 7d] and won ($47.50) with two pair, Sevens and Threes
Seat 2: punkrott (button) (small blind) mucked


PokerStars Hand #145976251422:  Hold'em Limit ($3/$6 USD) - 2015/12/26 19:41:54 ET
Table 'Olympia II' 2-max Seat #1 is the button
Seat 1: igmade ($186.54 in chips)
Seat 2: punkrott ($111 in chips)
igmade: posts small blind $1
punkrott: posts big blind $3
*** HOLE CARDS ***
igmade: folds
Uncalled bet ($2) returned to punkrott
punkrott collected $2 from pot
punkrott: doesn't show hand
*** SUMMARY ***
Total pot $2 | Rake $0
Seat 1: igmade (button) (small blind) folded before Flop
Seat 2: punkrott (big blind) collected ($2)


PokerStars Hand #145976245327:  Hold'em Limit ($3/$6 USD) - 2015/12/26 19:41:44 ET
Table 'Olympia II' 2-max Seat #2 is the button
Seat 1: igmade ($177.90 in chips)
Seat 2: punkrott ($120 in chips)
punkrott: posts small blind $1
igmade: posts big blind $3
*** HOLE CARDS ***
punkrott: raises $3 to $6
igmade: raises $3 to $9
punkrott: calls $3
*** FLOP *** [Ts 5c 4s]
igmade: bets $3
punkrott: folds
Uncalled bet ($3) returned to igmade
igmade collected $17.64 from pot
igmade: doesn't show hand
*** SUMMARY ***
Total pot $18 | Rake $0.36
Board [Ts 5c 4s]
Seat 1: igmade (big blind) collected ($17.64)
Seat 2: punkrott (button) (small blind) folded on the Flop


PokerStars Hand #145976220606:  Hold'em Limit ($3/$6 USD) - 2015/12/26 19:41:07 ET
Table 'Olympia II' 2-max Seat #1 is the button
Seat 1: igmade ($190.62 in chips)
Seat 2: punkrott ($108.50 in chips)
igmade: posts small blind $1
punkrott: posts big blind $3
*** HOLE CARDS ***
igmade: raises $3 to $6
punkrott: calls $3
*** FLOP *** [Qs Ah 5h]
punkrott: checks
igmade: bets $3
punkrott: folds
Uncalled bet ($3) returned to igmade
igmade collected $11.76 from pot
igmade: doesn't show hand
*** SUMMARY ***
Total pot $12 | Rake $0.24
Board [Qs Ah 5h]
Seat 1: igmade (button) (small blind) collected ($11.76)
Seat 2: punkrott (big blind) folded on the Flop


PokerStars Hand #145976225554:  Hold'em Limit ($3/$6 USD) - 2015/12/26 19:41:14 ET
Table 'Olympia II' 2-max Seat #2 is the button
Seat 1: igmade ($196.38 in chips)
Seat 2: punkrott ($102.50 in chips)
punkrott: posts small blind $1
igmade: posts big blind $3
*** HOLE CARDS ***
punkrott: raises $3 to $6
igmade: raises $3 to $9
punkrott: calls $3
*** FLOP *** [6h 3s Js]
igmade: bets $3
punkrott: calls $3
*** TURN *** [6h 3s Js] [3h]
igmade: bets $6
punkrott: raises $6 to $12
igmade: calls $6
*** RIVER *** [6h 3s Js 3h] [9h]
igmade: checks
punkrott: bets $6
igmade: calls $6
*** SHOW DOWN ***
punkrott: shows [3d Td] (three of a kind, Threes)
igmade: mucks hand
punkrott collected $59.50 from pot
*** SUMMARY ***
Total pot $60 | Rake $0.50
Board [6h 3s Js 3h 9h]
Seat 1: igmade (big blind) mucked
Seat 2: punkrott (button) (small blind) showed [3d Td] and won ($59.50) with three of a kind, Threes


PokerStars Hand #145976236840:  Hold'em Limit ($3/$6 USD) - 2015/12/26 19:41:31 ET
Table 'Olympia II' 2-max Seat #1 is the button
Seat 1: igmade ($166.38 in chips)
Seat 2: punkrott ($132 in chips)
igmade: posts small blind $1
punkrott: posts big blind $3
*** HOLE CARDS ***
igmade: raises $3 to $6
punkrott: raises $3 to $9
igmade: calls $3
*** FLOP *** [6s Qh Ad]
punkrott: bets $3
igmade: calls $3
*** TURN *** [6s Qh Ad] [2h]
punkrott: checks
igmade: bets $6
punkrott: folds
Uncalled bet ($6) returned to igmade
igmade collected $23.52 from pot
igmade: doesn't show hand
*** SUMMARY ***
Total pot $24 | Rake $0.48
Board [6s Qh Ad 2h]
Seat 1: igmade (button) (small blind) collected ($23.52)
Seat 2: punkrott (big blind) folded on the Turn


PokerStars Hand #145976217305:  Hold'em Limit ($3/$6 USD) - 2015/12/26 19:41:02 ET
Table 'Olympia II' 2-max Seat #2 is the button
Seat 1: igmade ($193.62 in chips)
Seat 2: punkrott ($105.50 in chips)
punkrott: posts small blind $1
igmade: posts big blind $3
*** HOLE CARDS ***
punkrott: raises $3 to $6
igmade: folds
Uncalled bet ($3) returned to punkrott
punkrott collected $6 from pot
punkrott: doesn't show hand
*** SUMMARY ***
Total pot $6 | Rake $0
Seat 1: igmade (big blind) folded before Flop
Seat 2: punkrott (button) (small blind) collected ($6)


PokerStars Hand #145976213605:  Hold'em Limit ($3/$6 USD) - 2015/12/26 19:40:56 ET
Table 'Olympia II' 2-max Seat #1 is the button
Seat 1: igmade ($190.62 in chips)
Seat 2: punkrott ($48.50 in chips)
igmade: posts small blind $1
punkrott: posts big blind $3
*** HOLE CARDS ***
igmade: raises $3 to $6
punkrott: folds
Uncalled bet ($3) returned to igmade
igmade collected $6 from pot
igmade: doesn't show hand
*** SUMMARY ***
Total pot $6 | Rake $0
Seat 1: igmade (button) (small blind) collected ($6)
Seat 2: punkrott (big blind) folded before Flop


PokerStars Hand #145976266349:  Hold'em Limit ($3/$6 USD) - 2015/12/26 19:42:16 ET
Table 'Olympia II' 2-max Seat #2 is the button
Seat 1: igmade ($199.94 in chips)
Seat 2: punkrott ($97 in chips)
punkrott: posts small blind $1
igmade: posts big blind $3
*** HOLE CARDS ***
punkrott: raises $3 to $6
igmade: calls $3
*** FLOP *** [Qh Tc Kc]
igmade: checks
punkrott: bets $3
igmade: raises $3 to $6
punkrott: calls $3
*** TURN *** [Qh Tc Kc] [5c]
igmade: bets $6
punkrott: calls $6
*** RIVER *** [Qh Tc Kc 5c] [Ts]
igmade: bets $6
punkrott: calls $6
*** SHOW DOWN ***
igmade: shows [Qc Td] (a full house, Tens full of Queens)
punkrott: mucks hand
igmade collected $47.50 from pot
*** SUMMARY ***
Total pot $48 | Rake $0.50
Board [Qh Tc Kc 5c Ts]
Seat 1: igmade (big blind) showed [Qc Td] and won ($47.50) with a full house, Tens full of Queens
Seat 2: punkrott (button) (small blind) mucked


PokerStars Hand #145976278177:  Hold'em Limit ($3/$6 USD) - 2015/12/26 19:42:34 ET
Table 'Olympia II' 2-max Seat #1 is the button
Seat 1: igmade ($223.44 in chips)
Seat 2: punkrott ($73 in chips)
igmade: posts small blind $1
punkrott: posts big blind $3
*** HOLE CARDS ***
igmade: raises $3 to $6
punkrott: calls $3
*** FLOP *** [7s Ah 8d]
punkrott: checks
igmade: bets $3
punkrott: folds
Uncalled bet ($3) returned to igmade
igmade collected $11.76 from pot
igmade: doesn't show hand
*** SUMMARY ***
Total pot $12 | Rake $0.24
Board [7s Ah 8d]
Seat 1: igmade (button) (small blind) collected ($11.76)
Seat 2: punkrott (big blind) folded on the Flop


PokerStars Hand #145976284274:  Hold'em Limit ($3/$6 USD) - 2015/12/26 19:42:43 ET
Table 'Olympia II' 2-max Seat #2 is the button
Seat 1: igmade ($229.20 in chips)
Seat 2: punkrott ($67 in chips)
punkrott: posts small blind $1
igmade: posts big blind $3
*** HOLE CARDS ***
punkrott: raises $3 to $6
igmade: calls $3
*** FLOP *** [Qh 5s Th]
igmade: checks
punkrott: bets $3
igmade: calls $3
*** TURN *** [Qh 5s Th] [5c]
igmade: checks
punkrott: bets $6
igmade: folds
Uncalled bet ($6) returned to punkrott
punkrott collected $17.64 from pot
punkrott: doesn't show hand
*** SUMMARY ***
Total pot $18 | Rake $0.36
Board [Qh 5s Th 5c]
Seat 1: igmade (big blind) folded on the Turn
Seat 2: punkrott (button) (small blind) collected ($17.64)


PokerStars Hand #145976254580:  Hold'em Limit ($3/$6 USD) - 2015/12/26 19:41:58 ET
Table 'Olympia II' 2-max Seat #2 is the button
Seat 1: igmade ($185.54 in chips)
Seat 2: punkrott ($112 in chips)
punkrott: posts small blind $1
igmade: posts big blind $3
*** HOLE CARDS ***
punkrott: raises $3 to $6
igmade: raises $3 to $9
punkrott: calls $3
*** FLOP *** [3s 5c 5s]
igmade: bets $3
punkrott: folds
Uncalled bet ($3) returned to igmade
igmade collected $17.64 from pot
igmade: doesn't show hand
*** SUMMARY ***
Total pot $18 | Rake $0.36
Board [3s 5c 5s]
Seat 1: igmade (big blind) collected ($17.64)
Seat 2: punkrott (button) (small blind) folded on the Flop


PokerStars Hand #145976260863:  Hold'em Limit ($3/$6 USD) - 2015/12/26 19:42:07 ET
Table 'Olympia II' 2-max Seat #1 is the button
Seat 1: igmade ($194.18 in chips)
Seat 2: punkrott ($103 in chips)
igmade: posts small blind $1
punkrott: posts big blind $3
*** HOLE CARDS ***
igmade: raises $3 to $6
punkrott: calls $3
*** FLOP *** [Jh 9d 5h]
punkrott: checks
igmade: bets $3
punkrott: folds
Uncalled bet ($3) returned to igmade
igmade collected $11.76 from pot
igmade: doesn't show hand
*** SUMMARY ***
Total pot $12 | Rake $0.24
Board [Jh 9d 5h]
Seat 1: igmade (button) (small blind) collected ($11.76)
Seat 2: punkrott (big blind) folded on the Flop


PokerStars Hand #145976308612:  Hold'em Limit ($3/$6 USD) - 2015/12/26 19:43:20 ET
Table 'Olympia II' 2-max Seat #1 is the button
Seat 1: igmade ($199.20 in chips)
Seat 2: punkrott ($96.14 in chips)
igmade: posts small blind $1
punkrott: posts big blind $3
*** HOLE CARDS ***
igmade: calls $2
punkrott: raises $3 to $6
igmade: raises $3 to $9
punkrott: calls $3
*** FLOP *** [9h 5h Kc]
punkrott: checks
igmade: bets $3
punkrott: calls $3
*** TURN *** [9h 5h Kc] [Js]
punkrott: checks
igmade: bets $6
punkrott: calls $6
*** RIVER *** [9h 5h Kc Js] [Ah]
punkrott: checks
igmade: bets $6
punkrott: calls $6
*** SHOW DOWN ***
igmade: shows [Kd 2c] (a pair of Kings)
punkrott: mucks hand
igmade collected $47.50 from pot
*** SUMMARY ***
Total pot $48 | Rake $0.50
Board [9h 5h Kc Js Ah]
Seat 1: igmade (button) (small blind) showed [Kd 2c] and won ($47.50) with a pair of Kings
Seat 2: punkrott (big blind) mucked


PokerStars Hand #145976321340:  Hold'em Limit ($3/$6 USD) - 2015/12/26 19:43:39 ET
Table 'Olympia II' 2-max Seat #2 is the button
Seat 1: igmade ($222.70 in chips)
Seat 2: punkrott ($72.14 in chips)
punkrott: posts small blind $1
igmade: posts big blind $3
*** HOLE CARDS ***
punkrott: raises $3 to $6
igmade: raises $3 to $9
punkrott: calls $3
*** FLOP *** [9c Td 4d]
igmade: bets $3
punkrott: calls $3
*** TURN *** [9c Td 4d] [Js]
igmade: checks
punkrott: checks
*** RIVER *** [9c Td 4d Js] [5c]
igmade: bets $6
punkrott: calls $6
*** SHOW DOWN ***
igmade: shows [Ah Kh] (high card Ace)
punkrott: mucks hand
igmade collected $35.50 from pot
*** SUMMARY ***
Total pot $36 | Rake $0.50
Board [9c Td 4d Js 5c]
Seat 1: igmade (big blind) showed [Ah Kh] and won ($35.50) with high card Ace
Seat 2: punkrott (button) (small blind) mucked


PokerStars Hand #145976296362:  Hold'em Limit ($3/$6 USD) - 2015/12/26 19:43:01 ET
Table 'Olympia II' 2-max Seat #2 is the button
Seat 1: igmade ($223.20 in chips)
Seat 2: punkrott ($72.64 in chips)
punkrott: posts small blind $1
igmade: posts big blind $3
*** HOLE CARDS ***
punkrott: raises $3 to $6
igmade: raises $3 to $9
punkrott: calls $3
*** FLOP *** [Td 8s 9d]
igmade: bets $3
punkrott: calls $3
*** TURN *** [Td 8s 9d] [2s]
igmade: bets $6
punkrott: raises $6 to $12
igmade: calls $6
*** RIVER *** [Td 8s 9d 2s] [5c]
igmade: checks
punkrott: bets $6
igmade: folds
Uncalled bet ($6) returned to punkrott
punkrott collected $47.50 from pot
punkrott: doesn't show hand
*** SUMMARY ***
Total pot $48 | Rake $0.50
Board [Td 8s 9d 2s 5c]
Seat 1: igmade (big blind) folded on the River
Seat 2: punkrott (button) (small blind) collected ($47.50)


PokerStars Hand #145976293041:  Hold'em Limit ($3/$6 USD) - 2015/12/26 19:42:56 ET
Table 'Olympia II' 2-max Seat #1 is the button
Seat 1: igmade ($220.20 in chips)
Seat 2: punkrott ($75.64 in chips)
igmade: posts small blind $1
punkrott: posts big blind $3
*** HOLE CARDS ***
igmade: raises $3 to $6
punkrott: folds
Uncalled bet ($3) returned to igmade
igmade collected $6 from pot
igmade: doesn't show hand
*** SUMMARY ***
Total pot $6 | Rake $0
Seat 1: igmade (button) (small blind) collected ($6)
Seat 2: punkrott (big blind) folded before Flop


PokerStars Hand #145976333130:  Hold'em Limit ($3/$6 USD) - 2015/12/26 19:43:57 ET
Table 'Olympia II' 2-max Seat #1 is the button
Seat 1: igmade ($240.20 in chips)
Seat 2: punkrott ($54.14 in chips)
igmade: posts small blind $1
punkrott: posts big blind $3
*** HOLE CARDS ***
igmade: folds
Uncalled bet ($2) returned to punkrott
punkrott collected $2 from pot
punkrott: doesn't show hand
*** SUMMARY ***
Total pot $2 | Rake $0
Seat 1: igmade (button) (small blind) folded before Flop
Seat 2: punkrott (big blind) collected ($2)


PokerStars Hand #145976346886:  Hold'em Limit ($3/$6 USD) - 2015/12/26 19:44:18 ET
Table 'Olympia II' 2-max Seat #1 is the button
Seat 1: igmade ($253.70 in chips)
Seat 2: punkrott ($100.14 in chips)
igmade: posts small blind $1
punkrott: posts big blind $3
*** HOLE CARDS ***
igmade: folds
Uncalled bet ($2) returned to punkrott
punkrott collected $2 from pot
punkrott: doesn't show hand
*** SUMMARY ***
Total pot $2 | Rake $0
Seat 1: igmade (button) (small blind) folded before Flop
Seat 2: punkrott (big blind) collected ($2)


PokerStars Hand #145976349950:  Hold'em Limit ($3/$6 USD) - 2015/12/26 19:44:22 ET
Table 'Olympia II' 2-max Seat #2 is the button
Seat 1: igmade ($252.70 in chips)
Seat 2: punkrott ($101.14 in chips)
punkrott: posts small blind $1
igmade: posts big blind $3
*** HOLE CARDS ***
punkrott: raises $3 to $6
igmade: calls $3
*** FLOP *** [6h 3c 2s]
igmade: checks
punkrott: checks
*** TURN *** [6h 3c 2s] [Th]
igmade: bets $6
punkrott: folds
Uncalled bet ($6) returned to igmade
igmade collected $11.76 from pot
igmade: doesn't show hand
*** SUMMARY ***
Total pot $12 | Rake $0.24
Board [6h 3c 2s Th]
Seat 1: igmade (big blind) collected ($11.76)
Seat 2: punkrott (button) (small blind) folded on the Turn


PokerStars Hand #145976336013:  Hold'em Limit ($3/$6 USD) - 2015/12/26 19:44:01 ET
Table 'Olympia II' 2-max Seat #2 is the button
Seat 1: igmade ($239.20 in chips)
Seat 2: punkrott ($115.14 in chips)
punkrott: posts small blind $1
igmade: posts big blind $3
*** HOLE CARDS ***
punkrott: raises $3 to $6
igmade: calls $3
*** FLOP *** [4d 2s Js]
igmade: checks
punkrott: bets $3
igmade: calls $3
*** TURN *** [4d 2s Js] [Qs]
igmade: checks
punkrott: checks
*** RIVER *** [4d 2s Js Qs] [Ac]
igmade: bets $6
punkrott: calls $6
*** SHOW DOWN ***
igmade: shows [Jc 4s] (two pair, Jacks and Fours)
punkrott: mucks hand
igmade collected $29.50 from pot
*** SUMMARY ***
Total pot $30 | Rake $0.50
Board [4d 2s Js Qs Ac]
Seat 1: igmade (big blind) showed [Jc 4s] and won ($29.50) with two pair, Jacks and Fours
Seat 2: punkrott (button) (small blind) mucked


PokerStars Hand #145976364143:  Hold'em Limit ($3/$6 USD) - 2015/12/26 19:44:44 ET
Table 'Olympia II' 2-max Seat #2 is the button
Seat 1: igmade ($267.10 in chips)
Seat 2: punkrott ($86.14 in chips)
punkrott: posts small blind $1
igmade: posts big blind $3
*** HOLE CARDS ***
punkrott: raises $3 to $6
igmade: raises $3 to $9
punkrott: calls $3
*** FLOP *** [Qs 6s 8c]
igmade: bets $3
punkrott: calls $3
*** TURN *** [Qs 6s 8c] [Th]
igmade: bets $6
punkrott: raises $6 to $12
igmade: calls $6
*** RIVER *** [Qs 6s 8c Th] [Ac]
igmade: checks
punkrott: bets $6
igmade: raises $6 to $12
punkrott: raises $6 to $18
igmade: calls $6
*** SHOW DOWN ***
punkrott: shows [9h Jc] (a straight, Eight to Queen)
igmade: mucks hand
punkrott collected $83.50 from pot
*** SUMMARY ***
Total pot $84 | Rake $0.50
Board [Qs 6s 8c Th Ac]
Seat 1: igmade (big blind) mucked
Seat 2: punkrott (button) (small blind) showed [9h Jc] and won ($83.50) with a straight, Eight to Queen


PokerStars Hand #145976375620:  Hold'em Limit ($3/$6 USD) - 2015/12/26 19:45:01 ET
Table 'Olympia II' 2-max Seat #1 is the button
Seat 1: igmade ($225.10 in chips)
Seat 2: punkrott ($127.64 in chips)
igmade: posts small blind $1
punkrott: posts big blind $3
*** HOLE CARDS ***
igmade: raises $3 to $6
punkrott: calls $3
*** FLOP *** [3d 2h Th]
punkrott: checks
igmade: bets $3
punkrott: calls $3
*** TURN *** [3d 2h Th] [3c]
punkrott: checks
igmade: checks
*** RIVER *** [3d 2h Th 3c] [5c]
punkrott: bets $6
igmade: calls $6
*** SHOW DOWN ***
punkrott: shows [Tc 8d] (two pair, Tens and Threes)
igmade: mucks hand
punkrott collected $29.50 from pot
*** SUMMARY ***
Total pot $30 | Rake $0.50
Board [3d 2h Th 3c 5c]
Seat 1: igmade (button) (small blind) mucked
Seat 2: punkrott (big blind) showed [Tc 8d] and won ($29.50) with two pair, Tens and Threes


PokerStars Hand #145976382962:  Hold'em Limit ($3/$6 USD) - 2015/12/26 19:45:12 ET
Table 'Olympia II' 2-max Seat #2 is the button
Seat 1: igmade ($210.10 in chips)
Seat 2: punkrott ($142.14 in chips)
punkrott: posts small blind $1
igmade: posts big blind $3
*** HOLE CARDS ***
punkrott: raises $3 to $6
igmade: calls $3
*** FLOP *** [Qh 8h Th]
igmade: checks
punkrott: checks
*** TURN *** [Qh 8h Th] [Ts]
igmade: bets $6
punkrott: raises $6 to $12
igmade: folds
Uncalled bet ($6) returned to punkrott
punkrott collected $23.52 from pot
punkrott: doesn't show hand
*** SUMMARY ***
Total pot $24 | Rake $0.48
Board [Qh 8h Th Ts]
Seat 1: igmade (big blind) folded on the Turn
Seat 2: punkrott (button) (small blind) collected ($23.52)


PokerStars Hand #145976390557:  Hold'em Limit ($3/$6 USD) - 2015/12/26 19:45:24 ET
Table 'Olympia II' 2-max Seat #1 is the button
Seat 1: igmade ($198.10 in chips)
Seat 2: punkrott ($153.66 in chips)
igmade: posts small blind $1
punkrott: posts big blind $3
*** HOLE CARDS ***
igmade: raises $3 to $6
punkrott: calls $3
*** FLOP *** [Ks Kc 4s]
punkrott: checks
igmade: bets $3
punkrott: calls $3
*** TURN *** [Ks Kc 4s] [5c]
punkrott: checks
igmade: bets $6
punkrott: folds
Uncalled bet ($6) returned to igmade
igmade collected $17.64 from pot
igmade: doesn't show hand
*** SUMMARY ***
Total pot $18 | Rake $0.36
Board [Ks Kc 4s 5c]
Seat 1: igmade (button) (small blind) collected ($17.64)
Seat 2: punkrott (big blind) folded on the Turn


PokerStars Hand #145976397920:  Hold'em Limit ($3/$6 USD) - 2015/12/26 19:45:35 ET
Table 'Olympia II' 2-max Seat #2 is the button
Seat 1: igmade ($206.74 in chips)
Seat 2: punkrott ($144.66 in chips)
punkrott: posts small blind $1
igmade: posts big blind $3
*** HOLE CARDS ***
punkrott: raises $3 to $6
igmade: raises $3 to $9
punkrott: calls $3
*** FLOP *** [6d Tc Ac]
igmade: bets $3
punkrott: folds
Uncalled bet ($3) returned to igmade
igmade collected $17.64 from pot
igmade: doesn't show hand
*** SUMMARY ***
Total pot $18 | Rake $0.36
Board [6d Tc Ac]
Seat 1: igmade (big blind) collected ($17.64)
Seat 2: punkrott (button) (small blind) folded on the Flop


PokerStars Hand #145976402604:  Hold'em Limit ($3/$6 USD) - 2015/12/26 19:45:42 ET
Table 'Olympia II' 2-max Seat #1 is the button
Seat 1: igmade ($215.38 in chips)
Seat 2: punkrott ($135.66 in chips)
igmade: posts small blind $1
punkrott: posts big blind $3
*** HOLE CARDS ***
igmade: raises $3 to $6
punkrott: raises $3 to $9
igmade: calls $3
*** FLOP *** [2d Ks 9s]
punkrott: bets $3
igmade: calls $3
*** TURN *** [2d Ks 9s] [3h]
punkrott: bets $6
igmade: folds
Uncalled bet ($6) returned to punkrott
punkrott collected $23.52 from pot
punkrott: doesn't show hand
*** SUMMARY ***
Total pot $24 | Rake $0.48
Board [2d Ks 9s 3h]
Seat 1: igmade (button) (small blind) folded on the Turn
Seat 2: punkrott (big blind) collected ($23.52)


PokerStars Hand #145976409586:  Hold'em Limit ($3/$6 USD) - 2015/12/26 19:45:53 ET
Table 'Olympia II' 2-max Seat #2 is the button
Seat 1: igmade ($203.38 in chips)
Seat 2: punkrott ($147.18 in chips)
punkrott: posts small blind $1
igmade: posts big blind $3
*** HOLE CARDS ***
punkrott: raises $3 to $6
igmade: calls $3
*** FLOP *** [5d Kd 2c]
igmade: checks
punkrott: bets $3
igmade: raises $3 to $6
punkrott: calls $3
*** TURN *** [5d Kd 2c] [Jc]
igmade: bets $6
punkrott: raises $6 to $12
igmade: calls $6
*** RIVER *** [5d Kd 2c Jc] [8h]
igmade: checks
punkrott: bets $6
igmade: calls $6
*** SHOW DOWN ***
punkrott: shows [Ad Kc] (a pair of Kings)
igmade: mucks hand
punkrott collected $59.50 from pot
*** SUMMARY ***
Total pot $60 | Rake $0.50
Board [5d Kd 2c Jc 8h]
Seat 1: igmade (big blind) mucked
Seat 2: punkrott (button) (small blind) showed [Ad Kc] and won ($59.50) with a pair of Kings


PokerStars Hand #145976433037:  Hold'em Limit ($3/$6 USD) - 2015/12/26 19:46:29 ET
Table 'Olympia II' 2-max Seat #1 is the button
Seat 1: igmade ($149.38 in chips)
Seat 2: punkrott ($199.94 in chips)
igmade: posts small blind $1
punkrott: posts big blind $3
*** HOLE CARDS ***
igmade: calls $2
punkrott: raises $3 to $6
igmade: calls $3
*** FLOP *** [5d 3s 8s]
punkrott: bets $3
igmade: calls $3
*** TURN *** [5d 3s 8s] [2h]
punkrott: checks
igmade: bets $6
punkrott: folds
Uncalled bet ($6) returned to igmade
igmade collected $17.64 from pot
igmade: doesn't show hand
*** SUMMARY ***
Total pot $18 | Rake $0.36
Board [5d 3s 8s 2h]
Seat 1: igmade (button) (small blind) collected ($17.64)
Seat 2: punkrott (big blind) folded on the Turn


PokerStars Hand #145976440914:  Hold'em Limit ($3/$6 USD) - 2015/12/26 19:46:41 ET
Table 'Olympia II' 2-max Seat #2 is the button
Seat 1: igmade ($158.02 in chips)
Seat 2: punkrott ($190.94 in chips)
punkrott: posts small blind $1
igmade: posts big blind $3
*** HOLE CARDS ***
punkrott: raises $3 to $6
igmade: raises $3 to $9
punkrott: calls $3
*** FLOP *** [As 3c 2c]
igmade: bets $3
punkrott: calls $3
*** TURN *** [As 3c 2c] [8h]
igmade: bets $6
punkrott: calls $6
*** RIVER *** [As 3c 2c 8h] [6h]
igmade: bets $6
punkrott: calls $6
*** SHOW DOWN ***
igmade: shows [Ad Kc] (a pair of Aces)
punkrott: mucks hand
igmade collected $47.50 from pot
*** SUMMARY ***
Total pot $48 | Rake $0.50
Board [As 3c 2c 8h 6h]
Seat 1: igmade (big blind) showed [Ad Kc] and won ($47.50) with a pair of Aces
Seat 2: punkrott (button) (small blind) mucked


PokerStars Hand #145976427533:  Hold'em Limit ($3/$6 USD) - 2015/12/26 19:46:20 ET
Table 'Olympia II' 2-max Seat #2 is the button
Seat 1: igmade ($155.38 in chips)
Seat 2: punkrott ($194.18 in chips)
punkrott: posts small blind $1
igmade: posts big blind $3
*** HOLE CARDS ***
punkrott: raises $3 to $6
igmade: calls $3
*** FLOP *** [Ad 9d 4c]
igmade: checks
punkrott: bets $3
igmade: folds
Uncalled bet ($3) returned to punkrott
punkrott collected $11.76 from pot
punkrott: doesn't show hand
*** SUMMARY ***
Total pot $12 | Rake $0.24
Board [Ad 9d 4c]
Seat 1: igmade (big blind) folded on the Flop
Seat 2: punkrott (button) (small blind) collected ($11.76)


PokerStars Hand #145976419081:  Hold'em Limit ($3/$6 USD) - 2015/12/26 19:46:07 ET
Table 'Olympia II' 2-max Seat #1 is the button
Seat 1: igmade ($173.38 in chips)
Seat 2: punkrott ($176.68 in chips)
igmade: posts small blind $1
punkrott: posts big blind $3
*** HOLE CARDS ***
igmade: raises $3 to $6
punkrott: calls $3
*** FLOP *** [7d 8d Jd]
punkrott: checks
igmade: checks
*** TURN *** [7d 8d Jd] [2h]
punkrott: bets $6
igmade: calls $6
*** RIVER *** [7d 8d Jd 2h] [7c]
punkrott: bets $6
igmade: calls $6
*** SHOW DOWN ***
punkrott: shows [4s Jh] (two pair, Jacks and Sevens)
igmade: mucks hand
punkrott collected $35.50 from pot
*** SUMMARY ***
Total pot $36 | Rake $0.50
Board [7d 8d Jd 2h 7c]
Seat 1: igmade (button) (small blind) mucked
Seat 2: punkrott (big blind) showed [4s Jh] and won ($35.50) with two pair, Jacks and Sevens


PokerStars Hand #145976456273:  Hold'em Limit ($3/$6 USD) - 2015/12/26 19:47:04 ET
Table 'Olympia II' 2-max Seat #2 is the button
Seat 1: igmade ($187.28 in chips)
Seat 2: punkrott ($160.94 in chips)
punkrott: posts small blind $1
igmade: posts big blind $3
*** HOLE CARDS ***
punkrott: folds
Uncalled bet ($2) returned to igmade
igmade collected $2 from pot
igmade: doesn't show hand
*** SUMMARY ***
Total pot $2 | Rake $0
Seat 1: igmade (big blind) collected ($2)
Seat 2: punkrott (button) (small blind) folded before Flop


PokerStars Hand #145976450560:  Hold'em Limit ($3/$6 USD) - 2015/12/26 19:46:55 ET
Table 'Olympia II' 2-max Seat #1 is the button
Seat 1: igmade ($181.52 in chips)
Seat 2: punkrott ($166.94 in chips)
igmade: posts small blind $1
punkrott: posts big blind $3
*** HOLE CARDS ***
igmade: raises $3 to $6
punkrott: calls $3
*** FLOP *** [Qc 8d Qd]
punkrott: checks
igmade: bets $3
punkrott: folds
Uncalled bet ($3) returned to igmade
igmade collected $11.76 from pot
igmade: doesn't show hand
*** SUMMARY ***
Total pot $12 | Rake $0.24
Board [Qc 8d Qd]
Seat 1: igmade (button) (small blind) collected ($11.76)
Seat 2: punkrott (big blind) folded on the Flop


PokerStars Hand #145976458983:  Hold'em Limit ($3/$6 USD) - 2015/12/26 19:47:08 ET
Table 'Olympia II' 2-max Seat #1 is the button
Seat 1: igmade ($188.28 in chips)
Seat 2: punkrott ($159.94 in chips)
igmade: posts small blind $1
punkrott: posts big blind $3
*** HOLE CARDS ***
igmade: calls $2
punkrott: raises $3 to $6
igmade: calls $3
*** FLOP *** [Tc 3c Ac]
punkrott: bets $3
igmade: folds
Uncalled bet ($3) returned to punkrott
punkrott collected $11.76 from pot
punkrott: doesn't show hand
*** SUMMARY ***
Total pot $12 | Rake $0.24
Board [Tc 3c Ac]
Seat 1: igmade (button) (small blind) folded on the Flop
Seat 2: punkrott (big blind) collected ($11.76)


PokerStars Hand #145976467423:  Hold'em Limit ($3/$6 USD) - 2015/12/26 19:47:21 ET
Table 'Olympia II' 2-max Seat #1 is the button
Seat 1: igmade ($183.28 in chips)
Seat 2: punkrott ($164.70 in chips)
igmade: posts small blind $1
punkrott: posts big blind $3
*** HOLE CARDS ***
igmade: folds
Uncalled bet ($2) returned to punkrott
punkrott collected $2 from pot
punkrott: doesn't show hand
*** SUMMARY ***
Total pot $2 | Rake $0
Seat 1: igmade (button) (small blind) folded before Flop
Seat 2: punkrott (big blind) collected ($2)


PokerStars Hand #145976464753:  Hold'em Limit ($3/$6 USD) - 2015/12/26 19:47:17 ET
Table 'Olympia II' 2-max Seat #2 is the button
Seat 1: igmade ($182.28 in chips)
Seat 2: punkrott ($165.70 in chips)
punkrott: posts small blind $1
igmade: posts big blind $3
*** HOLE CARDS ***
punkrott: folds
Uncalled bet ($2) returned to igmade
igmade collected $2 from pot
igmade: doesn't show hand
*** SUMMARY ***
Total pot $2 | Rake $0
Seat 1: igmade (big blind) collected ($2)
Seat 2: punkrott (button) (small blind) folded before Flop


PokerStars Hand #145976470758:  Hold'em Limit ($3/$6 USD) - 2015/12/26 19:47:27 ET
Table 'Olympia II' 2-max Seat #2 is the button
Seat 1: igmade ($182.28 in chips)
Seat 2: punkrott ($165.70 in chips)
punkrott: posts small blind $1
igmade: posts big blind $3
*** HOLE CARDS ***
punkrott: raises $3 to $6
igmade: calls $3
*** FLOP *** [Jd 5d 9s]
igmade: checks
punkrott: checks
*** TURN *** [Jd 5d 9s] [6h]
igmade: bets $6
punkrott: raises $6 to $12
igmade: raises $6 to $18
punkrott: calls $6
*** RIVER *** [Jd 5d 9s 6h] [Kh]
igmade: bets $6
punkrott: raises $6 to $12
igmade: folds
Uncalled bet ($6) returned to punkrott
punkrott collected $59.50 from pot
punkrott: doesn't show hand
*** SUMMARY ***
Total pot $60 | Rake $0.50
Board [Jd 5d 9s 6h Kh]
Seat 1: igmade (big blind) folded on the River
Seat 2: punkrott (button) (small blind) collected ($59.50)


PokerStars Hand #145976489240:  Hold'em Limit ($3/$6 USD) - 2015/12/26 19:47:55 ET
Table 'Olympia II' 2-max Seat #2 is the button
Seat 1: igmade ($152.03 in chips)
Seat 2: punkrott ($194.95 in chips)
punkrott: posts small blind $1
igmade: posts big blind $3
*** HOLE CARDS ***
punkrott: folds
Uncalled bet ($2) returned to igmade
igmade collected $2 from pot
igmade: doesn't show hand
*** SUMMARY ***
Total pot $2 | Rake $0
Seat 1: igmade (big blind) collected ($2)
Seat 2: punkrott (button) (small blind) folded before Flop


PokerStars Hand #145976481349:  Hold'em Limit ($3/$6 USD) - 2015/12/26 19:47:43 ET
Table 'Olympia II' 2-max Seat #1 is the button
Seat 1: igmade ($152.28 in chips)
Seat 2: punkrott ($195.20 in chips)
igmade: posts small blind $1
punkrott: posts big blind $3
*** HOLE CARDS ***
igmade: raises $3 to $6
punkrott: calls $3
*** FLOP *** [3h 5c 5h]
punkrott: checks
igmade: bets $3
punkrott: calls $3
*** TURN *** [3h 5c 5h] [As]
punkrott: checks
igmade: bets $6
punkrott: calls $6
*** RIVER *** [3h 5c 5h As] [Th]
punkrott: checks
igmade: checks
*** SHOW DOWN ***
punkrott: shows [Kh 4d] (a pair of Fives)
igmade: shows [9h Kd] (a pair of Fives)
punkrott collected $14.75 from pot
igmade collected $14.75 from pot
*** SUMMARY ***
Total pot $30 | Rake $0.50
Board [3h 5c 5h As Th]
Seat 1: igmade (button) (small blind) showed [9h Kd] and won ($14.75) with a pair of Fives
Seat 2: punkrott (big blind) showed [Kh 4d] and won ($14.75) with a pair of Fives


PokerStars Hand #145976491852:  Hold'em Limit ($3/$6 USD) - 2015/12/26 19:47:59 ET
Table 'Olympia II' 2-max Seat #1 is the button
Seat 1: igmade ($153.03 in chips)
Seat 2: punkrott ($193.95 in chips)
igmade: posts small blind $1
punkrott: posts big blind $3
*** HOLE CARDS ***
igmade: calls $2
punkrott: checks
*** FLOP *** [Ks Qh 4s]
punkrott: checks
igmade: bets $3
punkrott: calls $3
*** TURN *** [Ks Qh 4s] [9c]
punkrott: checks
igmade: checks
*** RIVER *** [Ks Qh 4s 9c] [Qs]
punkrott: bets $6
igmade: calls $6
*** SHOW DOWN ***
punkrott: shows [Kd 4h] (two pair, Kings and Queens)
igmade: mucks hand
punkrott collected $23.52 from pot
*** SUMMARY ***
Total pot $24 | Rake $0.48
Board [Ks Qh 4s 9c Qs]
Seat 1: igmade (button) (small blind) mucked
Seat 2: punkrott (big blind) showed [Kd 4h] and won ($23.52) with two pair, Kings and Queens


PokerStars Hand #145976501639:  Hold'em Limit ($3/$6 USD) - 2015/12/26 19:48:14 ET
Table 'Olympia II' 2-max Seat #2 is the button
Seat 1: igmade ($141.03 in chips)
Seat 2: punkrott ($205.47 in chips)
punkrott: posts small blind $1
igmade: posts big blind $3
*** HOLE CARDS ***
punkrott: raises $3 to $6
igmade: calls $3
*** FLOP *** [Js 5s 4h]
igmade: checks
punkrott: checks
*** TURN *** [Js 5s 4h] [6c]
igmade: checks
punkrott: bets $6
igmade: calls $6
*** RIVER *** [Js 5s 4h 6c] [7s]
igmade: checks
punkrott: bets $6
igmade: calls $6
*** SHOW DOWN ***
punkrott: shows [5c 6s] (two pair, Sixes and Fives)
igmade: mucks hand
punkrott collected $35.50 from pot
*** SUMMARY ***
Total pot $36 | Rake $0.50
Board [Js 5s 4h 6c 7s]
Seat 1: igmade (big blind) mucked
Seat 2: punkrott (button) (small blind) showed [5c 6s] and won ($35.50) with two pair, Sixes and Fives


PokerStars Hand #145976519560:  Hold'em Limit ($3/$6 USD) - 2015/12/26 19:48:42 ET
Table 'Olympia II' 2-max Seat #2 is the button
Seat 1: igmade ($134.55 in chips)
Seat 2: punkrott ($210.97 in chips)
punkrott: posts small blind $1
igmade: posts big blind $3
*** HOLE CARDS ***
punkrott: raises $3 to $6
igmade: raises $3 to $9
punkrott: calls $3
*** FLOP *** [Ac 4h Js]
igmade: bets $3
punkrott: folds
Uncalled bet ($3) returned to igmade
igmade collected $17.64 from pot
igmade: doesn't show hand
*** SUMMARY ***
Total pot $18 | Rake $0.36
Board [Ac 4h Js]
Seat 1: igmade (big blind) collected ($17.64)
Seat 2: punkrott (button) (small blind) folded on the Flop


PokerStars Hand #145976511122:  Hold'em Limit ($3/$6 USD) - 2015/12/26 19:48:29 ET
Table 'Olympia II' 2-max Seat #1 is the button
Seat 1: igmade ($123.03 in chips)
Seat 2: punkrott ($222.97 in chips)
igmade: posts small blind $1
punkrott: posts big blind $3
*** HOLE CARDS ***
igmade: calls $2
punkrott: raises $3 to $6
igmade: raises $3 to $9
punkrott: calls $3
*** FLOP *** [8s Kc 2s]
punkrott: checks
igmade: bets $3
punkrott: calls $3
*** TURN *** [8s Kc 2s] [5c]
punkrott: checks
igmade: bets $6
punkrott: folds
Uncalled bet ($6) returned to igmade
igmade collected $23.52 from pot
igmade: doesn't show hand
*** SUMMARY ***
Total pot $24 | Rake $0.48
Board [8s Kc 2s 5c]
Seat 1: igmade (button) (small blind) collected ($23.52)
Seat 2: punkrott (big blind) folded on the Turn


PokerStars Hand #145976550580:  Hold'em Limit ($3/$6 USD) - 2015/12/26 19:49:30 ET
Table 'Olympia II' 2-max Seat #2 is the button
Seat 1: igmade ($106.94 in chips)
Seat 2: punkrott ($236.72 in chips)
punkrott: posts small blind $1
igmade: posts big blind $3
*** HOLE CARDS ***
punkrott: raises $3 to $6
igmade: calls $3
*** FLOP *** [Jd 5c Kh]
igmade: checks
punkrott: bets $3
igmade: calls $3
*** TURN *** [Jd 5c Kh] [6h]
igmade: checks
punkrott: bets $6
igmade: folds
Uncalled bet ($6) returned to punkrott
punkrott collected $17.64 from pot
punkrott: doesn't show hand
*** SUMMARY ***
Total pot $18 | Rake $0.36
Board [Jd 5c Kh 6h]
Seat 1: igmade (big blind) folded on the Turn
Seat 2: punkrott (button) (small blind) collected ($17.64)


PokerStars Hand #145976524948:  Hold'em Limit ($3/$6 USD) - 2015/12/26 19:48:51 ET
Table 'Olympia II' 2-max Seat #1 is the button
Seat 1: igmade ($143.19 in chips)
Seat 2: punkrott ($201.97 in chips)
igmade: posts small blind $1
punkrott: posts big blind $3
*** HOLE CARDS ***
igmade: raises $3 to $6
punkrott: calls $3
*** FLOP *** [3h 5c Jh]
punkrott: checks
igmade: checks
*** TURN *** [3h 5c Jh] [9s]
punkrott: bets $6
igmade: raises $6 to $12
punkrott: calls $6
*** RIVER *** [3h 5c Jh 9s] [Td]
punkrott: checks
igmade: checks
*** SHOW DOWN ***
punkrott: shows [2d 5s] (a pair of Fives)
igmade: mucks hand
punkrott collected $35.50 from pot
*** SUMMARY ***
Total pot $36 | Rake $0.50
Board [3h 5c Jh 9s Td]
Seat 1: igmade (button) (small blind) mucked
Seat 2: punkrott (big blind) showed [2d 5s] and won ($35.50) with a pair of Fives


PokerStars Hand #145976533029:  Hold'em Limit ($3/$6 USD) - 2015/12/26 19:49:03 ET
Table 'Olympia II' 2-max Seat #2 is the button
Seat 1: igmade ($125.19 in chips)
Seat 2: punkrott ($219.47 in chips)
punkrott: posts small blind $1
igmade: posts big blind $3
*** HOLE CARDS ***
punkrott: raises $3 to $6
igmade: raises $3 to $9
punkrott: calls $3
*** FLOP *** [9c Ad Qs]
igmade: bets $3
punkrott: calls $3
*** TURN *** [9c Ad Qs] [5d]
igmade: checks
punkrott: bets $6
igmade: raises $6 to $12
punkrott: calls $6
*** RIVER *** [9c Ad Qs 5d] [Ks]
igmade: bets $6
punkrott: calls $6
*** SHOW DOWN ***
igmade: shows [Ah 3d] (a pair of Aces)
punkrott: shows [As 8h] (a pair of Aces)
igmade collected $29.75 from pot
punkrott collected $29.75 from pot
*** SUMMARY ***
Total pot $60 | Rake $0.50
Board [9c Ad Qs 5d Ks]
Seat 1: igmade (big blind) showed [Ah 3d] and won ($29.75) with a pair of Aces
Seat 2: punkrott (button) (small blind) showed [As 8h] and won ($29.75) with a pair of Aces


PokerStars Hand #145976541478:  Hold'em Limit ($3/$6 USD) - 2015/12/26 19:49:16 ET
Table 'Olympia II' 2-max Seat #1 is the button
Seat 1: igmade ($124.94 in chips)
Seat 2: punkrott ($219.22 in chips)
igmade: posts small blind $1
punkrott: posts big blind $3
*** HOLE CARDS ***
igmade: raises $3 to $6
punkrott: raises $3 to $9
igmade: calls $3
*** FLOP *** [9d 7c 3h]
punkrott: bets $3
igmade: calls $3
*** TURN *** [9d 7c 3h] [7d]
punkrott: bets $6
igmade: calls $6
*** RIVER *** [9d 7c 3h 7d] [8s]
punkrott: checks
igmade: checks
*** SHOW DOWN ***
punkrott: shows [Kd Td] (a pair of Sevens)
igmade: mucks hand
punkrott collected $35.50 from pot
*** SUMMARY ***
Total pot $36 | Rake $0.50
Board [9d 7c 3h 7d 8s]
Seat 1: igmade (button) (small blind) mucked
Seat 2: punkrott (big blind) showed [Kd Td] and won ($35.50) with a pair of Sevens


PokerStars Hand #145976596203:  Hold'em Limit ($3/$6 USD) - 2015/12/26 19:50:41 ET
Table 'Olympia II' 2-max Seat #2 is the button
Seat 1: igmade ($170.39 in chips)
Seat 2: punkrott ($274.36 in chips)
punkrott: posts small blind $1
igmade: posts big blind $3
*** HOLE CARDS ***
punkrott: folds
Uncalled bet ($2) returned to igmade
igmade collected $2 from pot
igmade: doesn't show hand
*** SUMMARY ***
Total pot $2 | Rake $0
Seat 1: igmade (big blind) collected ($2)
Seat 2: punkrott (button) (small blind) folded before Flop


PokerStars Hand #145976586420:  Hold'em Limit ($3/$6 USD) - 2015/12/26 19:50:26 ET
Table 'Olympia II' 2-max Seat #1 is the button
Seat 1: igmade ($191.39 in chips)
Seat 2: punkrott ($253.86 in chips)
igmade: posts small blind $1
punkrott: posts big blind $3
*** HOLE CARDS ***
igmade: calls $2
punkrott: raises $3 to $6
igmade: calls $3
*** FLOP *** [6s Td 8s]
punkrott: bets $3
igmade: calls $3
*** TURN *** [6s Td 8s] [Kc]
punkrott: bets $6
igmade: calls $6
*** RIVER *** [6s Td 8s Kc] [3h]
punkrott: bets $6
igmade: calls $6
*** SHOW DOWN ***
punkrott: shows [5s Ts] (a pair of Tens)
igmade: mucks hand
punkrott collected $41.50 from pot
*** SUMMARY ***
Total pot $42 | Rake $0.50
Board [6s Td 8s Kc 3h]
Seat 1: igmade (button) (small blind) mucked
Seat 2: punkrott (big blind) showed [5s Ts] and won ($41.50) with a pair of Tens


PokerStars Hand #145976572183:  Hold'em Limit ($3/$6 USD) - 2015/12/26 19:50:03 ET
Table 'Olympia II' 2-max Seat #2 is the button
Seat 1: igmade ($185.63 in chips)
Seat 2: punkrott ($259.86 in chips)
punkrott: posts small blind $1
igmade: posts big blind $3
*** HOLE CARDS ***
punkrott: folds
Uncalled bet ($2) returned to igmade
igmade collected $2 from pot
igmade: doesn't show hand
*** SUMMARY ***
Total pot $2 | Rake $0
Seat 1: igmade (big blind) collected ($2)
Seat 2: punkrott (button) (small blind) folded before Flop


PokerStars Hand #145976564100:  Hold'em Limit ($3/$6 USD) - 2015/12/26 19:49:51 ET
Table 'Olympia II' 2-max Seat #1 is the button
Seat 1: igmade ($200.63 in chips)
Seat 2: punkrott ($245.36 in chips)
igmade: posts small blind $1
punkrott: posts big blind $3
*** HOLE CARDS ***
igmade: raises $3 to $6
punkrott: calls $3
*** FLOP *** [5s 9s Kh]
punkrott: checks
igmade: bets $3
punkrott: calls $3
*** TURN *** [5s 9s Kh] [9h]
punkrott: checks
igmade: checks
*** RIVER *** [5s 9s Kh 9h] [Td]
punkrott: bets $6
igmade: calls $6
*** SHOW DOWN ***
punkrott: shows [2s 2h] (two pair, Nines and Deuces)
igmade: mucks hand
punkrott collected $29.50 from pot
*** SUMMARY ***
Total pot $30 | Rake $0.50
Board [5s 9s Kh 9h Td]
Seat 1: igmade (button) (small blind) mucked
Seat 2: punkrott (big blind) showed [2s 2h] and won ($29.50) with two pair, Nines and Deuces


PokerStars Hand #145976574772:  Hold'em Limit ($3/$6 USD) - 2015/12/26 19:50:07 ET
Table 'Olympia II' 2-max Seat #1 is the button
Seat 1: igmade ($186.63 in chips)
Seat 2: punkrott ($258.86 in chips)
igmade: posts small blind $1
punkrott: posts big blind $3
*** HOLE CARDS ***
igmade: folds
Uncalled bet ($2) returned to punkrott
punkrott collected $2 from pot
punkrott: doesn't show hand
*** SUMMARY ***
Total pot $2 | Rake $0
Seat 1: igmade (button) (small blind) folded before Flop
Seat 2: punkrott (big blind) collected ($2)


PokerStars Hand #145976577591:  Hold'em Limit ($3/$6 USD) - 2015/12/26 19:50:12 ET
Table 'Olympia II' 2-max Seat #2 is the button
Seat 1: igmade ($185.63 in chips)
Seat 2: punkrott ($259.86 in chips)
punkrott: posts small blind $1
igmade: posts big blind $3
*** HOLE CARDS ***
punkrott: raises $3 to $6
igmade: calls $3
*** FLOP *** [9h Jd 8h]
igmade: checks
punkrott: checks
*** TURN *** [9h Jd 8h] [6c]
igmade: checks
punkrott: checks
*** RIVER *** [9h Jd 8h 6c] [2c]
igmade: bets $6
punkrott: folds
Uncalled bet ($6) returned to igmade
igmade collected $11.76 from pot
igmade: doesn't show hand
*** SUMMARY ***
Total pot $12 | Rake $0.24
Board [9h Jd 8h 6c 2c]
Seat 1: igmade (big blind) collected ($11.76)
Seat 2: punkrott (button) (small blind) folded on the River


PokerStars Hand #145976625360:  Hold'em Limit ($3/$6 USD) - 2015/12/26 19:51:26 ET
Table 'Olympia II' 2-max Seat #2 is the button
Seat 1: igmade ($108.39 in chips)
Seat 2: punkrott ($335.12 in chips)
punkrott: posts small blind $1
igmade: posts big blind $3
*** HOLE CARDS ***
punkrott: raises $3 to $6
igmade: calls $3
*** FLOP *** [8c Qh 5s]
igmade: checks
punkrott: checks
*** TURN *** [8c Qh 5s] [3h]
igmade: bets $6
punkrott: calls $6
*** RIVER *** [8c Qh 5s 3h] [2h]
igmade: bets $6
punkrott: calls $6
*** SHOW DOWN ***
igmade: shows [3c 8s] (two pair, Eights and Threes)
punkrott: mucks hand
igmade collected $35.50 from pot
*** SUMMARY ***
Total pot $36 | Rake $0.50
Board [8c Qh 5s 3h 2h]
Seat 1: igmade (big blind) showed [3c 8s] and won ($35.50) with two pair, Eights and Threes
Seat 2: punkrott (button) (small blind) mucked


PokerStars Hand #145976612750:  Hold'em Limit ($3/$6 USD) - 2015/12/26 19:51:06 ET
Table 'Olympia II' 2-max Seat #1 is the button
Seat 1: igmade ($138.39 in chips)
Seat 2: punkrott ($305.62 in chips)
igmade: posts small blind $1
punkrott: posts big blind $3
*** HOLE CARDS ***
igmade: raises $3 to $6
punkrott: raises $3 to $9
igmade: raises $3 to $12
Betting is capped
punkrott: calls $3
*** FLOP *** [5h Td 6s]
punkrott: checks
igmade: bets $3
punkrott: raises $3 to $6
igmade: raises $3 to $9
punkrott: raises $3 to $12
Betting is capped
igmade: calls $3
*** TURN *** [5h Td 6s] [Tc]
punkrott: bets $6
igmade: calls $6
*** RIVER *** [5h Td 6s Tc] [9s]
punkrott: bets $6
igmade: folds
Uncalled bet ($6) returned to punkrott
punkrott collected $59.50 from pot
punkrott: doesn't show hand
*** SUMMARY ***
Total pot $60 | Rake $0.50
Board [5h Td 6s Tc 9s]
Seat 1: igmade (button) (small blind) folded on the River
Seat 2: punkrott (big blind) collected ($59.50)


PokerStars Hand #145976598895:  Hold'em Limit ($3/$6 USD) - 2015/12/26 19:50:45 ET
Table 'Olympia II' 2-max Seat #1 is the button
Seat 1: igmade ($171.39 in chips)
Seat 2: punkrott ($273.36 in chips)
igmade: posts small blind $1
punkrott: posts big blind $3
*** HOLE CARDS ***
igmade: raises $3 to $6
punkrott: calls $3
*** FLOP *** [Qs Ac Ks]
punkrott: checks
igmade: bets $3
punkrott: calls $3
*** TURN *** [Qs Ac Ks] [Qc]
punkrott: checks
igmade: bets $6
punkrott: raises $6 to $12
igmade: calls $6
*** RIVER *** [Qs Ac Ks Qc] [6s]
punkrott: bets $6
igmade: calls $6
*** SHOW DOWN ***
punkrott: shows [3s 5s] (a flush, King high)
igmade: mucks hand
punkrott collected $53.50 from pot
*** SUMMARY ***
Total pot $54 | Rake $0.50
Board [Qs Ac Ks Qc 6s]
Seat 1: igmade (button) (small blind) mucked
Seat 2: punkrott (big blind) showed [3s 5s] and won ($53.50) with a flush, King high


PokerStars Hand #145976607781:  Hold'em Limit ($3/$6 USD) - 2015/12/26 19:50:59 ET
Table 'Olympia II' 2-max Seat #2 is the button
Seat 1: igmade ($144.39 in chips)
Seat 2: punkrott ($299.86 in chips)
punkrott: posts small blind $1
igmade: posts big blind $3
*** HOLE CARDS ***
punkrott: raises $3 to $6
igmade: calls $3
*** FLOP *** [Jh 2h 2d]
igmade: checks
punkrott: bets $3
igmade: folds
Uncalled bet ($3) returned to punkrott
punkrott collected $11.76 from pot
punkrott: doesn't show hand
*** SUMMARY ***
Total pot $12 | Rake $0.24
Board [Jh 2h 2d]
Seat 1: igmade (big blind) folded on the Flop
Seat 2: punkrott (button) (small blind) collected ($11.76)


PokerStars Hand #145976633566:  Hold'em Limit ($3/$6 USD) - 2015/12/26 19:51:39 ET
Table 'Olympia II' 2-max Seat #1 is the button
Seat 1: igmade ($125.89 in chips)
Seat 2: punkrott ($317.12 in chips)
igmade: posts small blind $1
punkrott: posts big blind $3
*** HOLE CARDS ***
igmade: raises $3 to $6
punkrott: calls $3
*** FLOP *** [9h Qh Kh]
punkrott: checks
igmade: bets $3
punkrott: calls $3
*** TURN *** [9h Qh Kh] [7s]
punkrott: checks
igmade: bets $6
punkrott: calls $6
*** RIVER *** [9h Qh Kh 7s] [4h]
punkrott: bets $6
igmade: raises $6 to $12
punkrott: calls $6
*** SHOW DOWN ***
igmade: shows [Qs Ah] (a flush, Ace high)
punkrott: mucks hand
igmade collected $53.50 from pot
*** SUMMARY ***
Total pot $54 | Rake $0.50
Board [9h Qh Kh 7s 4h]
Seat 1: igmade (button) (small blind) showed [Qs Ah] and won ($53.50) with a flush, Ace high
Seat 2: punkrott (big blind) mucked


PokerStars Hand #145976672592:  Hold'em Limit ($3/$6 USD) - 2015/12/26 19:52:40 ET
Table 'Olympia II' 2-max Seat #1 is the button
Seat 1: igmade ($194.39 in chips)
Seat 2: punkrott ($247.12 in chips)
igmade: posts small blind $1
punkrott: posts big blind $3
*** HOLE CARDS ***
igmade: folds
Uncalled bet ($2) returned to punkrott
punkrott collected $2 from pot
punkrott: doesn't show hand
*** SUMMARY ***
Total pot $2 | Rake $0
Seat 1: igmade (button) (small blind) folded before Flop
Seat 2: punkrott (big blind) collected ($2)


PokerStars Hand #145976669825:  Hold'em Limit ($3/$6 USD) - 2015/12/26 19:52:36 ET
Table 'Olympia II' 2-max Seat #2 is the button
Seat 1: igmade ($193.39 in chips)
Seat 2: punkrott ($248.12 in chips)
punkrott: posts small blind $1
igmade: posts big blind $3
*** HOLE CARDS ***
punkrott: folds
Uncalled bet ($2) returned to igmade
igmade collected $2 from pot
igmade: doesn't show hand
*** SUMMARY ***
Total pot $2 | Rake $0
Seat 1: igmade (big blind) collected ($2)
Seat 2: punkrott (button) (small blind) folded before Flop


PokerStars Hand #145976656918:  Hold'em Limit ($3/$6 USD) - 2015/12/26 19:52:15 ET
Table 'Olympia II' 2-max Seat #1 is the button
Seat 1: igmade ($166.89 in chips)
Seat 2: punkrott ($275.12 in chips)
igmade: posts small blind $1
punkrott: posts big blind $3
*** HOLE CARDS ***
igmade: raises $3 to $6
punkrott: raises $3 to $9
igmade: raises $3 to $12
Betting is capped
punkrott: calls $3
*** FLOP *** [Jh 6d 3c]
punkrott: checks
igmade: bets $3
punkrott: calls $3
*** TURN *** [Jh 6d 3c] [5c]
punkrott: checks
igmade: bets $6
punkrott: calls $6
*** RIVER *** [Jh 6d 3c 5c] [7h]
punkrott: checks
igmade: bets $6
punkrott: calls $6
*** SHOW DOWN ***
igmade: shows [5h 6h] (two pair, Sixes and Fives)
punkrott: mucks hand
igmade collected $53.50 from pot
*** SUMMARY ***
Total pot $54 | Rake $0.50
Board [Jh 6d 3c 5c 7h]
Seat 1: igmade (button) (small blind) showed [5h 6h] and won ($53.50) with two pair, Sixes and Fives
Seat 2: punkrott (big blind) mucked


PokerStars Hand #145976706533:  Hold'em Limit ($3/$6 USD) - 2015/12/26 19:53:34 ET
Table 'Olympia II' 2-max Seat #1 is the button
Seat 1: igmade ($181.79 in chips)
Seat 2: punkrott ($258.38 in chips)
igmade: posts small blind $1
punkrott: posts big blind $3
*** HOLE CARDS ***
igmade: folds
Uncalled bet ($2) returned to punkrott
punkrott collected $2 from pot
punkrott: doesn't show hand
*** SUMMARY ***
Total pot $2 | Rake $0
Seat 1: igmade (button) (small blind) folded before Flop
Seat 2: punkrott (big blind) collected ($2)


PokerStars Hand #145976698984:  Hold'em Limit ($3/$6 USD) - 2015/12/26 19:53:22 ET
Table 'Olympia II' 2-max Seat #2 is the button
Seat 1: igmade ($196.79 in chips)
Seat 2: punkrott ($243.88 in chips)
punkrott: posts small blind $1
igmade: posts big blind $3
*** HOLE CARDS ***
punkrott: raises $3 to $6
igmade: calls $3
*** FLOP *** [2c 4s Jc]
igmade: checks
punkrott: bets $3
igmade: calls $3
*** TURN *** [2c 4s Jc] [2s]
igmade: checks
punkrott: checks
*** RIVER *** [2c 4s Jc 2s] [2d]
igmade: bets $6
punkrott: calls $6
*** SHOW DOWN ***
igmade: shows [9c 5h] (three of a kind, Deuces)
punkrott: shows [4c Ad] (a full house, Deuces full of Fours)
punkrott collected $29.50 from pot
*** SUMMARY ***
Total pot $30 | Rake $0.50
Board [2c 4s Jc 2s 2d]
Seat 1: igmade (big blind) showed [9c 5h] and lost with three of a kind, Deuces
Seat 2: punkrott (button) (small blind) showed [4c Ad] and won ($29.50) with a full house, Deuces full of Fours


PokerStars Hand #145976686392:  Hold'em Limit ($3/$6 USD) - 2015/12/26 19:53:02 ET
Table 'Olympia II' 2-max Seat #1 is the button
Seat 1: igmade ($183.39 in chips)
Seat 2: punkrott ($257.88 in chips)
igmade: posts small blind $1
punkrott: posts big blind $3
*** HOLE CARDS ***
igmade: folds
Uncalled bet ($2) returned to punkrott
punkrott collected $2 from pot
punkrott: doesn't show hand
*** SUMMARY ***
Total pot $2 | Rake $0
Seat 1: igmade (button) (small blind) folded before Flop
Seat 2: punkrott (big blind) collected ($2)


PokerStars Hand #145976683601:  Hold'em Limit ($3/$6 USD) - 2015/12/26 19:52:57 ET
Table 'Olympia II' 2-max Seat #2 is the button
Seat 1: igmade ($186.39 in chips)
Seat 2: punkrott ($254.88 in chips)
punkrott: posts small blind $1
igmade: posts big blind $3
*** HOLE CARDS ***
punkrott: raises $3 to $6
igmade: folds
Uncalled bet ($3) returned to punkrott
punkrott collected $6 from pot
punkrott: doesn't show hand
*** SUMMARY ***
Total pot $6 | Rake $0
Seat 1: igmade (big blind) folded before Flop
Seat 2: punkrott (button) (small blind) collected ($6)


PokerStars Hand #145976680902:  Hold'em Limit ($3/$6 USD) - 2015/12/26 19:52:53 ET
Table 'Olympia II' 2-max Seat #1 is the button
Seat 1: igmade ($187.39 in chips)
Seat 2: punkrott ($253.88 in chips)
igmade: posts small blind $1
punkrott: posts big blind $3
*** HOLE CARDS ***
igmade: folds
Uncalled bet ($2) returned to punkrott
punkrott collected $2 from pot
punkrott: doesn't show hand
*** SUMMARY ***
Total pot $2 | Rake $0
Seat 1: igmade (button) (small blind) folded before Flop
Seat 2: punkrott (big blind) collected ($2)


PokerStars Hand #145976675333:  Hold'em Limit ($3/$6 USD) - 2015/12/26 19:52:44 ET
Table 'Olympia II' 2-max Seat #2 is the button
Seat 1: igmade ($193.39 in chips)
Seat 2: punkrott ($248.12 in chips)
punkrott: posts small blind $1
igmade: posts big blind $3
*** HOLE CARDS ***
punkrott: raises $3 to $6
igmade: calls $3
*** FLOP *** [Kh Qs 2c]
igmade: checks
punkrott: bets $3
igmade: folds
Uncalled bet ($3) returned to punkrott
punkrott collected $11.76 from pot
punkrott: doesn't show hand
*** SUMMARY ***
Total pot $12 | Rake $0.24
Board [Kh Qs 2c]
Seat 1: igmade (big blind) folded on the Flop
Seat 2: punkrott (button) (small blind) collected ($11.76)


PokerStars Hand #145976694203:  Hold'em Limit ($3/$6 USD) - 2015/12/26 19:53:14 ET
Table 'Olympia II' 2-max Seat #1 is the button
Seat 1: igmade ($191.03 in chips)
Seat 2: punkrott ($249.88 in chips)
igmade: posts small blind $1
punkrott: posts big blind $3
*** HOLE CARDS ***
igmade: raises $3 to $6
punkrott: calls $3
*** FLOP *** [5d Kd 6d]
punkrott: checks
igmade: bets $3
punkrott: folds
Uncalled bet ($3) returned to igmade
igmade collected $11.76 from pot
igmade: doesn't show hand
*** SUMMARY ***
Total pot $12 | Rake $0.24
Board [5d Kd 6d]
Seat 1: igmade (button) (small blind) collected ($11.76)
Seat 2: punkrott (big blind) folded on the Flop


PokerStars Hand #145976689215:  Hold'em Limit ($3/$6 USD) - 2015/12/26 19:53:06 ET
Table 'Olympia II' 2-max Seat #2 is the button
Seat 1: igmade ($182.39 in chips)
Seat 2: punkrott ($258.88 in chips)
punkrott: posts small blind $1
igmade: posts big blind $3
*** HOLE CARDS ***
punkrott: raises $3 to $6
igmade: raises $3 to $9
punkrott: calls $3
*** FLOP *** [3c 4c 4d]
igmade: bets $3
punkrott: folds
Uncalled bet ($3) returned to igmade
igmade collected $17.64 from pot
igmade: doesn't show hand
*** SUMMARY ***
Total pot $18 | Rake $0.36
Board [3c 4c 4d]
Seat 1: igmade (big blind) collected ($17.64)
Seat 2: punkrott (button) (small blind) folded on the Flop


PokerStars Hand #145976748999:  Hold'em Limit ($3/$6 USD) - 2015/12/26 19:54:40 ET
Table 'Olympia II' 2-max Seat #2 is the button
Seat 1: igmade ($129.79 in chips)
Seat 2: punkrott ($308.66 in chips)
punkrott: posts small blind $1
igmade: posts big blind $3
*** HOLE CARDS ***
punkrott: raises $3 to $6
igmade: calls $3
*** FLOP *** [2c Qs Kh]
igmade: checks
punkrott: bets $3
igmade: calls $3
*** TURN *** [2c Qs Kh] [Ts]
igmade: checks
punkrott: checks
*** RIVER *** [2c Qs Kh Ts] [Qh]
igmade: bets $6
punkrott: folds
Uncalled bet ($6) returned to igmade
igmade collected $17.64 from pot
igmade: doesn't show hand
*** SUMMARY ***
Total pot $18 | Rake $0.36
Board [2c Qs Kh Ts Qh]
Seat 1: igmade (big blind) collected ($17.64)
Seat 2: punkrott (button) (small blind) folded on the River


PokerStars Hand #145976739442:  Hold'em Limit ($3/$6 USD) - 2015/12/26 19:54:25 ET
Table 'Olympia II' 2-max Seat #1 is the button
Seat 1: igmade ($144.79 in chips)
Seat 2: punkrott ($294.16 in chips)
igmade: posts small blind $1
punkrott: posts big blind $3
*** HOLE CARDS ***
igmade: calls $2
punkrott: checks
*** FLOP *** [Qd 3c 6h]
punkrott: checks
igmade: checks
*** TURN *** [Qd 3c 6h] [8h]
punkrott: bets $6
igmade: calls $6
*** RIVER *** [Qd 3c 6h 8h] [7s]
punkrott: bets $6
igmade: calls $6
*** SHOW DOWN ***
punkrott: shows [5c 8s] (a pair of Eights)
igmade: mucks hand
punkrott collected $29.50 from pot
*** SUMMARY ***
Total pot $30 | Rake $0.50
Board [Qd 3c 6h 8h 7s]
Seat 1: igmade (button) (small blind) mucked
Seat 2: punkrott (big blind) showed [5c 8s] and won ($29.50) with a pair of Eights


PokerStars Hand #145976726008:  Hold'em Limit ($3/$6 USD) - 2015/12/26 19:54:04 ET
Table 'Olympia II' 2-max Seat #2 is the button
Seat 1: igmade ($156.79 in chips)
Seat 2: punkrott ($282.64 in chips)
punkrott: posts small blind $1
igmade: posts big blind $3
*** HOLE CARDS ***
punkrott: raises $3 to $6
igmade: raises $3 to $9
punkrott: calls $3
*** FLOP *** [4h 6d Ad]
igmade: bets $3
punkrott: calls $3
*** TURN *** [4h 6d Ad] [9h]
igmade: checks
punkrott: checks
*** RIVER *** [4h 6d Ad 9h] [2d]
igmade: checks
punkrott: bets $6
igmade: folds
Uncalled bet ($6) returned to punkrott
punkrott collected $23.52 from pot
punkrott: doesn't show hand
*** SUMMARY ***
Total pot $24 | Rake $0.48
Board [4h 6d Ad 9h 2d]
Seat 1: igmade (big blind) folded on the River
Seat 2: punkrott (button) (small blind) collected ($23.52)


PokerStars Hand #145976709277:  Hold'em Limit ($3/$6 USD) - 2015/12/26 19:53:38 ET
Table 'Olympia II' 2-max Seat #2 is the button
Seat 1: igmade ($180.79 in chips)
Seat 2: punkrott ($259.38 in chips)
punkrott: posts small blind $1
igmade: posts big blind $3
*** HOLE CARDS ***
punkrott: raises $3 to $6
igmade: calls $3
*** FLOP *** [4d 6c Ac]
igmade: checks
punkrott: checks
*** TURN *** [4d 6c Ac] [Qh]
igmade: checks
punkrott: bets $6
igmade: calls $6
*** RIVER *** [4d 6c Ac Qh] [2c]
igmade: checks
punkrott: bets $6
igmade: calls $6
*** SHOW DOWN ***
punkrott: shows [Ah 7h] (a pair of Aces)
igmade: mucks hand
punkrott collected $35.50 from pot
*** SUMMARY ***
Total pot $36 | Rake $0.50
Board [4d 6c Ac Qh 2c]
Seat 1: igmade (big blind) mucked
Seat 2: punkrott (button) (small blind) showed [Ah 7h] and won ($35.50) with a pair of Aces


PokerStars Hand #145976720792:  Hold'em Limit ($3/$6 USD) - 2015/12/26 19:53:56 ET
Table 'Olympia II' 2-max Seat #1 is the button
Seat 1: igmade ($162.79 in chips)
Seat 2: punkrott ($276.88 in chips)
igmade: posts small blind $1
punkrott: posts big blind $3
*** HOLE CARDS ***
igmade: calls $2
punkrott: raises $3 to $6
igmade: calls $3
*** FLOP *** [Ah Ac Tc]
punkrott: bets $3
igmade: folds
Uncalled bet ($3) returned to punkrott
punkrott collected $11.76 from pot
punkrott: doesn't show hand
*** SUMMARY ***
Total pot $12 | Rake $0.24
Board [Ah Ac Tc]
Seat 1: igmade (button) (small blind) folded on the Flop
Seat 2: punkrott (big blind) collected ($11.76)


PokerStars Hand #145976757033:  Hold'em Limit ($3/$6 USD) - 2015/12/26 19:54:53 ET
Table 'Olympia II' 2-max Seat #1 is the button
Seat 1: igmade ($138.43 in chips)
Seat 2: punkrott ($299.66 in chips)
igmade: posts small blind $1
punkrott: posts big blind $3
*** HOLE CARDS ***
igmade: raises $3 to $6
punkrott: calls $3
*** FLOP *** [4d Ks Ts]
punkrott: checks
igmade: bets $3
punkrott: raises $3 to $6
igmade: calls $3
*** TURN *** [4d Ks Ts] [Qc]
punkrott: bets $6
igmade: calls $6
*** RIVER *** [4d Ks Ts Qc] [4h]
punkrott: checks
igmade: bets $6
punkrott: calls $6
*** SHOW DOWN ***
igmade: shows [7d Kd] (two pair, Kings and Fours)
punkrott: mucks hand
igmade collected $47.50 from pot
*** SUMMARY ***
Total pot $48 | Rake $0.50
Board [4d Ks Ts Qc 4h]
Seat 1: igmade (button) (small blind) showed [7d Kd] and won ($47.50) with two pair, Kings and Fours
Seat 2: punkrott (big blind) mucked


PokerStars Hand #145976774590:  Hold'em Limit ($3/$6 USD) - 2015/12/26 19:55:25 ET
Table 'Olympia II' 2-max Seat #1 is the button
Seat 1: igmade ($149.93 in chips)
Seat 2: punkrott ($287.18 in chips)
igmade: posts small blind $1
punkrott: posts big blind $3
*** HOLE CARDS ***
igmade: raises $3 to $6
punkrott: raises $3 to $9
igmade: calls $3
*** FLOP *** [4h Jd 8c]
punkrott: bets $3
igmade: raises $3 to $6
punkrott: calls $3
*** TURN *** [4h Jd 8c] [2c]
punkrott: checks
igmade: bets $6
punkrott: calls $6
*** RIVER *** [4h Jd 8c 2c] [4c]
punkrott: checks
igmade: bets $6
punkrott: raises $6 to $12
igmade: calls $6
*** SHOW DOWN ***
punkrott: shows [5d 4d] (three of a kind, Fours)
igmade: mucks hand
punkrott collected $65.50 from pot
*** SUMMARY ***
Total pot $66 | Rake $0.50
Board [4h Jd 8c 2c 4c]
Seat 1: igmade (button) (small blind) mucked
Seat 2: punkrott (big blind) showed [5d 4d] and won ($65.50) with three of a kind, Fours


PokerStars Hand #145976766215:  Hold'em Limit ($3/$6 USD) - 2015/12/26 19:55:09 ET
Table 'Olympia II' 2-max Seat #2 is the button
Seat 1: igmade ($161.93 in chips)
Seat 2: punkrott ($275.66 in chips)
punkrott: posts small blind $1
igmade: posts big blind $3
*** HOLE CARDS ***
punkrott: raises $3 to $6
igmade: calls $3
*** FLOP *** [Tc 9h 7c]
igmade: checks
punkrott: checks
*** TURN *** [Tc 9h 7c] [Th]
igmade: checks
punkrott: checks
*** RIVER *** [Tc 9h 7c Th] [5s]
igmade: bets $6
punkrott: calls $6
*** SHOW DOWN ***
igmade: shows [5c 3s] (two pair, Tens and Fives)
punkrott: shows [Qd 5h] (two pair, Tens and Fives - Queen kicker)
punkrott collected $23.52 from pot
*** SUMMARY ***
Total pot $24 | Rake $0.48
Board [Tc 9h 7c Th 5s]
Seat 1: igmade (big blind) showed [5c 3s] and lost with two pair, Tens and Fives
Seat 2: punkrott (button) (small blind) showed [Qd 5h] and won ($23.52) with two pair, Tens and Fives


PokerStars Hand #145976784435:  Hold'em Limit ($3/$6 USD) - 2015/12/26 19:55:43 ET
Table 'Olympia II' 2-max Seat #2 is the button
Seat 1: igmade ($116.93 in chips)
Seat 2: punkrott ($319.68 in chips)
punkrott: posts small blind $1
igmade: posts big blind $3
*** HOLE CARDS ***
punkrott: raises $3 to $6
igmade: raises $3 to $9
punkrott: calls $3
*** FLOP *** [4c Qs 2s]
igmade: bets $3
punkrott: calls $3
*** TURN *** [4c Qs 2s] [5d]
igmade: bets $6
punkrott: raises $6 to $12
igmade: calls $6
*** RIVER *** [4c Qs 2s 5d] [9s]
igmade: checks
punkrott: bets $6
igmade: calls $6
*** SHOW DOWN ***
punkrott: shows [3d Ac] (a straight, Ace to Five)
igmade: mucks hand
punkrott collected $59.50 from pot
*** SUMMARY ***
Total pot $60 | Rake $0.50
Board [4c Qs 2s 5d 9s]
Seat 1: igmade (big blind) mucked
Seat 2: punkrott (button) (small blind) showed [3d Ac] and won ($59.50) with a straight, Ace to Five


PokerStars Hand #145976804675:  Hold'em Limit ($3/$6 USD) - 2015/12/26 19:56:21 ET
Table 'Olympia II' 2-max Seat #1 is the button
Seat 1: igmade ($59.93 in chips)
Seat 2: punkrott ($375.44 in chips)
igmade: posts small blind $1
punkrott: posts big blind $3
*** HOLE CARDS ***
igmade: calls $2
punkrott: checks
*** FLOP *** [2h 2d 6d]
punkrott: checks
igmade: bets $3
punkrott: folds
Uncalled bet ($3) returned to igmade
igmade collected $5.88 from pot
igmade: doesn't show hand
*** SUMMARY ***
Total pot $6 | Rake $0.12
Board [2h 2d 6d]
Seat 1: igmade (button) (small blind) collected ($5.88)
Seat 2: punkrott (big blind) folded on the Flop


PokerStars Hand #145976796474:  Hold'em Limit ($3/$6 USD) - 2015/12/26 19:56:06 ET
Table 'Olympia II' 2-max Seat #2 is the button
Seat 1: igmade ($80.93 in chips)
Seat 2: punkrott ($354.94 in chips)
punkrott: posts small blind $1
igmade: posts big blind $3
*** HOLE CARDS ***
punkrott: raises $3 to $6
igmade: calls $3
*** FLOP *** [Kc Td Qh]
igmade: checks
punkrott: bets $3
igmade: calls $3
*** TURN *** [Kc Td Qh] [Jh]
igmade: checks
punkrott: bets $6
igmade: calls $6
*** RIVER *** [Kc Td Qh Jh] [6s]
igmade: checks
punkrott: bets $6
igmade: calls $6
*** SHOW DOWN ***
punkrott: shows [5c 9c] (a straight, Nine to King)
igmade: mucks hand
punkrott collected $41.50 from pot
*** SUMMARY ***
Total pot $42 | Rake $0.50
Board [Kc Td Qh Jh 6s]
Seat 1: igmade (big blind) mucked
Seat 2: punkrott (button) (small blind) showed [5c 9c] and won ($41.50) with a straight, Nine to King


PokerStars Hand #145976791686:  Hold'em Limit ($3/$6 USD) - 2015/12/26 19:55:57 ET
Table 'Olympia II' 2-max Seat #1 is the button
Seat 1: igmade ($86.93 in chips)
Seat 2: punkrott ($349.18 in chips)
igmade: posts small blind $1
punkrott: posts big blind $3
*** HOLE CARDS ***
igmade: calls $2
punkrott: raises $3 to $6
igmade: calls $3
*** FLOP *** [Tc 7c Qc]
punkrott: bets $3
igmade: folds
Uncalled bet ($3) returned to punkrott
punkrott collected $11.76 from pot
punkrott: doesn't show hand
*** SUMMARY ***
Total pot $12 | Rake $0.24
Board [Tc 7c Qc]
Seat 1: igmade (button) (small blind) folded on the Flop
Seat 2: punkrott (big blind) collected ($11.76)


PokerStars Hand #145976836188:  Hold'em Limit ($3/$6 USD) - 2015/12/26 19:57:19 ET
Table 'Olympia II' 2-max Seat #2 is the button
Seat 1: igmade ($55.31 in chips)
Seat 2: punkrott ($378.70 in chips)
punkrott: posts small blind $1
igmade: posts big blind $3
*** HOLE CARDS ***
punkrott: raises $3 to $6
igmade: calls $3
*** FLOP *** [Jh Qs 2s]
igmade: checks
punkrott: bets $3
igmade: calls $3
*** TURN *** [Jh Qs 2s] [8s]
igmade: checks
punkrott: checks
*** RIVER *** [Jh Qs 2s 8s] [Td]
igmade: checks
punkrott: checks
*** SHOW DOWN ***
igmade: shows [As 4c] (high card Ace)
punkrott: shows [3h 3s] (a pair of Threes)
punkrott collected $17.64 from pot
*** SUMMARY ***
Total pot $18 | Rake $0.36
Board [Jh Qs 2s 8s Td]
Seat 1: igmade (big blind) showed [As 4c] and lost with high card Ace
Seat 2: punkrott (button) (small blind) showed [3h 3s] and won ($17.64) with a pair of Threes


PokerStars Hand #145976833918:  Hold'em Limit ($3/$6 USD) - 2015/12/26 19:57:15 ET
Table 'Olympia II' 2-max Seat #1 is the button
Seat 1: igmade ($56.31 in chips)
Seat 2: punkrott ($377.70 in chips)
igmade: posts small blind $1
punkrott: posts big blind $3
*** HOLE CARDS ***
igmade: folds
Uncalled bet ($2) returned to punkrott
punkrott collected $2 from pot
punkrott: doesn't show hand
*** SUMMARY ***
Total pot $2 | Rake $0
Seat 1: igmade (button) (small blind) folded before Flop
Seat 2: punkrott (big blind) collected ($2)


PokerStars Hand #145976825311:  Hold'em Limit ($3/$6 USD) - 2015/12/26 19:56:59 ET
Table 'Olympia II' 2-max Seat #2 is the button
Seat 1: igmade ($62.31 in chips)
Seat 2: punkrott ($371.94 in chips)
punkrott: posts small blind $1
igmade: posts big blind $3
*** HOLE CARDS ***
punkrott: raises $3 to $6
igmade: calls $3
*** FLOP *** [8s Tc Kd]
igmade: checks
punkrott: checks
*** TURN *** [8s Tc Kd] [Js]
igmade: checks
punkrott: checks
*** RIVER *** [8s Tc Kd Js] [4h]
igmade: checks
punkrott: bets $6
igmade: folds
Uncalled bet ($6) returned to punkrott
punkrott collected $11.76 from pot
punkrott: doesn't show hand
*** SUMMARY ***
Total pot $12 | Rake $0.24
Board [8s Tc Kd Js 4h]
Seat 1: igmade (big blind) folded on the River
Seat 2: punkrott (button) (small blind) collected ($11.76)


PokerStars Hand #145976815634:  Hold'em Limit ($3/$6 USD) - 2015/12/26 19:56:41 ET
Table 'Olympia II' 2-max Seat #1 is the button
Seat 1: igmade ($32.81 in chips)
Seat 2: punkrott ($401.94 in chips)
igmade: posts small blind $1
punkrott: posts big blind $3
*** HOLE CARDS ***
igmade: raises $3 to $6
punkrott: raises $3 to $9
igmade: raises $3 to $12
Betting is capped
punkrott: calls $3
*** FLOP *** [6h 5d 3c]
punkrott: bets $3
igmade: raises $3 to $6
punkrott: calls $3
*** TURN *** [6h 5d 3c] [7h]
punkrott: checks
igmade: bets $6
punkrott: calls $6
*** RIVER *** [6h 5d 3c 7h] [2d]
punkrott: checks
igmade: bets $6
punkrott: calls $6
*** SHOW DOWN ***
igmade: shows [9s 9d] (a pair of Nines)
punkrott: mucks hand
igmade collected $59.50 from pot
*** SUMMARY ***
Total pot $60 | Rake $0.50
Board [6h 5d 3c 7h 2d]
Seat 1: igmade (button) (small blind) showed [9s 9d] and won ($59.50) with a pair of Nines
Seat 2: punkrott (big blind) mucked


PokerStars Hand #145976843652:  Hold'em Limit ($3/$6 USD) - 2015/12/26 19:57:33 ET
Table 'Olympia II' 2-max Seat #1 is the button
Seat 1: igmade ($46.31 in chips)
Seat 2: punkrott ($387.34 in chips)
igmade: posts small blind $1
punkrott: posts big blind $3
*** HOLE CARDS ***
igmade: calls $2
punkrott: raises $3 to $6
igmade: raises $3 to $9
punkrott: calls $3
*** FLOP *** [Td Jc Qc]
punkrott: checks
igmade: bets $3
punkrott: calls $3
*** TURN *** [Td Jc Qc] [Ts]
punkrott: checks
igmade: checks
*** RIVER *** [Td Jc Qc Ts] [9h]
punkrott: bets $6
igmade: raises $6 to $12
punkrott: raises $6 to $18
igmade: raises $6 to $24
Betting is capped
punkrott: calls $6
*** SHOW DOWN ***
igmade: shows [2h Kd] (a straight, Nine to King)
punkrott: shows [Kc 3c] (a straight, Nine to King)
punkrott collected $35.75 from pot
igmade collected $35.75 from pot
*** SUMMARY ***
Total pot $72 | Rake $0.50
Board [Td Jc Qc Ts 9h]
Seat 1: igmade (button) (small blind) showed [2h Kd] and won ($35.75) with a straight, Nine to King
Seat 2: punkrott (big blind) showed [Kc 3c] and won ($35.75) with a straight, Nine to King


PokerStars Hand #145976868032:  Hold'em Limit ($3/$6 USD) - 2015/12/26 19:58:18 ET
Table 'Olympia II' 2-max Seat #1 is the button
Seat 1: igmade ($30.06 in chips)
Seat 2: punkrott ($402.59 in chips)
igmade: posts small blind $1
punkrott: posts big blind $3
*** HOLE CARDS ***
igmade: raises $3 to $6
punkrott: calls $3
*** FLOP *** [2s 6h 8c]
punkrott: checks
igmade: checks
*** TURN *** [2s 6h 8c] [Ac]
punkrott: checks
igmade: bets $6
punkrott: calls $6
*** RIVER *** [2s 6h 8c Ac] [6d]
punkrott: checks
igmade: bets $6
punkrott: raises $6 to $12
igmade: raises $6 to $18
punkrott: raises $6 to $24
Betting is capped
igmade: calls $0.06 and is all-in
Uncalled bet ($5.94) returned to punkrott
*** SHOW DOWN ***
punkrott: shows [6s Jd] (three of a kind, Sixes)
igmade: shows [As 6c] (a full house, Sixes full of Aces)
igmade collected $59.62 from pot
*** SUMMARY ***
Total pot $60.12 | Rake $0.50
Board [2s 6h 8c Ac 6d]
Seat 1: igmade (button) (small blind) showed [As 6c] and won ($59.62) with a full house, Sixes full of Aces
Seat 2: punkrott (big blind) showed [6s Jd] and lost with three of a kind, Sixes


PokerStars Hand #145976865765:  Hold'em Limit ($3/$6 USD) - 2015/12/26 19:58:14 ET
Table 'Olympia II' 2-max Seat #2 is the button
Seat 1: igmade ($29.06 in chips)
Seat 2: punkrott ($403.59 in chips)
punkrott: posts small blind $1
igmade: posts big blind $3
*** HOLE CARDS ***
punkrott: folds
Uncalled bet ($2) returned to igmade
igmade collected $2 from pot
igmade: doesn't show hand
*** SUMMARY ***
Total pot $2 | Rake $0
Seat 1: igmade (big blind) collected ($2)
Seat 2: punkrott (button) (small blind) folded before Flop


PokerStars Hand #145976857419:  Hold'em Limit ($3/$6 USD) - 2015/12/26 19:57:58 ET
Table 'Olympia II' 2-max Seat #1 is the button
Seat 1: igmade ($47.06 in chips)
Seat 2: punkrott ($386.09 in chips)
igmade: posts small blind $1
punkrott: posts big blind $3
*** HOLE CARDS ***
igmade: calls $2
punkrott: checks
*** FLOP *** [Kh 4d Td]
punkrott: checks
igmade: bets $3
punkrott: raises $3 to $6
igmade: raises $3 to $9
punkrott: calls $3
*** TURN *** [Kh 4d Td] [Jc]
punkrott: checks
igmade: checks
*** RIVER *** [Kh 4d Td Jc] [6c]
punkrott: bets $6
igmade: calls $6
*** SHOW DOWN ***
punkrott: shows [Tc 6h] (two pair, Tens and Sixes)
igmade: mucks hand
punkrott collected $35.50 from pot
*** SUMMARY ***
Total pot $36 | Rake $0.50
Board [Kh 4d Td Jc 6c]
Seat 1: igmade (button) (small blind) mucked
Seat 2: punkrott (big blind) showed [Tc 6h] and won ($35.50) with two pair, Tens and Sixes


PokerStars Hand #145976855059:  Hold'em Limit ($3/$6 USD) - 2015/12/26 19:57:54 ET
Table 'Olympia II' 2-max Seat #2 is the button
Seat 1: igmade ($46.06 in chips)
Seat 2: punkrott ($387.09 in chips)
punkrott: posts small blind $1
igmade: posts big blind $3
*** HOLE CARDS ***
punkrott: folds
Uncalled bet ($2) returned to igmade
igmade collected $2 from pot
igmade: doesn't show hand
*** SUMMARY ***
Total pot $2 | Rake $0
Seat 1: igmade (big blind) collected ($2)
Seat 2: punkrott (button) (small blind) folded before Flop


PokerStars Hand #145976879199:  Hold'em Limit ($3/$6 USD) - 2015/12/26 19:58:38 ET
Table 'Olympia II' 2-max Seat #2 is the button
Seat 1: igmade ($59.62 in chips)
Seat 2: punkrott ($372.53 in chips)
punkrott: posts small blind $1
igmade: posts big blind $3
*** HOLE CARDS ***
punkrott: raises $3 to $6
igmade: raises $3 to $9
punkrott: calls $3
*** FLOP *** [8s 9d 4h]
igmade: bets $3
punkrott: calls $3
*** TURN *** [8s 9d 4h] [Ad]
igmade: bets $6
punkrott: folds
Uncalled bet ($6) returned to igmade
igmade collected $23.52 from pot
igmade: doesn't show hand
*** SUMMARY ***
Total pot $24 | Rake $0.48
Board [8s 9d 4h Ad]
Seat 1: igmade (big blind) collected ($23.52)
Seat 2: punkrott (button) (small blind) folded on the Turn


PokerStars Hand #145976913207:  Hold'em Limit ($3/$6 USD) - 2015/12/26 19:59:41 ET
Table 'Olympia II' 2-max Seat #2 is the button
Seat 1: igmade ($69.40 in chips)
Seat 2: punkrott ($361.03 in chips)
punkrott: posts small blind $1
igmade: posts big blind $3
*** HOLE CARDS ***
punkrott: raises $3 to $6
igmade: calls $3
*** FLOP *** [2c 5s 4h]
igmade: checks
punkrott: checks
*** TURN *** [2c 5s 4h] [Qs]
igmade: bets $6
punkrott: folds
Uncalled bet ($6) returned to igmade
igmade collected $11.76 from pot
igmade: doesn't show hand
*** SUMMARY ***
Total pot $12 | Rake $0.24
Board [2c 5s 4h Qs]
Seat 1: igmade (big blind) collected ($11.76)
Seat 2: punkrott (button) (small blind) folded on the Turn


PokerStars Hand #145976906342:  Hold'em Limit ($3/$6 USD) - 2015/12/26 19:59:29 ET
Table 'Olympia II' 2-max Seat #2 is the button
Seat 1: igmade ($66.64 in chips)
Seat 2: punkrott ($364.03 in chips)
punkrott: posts small blind $1
igmade: posts big blind $3
*** HOLE CARDS ***
punkrott: raises $3 to $6
igmade: folds
Uncalled bet ($3) returned to punkrott
punkrott collected $6 from pot
punkrott: doesn't show hand
*** SUMMARY ***
Total pot $6 | Rake $0
Seat 1: igmade (big blind) folded before Flop
Seat 2: punkrott (button) (small blind) collected ($6)


PokerStars Hand #145976896787:  Hold'em Limit ($3/$6 USD) - 2015/12/26 19:59:11 ET
Table 'Olympia II' 2-max Seat #1 is the button
Seat 1: igmade ($99.64 in chips)
Seat 2: punkrott ($331.53 in chips)
igmade: posts small blind $1
punkrott: posts big blind $3
*** HOLE CARDS ***
igmade: raises $3 to $6
punkrott: calls $3
*** FLOP *** [4d 7h Kd]
punkrott: checks
igmade: bets $3
punkrott: raises $3 to $6
igmade: raises $3 to $9
punkrott: calls $3
*** TURN *** [4d 7h Kd] [Ah]
punkrott: checks
igmade: bets $6
punkrott: calls $6
*** RIVER *** [4d 7h Kd Ah] [7s]
punkrott: checks
igmade: bets $6
punkrott: raises $6 to $12
igmade: calls $6
*** SHOW DOWN ***
punkrott: shows [7c Th] (three of a kind, Sevens)
igmade: mucks hand
punkrott collected $65.50 from pot
*** SUMMARY ***
Total pot $66 | Rake $0.50
Board [4d 7h Kd Ah 7s]
Seat 1: igmade (button) (small blind) mucked
Seat 2: punkrott (big blind) showed [7c Th] and won ($65.50) with three of a kind, Sevens


PokerStars Hand #145976888288:  Hold'em Limit ($3/$6 USD) - 2015/12/26 19:58:55 ET
Table 'Olympia II' 2-max Seat #2 is the button
Seat 1: igmade ($70.14 in chips)
Seat 2: punkrott ($361.53 in chips)
punkrott: posts small blind $1
igmade: posts big blind $3
*** HOLE CARDS ***
punkrott: raises $3 to $6
igmade: raises $3 to $9
punkrott: calls $3
*** FLOP *** [2c 8d 5c]
igmade: bets $3
punkrott: calls $3
*** TURN *** [2c 8d 5c] [3d]
igmade: bets $6
punkrott: raises $6 to $12
igmade: calls $6
*** RIVER *** [2c 8d 5c 3d] [4h]
igmade: bets $6
punkrott: calls $6
*** SHOW DOWN ***
igmade: shows [Jc Ac] (a straight, Ace to Five)
punkrott: mucks hand
igmade collected $59.50 from pot
*** SUMMARY ***
Total pot $60 | Rake $0.50
Board [2c 8d 5c 3d 4h]
Seat 1: igmade (big blind) showed [Jc Ac] and won ($59.50) with a straight, Ace to Five
Seat 2: punkrott (button) (small blind) mucked


PokerStars Hand #145976885717:  Hold'em Limit ($3/$6 USD) - 2015/12/26 19:58:50 ET
Table 'Olympia II' 2-max Seat #1 is the button
Seat 1: igmade ($71.14 in chips)
Seat 2: punkrott ($360.53 in chips)
igmade: posts small blind $1
punkrott: posts big blind $3
*** HOLE CARDS ***
igmade: folds
Uncalled bet ($2) returned to punkrott
punkrott collected $2 from pot
punkrott: doesn't show hand
*** SUMMARY ***
Total pot $2 | Rake $0
Seat 1: igmade (button) (small blind) folded before Flop
Seat 2: punkrott (big blind) collected ($2)


PokerStars Hand #145976909069:  Hold'em Limit ($3/$6 USD) - 2015/12/26 19:59:33 ET
Table 'Olympia II' 2-max Seat #1 is the button
Seat 1: igmade ($63.64 in chips)
Seat 2: punkrott ($367.03 in chips)
igmade: posts small blind $1
punkrott: posts big blind $3
*** HOLE CARDS ***
igmade: raises $3 to $6
punkrott: calls $3
*** FLOP *** [5h 2c Ad]
punkrott: checks
igmade: bets $3
punkrott: folds
Uncalled bet ($3) returned to igmade
igmade collected $11.76 from pot
igmade: doesn't show hand
*** SUMMARY ***
Total pot $12 | Rake $0.24
Board [5h 2c Ad]
Seat 1: igmade (button) (small blind) collected ($11.76)
Seat 2: punkrott (big blind) folded on the Flop


PokerStars Hand #145976940650:  Hold'em Limit ($3/$6 USD) - 2015/12/26 20:00:30 ET
Table 'Olympia II' 2-max Seat #1 is the button
Seat 1: igmade ($50.92 in chips)
Seat 2: punkrott ($378.05 in chips)
igmade: posts small blind $1
punkrott: posts big blind $3
*** HOLE CARDS ***
igmade: calls $2
punkrott: raises $3 to $6
igmade: calls $3
*** FLOP *** [7h 3c As]
punkrott: bets $3
igmade: raises $3 to $6
punkrott: calls $3
*** TURN *** [7h 3c As] [Ks]
punkrott: checks
igmade: checks
*** RIVER *** [7h 3c As Ks] [9d]
punkrott: bets $6
igmade: calls $6
*** SHOW DOWN ***
punkrott: shows [Kh 6h] (a pair of Kings)
igmade: mucks hand
punkrott collected $35.50 from pot
*** SUMMARY ***
Total pot $36 | Rake $0.50
Board [7h 3c As Ks 9d]
Seat 1: igmade (button) (small blind) mucked
Seat 2: punkrott (big blind) showed [Kh 6h] and won ($35.50) with a pair of Kings


PokerStars Hand #145976937950:  Hold'em Limit ($3/$6 USD) - 2015/12/26 20:00:26 ET
Table 'Olympia II' 2-max Seat #2 is the button
Seat 1: igmade ($53.92 in chips)
Seat 2: punkrott ($375.05 in chips)
punkrott: posts small blind $1
igmade: posts big blind $3
*** HOLE CARDS ***
punkrott: raises $3 to $6
igmade: folds
Uncalled bet ($3) returned to punkrott
punkrott collected $6 from pot
punkrott: doesn't show hand
*** SUMMARY ***
Total pot $6 | Rake $0
Seat 1: igmade (big blind) folded before Flop
Seat 2: punkrott (button) (small blind) collected ($6)


PokerStars Hand #145976930225:  Hold'em Limit ($3/$6 USD) - 2015/12/26 20:00:12 ET
Table 'Olympia II' 2-max Seat #1 is the button
Seat 1: igmade ($68.92 in chips)
Seat 2: punkrott ($360.55 in chips)
igmade: posts small blind $1
punkrott: posts big blind $3
*** HOLE CARDS ***
igmade: calls $2
punkrott: checks
*** FLOP *** [3h 3s Ks]
punkrott: checks
igmade: checks
*** TURN *** [3h 3s Ks] [7s]
punkrott: bets $6
igmade: calls $6
*** RIVER *** [3h 3s Ks 7s] [2h]
punkrott: bets $6
igmade: calls $6
*** SHOW DOWN ***
punkrott: shows [8s 7h] (two pair, Sevens and Threes)
igmade: mucks hand
punkrott collected $29.50 from pot
*** SUMMARY ***
Total pot $30 | Rake $0.50
Board [3h 3s Ks 7s 2h]
Seat 1: igmade (button) (small blind) mucked
Seat 2: punkrott (big blind) showed [8s 7h] and won ($29.50) with two pair, Sevens and Threes


PokerStars Hand #145976923690:  Hold'em Limit ($3/$6 USD) - 2015/12/26 20:00:00 ET
Table 'Olympia II' 2-max Seat #2 is the button
Seat 1: igmade ($69.16 in chips)
Seat 2: punkrott ($360.79 in chips)
punkrott: posts small blind $1
igmade: posts big blind $3
*** HOLE CARDS ***
punkrott: raises $3 to $6
igmade: calls $3
*** FLOP *** [Tc Jd 8s]
igmade: checks
punkrott: checks
*** TURN *** [Tc Jd 8s] [3s]
igmade: checks
punkrott: checks
*** RIVER *** [Tc Jd 8s 3s] [Ad]
igmade: checks
punkrott: bets $6
igmade: calls $6
*** SHOW DOWN ***
punkrott: shows [8c 7c] (a pair of Eights)
igmade: shows [8d 4s] (a pair of Eights)
igmade collected $11.76 from pot
punkrott collected $11.76 from pot
*** SUMMARY ***
Total pot $24 | Rake $0.48
Board [Tc Jd 8s 3s Ad]
Seat 1: igmade (big blind) showed [8d 4s] and won ($11.76) with a pair of Eights
Seat 2: punkrott (button) (small blind) showed [8c 7c] and won ($11.76) with a pair of Eights


PokerStars Hand #145976918123:  Hold'em Limit ($3/$6 USD) - 2015/12/26 19:59:50 ET
Table 'Olympia II' 2-max Seat #1 is the button
Seat 1: igmade ($75.16 in chips)
Seat 2: punkrott ($355.03 in chips)
igmade: posts small blind $1
punkrott: posts big blind $3
*** HOLE CARDS ***
igmade: raises $3 to $6
punkrott: calls $3
*** FLOP *** [4c 6d 5s]
punkrott: checks
igmade: checks
*** TURN *** [4c 6d 5s] [Qd]
punkrott: bets $6
igmade: folds
Uncalled bet ($6) returned to punkrott
punkrott collected $11.76 from pot
punkrott: doesn't show hand
*** SUMMARY ***
Total pot $12 | Rake $0.24
Board [4c 6d 5s Qd]
Seat 1: igmade (button) (small blind) folded on the Turn
Seat 2: punkrott (big blind) collected ($11.76)


PokerStars Hand #145976978218:  Hold'em Limit ($3/$6 USD) - 2015/12/26 20:01:33 ET
Table 'Olympia II' 2-max Seat #2 is the button
Seat 1: igmade ($28.31 in chips)
Seat 2: punkrott ($398.82 in chips)
punkrott: posts small blind $1
igmade: posts big blind $3
*** HOLE CARDS ***
punkrott: raises $3 to $6
igmade: raises $3 to $9
punkrott: calls $3
*** FLOP *** [8c Kd Td]
igmade: bets $3
punkrott: calls $3
*** TURN *** [8c Kd Td] [3c]
igmade: bets $6
punkrott: calls $6
*** RIVER *** [8c Kd Td 3c] [8d]
igmade: bets $6
punkrott: calls $6
*** SHOW DOWN ***
igmade: shows [Qh Js] (a pair of Eights)
punkrott: shows [9h Ad] (a pair of Eights - Ace kicker)
punkrott collected $47.50 from pot
*** SUMMARY ***
Total pot $48 | Rake $0.50
Board [8c Kd Td 3c 8d]
Seat 1: igmade (big blind) showed [Qh Js] and lost with a pair of Eights
Seat 2: punkrott (button) (small blind) showed [9h Ad] and won ($47.50) with a pair of Eights


PokerStars Hand #145976960099:  Hold'em Limit ($3/$6 USD) - 2015/12/26 20:01:04 ET
Table 'Olympia II' 2-max Seat #2 is the button
Seat 1: igmade ($19.92 in chips)
Seat 2: punkrott ($408.07 in chips)
punkrott: posts small blind $1
igmade: posts big blind $3
*** HOLE CARDS ***
punkrott: raises $3 to $6
igmade: raises $3 to $9
punkrott: calls $3
*** FLOP *** [3d 7s Ac]
igmade: bets $3
punkrott: calls $3
*** TURN *** [3d 7s Ac] [7d]
igmade: bets $6
punkrott: raises $6 to $12
igmade: calls $1.92 and is all-in
Uncalled bet ($4.08) returned to punkrott
*** RIVER *** [3d 7s Ac 7d] [3s]
*** SHOW DOWN ***
igmade: shows [5c Kc] (two pair, Sevens and Threes)
punkrott: shows [Th Qh] (two pair, Sevens and Threes)
igmade collected $19.67 from pot
punkrott collected $19.67 from pot
*** SUMMARY ***
Total pot $39.84 | Rake $0.50
Board [3d 7s Ac 7d 3s]
Seat 1: igmade (big blind) showed [5c Kc] and won ($19.67) with two pair, Sevens and Threes
Seat 2: punkrott (button) (small blind) showed [Th Qh] and won ($19.67) with two pair, Sevens and Threes


PokerStars Hand #145976957288:  Hold'em Limit ($3/$6 USD) - 2015/12/26 20:00:59 ET
Table 'Olympia II' 2-max Seat #1 is the button
Seat 1: igmade ($20.92 in chips)
Seat 2: punkrott ($407.07 in chips)
igmade: posts small blind $1
punkrott: posts big blind $3
*** HOLE CARDS ***
igmade: folds
Uncalled bet ($2) returned to punkrott
punkrott collected $2 from pot
punkrott: doesn't show hand
*** SUMMARY ***
Total pot $2 | Rake $0
Seat 1: igmade (button) (small blind) folded before Flop
Seat 2: punkrott (big blind) collected ($2)


PokerStars Hand #145976948869:  Hold'em Limit ($3/$6 USD) - 2015/12/26 20:00:44 ET
Table 'Olympia II' 2-max Seat #2 is the button
Seat 1: igmade ($32.92 in chips)
Seat 2: punkrott ($395.55 in chips)
punkrott: posts small blind $1
igmade: posts big blind $3
*** HOLE CARDS ***
punkrott: raises $3 to $6
igmade: calls $3
*** FLOP *** [6c Td Kd]
igmade: checks
punkrott: checks
*** TURN *** [6c Td Kd] [9s]
igmade: checks
punkrott: checks
*** RIVER *** [6c Td Kd 9s] [4c]
igmade: checks
punkrott: bets $6
igmade: calls $6
*** SHOW DOWN ***
punkrott: shows [7d 6h] (a pair of Sixes)
igmade: mucks hand
punkrott collected $23.52 from pot
*** SUMMARY ***
Total pot $24 | Rake $0.48
Board [6c Td Kd 9s 4c]
Seat 1: igmade (big blind) mucked
Seat 2: punkrott (button) (small blind) showed [7d 6h] and won ($23.52) with a pair of Sixes


PokerStars Hand #145976968950:  Hold'em Limit ($3/$6 USD) - 2015/12/26 20:01:18 ET
Table 'Olympia II' 2-max Seat #1 is the button
Seat 1: igmade ($19.67 in chips)
Seat 2: punkrott ($407.82 in chips)
igmade: posts small blind $1
punkrott: posts big blind $3
*** HOLE CARDS ***
igmade: calls $2
punkrott: checks
*** FLOP *** [Qc 4d As]
punkrott: checks
igmade: checks
*** TURN *** [Qc 4d As] [Qs]
punkrott: bets $6
igmade: calls $6
*** RIVER *** [Qc 4d As Qs] [Kh]
punkrott: checks
igmade: bets $6
punkrott: folds
Uncalled bet ($6) returned to igmade
igmade collected $17.64 from pot
igmade: doesn't show hand
*** SUMMARY ***
Total pot $18 | Rake $0.36
Board [Qc 4d As Qs Kh]
Seat 1: igmade (button) (small blind) collected ($17.64)
Seat 2: punkrott (big blind) folded on the River


PokerStars Hand #145976986407:  Hold'em Limit ($3/$6 USD) - 2015/12/26 20:01:47 ET
Table 'Olympia II' 2-max Seat #1 is the button
Seat 1: igmade ($4.31 in chips)
Seat 2: punkrott ($422.32 in chips)
igmade: posts small blind $1
punkrott: posts big blind $3
*** HOLE CARDS ***
igmade: raises $1.31 to $4.31 and is all-in
punkrott: calls $1.31
*** FLOP *** [2s Js 7d]
*** TURN *** [2s Js 7d] [2d]
*** RIVER *** [2s Js 7d 2d] [4h]
*** SHOW DOWN ***
punkrott: shows [Jd Ac] (two pair, Jacks and Deuces)
igmade: shows [8h 7c] (two pair, Sevens and Deuces)
punkrott collected $8.45 from pot
igmade leaves the table
*** SUMMARY ***
Total pot $8.62 | Rake $0.17
Board [2s Js 7d 2d 4h]
Seat 1: igmade (button) (small blind) showed [8h 7c] and lost with two pair, Sevens and Deuces
Seat 2: punkrott (big blind) showed [Jd Ac] and won ($8.45) with two pair, Jacks and Deuces


