PokerStars Hand #151575860860:  Hold'em Limit ($3/$6 USD) - 2016/04/07 14:41:04 ET
Table 'Onnie II' 6-max Seat #2 is the button
Seat 2: Chessnok ($89.24 in chips)
Seat 5: gkas71 ($194.30 in chips)
Chessnok: posts small blind $1
gkas71: posts big blind $3
*** HOLE CARDS ***
Chessnok: raises $3 to $6
Norbert-04 leaves the table
gkas71: folds
Uncalled bet ($3) returned to Chessnok
gkas71 leaves the table
Chessnok collected $6 from pot
Chessnok: doesn't show hand
*** SUMMARY ***
Total pot $6 | Rake $0
Seat 2: Chessnok (button) (small blind) collected ($6)
Seat 5: gkas71 (big blind) folded before Flop


PokerStars Hand #151578663103:  Hold'em Limit ($3/$6 USD) - 2016/04/07 15:31:14 ET
Table 'Onnie II' 6-max Seat #3 is the button
Seat 3: SONCKG ($75.68 in chips)
Seat 4: Zubasa07 ($541.26 in chips)
SONCKG: posts small blind $1
Zubasa07: posts big blind $3
*** HOLE CARDS ***
SONCKG: raises $3 to $6
Zubasa07: raises $3 to $9
SONCKG: calls $3
*** FLOP *** [Qd 7c 2s]
Zubasa07: bets $3
SONCKG: calls $3
*** TURN *** [Qd 7c 2s] [9h]
Zubasa07: checks
SONCKG: checks
*** RIVER *** [Qd 7c 2s 9h] [8d]
Zubasa07: checks
SONCKG: checks
*** SHOW DOWN ***
Zubasa07: shows [5c 5h] (a pair of Fives)
SONCKG: mucks hand
Zubasa07 collected $23.52 from pot
*** SUMMARY ***
Total pot $24 | Rake $0.48
Board [Qd 7c 2s 9h 8d]
Seat 3: SONCKG (button) (small blind) mucked
Seat 4: Zubasa07 (big blind) showed [5c 5h] and won ($23.52) with a pair of Fives


PokerStars Hand #151578716655:  Hold'em Limit ($3/$6 USD) - 2016/04/07 15:32:10 ET
Table 'Onnie II' 6-max Seat #4 is the button
Seat 3: SONCKG ($63.68 in chips)
Seat 4: Zubasa07 ($552.78 in chips)
Zubasa07: posts small blind $1
SONCKG: posts big blind $3
*** HOLE CARDS ***
Zubasa07: raises $3 to $6
SONCKG: folds
Uncalled bet ($3) returned to Zubasa07
Zubasa07 collected $6 from pot
Zubasa07: doesn't show hand
*** SUMMARY ***
Total pot $6 | Rake $0
Seat 3: SONCKG (big blind) folded before Flop
Seat 4: Zubasa07 (button) (small blind) collected ($6)


PokerStars Hand #151578721971:  Hold'em Limit ($3/$6 USD) - 2016/04/07 15:32:15 ET
Table 'Onnie II' 6-max Seat #3 is the button
Seat 3: SONCKG ($60.68 in chips)
Seat 4: Zubasa07 ($555.78 in chips)
SONCKG: posts small blind $1
Zubasa07: posts big blind $3
*** HOLE CARDS ***
SONCKG: folds
Uncalled bet ($2) returned to Zubasa07
Zubasa07 collected $2 from pot
Zubasa07: doesn't show hand
*** SUMMARY ***
Total pot $2 | Rake $0
Seat 3: SONCKG (button) (small blind) folded before Flop
Seat 4: Zubasa07 (big blind) collected ($2)


PokerStars Hand #151578728472:  Hold'em Limit ($3/$6 USD) - 2016/04/07 15:32:22 ET
Table 'Onnie II' 6-max Seat #4 is the button
Seat 3: SONCKG ($59.68 in chips)
Seat 4: Zubasa07 ($556.78 in chips)
Zubasa07: posts small blind $1
SONCKG: posts big blind $3
*** HOLE CARDS ***
Zubasa07: raises $3 to $6
SONCKG: folds
Uncalled bet ($3) returned to Zubasa07
Zubasa07 collected $6 from pot
Zubasa07: doesn't show hand
*** SUMMARY ***
Total pot $6 | Rake $0
Seat 3: SONCKG (big blind) folded before Flop
Seat 4: Zubasa07 (button) (small blind) collected ($6)


PokerStars Hand #151578739976:  Hold'em Limit ($3/$6 USD) - 2016/04/07 15:32:34 ET
Table 'Onnie II' 6-max Seat #3 is the button
Seat 3: SONCKG ($56.68 in chips)
Seat 4: Zubasa07 ($559.78 in chips)
SONCKG: posts small blind $1
Zubasa07: posts big blind $3
*** HOLE CARDS ***
SONCKG: raises $3 to $6
Zubasa07: calls $3
*** FLOP *** [As Js Kc]
Zubasa07: checks
SONCKG: bets $3
Zubasa07: raises $3 to $6
SONCKG: calls $3
*** TURN *** [As Js Kc] [9d]
Zubasa07: bets $6
SONCKG: calls $6
*** RIVER *** [As Js Kc 9d] [2s]
Zubasa07: bets $6
SONCKG: folds
Uncalled bet ($6) returned to Zubasa07
Zubasa07 collected $35.50 from pot
Zubasa07: doesn't show hand
*** SUMMARY ***
Total pot $36 | Rake $0.50
Board [As Js Kc 9d 2s]
Seat 3: SONCKG (button) (small blind) folded on the River
Seat 4: Zubasa07 (big blind) collected ($35.50)


PokerStars Hand #151578773990:  Hold'em Limit ($3/$6 USD) - 2016/04/07 15:33:09 ET
Table 'Onnie II' 6-max Seat #4 is the button
Seat 3: SONCKG ($38.68 in chips)
Seat 4: Zubasa07 ($577.28 in chips)
Zubasa07: posts small blind $1
SONCKG: posts big blind $3
*** HOLE CARDS ***
Zubasa07: raises $3 to $6
SONCKG: folds
Uncalled bet ($3) returned to Zubasa07
Zubasa07 collected $6 from pot
Zubasa07: doesn't show hand
*** SUMMARY ***
Total pot $6 | Rake $0
Seat 3: SONCKG (big blind) folded before Flop
Seat 4: Zubasa07 (button) (small blind) collected ($6)


PokerStars Hand #151578779672:  Hold'em Limit ($3/$6 USD) - 2016/04/07 15:33:15 ET
Table 'Onnie II' 6-max Seat #3 is the button
Seat 3: SONCKG ($35.68 in chips)
Seat 4: Zubasa07 ($580.28 in chips)
SONCKG: posts small blind $1
Zubasa07: posts big blind $3
*** HOLE CARDS ***
SONCKG: raises $3 to $6
Zubasa07: calls $3
*** FLOP *** [2h Qh 2c]
Zubasa07: checks
SONCKG: bets $3
Zubasa07: folds
Uncalled bet ($3) returned to SONCKG
SONCKG collected $11.76 from pot
*** SUMMARY ***
Total pot $12 | Rake $0.24
Board [2h Qh 2c]
Seat 3: SONCKG (button) (small blind) collected ($11.76)
Seat 4: Zubasa07 (big blind) folded on the Flop


PokerStars Hand #151578794245:  Hold'em Limit ($3/$6 USD) - 2016/04/07 15:33:30 ET
Table 'Onnie II' 6-max Seat #4 is the button
Seat 3: SONCKG ($41.44 in chips)
Seat 4: Zubasa07 ($574.28 in chips)
Zubasa07: posts small blind $1
SONCKG: posts big blind $3
*** HOLE CARDS ***
Zubasa07: raises $3 to $6
SONCKG: folds
Uncalled bet ($3) returned to Zubasa07
Zubasa07 collected $6 from pot
Zubasa07: doesn't show hand
*** SUMMARY ***
Total pot $6 | Rake $0
Seat 3: SONCKG (big blind) folded before Flop
Seat 4: Zubasa07 (button) (small blind) collected ($6)


PokerStars Hand #151578810782:  Hold'em Limit ($3/$6 USD) - 2016/04/07 15:33:47 ET
Table 'Onnie II' 6-max Seat #3 is the button
Seat 3: SONCKG ($38.44 in chips)
Seat 4: Zubasa07 ($577.28 in chips)
SONCKG: posts small blind $1
Zubasa07: posts big blind $3
*** HOLE CARDS ***
SONCKG: folds
Uncalled bet ($2) returned to Zubasa07
Zubasa07 collected $2 from pot
Zubasa07: doesn't show hand
*** SUMMARY ***
Total pot $2 | Rake $0
Seat 3: SONCKG (button) (small blind) folded before Flop
Seat 4: Zubasa07 (big blind) collected ($2)


PokerStars Hand #151578817946:  Hold'em Limit ($3/$6 USD) - 2016/04/07 15:33:54 ET
Table 'Onnie II' 6-max Seat #4 is the button
Seat 3: SONCKG ($37.44 in chips)
Seat 4: Zubasa07 ($578.28 in chips)
Zubasa07: posts small blind $1
SONCKG: posts big blind $3
*** HOLE CARDS ***
Zubasa07: raises $3 to $6
SONCKG: folds
Uncalled bet ($3) returned to Zubasa07
Zubasa07 collected $6 from pot
Zubasa07: doesn't show hand
*** SUMMARY ***
Total pot $6 | Rake $0
Seat 3: SONCKG (big blind) folded before Flop
Seat 4: Zubasa07 (button) (small blind) collected ($6)


PokerStars Hand #151578914393:  Hold'em Limit ($3/$6 USD) - 2016/04/07 15:35:34 ET
Table 'Onnie II' 6-max Seat #4 is the button
Seat 3: SONCKG ($51.94 in chips)
Seat 4: Zubasa07 ($563.28 in chips)
Zubasa07: posts small blind $1
SONCKG: posts big blind $3
*** HOLE CARDS ***
Zubasa07: raises $3 to $6
SONCKG: folds
Uncalled bet ($3) returned to Zubasa07
Zubasa07 collected $6 from pot
Zubasa07: doesn't show hand
*** SUMMARY ***
Total pot $6 | Rake $0
Seat 3: SONCKG (big blind) folded before Flop
Seat 4: Zubasa07 (button) (small blind) collected ($6)


PokerStars Hand #151578827600:  Hold'em Limit ($3/$6 USD) - 2016/04/07 15:34:04 ET
Table 'Onnie II' 6-max Seat #3 is the button
Seat 3: SONCKG ($34.44 in chips)
Seat 4: Zubasa07 ($581.28 in chips)
SONCKG: posts small blind $1
Zubasa07: posts big blind $3
*** HOLE CARDS ***
SONCKG: raises $3 to $6
Zubasa07: calls $3
*** FLOP *** [8c Jh 9h]
Zubasa07: checks
SONCKG: checks
*** TURN *** [8c Jh 9h] [6h]
Zubasa07: bets $6
SONCKG: calls $6
*** RIVER *** [8c Jh 9h 6h] [Qh]
Zubasa07: checks
SONCKG: bets $6
Zubasa07: calls $6
*** SHOW DOWN ***
SONCKG: shows [Kh 7c] (a flush, King high)
Zubasa07: mucks hand
SONCKG collected $35.50 from pot
*** SUMMARY ***
Total pot $36 | Rake $0.50
Board [8c Jh 9h 6h Qh]
Seat 3: SONCKG (button) (small blind) showed [Kh 7c] and won ($35.50) with a flush, King high
Seat 4: Zubasa07 (big blind) mucked


PokerStars Hand #151578920579:  Hold'em Limit ($3/$6 USD) - 2016/04/07 15:35:40 ET
Table 'Onnie II' 6-max Seat #3 is the button
Seat 3: SONCKG ($48.94 in chips)
Seat 4: Zubasa07 ($566.28 in chips)
SONCKG: posts small blind $1
Zubasa07: posts big blind $3
*** HOLE CARDS ***
SONCKG: raises $3 to $6
Zubasa07: calls $3
*** FLOP *** [3d Th Ad]
Zubasa07: checks
SONCKG: bets $3
Zubasa07: calls $3
*** TURN *** [3d Th Ad] [Js]
Zubasa07: checks
SONCKG: bets $6
Zubasa07: calls $6
*** RIVER *** [3d Th Ad Js] [Tc]
Zubasa07: checks
SONCKG: checks
*** SHOW DOWN ***
Zubasa07: shows [4s Ks] (a pair of Tens)
SONCKG: shows [Qh Ac] (two pair, Aces and Tens)
SONCKG collected $29.50 from pot
*** SUMMARY ***
Total pot $30 | Rake $0.50
Board [3d Th Ad Js Tc]
Seat 3: SONCKG (button) (small blind) showed [Qh Ac] and won ($29.50) with two pair, Aces and Tens
Seat 4: Zubasa07 (big blind) showed [4s Ks] and lost with a pair of Tens


PokerStars Hand #151578994299:  Hold'em Limit ($3/$6 USD) - 2016/04/07 15:36:55 ET
Table 'Onnie II' 6-max Seat #3 is the button
Seat 3: SONCKG ($64.44 in chips)
Seat 4: Zubasa07 ($550.28 in chips)
SONCKG: posts small blind $1
Zubasa07: posts big blind $3
*** HOLE CARDS ***
SONCKG: raises $3 to $6
Zubasa07: folds
Uncalled bet ($3) returned to SONCKG
SONCKG collected $6 from pot
*** SUMMARY ***
Total pot $6 | Rake $0
Seat 3: SONCKG (button) (small blind) collected ($6)
Seat 4: Zubasa07 (big blind) folded before Flop


PokerStars Hand #151578979563:  Hold'em Limit ($3/$6 USD) - 2016/04/07 15:36:40 ET
Table 'Onnie II' 6-max Seat #4 is the button
Seat 3: SONCKG ($63.44 in chips)
Seat 4: Zubasa07 ($551.28 in chips)
Zubasa07: posts small blind $1
SONCKG: posts big blind $3
*** HOLE CARDS ***
Zubasa07: folds
Uncalled bet ($2) returned to SONCKG
SONCKG collected $2 from pot
*** SUMMARY ***
Total pot $2 | Rake $0
Seat 3: SONCKG (big blind) collected ($2)
Seat 4: Zubasa07 (button) (small blind) folded before Flop


PokerStars Hand #151579038273:  Hold'em Limit ($3/$6 USD) - 2016/04/07 15:37:34 ET
Table 'Onnie II' 6-max Seat #3 is the button
Seat 3: SONCKG ($57.44 in chips)
Seat 4: Zubasa07 ($557.04 in chips)
SONCKG: posts small blind $1
Zubasa07: posts big blind $3
*** HOLE CARDS ***
SONCKG: folds
Uncalled bet ($2) returned to Zubasa07
Zubasa07 collected $2 from pot
Zubasa07: doesn't show hand
*** SUMMARY ***
Total pot $2 | Rake $0
Seat 3: SONCKG (button) (small blind) folded before Flop
Seat 4: Zubasa07 (big blind) collected ($2)


PokerStars Hand #151579031292:  Hold'em Limit ($3/$6 USD) - 2016/04/07 15:37:27 ET
Table 'Onnie II' 6-max Seat #4 is the button
Seat 3: SONCKG ($60.44 in chips)
Seat 4: Zubasa07 ($554.04 in chips)
Zubasa07: posts small blind $1
SONCKG: posts big blind $3
*** HOLE CARDS ***
Zubasa07: raises $3 to $6
SONCKG: folds
Uncalled bet ($3) returned to Zubasa07
Zubasa07 collected $6 from pot
Zubasa07: doesn't show hand
*** SUMMARY ***
Total pot $6 | Rake $0
Seat 3: SONCKG (big blind) folded before Flop
Seat 4: Zubasa07 (button) (small blind) collected ($6)


PokerStars Hand #151579049102:  Hold'em Limit ($3/$6 USD) - 2016/04/07 15:37:45 ET
Table 'Onnie II' 6-max Seat #3 is the button
Seat 3: SONCKG ($53.44 in chips)
Seat 4: Zubasa07 ($561.04 in chips)
SONCKG: posts small blind $1
Zubasa07: posts big blind $3
*** HOLE CARDS ***
SONCKG: folds
Uncalled bet ($2) returned to Zubasa07
Zubasa07 collected $2 from pot
Zubasa07: doesn't show hand
*** SUMMARY ***
Total pot $2 | Rake $0
Seat 3: SONCKG (button) (small blind) folded before Flop
Seat 4: Zubasa07 (big blind) collected ($2)


PokerStars Hand #151579042830:  Hold'em Limit ($3/$6 USD) - 2016/04/07 15:37:39 ET
Table 'Onnie II' 6-max Seat #4 is the button
Seat 3: SONCKG ($56.44 in chips)
Seat 4: Zubasa07 ($558.04 in chips)
Zubasa07: posts small blind $1
SONCKG: posts big blind $3
*** HOLE CARDS ***
Zubasa07: raises $3 to $6
SONCKG: folds
Uncalled bet ($3) returned to Zubasa07
Zubasa07 collected $6 from pot
Zubasa07: doesn't show hand
*** SUMMARY ***
Total pot $6 | Rake $0
Seat 3: SONCKG (big blind) folded before Flop
Seat 4: Zubasa07 (button) (small blind) collected ($6)


PokerStars Hand #151579007137:  Hold'em Limit ($3/$6 USD) - 2016/04/07 15:37:02 ET
Table 'Onnie II' 6-max Seat #4 is the button
Seat 3: SONCKG ($67.44 in chips)
Seat 4: Zubasa07 ($547.28 in chips)
Zubasa07: posts small blind $1
SONCKG: posts big blind $3
*** HOLE CARDS ***
Zubasa07: raises $3 to $6
SONCKG: calls $3
*** FLOP *** [Kh Ah 3h]
SONCKG: checks
Zubasa07: bets $3
SONCKG: folds
Uncalled bet ($3) returned to Zubasa07
Zubasa07 collected $11.76 from pot
Zubasa07: doesn't show hand
*** SUMMARY ***
Total pot $12 | Rake $0.24
Board [Kh Ah 3h]
Seat 3: SONCKG (big blind) folded on the Flop
Seat 4: Zubasa07 (button) (small blind) collected ($11.76)


PokerStars Hand #151579026879:  Hold'em Limit ($3/$6 USD) - 2016/04/07 15:37:22 ET
Table 'Onnie II' 6-max Seat #3 is the button
Seat 3: SONCKG ($61.44 in chips)
Seat 4: Zubasa07 ($553.04 in chips)
SONCKG: posts small blind $1
Zubasa07: posts big blind $3
*** HOLE CARDS ***
SONCKG: folds
Uncalled bet ($2) returned to Zubasa07
Zubasa07 collected $2 from pot
Zubasa07: doesn't show hand
*** SUMMARY ***
Total pot $2 | Rake $0
Seat 3: SONCKG (button) (small blind) folded before Flop
Seat 4: Zubasa07 (big blind) collected ($2)


PokerStars Hand #151579087678:  Hold'em Limit ($3/$6 USD) - 2016/04/07 15:38:25 ET
Table 'Onnie II' 6-max Seat #3 is the button
Seat 3: SONCKG ($61.08 in chips)
Seat 4: Zubasa07 ($553.04 in chips)
SONCKG: posts small blind $1
Zubasa07: posts big blind $3
*** HOLE CARDS ***
SONCKG: folds
Uncalled bet ($2) returned to Zubasa07
Zubasa07 collected $2 from pot
Zubasa07: doesn't show hand
*** SUMMARY ***
Total pot $2 | Rake $0
Seat 3: SONCKG (button) (small blind) folded before Flop
Seat 4: Zubasa07 (big blind) collected ($2)


PokerStars Hand #151579053840:  Hold'em Limit ($3/$6 USD) - 2016/04/07 15:37:50 ET
Table 'Onnie II' 6-max Seat #4 is the button
Seat 3: SONCKG ($52.44 in chips)
Seat 4: Zubasa07 ($562.04 in chips)
Zubasa07: posts small blind $1
SONCKG: posts big blind $3
*** HOLE CARDS ***
Zubasa07: raises $3 to $6
SONCKG: calls $3
*** FLOP *** [9s 9d Ah]
SONCKG: checks
Zubasa07: bets $3
SONCKG: calls $3
*** TURN *** [9s 9d Ah] [As]
SONCKG: checks
Zubasa07: checks
*** RIVER *** [9s 9d Ah As] [3s]
SONCKG: bets $6
Zubasa07: folds
Uncalled bet ($6) returned to SONCKG
SONCKG collected $17.64 from pot
*** SUMMARY ***
Total pot $18 | Rake $0.36
Board [9s 9d Ah As 3s]
Seat 3: SONCKG (big blind) collected ($17.64)
Seat 4: Zubasa07 (button) (small blind) folded on the River


PokerStars Hand #151579136095:  Hold'em Limit ($3/$6 USD) - 2016/04/07 15:39:15 ET
Table 'Onnie II' 6-max Seat #3 is the button
Seat 3: SONCKG ($39.08 in chips)
Seat 4: Zubasa07 ($574.54 in chips)
SONCKG: posts small blind $1
Zubasa07: posts big blind $3
*** HOLE CARDS ***
SONCKG: folds
Uncalled bet ($2) returned to Zubasa07
Zubasa07 collected $2 from pot
Zubasa07: doesn't show hand
*** SUMMARY ***
Total pot $2 | Rake $0
Seat 3: SONCKG (button) (small blind) folded before Flop
Seat 4: Zubasa07 (big blind) collected ($2)


PokerStars Hand #151579092733:  Hold'em Limit ($3/$6 USD) - 2016/04/07 15:38:31 ET
Table 'Onnie II' 6-max Seat #4 is the button
Seat 3: SONCKG ($60.08 in chips)
Seat 4: Zubasa07 ($554.04 in chips)
Zubasa07: posts small blind $1
SONCKG: posts big blind $3
*** HOLE CARDS ***
Zubasa07: raises $3 to $6
SONCKG: calls $3
*** FLOP *** [Ac 8s Ah]
SONCKG: checks
Zubasa07: bets $3
SONCKG: calls $3
*** TURN *** [Ac 8s Ah] [9c]
SONCKG: checks
Zubasa07: bets $6
SONCKG: calls $6
*** RIVER *** [Ac 8s Ah 9c] [3h]
SONCKG: checks
Zubasa07: bets $6
SONCKG: calls $6
*** SHOW DOWN ***
Zubasa07: shows [5h Ad] (three of a kind, Aces)
SONCKG: mucks hand
Zubasa07 collected $41.50 from pot
*** SUMMARY ***
Total pot $42 | Rake $0.50
Board [Ac 8s Ah 9c 3h]
Seat 3: SONCKG (big blind) mucked
Seat 4: Zubasa07 (button) (small blind) showed [5h Ad] and won ($41.50) with three of a kind, Aces


PokerStars Hand #151579140767:  Hold'em Limit ($3/$6 USD) - 2016/04/07 15:39:20 ET
Table 'Onnie II' 6-max Seat #4 is the button
Seat 3: SONCKG ($38.08 in chips)
Seat 4: Zubasa07 ($575.54 in chips)
Zubasa07: posts small blind $1
SONCKG: posts big blind $3
*** HOLE CARDS ***
Zubasa07: raises $3 to $6
SONCKG: folds
Uncalled bet ($3) returned to Zubasa07
Zubasa07 collected $6 from pot
Zubasa07: doesn't show hand
*** SUMMARY ***
Total pot $6 | Rake $0
Seat 3: SONCKG (big blind) folded before Flop
Seat 4: Zubasa07 (button) (small blind) collected ($6)


PokerStars Hand #151579184178:  Hold'em Limit ($3/$6 USD) - 2016/04/07 15:40:04 ET
Table 'Onnie II' 6-max Seat #4 is the button
Seat 3: SONCKG ($58.58 in chips)
Seat 4: Zubasa07 ($554.54 in chips)
Zubasa07: posts small blind $1
SONCKG: posts big blind $3
*** HOLE CARDS ***
Zubasa07: raises $3 to $6
SONCKG: folds
Uncalled bet ($3) returned to Zubasa07
Zubasa07 collected $6 from pot
Zubasa07: doesn't show hand
*** SUMMARY ***
Total pot $6 | Rake $0
Seat 3: SONCKG (big blind) folded before Flop
Seat 4: Zubasa07 (button) (small blind) collected ($6)


PokerStars Hand #151579150520:  Hold'em Limit ($3/$6 USD) - 2016/04/07 15:39:30 ET
Table 'Onnie II' 6-max Seat #3 is the button
Seat 3: SONCKG ($35.08 in chips)
Seat 4: Zubasa07 ($578.54 in chips)
SONCKG: posts small blind $1
Zubasa07: posts big blind $3
*** HOLE CARDS ***
SONCKG: raises $3 to $6
Zubasa07: raises $3 to $9
SONCKG: calls $3
*** FLOP *** [Js 5c 2d]
Zubasa07: bets $3
SONCKG: calls $3
*** TURN *** [Js 5c 2d] [4h]
Zubasa07: bets $6
SONCKG: calls $6
*** RIVER *** [Js 5c 2d 4h] [Kh]
Zubasa07: bets $6
SONCKG: raises $6 to $12
Zubasa07: folds
Uncalled bet ($6) returned to SONCKG
SONCKG collected $47.50 from pot
*** SUMMARY ***
Total pot $48 | Rake $0.50
Board [Js 5c 2d 4h Kh]
Seat 3: SONCKG (button) (small blind) collected ($47.50)
Seat 4: Zubasa07 (big blind) folded on the River


PokerStars Hand #151579197048:  Hold'em Limit ($3/$6 USD) - 2016/04/07 15:40:18 ET
Table 'Onnie II' 6-max Seat #4 is the button
Seat 3: SONCKG ($54.58 in chips)
Seat 4: Zubasa07 ($558.54 in chips)
Zubasa07: posts small blind $1
SONCKG: posts big blind $3
*** HOLE CARDS ***
Zubasa07: raises $3 to $6
SONCKG: calls $3
*** FLOP *** [9c 2h 9s]
SONCKG: bets $3
Zubasa07: raises $3 to $6
SONCKG: calls $3
*** TURN *** [9c 2h 9s] [3h]
SONCKG: checks
Zubasa07: bets $6
SONCKG: raises $6 to $12
Zubasa07: calls $6
*** RIVER *** [9c 2h 9s 3h] [7s]
SONCKG: bets $6
Zubasa07: calls $6
*** SHOW DOWN ***
SONCKG: shows [Ks Jc] (a pair of Nines)
Zubasa07: shows [4d 4s] (two pair, Nines and Fours)
Zubasa07 collected $59.50 from pot
*** SUMMARY ***
Total pot $60 | Rake $0.50
Board [9c 2h 9s 3h 7s]
Seat 3: SONCKG (big blind) showed [Ks Jc] and lost with a pair of Nines
Seat 4: Zubasa07 (button) (small blind) showed [4d 4s] and won ($59.50) with two pair, Nines and Fours


PokerStars Hand #151579191884:  Hold'em Limit ($3/$6 USD) - 2016/04/07 15:40:12 ET
Table 'Onnie II' 6-max Seat #3 is the button
Seat 3: SONCKG ($55.58 in chips)
Seat 4: Zubasa07 ($557.54 in chips)
SONCKG: posts small blind $1
Zubasa07: posts big blind $3
*** HOLE CARDS ***
SONCKG: folds
Uncalled bet ($2) returned to Zubasa07
Zubasa07 collected $2 from pot
Zubasa07: doesn't show hand
*** SUMMARY ***
Total pot $2 | Rake $0
Seat 3: SONCKG (button) (small blind) folded before Flop
Seat 4: Zubasa07 (big blind) collected ($2)


PokerStars Hand #151579299378:  Hold'em Limit ($3/$6 USD) - 2016/04/07 15:42:05 ET
Table 'Onnie II' 6-max Seat #4 is the button
Seat 3: SONCKG ($44.86 in chips)
Seat 4: Zubasa07 ($567.04 in chips)
Zubasa07: posts small blind $1
SONCKG: posts big blind $3
*** HOLE CARDS ***
Zubasa07: raises $3 to $6
SONCKG: folds
Uncalled bet ($3) returned to Zubasa07
Zubasa07 collected $6 from pot
Zubasa07: doesn't show hand
*** SUMMARY ***
Total pot $6 | Rake $0
Seat 3: SONCKG (big blind) folded before Flop
Seat 4: Zubasa07 (button) (small blind) collected ($6)


PokerStars Hand #151579275994:  Hold'em Limit ($3/$6 USD) - 2016/04/07 15:41:40 ET
Table 'Onnie II' 6-max Seat #3 is the button
Seat 3: SONCKG ($41.86 in chips)
Seat 4: Zubasa07 ($570.04 in chips)
SONCKG: posts small blind $1
Zubasa07: posts big blind $3
*** HOLE CARDS ***
SONCKG: raises $3 to $6
Zubasa07: folds
Uncalled bet ($3) returned to SONCKG
SONCKG collected $6 from pot
*** SUMMARY ***
Total pot $6 | Rake $0
Seat 3: SONCKG (button) (small blind) collected ($6)
Seat 4: Zubasa07 (big blind) folded before Flop


PokerStars Hand #151579237287:  Hold'em Limit ($3/$6 USD) - 2016/04/07 15:40:59 ET
Table 'Onnie II' 6-max Seat #3 is the button
Seat 3: SONCKG ($24.58 in chips)
Seat 4: Zubasa07 ($588.04 in chips)
SONCKG: posts small blind $1
Zubasa07: posts big blind $3
*** HOLE CARDS ***
SONCKG: raises $3 to $6
Zubasa07: calls $3
*** FLOP *** [9c 5h Kh]
Zubasa07: checks
SONCKG: bets $3
Zubasa07: folds
Uncalled bet ($3) returned to SONCKG
SONCKG collected $11.76 from pot
*** SUMMARY ***
Total pot $12 | Rake $0.24
Board [9c 5h Kh]
Seat 3: SONCKG (button) (small blind) collected ($11.76)
Seat 4: Zubasa07 (big blind) folded on the Flop


PokerStars Hand #151579257712:  Hold'em Limit ($3/$6 USD) - 2016/04/07 15:41:21 ET
Table 'Onnie II' 6-max Seat #4 is the button
Seat 3: SONCKG ($30.34 in chips)
Seat 4: Zubasa07 ($582.04 in chips)
Zubasa07: posts small blind $1
SONCKG: posts big blind $3
*** HOLE CARDS ***
Zubasa07: raises $3 to $6
SONCKG: raises $3 to $9
Zubasa07: calls $3
*** FLOP *** [Qd Qs Qh]
SONCKG: bets $3
Zubasa07: calls $3
*** TURN *** [Qd Qs Qh] [Kd]
SONCKG: bets $6
Zubasa07: folds
Uncalled bet ($6) returned to SONCKG
SONCKG collected $23.52 from pot
*** SUMMARY ***
Total pot $24 | Rake $0.48
Board [Qd Qs Qh Kd]
Seat 3: SONCKG (big blind) collected ($23.52)
Seat 4: Zubasa07 (button) (small blind) folded on the Turn


PokerStars Hand #151579342636:  Hold'em Limit ($3/$6 USD) - 2016/04/07 15:42:50 ET
Table 'Onnie II' 6-max Seat #4 is the button
Seat 3: SONCKG ($47.62 in chips)
Seat 4: Zubasa07 ($564.04 in chips)
Zubasa07: posts small blind $1
SONCKG: posts big blind $3
*** HOLE CARDS ***
Zubasa07: raises $3 to $6
SONCKG: calls $3
*** FLOP *** [Qh 4d 3c]
SONCKG: checks
Zubasa07: bets $3
SONCKG: folds
Uncalled bet ($3) returned to Zubasa07
Zubasa07 collected $11.76 from pot
Zubasa07: doesn't show hand
*** SUMMARY ***
Total pot $12 | Rake $0.24
Board [Qh 4d 3c]
Seat 3: SONCKG (big blind) folded on the Flop
Seat 4: Zubasa07 (button) (small blind) collected ($11.76)


PokerStars Hand #151579319745:  Hold'em Limit ($3/$6 USD) - 2016/04/07 15:42:26 ET
Table 'Onnie II' 6-max Seat #3 is the button
Seat 3: SONCKG ($41.86 in chips)
Seat 4: Zubasa07 ($570.04 in chips)
SONCKG: posts small blind $1
Zubasa07: posts big blind $3
*** HOLE CARDS ***
SONCKG: raises $3 to $6
Zubasa07: calls $3
*** FLOP *** [6c Js Ad]
Zubasa07: checks
SONCKG: bets $3
Zubasa07: folds
Uncalled bet ($3) returned to SONCKG
SONCKG collected $11.76 from pot
*** SUMMARY ***
Total pot $12 | Rake $0.24
Board [6c Js Ad]
Seat 3: SONCKG (button) (small blind) collected ($11.76)
Seat 4: Zubasa07 (big blind) folded on the Flop


PokerStars Hand #151579311301:  Hold'em Limit ($3/$6 USD) - 2016/04/07 15:42:17 ET
Table 'Onnie II' 6-max Seat #4 is the button
Seat 3: SONCKG ($40.86 in chips)
Seat 4: Zubasa07 ($571.04 in chips)
Zubasa07: posts small blind $1
SONCKG: posts big blind $3
*** HOLE CARDS ***
Zubasa07: folds
Uncalled bet ($2) returned to SONCKG
SONCKG collected $2 from pot
*** SUMMARY ***
Total pot $2 | Rake $0
Seat 3: SONCKG (big blind) collected ($2)
Seat 4: Zubasa07 (button) (small blind) folded before Flop


PokerStars Hand #151579307033:  Hold'em Limit ($3/$6 USD) - 2016/04/07 15:42:13 ET
Table 'Onnie II' 6-max Seat #3 is the button
Seat 3: SONCKG ($41.86 in chips)
Seat 4: Zubasa07 ($570.04 in chips)
SONCKG: posts small blind $1
Zubasa07: posts big blind $3
*** HOLE CARDS ***
SONCKG: folds
Uncalled bet ($2) returned to Zubasa07
Zubasa07 collected $2 from pot
Zubasa07: doesn't show hand
*** SUMMARY ***
Total pot $2 | Rake $0
Seat 3: SONCKG (button) (small blind) folded before Flop
Seat 4: Zubasa07 (big blind) collected ($2)


PokerStars Hand #151579361605:  Hold'em Limit ($3/$6 USD) - 2016/04/07 15:43:09 ET
Table 'Onnie II' 6-max Seat #3 is the button
Seat 3: SONCKG ($41.62 in chips)
Seat 4: Zubasa07 ($569.80 in chips)
SONCKG: posts small blind $1
Zubasa07: posts big blind $3
*** HOLE CARDS ***
SONCKG: raises $3 to $6
Zubasa07: calls $3
*** FLOP *** [3h Ac Kd]
positura joins the table at seat #6
Zubasa07: checks
SONCKG: bets $3
Zubasa07: folds
Uncalled bet ($3) returned to SONCKG
SONCKG collected $11.76 from pot
*** SUMMARY ***
Total pot $12 | Rake $0.24
Board [3h Ac Kd]
Seat 3: SONCKG (button) (small blind) collected ($11.76)
Seat 4: Zubasa07 (big blind) folded on the Flop


PokerStars Hand #151580696861:  Hold'em Limit ($3/$6 USD) - 2016/04/07 16:07:26 ET
Table 'Onnie II' 6-max Seat #2 is the button
Seat 2: lin1rabbit ($109 in chips)
Seat 3: SONCKG ($256.85 in chips)
lin1rabbit: posts small blind $1
SONCKG: posts big blind $3
*** HOLE CARDS ***
lin1rabbit: raises $3 to $6
SONCKG: calls $3
*** FLOP *** [6c 7s Ts]
SONCKG: checks
lin1rabbit: bets $3
SONCKG: calls $3
*** TURN *** [6c 7s Ts] [Jc]
SONCKG: checks
lin1rabbit: bets $6
SONCKG: raises $6 to $12
lin1rabbit: calls $6
*** RIVER *** [6c 7s Ts Jc] [4d]
SONCKG: bets $6
lin1rabbit: calls $6
*** SHOW DOWN ***
SONCKG: shows [Jh Kd] (a pair of Jacks)
robertass84 joins the table at seat #4
lin1rabbit: mucks hand
SONCKG collected $53.50 from pot
*** SUMMARY ***
Total pot $54 | Rake $0.50
Board [6c 7s Ts Jc 4d]
Seat 2: lin1rabbit (button) (small blind) mucked
Seat 3: SONCKG (big blind) showed [Jh Kd] and won ($53.50) with a pair of Jacks


PokerStars Hand #151580690867:  Hold'em Limit ($3/$6 USD) - 2016/04/07 16:07:20 ET
Table 'Onnie II' 6-max Seat #3 is the button
Seat 2: lin1rabbit ($108 in chips)
Seat 3: SONCKG ($257.85 in chips)
SONCKG: posts small blind $1
JSA53: is sitting out
lin1rabbit: posts big blind $3
*** HOLE CARDS ***
SONCKG: folds
Uncalled bet ($2) returned to lin1rabbit
lin1rabbit collected $2 from pot
lin1rabbit: doesn't show hand
*** SUMMARY ***
Total pot $2 | Rake $0
Seat 2: lin1rabbit (big blind) collected ($2)
Seat 3: SONCKG (button) (small blind) folded before Flop


PokerStars Hand #151583275111:  Hold'em Limit ($3/$6 USD) - 2016/04/07 16:52:05 ET
Table 'Onnie II' 6-max Seat #2 is the button
Seat 2: lin1rabbit ($176.27 in chips)
Seat 3: SONCKG ($114.13 in chips)
BADEXTASY will be allowed to play after the button
lin1rabbit: posts small blind $1
SONCKG: posts big blind $3
*** HOLE CARDS ***
lin1rabbit: raises $3 to $6
strizzli82 leaves the table
SONCKG: calls $3
*** FLOP *** [Qh Qs 3s]
MissEKAmouse joins the table at seat #1
SONCKG: checks
lin1rabbit: bets $3
SONCKG: folds
Uncalled bet ($3) returned to lin1rabbit
lin1rabbit collected $11.76 from pot
lin1rabbit: doesn't show hand
*** SUMMARY ***
Total pot $12 | Rake $0.24
Board [Qh Qs 3s]
Seat 2: lin1rabbit (button) (small blind) collected ($11.76)
Seat 3: SONCKG (big blind) folded on the Flop


PokerStars Hand #151583912159:  Hold'em Limit ($3/$6 USD) - 2016/04/07 17:04:43 ET
Table 'Onnie II' 6-max Seat #6 is the button
Seat 2: lin1rabbit ($168.05 in chips)
Seat 6: BADEXTASY ($152.41 in chips)
BADEXTASY: posts small blind $1
lin1rabbit: posts big blind $3
*** HOLE CARDS ***
BADEXTASY: folds
Uncalled bet ($2) returned to lin1rabbit
lin1rabbit collected $2 from pot
lin1rabbit: doesn't show hand
*** SUMMARY ***
Total pot $2 | Rake $0
Seat 2: lin1rabbit (big blind) collected ($2)
Seat 6: BADEXTASY (button) (small blind) folded before Flop


PokerStars Hand #151583945759:  Hold'em Limit ($3/$6 USD) - 2016/04/07 17:05:19 ET
Table 'Onnie II' 6-max Seat #6 is the button
Seat 2: lin1rabbit ($160.05 in chips)
Seat 6: BADEXTASY ($160.05 in chips)
BADEXTASY: posts small blind $1
lin1rabbit: posts big blind $3
*** HOLE CARDS ***
BADEXTASY: folds
Uncalled bet ($2) returned to lin1rabbit
lin1rabbit collected $2 from pot
lin1rabbit: doesn't show hand
*** SUMMARY ***
Total pot $2 | Rake $0
Seat 2: lin1rabbit (big blind) collected ($2)
Seat 6: BADEXTASY (button) (small blind) folded before Flop


PokerStars Hand #151583917945:  Hold'em Limit ($3/$6 USD) - 2016/04/07 17:04:49 ET
Table 'Onnie II' 6-max Seat #2 is the button
Seat 2: lin1rabbit ($169.05 in chips)
Seat 6: BADEXTASY ($151.41 in chips)
lin1rabbit: posts small blind $1
BADEXTASY: posts big blind $3
*** HOLE CARDS ***
lin1rabbit: raises $3 to $6
BADEXTASY: calls $3
*** FLOP *** [3s Kc 5h]
BADEXTASY: checks
lin1rabbit: bets $3
BADEXTASY: raises $3 to $6
lin1rabbit: folds
Uncalled bet ($3) returned to BADEXTASY
BADEXTASY collected $17.64 from pot
BADEXTASY: doesn't show hand
*** SUMMARY ***
Total pot $18 | Rake $0.36
Board [3s Kc 5h]
Seat 2: lin1rabbit (button) (small blind) folded on the Flop
Seat 6: BADEXTASY (big blind) collected ($17.64)


PokerStars Hand #151583950537:  Hold'em Limit ($3/$6 USD) - 2016/04/07 17:05:24 ET
Table 'Onnie II' 6-max Seat #2 is the button
Seat 2: lin1rabbit ($161.05 in chips)
Seat 6: BADEXTASY ($159.05 in chips)
lin1rabbit: posts small blind $1
BADEXTASY: posts big blind $3
*** HOLE CARDS ***
lin1rabbit: raises $3 to $6
BADEXTASY: calls $3
*** FLOP *** [Jd Js 6c]
BADEXTASY: checks
lin1rabbit: bets $3
BADEXTASY: calls $3
*** TURN *** [Jd Js 6c] [4d]
BADEXTASY: checks
lin1rabbit: bets $6
BADEXTASY: folds
Uncalled bet ($6) returned to lin1rabbit
lin1rabbit collected $17.64 from pot
lin1rabbit: doesn't show hand
*** SUMMARY ***
Total pot $18 | Rake $0.36
Board [Jd Js 6c 4d]
Seat 2: lin1rabbit (button) (small blind) collected ($17.64)
Seat 6: BADEXTASY (big blind) folded on the Turn


PokerStars Hand #151583972424:  Hold'em Limit ($3/$6 USD) - 2016/04/07 17:05:48 ET
Table 'Onnie II' 6-max Seat #6 is the button
Seat 2: lin1rabbit ($169.69 in chips)
Seat 6: BADEXTASY ($150.05 in chips)
BADEXTASY: posts small blind $1
lin1rabbit: posts big blind $3
*** HOLE CARDS ***
BADEXTASY: raises $3 to $6
lin1rabbit: calls $3
*** FLOP *** [Qc 4h 6c]
lin1rabbit: checks
BADEXTASY: bets $3
lin1rabbit: raises $3 to $6
BADEXTASY: raises $3 to $9
lin1rabbit: calls $3
*** TURN *** [Qc 4h 6c] [Td]
lin1rabbit: checks
BADEXTASY: checks
*** RIVER *** [Qc 4h 6c Td] [Ac]
lin1rabbit: checks
BADEXTASY: bets $6
lin1rabbit: raises $6 to $12
BADEXTASY: calls $6
*** SHOW DOWN ***
lin1rabbit: shows [4c 8c] (a flush, Ace high)
BADEXTASY: mucks hand
lin1rabbit collected $53.50 from pot
*** SUMMARY ***
Total pot $54 | Rake $0.50
Board [Qc 4h 6c Td Ac]
Seat 2: lin1rabbit (big blind) showed [4c 8c] and won ($53.50) with a flush, Ace high
Seat 6: BADEXTASY (button) (small blind) mucked


PokerStars Hand #151584000925:  Hold'em Limit ($3/$6 USD) - 2016/04/07 17:06:18 ET
Table 'Onnie II' 6-max Seat #2 is the button
Seat 2: lin1rabbit ($196.19 in chips)
Seat 6: BADEXTASY ($123.05 in chips)
lin1rabbit: posts small blind $1
BADEXTASY: posts big blind $3
*** HOLE CARDS ***
lin1rabbit: raises $3 to $6
BADEXTASY: calls $3
*** FLOP *** [Kh 8c 7c]
BADEXTASY: checks
lin1rabbit: bets $3
BADEXTASY: raises $3 to $6
lin1rabbit: calls $3
*** TURN *** [Kh 8c 7c] [Qs]
BADEXTASY: bets $6
lin1rabbit: raises $6 to $12
BADEXTASY: raises $6 to $18
lin1rabbit: raises $6 to $24
Betting is capped
BADEXTASY: calls $6
*** RIVER *** [Kh 8c 7c Qs] [8h]
BADEXTASY: checks
lin1rabbit: checks
*** SHOW DOWN ***
BADEXTASY: shows [8d 7d] (a full house, Eights full of Sevens)
lin1rabbit: mucks hand
BADEXTASY collected $71.50 from pot
*** SUMMARY ***
Total pot $72 | Rake $0.50
Board [Kh 8c 7c Qs 8h]
Seat 2: lin1rabbit (button) (small blind) mucked
Seat 6: BADEXTASY (big blind) showed [8d 7d] and won ($71.50) with a full house, Eights full of Sevens


PokerStars Hand #151584038820:  Hold'em Limit ($3/$6 USD) - 2016/04/07 17:07:00 ET
Table 'Onnie II' 6-max Seat #6 is the button
Seat 2: lin1rabbit ($160.19 in chips)
Seat 6: BADEXTASY ($158.55 in chips)
BADEXTASY: posts small blind $1
lin1rabbit: posts big blind $3
*** HOLE CARDS ***
BADEXTASY: raises $3 to $6
lin1rabbit: folds
Uncalled bet ($3) returned to BADEXTASY
BADEXTASY collected $6 from pot
BADEXTASY: doesn't show hand
*** SUMMARY ***
Total pot $6 | Rake $0
Seat 2: lin1rabbit (big blind) folded before Flop
Seat 6: BADEXTASY (button) (small blind) collected ($6)


PokerStars Hand #151584045717:  Hold'em Limit ($3/$6 USD) - 2016/04/07 17:07:07 ET
Table 'Onnie II' 6-max Seat #2 is the button
Seat 2: lin1rabbit ($157.19 in chips)
Seat 6: BADEXTASY ($161.55 in chips)
lin1rabbit: posts small blind $1
BADEXTASY: posts big blind $3
*** HOLE CARDS ***
lin1rabbit: raises $3 to $6
BADEXTASY: calls $3
*** FLOP *** [Ad Tc 3d]
BADEXTASY: checks
lin1rabbit: bets $3
BADEXTASY: calls $3
*** TURN *** [Ad Tc 3d] [9d]
BADEXTASY: checks
lin1rabbit: checks
*** RIVER *** [Ad Tc 3d 9d] [7h]
BADEXTASY: bets $6
lin1rabbit: calls $6
*** SHOW DOWN ***
BADEXTASY: shows [4h Jd] (high card Ace)
lin1rabbit: shows [5d 5c] (a pair of Fives)
lin1rabbit collected $29.50 from pot
*** SUMMARY ***
Total pot $30 | Rake $0.50
Board [Ad Tc 3d 9d 7h]
Seat 2: lin1rabbit (button) (small blind) showed [5d 5c] and won ($29.50) with a pair of Fives
Seat 6: BADEXTASY (big blind) showed [4h Jd] and lost with high card Ace


PokerStars Hand #151584090047:  Hold'em Limit ($3/$6 USD) - 2016/04/07 17:07:55 ET
Table 'Onnie II' 6-max Seat #2 is the button
Seat 2: lin1rabbit ($180.33 in chips)
Seat 6: BADEXTASY ($137.55 in chips)
lin1rabbit: posts small blind $1
BADEXTASY: posts big blind $3
*** HOLE CARDS ***
lin1rabbit: raises $3 to $6
BADEXTASY: calls $3
*** FLOP *** [4d 5c Jh]
BADEXTASY: checks
lin1rabbit: bets $3
BADEXTASY: calls $3
*** TURN *** [4d 5c Jh] [8d]
BADEXTASY: checks
lin1rabbit: checks
*** RIVER *** [4d 5c Jh 8d] [7s]
BADEXTASY: bets $6
lin1rabbit: folds
Uncalled bet ($6) returned to BADEXTASY
BADEXTASY collected $17.64 from pot
BADEXTASY: doesn't show hand
*** SUMMARY ***
Total pot $18 | Rake $0.36
Board [4d 5c Jh 8d 7s]
Seat 2: lin1rabbit (button) (small blind) folded on the River
Seat 6: BADEXTASY (big blind) collected ($17.64)


PokerStars Hand #151584067796:  Hold'em Limit ($3/$6 USD) - 2016/04/07 17:07:31 ET
Table 'Onnie II' 6-max Seat #6 is the button
Seat 2: lin1rabbit ($171.69 in chips)
Seat 6: BADEXTASY ($146.55 in chips)
BADEXTASY: posts small blind $1
lin1rabbit: posts big blind $3
*** HOLE CARDS ***
BADEXTASY: raises $3 to $6
lin1rabbit: calls $3
*** FLOP *** [Ad Ts Qc]
lin1rabbit: checks
BADEXTASY: bets $3
lin1rabbit: calls $3
*** TURN *** [Ad Ts Qc] [7c]
lin1rabbit: checks
BADEXTASY: checks
*** RIVER *** [Ad Ts Qc 7c] [Td]
lin1rabbit: checks
BADEXTASY: checks
*** SHOW DOWN ***
lin1rabbit: shows [4s 9s] (a pair of Tens)
BADEXTASY: mucks hand
lin1rabbit collected $17.64 from pot
*** SUMMARY ***
Total pot $18 | Rake $0.36
Board [Ad Ts Qc 7c Td]
Seat 2: lin1rabbit (big blind) showed [4s 9s] and won ($17.64) with a pair of Tens
Seat 6: BADEXTASY (button) (small blind) mucked


PokerStars Hand #151584168082:  Hold'em Limit ($3/$6 USD) - 2016/04/07 17:09:19 ET
Table 'Onnie II' 6-max Seat #2 is the button
Seat 2: lin1rabbit ($147.33 in chips)
Seat 6: BADEXTASY ($169.35 in chips)
lin1rabbit: posts small blind $1
BADEXTASY: posts big blind $3
*** HOLE CARDS ***
lin1rabbit: folds
Uncalled bet ($2) returned to BADEXTASY
BADEXTASY collected $2 from pot
BADEXTASY: doesn't show hand
*** SUMMARY ***
Total pot $2 | Rake $0
Seat 2: lin1rabbit (button) (small blind) folded before Flop
Seat 6: BADEXTASY (big blind) collected ($2)


PokerStars Hand #151584128818:  Hold'em Limit ($3/$6 USD) - 2016/04/07 17:08:37 ET
Table 'Onnie II' 6-max Seat #2 is the button
Seat 2: lin1rabbit ($168.33 in chips)
Seat 6: BADEXTASY ($149.19 in chips)
lin1rabbit: posts small blind $1
BADEXTASY: posts big blind $3
*** HOLE CARDS ***
lin1rabbit: raises $3 to $6
BADEXTASY: raises $3 to $9
lin1rabbit: calls $3
*** FLOP *** [Js Jh 4s]
BADEXTASY: bets $3
lin1rabbit: folds
Uncalled bet ($3) returned to BADEXTASY
BADEXTASY collected $17.64 from pot
BADEXTASY: doesn't show hand
*** SUMMARY ***
Total pot $18 | Rake $0.36
Board [Js Jh 4s]
Seat 2: lin1rabbit (button) (small blind) folded on the Flop
Seat 6: BADEXTASY (big blind) collected ($17.64)


PokerStars Hand #151584145868:  Hold'em Limit ($3/$6 USD) - 2016/04/07 17:08:55 ET
Table 'Onnie II' 6-max Seat #6 is the button
Seat 2: lin1rabbit ($159.33 in chips)
Seat 6: BADEXTASY ($157.83 in chips)
BADEXTASY: posts small blind $1
lin1rabbit: posts big blind $3
*** HOLE CARDS ***
BADEXTASY: raises $3 to $6
lin1rabbit: calls $3
*** FLOP *** [7s 4d Ah]
lin1rabbit: checks
BADEXTASY: bets $3
lin1rabbit: raises $3 to $6
BADEXTASY: raises $3 to $9
lin1rabbit: folds
Uncalled bet ($3) returned to BADEXTASY
BADEXTASY collected $23.52 from pot
BADEXTASY: doesn't show hand
*** SUMMARY ***
Total pot $24 | Rake $0.48
Board [7s 4d Ah]
Seat 2: lin1rabbit (big blind) folded on the Flop
Seat 6: BADEXTASY (button) (small blind) collected ($23.52)


PokerStars Hand #151584121925:  Hold'em Limit ($3/$6 USD) - 2016/04/07 17:08:29 ET
Table 'Onnie II' 6-max Seat #6 is the button
Seat 2: lin1rabbit ($171.33 in chips)
Seat 6: BADEXTASY ($146.19 in chips)
BADEXTASY: posts small blind $1
lin1rabbit: posts big blind $3
*** HOLE CARDS ***
BADEXTASY: raises $3 to $6
lin1rabbit: folds
Uncalled bet ($3) returned to BADEXTASY
BADEXTASY collected $6 from pot
BADEXTASY: doesn't show hand
*** SUMMARY ***
Total pot $6 | Rake $0
Seat 2: lin1rabbit (big blind) folded before Flop
Seat 6: BADEXTASY (button) (small blind) collected ($6)


PokerStars Hand #151584202739:  Hold'em Limit ($3/$6 USD) - 2016/04/07 17:09:56 ET
Table 'Onnie II' 6-max Seat #6 is the button
Seat 4: heiler69 ($120 in chips)
Seat 6: BADEXTASY ($170.35 in chips)
BADEXTASY: posts small blind $1
heiler69: posts big blind $3
*** HOLE CARDS ***
BADEXTASY: raises $3 to $6
heiler69: calls $3
*** FLOP *** [3h 8d 2c]
heiler69: checks
BADEXTASY: bets $3
heiler69: calls $3
*** TURN *** [3h 8d 2c] [3c]
heiler69: checks
BADEXTASY: bets $6
heiler69: raises $6 to $12
BADEXTASY: folds
Uncalled bet ($6) returned to heiler69
heiler69 collected $29.50 from pot
heiler69: doesn't show hand
*** SUMMARY ***
Total pot $30 | Rake $0.50
Board [3h 8d 2c 3c]
Seat 4: heiler69 (big blind) collected ($29.50)
Seat 6: BADEXTASY (button) (small blind) folded on the Turn


PokerStars Hand #151584228216:  Hold'em Limit ($3/$6 USD) - 2016/04/07 17:10:24 ET
Table 'Onnie II' 6-max Seat #6 is the button
Seat 4: heiler69 ($137.50 in chips)
Seat 6: BADEXTASY ($152.35 in chips)
BADEXTASY: posts small blind $1
heiler69: posts big blind $3
*** HOLE CARDS ***
BADEXTASY: folds
Uncalled bet ($2) returned to heiler69
heiler69 collected $2 from pot
heiler69: doesn't show hand
*** SUMMARY ***
Total pot $2 | Rake $0
Seat 4: heiler69 (big blind) collected ($2)
Seat 6: BADEXTASY (button) (small blind) folded before Flop


PokerStars Hand #151584222140:  Hold'em Limit ($3/$6 USD) - 2016/04/07 17:10:18 ET
Table 'Onnie II' 6-max Seat #4 is the button
Seat 4: heiler69 ($134.50 in chips)
Seat 6: BADEXTASY ($155.35 in chips)
heiler69: posts small blind $1
BADEXTASY: posts big blind $3
*** HOLE CARDS ***
heiler69: raises $3 to $6
BADEXTASY: folds
Uncalled bet ($3) returned to heiler69
heiler69 collected $6 from pot
heiler69: doesn't show hand
*** SUMMARY ***
Total pot $6 | Rake $0
Seat 4: heiler69 (button) (small blind) collected ($6)
Seat 6: BADEXTASY (big blind) folded before Flop


PokerStars Hand #151584257048:  Hold'em Limit ($3/$6 USD) - 2016/04/07 17:10:55 ET
Table 'Onnie II' 6-max Seat #6 is the button
Seat 4: heiler69 ($137.50 in chips)
Seat 6: BADEXTASY ($152.35 in chips)
BADEXTASY: posts small blind $1
heiler69: posts big blind $3
*** HOLE CARDS ***
BADEXTASY: raises $3 to $6
heiler69: calls $3
*** FLOP *** [Qd 3d Td]
heiler69: checks
BADEXTASY: bets $3
heiler69: calls $3
*** TURN *** [Qd 3d Td] [As]
heiler69: checks
BADEXTASY: bets $6
heiler69: calls $6
*** RIVER *** [Qd 3d Td As] [2c]
heiler69: checks
vestimokrec joins the table at seat #5
BADEXTASY: bets $6
heiler69: calls $6
*** SHOW DOWN ***
BADEXTASY: shows [Js 7c] (high card Ace)
heiler69: shows [Kh Qc] (a pair of Queens)
heiler69 collected $41.50 from pot
*** SUMMARY ***
Total pot $42 | Rake $0.50
Board [Qd 3d Td As 2c]
Seat 4: heiler69 (big blind) showed [Kh Qc] and won ($41.50) with a pair of Queens
Seat 6: BADEXTASY (button) (small blind) showed [Js 7c] and lost with high card Ace


PokerStars Hand #151584245684:  Hold'em Limit ($3/$6 USD) - 2016/04/07 17:10:43 ET
Table 'Onnie II' 6-max Seat #6 is the button
Seat 4: heiler69 ($137.50 in chips)
Seat 6: BADEXTASY ($152.35 in chips)
BADEXTASY: posts small blind $1
heiler69: posts big blind $3
*** HOLE CARDS ***
BADEXTASY: folds
Uncalled bet ($2) returned to heiler69
heiler69 collected $2 from pot
heiler69: doesn't show hand
*** SUMMARY ***
Total pot $2 | Rake $0
Seat 4: heiler69 (big blind) collected ($2)
Seat 6: BADEXTASY (button) (small blind) folded before Flop


PokerStars Hand #151584241367:  Hold'em Limit ($3/$6 USD) - 2016/04/07 17:10:38 ET
Table 'Onnie II' 6-max Seat #4 is the button
Seat 4: heiler69 ($138.50 in chips)
Seat 6: BADEXTASY ($151.35 in chips)
heiler69: posts small blind $1
BADEXTASY: posts big blind $3
*** HOLE CARDS ***
heiler69: folds
Uncalled bet ($2) returned to BADEXTASY
BADEXTASY collected $2 from pot
BADEXTASY: doesn't show hand
*** SUMMARY ***
Total pot $2 | Rake $0
Seat 4: heiler69 (button) (small blind) folded before Flop
Seat 6: BADEXTASY (big blind) collected ($2)


PokerStars Hand #151584237438:  Hold'em Limit ($3/$6 USD) - 2016/04/07 17:10:34 ET
Table 'Onnie II' 6-max Seat #6 is the button
Seat 4: heiler69 ($137.50 in chips)
Seat 6: BADEXTASY ($152.35 in chips)
BADEXTASY: posts small blind $1
heiler69: posts big blind $3
*** HOLE CARDS ***
BADEXTASY: folds
Uncalled bet ($2) returned to heiler69
heiler69 collected $2 from pot
heiler69: doesn't show hand
*** SUMMARY ***
Total pot $2 | Rake $0
Seat 4: heiler69 (big blind) collected ($2)
Seat 6: BADEXTASY (button) (small blind) folded before Flop


PokerStars Hand #151584232885:  Hold'em Limit ($3/$6 USD) - 2016/04/07 17:10:29 ET
Table 'Onnie II' 6-max Seat #4 is the button
Seat 4: heiler69 ($138.50 in chips)
Seat 6: BADEXTASY ($151.35 in chips)
heiler69: posts small blind $1
BADEXTASY: posts big blind $3
*** HOLE CARDS ***
heiler69: folds
Uncalled bet ($2) returned to BADEXTASY
BADEXTASY collected $2 from pot
BADEXTASY: doesn't show hand
*** SUMMARY ***
Total pot $2 | Rake $0
Seat 4: heiler69 (button) (small blind) folded before Flop
Seat 6: BADEXTASY (big blind) collected ($2)


PokerStars Hand #151584252295:  Hold'em Limit ($3/$6 USD) - 2016/04/07 17:10:50 ET
Table 'Onnie II' 6-max Seat #4 is the button
Seat 4: heiler69 ($138.50 in chips)
Seat 6: BADEXTASY ($151.35 in chips)
heiler69: posts small blind $1
BADEXTASY: posts big blind $3
*** HOLE CARDS ***
heiler69: folds
Uncalled bet ($2) returned to BADEXTASY
BADEXTASY collected $2 from pot
BADEXTASY: doesn't show hand
*** SUMMARY ***
Total pot $2 | Rake $0
Seat 4: heiler69 (button) (small blind) folded before Flop
Seat 6: BADEXTASY (big blind) collected ($2)


PokerStars Hand #151584280809:  Hold'em Limit ($3/$6 USD) - 2016/04/07 17:11:21 ET
Table 'Onnie II' 6-max Seat #4 is the button
Seat 4: heiler69 ($158 in chips)
Seat 6: BADEXTASY ($131.35 in chips)
heiler69: posts small blind $1
BADEXTASY: posts big blind $3
*** HOLE CARDS ***
heiler69: raises $3 to $6
FabronxRJ joins the table at seat #2
BADEXTASY: calls $3
*** FLOP *** [Jd Qs 2d]
BADEXTASY: checks
heiler69: bets $3
BADEXTASY: folds
Uncalled bet ($3) returned to heiler69
heiler69 collected $11.76 from pot
heiler69: doesn't show hand
*** SUMMARY ***
Total pot $12 | Rake $0.24
Board [Jd Qs 2d]
Seat 4: heiler69 (button) (small blind) collected ($11.76)
Seat 6: BADEXTASY (big blind) folded on the Flop


PokerStars Hand #151589749267:  Hold'em Limit ($3/$6 USD) - 2016/04/07 19:03:42 ET
Table 'Onnie II' 6-max Seat #3 is the button
Seat 1: The_Flute ($89.12 in chips)
Seat 3: MissEKAmouse ($177.97 in chips)
MissEKAmouse: posts small blind $1
vestimokrec: is sitting out
The_Flute: posts big blind $3
*** HOLE CARDS ***
MissEKAmouse: folds
Uncalled bet ($2) returned to The_Flute
The_Flute collected $2 from pot
The_Flute: doesn't show hand
*** SUMMARY ***
Total pot $2 | Rake $0
Seat 1: The_Flute (big blind) collected ($2)
Seat 3: MissEKAmouse (button) (small blind) folded before Flop


PokerStars Hand #151589767755:  Hold'em Limit ($3/$6 USD) - 2016/04/07 19:04:09 ET
Table 'Onnie II' 6-max Seat #1 is the button
Seat 1: The_Flute ($94.12 in chips)
Seat 3: MissEKAmouse ($172.97 in chips)
The_Flute: posts small blind $1
MissEKAmouse: posts big blind $3
*** HOLE CARDS ***
The_Flute: raises $3 to $6
MissEKAmouse: calls $3
*** FLOP *** [5h Ts Kh]
MissEKAmouse: checks
The_Flute: bets $3
MissEKAmouse: calls $3
*** TURN *** [5h Ts Kh] [4c]
Pandakey joins the table at seat #2
MissEKAmouse: checks
The_Flute: checks
*** RIVER *** [5h Ts Kh 4c] [6s]
TheU10 joins the table at seat #6
MissEKAmouse: bets $6
The_Flute: folds
Uncalled bet ($6) returned to MissEKAmouse
MissEKAmouse collected $17.64 from pot
MissEKAmouse: doesn't show hand
*** SUMMARY ***
Total pot $18 | Rake $0.36
Board [5h Ts Kh 4c 6s]
Seat 1: The_Flute (button) (small blind) folded on the River
Seat 3: MissEKAmouse (big blind) collected ($17.64)


PokerStars Hand #151589753750:  Hold'em Limit ($3/$6 USD) - 2016/04/07 19:03:49 ET
Table 'Onnie II' 6-max Seat #1 is the button
Seat 1: The_Flute ($90.12 in chips)
Seat 3: MissEKAmouse ($176.97 in chips)
The_Flute: posts small blind $1
MissEKAmouse: posts big blind $3
*** HOLE CARDS ***
The_Flute: raises $3 to $6
vestimokrec leaves the table
MissEKAmouse: folds
Uncalled bet ($3) returned to The_Flute
The_Flute collected $6 from pot
The_Flute: doesn't show hand
*** SUMMARY ***
Total pot $6 | Rake $0
Seat 1: The_Flute (button) (small blind) collected ($6)
Seat 3: MissEKAmouse (big blind) folded before Flop


PokerStars Hand #151589762879:  Hold'em Limit ($3/$6 USD) - 2016/04/07 19:04:02 ET
Table 'Onnie II' 6-max Seat #3 is the button
Seat 1: The_Flute ($93.12 in chips)
Seat 3: MissEKAmouse ($173.97 in chips)
MissEKAmouse: posts small blind $1
The_Flute: posts big blind $3
*** HOLE CARDS ***
MissEKAmouse: folds
Uncalled bet ($2) returned to The_Flute
The_Flute collected $2 from pot
The_Flute: doesn't show hand
*** SUMMARY ***
Total pot $2 | Rake $0
Seat 1: The_Flute (big blind) collected ($2)
Seat 3: MissEKAmouse (button) (small blind) folded before Flop


