PokerStars Hand #169453019542:  Hold'em Limit ($3/$6 USD) - 2017/04/23 12:55:28 ET
Table 'Onnie II' 6-max Seat #6 is the button
Seat 3: bekooi ($21 in chips)
Seat 6: zerg 86844 ($148.50 in chips)
zerg 86844: posts small blind $1
bekooi: posts big blind $3
*** HOLE CARDS ***
zerg 86844: calls $2
bekooi: checks
*** FLOP *** [9h Ad 9c]
bekooi: checks
zerg 86844: bets $3
bekooi: folds
Uncalled bet ($3) returned to zerg 86844
zerg 86844 collected $5.88 from pot
zerg 86844: doesn't show hand
*** SUMMARY ***
Total pot $6 | Rake $0.12
Board [9h Ad 9c]
Seat 3: bekooi (big blind) folded on the Flop
Seat 6: zerg 86844 (button) (small blind) collected ($5.88)


PokerStars Hand #169452993344:  Hold'em Limit ($3/$6 USD) - 2017/04/23 12:54:54 ET
Table 'Onnie II' 6-max Seat #3 is the button
Seat 3: bekooi ($51 in chips)
Seat 6: zerg 86844 ($119 in chips)
bekooi: posts small blind $1
zerg 86844: posts big blind $3
*** HOLE CARDS ***
bekooi: calls $2
zerg 86844: checks
*** FLOP *** [3d Jh 2s]
zerg 86844: bets $3
bekooi: calls $3
*** TURN *** [3d Jh 2s] [Kh]
zerg 86844: bets $6
bekooi: raises $6 to $12
zerg 86844: calls $6
*** RIVER *** [3d Jh 2s Kh] [5c]
zerg 86844: checks
bekooi: bets $6
zerg 86844: raises $6 to $12
bekooi: calls $6
*** SHOW DOWN ***
zerg 86844: shows [2h 5s] (two pair, Fives and Deuces)
bekooi: mucks hand
zerg 86844 collected $59.50 from pot
*** SUMMARY ***
Total pot $60 | Rake $0.50
Board [3d Jh 2s Kh 5c]
Seat 3: bekooi (button) (small blind) mucked
Seat 6: zerg 86844 (big blind) showed [2h 5s] and won ($59.50) with two pair, Fives and Deuces


PokerStars Hand #169453052295:  Hold'em Limit ($3/$6 USD) - 2017/04/23 12:56:18 ET
Table 'Onnie II' 6-max Seat #3 is the button
Seat 3: bekooi ($33.50 in chips)
Seat 6: zerg 86844 ($135.38 in chips)
bekooi: posts small blind $1
zerg 86844: posts big blind $3
*** HOLE CARDS ***
bekooi: folds
Uncalled bet ($2) returned to zerg 86844
vestimokrec joins the table at seat #4
zerg 86844 collected $2 from pot
*** SUMMARY ***
Total pot $2 | Rake $0
Seat 3: bekooi (button) (small blind) folded before Flop
Seat 6: zerg 86844 (big blind) collected ($2)


PokerStars Hand #169453032974:  Hold'em Limit ($3/$6 USD) - 2017/04/23 12:55:49 ET
Table 'Onnie II' 6-max Seat #6 is the button
Seat 3: bekooi ($17 in chips)
Seat 6: zerg 86844 ($152.38 in chips)
zerg 86844: posts small blind $1
bekooi: posts big blind $3
*** HOLE CARDS ***
Auge72 joins the table at seat #2
zerg 86844: raises $3 to $6
bekooi: calls $3
*** FLOP *** [Jc 5h 6s]
bekooi: bets $3
zerg 86844: calls $3
*** TURN *** [Jc 5h 6s] [Qh]
bekooi: bets $6
zerg 86844: calls $6
*** RIVER *** [Jc 5h 6s Qh] [Ac]
bekooi: bets $2 and is all-in
zerg 86844: calls $2
*** SHOW DOWN ***
bekooi: shows [4c 6c] (a pair of Sixes)
zerg 86844: shows [Kc 9d] (high card Ace)
bekooi collected $33.50 from pot
*** SUMMARY ***
Total pot $34 | Rake $0.50
Board [Jc 5h 6s Qh Ac]
Seat 3: bekooi (big blind) showed [4c 6c] and won ($33.50) with a pair of Sixes
Seat 6: zerg 86844 (button) (small blind) showed [Kc 9d] and lost with high card Ace


PokerStars Hand #169453029621:  Hold'em Limit ($3/$6 USD) - 2017/04/23 12:55:44 ET
Table 'Onnie II' 6-max Seat #3 is the button
Seat 3: bekooi ($18 in chips)
Seat 6: zerg 86844 ($151.38 in chips)
bekooi: posts small blind $1
zerg 86844: posts big blind $3
*** HOLE CARDS ***
bekooi: folds
Uncalled bet ($2) returned to zerg 86844
zerg 86844 collected $2 from pot
zerg 86844: doesn't show hand
*** SUMMARY ***
Total pot $2 | Rake $0
Seat 3: bekooi (button) (small blind) folded before Flop
Seat 6: zerg 86844 (big blind) collected ($2)


PokerStars Hand #169463512445:  Hold'em Limit ($3/$6 USD) - 2017/04/23 16:14:56 ET
Table 'Onnie II' 6-max Seat #4 is the button
Seat 3: Chessnok ($190.85 in chips)
Seat 4: mitch4242 ($192.63 in chips)
mitch4242: posts small blind $1
aloven: is sitting out
Chessnok: posts big blind $3
*** HOLE CARDS ***
mitch4242: raises $3 to $6
Chessnok: calls $3
*** FLOP *** [8c 3s 9d]
aloven leaves the table
Chessnok: bets $3
mitch4242: calls $3
*** TURN *** [8c 3s 9d] [5c]
Chessnok: bets $6
mitch4242: raises $6 to $12
Chessnok: calls $6
*** RIVER *** [8c 3s 9d 5c] [Qd]
Chessnok: checks
mitch4242: bets $6
Pelurile leaves the table
Chessnok: calls $6
*** SHOW DOWN ***
mitch4242: shows [Ah 9s] (a pair of Nines)
Chessnok: mucks hand
mitch4242 collected $53.50 from pot
*** SUMMARY ***
Total pot $54 | Rake $0.50
Board [8c 3s 9d 5c Qd]
Seat 3: Chessnok (big blind) mucked
Seat 4: mitch4242 (button) (small blind) showed [Ah 9s] and won ($53.50) with a pair of Nines


PokerStars Hand #169464455220:  Hold'em Limit ($3/$6 USD) - 2017/04/23 16:33:05 ET
Table 'Onnie II' 6-max Seat #3 is the button
Seat 3: Chessnok ($163.85 in chips)
Seat 5: schoonraam ($116.79 in chips)
Chessnok: posts small blind $1
schoonraam: posts big blind $3
*** HOLE CARDS ***
Chessnok: raises $3 to $6
vestimokrec joins the table at seat #6
schoonraam: folds
Uncalled bet ($3) returned to Chessnok
Chessnok collected $6 from pot
Chessnok: doesn't show hand
*** SUMMARY ***
Total pot $6 | Rake $0
Seat 3: Chessnok (button) (small blind) collected ($6)
Seat 5: schoonraam (big blind) folded before Flop


PokerStars Hand #169467415529:  Hold'em Limit ($3/$6 USD) - 2017/04/23 17:32:05 ET
Table 'Onnie II' 6-max Seat #2 is the button
Seat 2: Koraseg ($117.69 in chips)
Seat 5: schoonraam ($148.18 in chips)
Koraseg: posts small blind $1
bloeffer: is sitting out
schoonraam: posts big blind $3
*** HOLE CARDS ***
Koraseg: raises $3 to $6
schoonraam: folds
Uncalled bet ($3) returned to Koraseg
Koraseg collected $6 from pot
Koraseg: doesn't show hand
*** SUMMARY ***
Total pot $6 | Rake $0
Seat 2: Koraseg (button) (small blind) collected ($6)
Seat 5: schoonraam (big blind) folded before Flop


PokerStars Hand #169467442046:  Hold'em Limit ($3/$6 USD) - 2017/04/23 17:32:37 ET
Table 'Onnie II' 6-max Seat #5 is the button
Seat 2: Koraseg ($116.69 in chips)
Seat 5: schoonraam ($149.06 in chips)
schoonraam: posts small blind $1
Koraseg: posts big blind $3
*** HOLE CARDS ***
schoonraam: raises $3 to $6
Koraseg: calls $3
*** FLOP *** [6h Tc As]
Koraseg: checks
schoonraam: bets $3
Koraseg: raises $3 to $6
schoonraam: raises $3 to $9
Koraseg: raises $3 to $12
Betting is capped
schoonraam: calls $3
*** TURN *** [6h Tc As] [5c]
Koraseg: bets $6
schoonraam: calls $6
*** RIVER *** [6h Tc As 5c] [4s]
Koraseg: bets $6
schoonraam: calls $6
*** SHOW DOWN ***
Koraseg: shows [6s 6c] (three of a kind, Sixes)
schoonraam: mucks hand
Koraseg collected $59.50 from pot
*** SUMMARY ***
Total pot $60 | Rake $0.50
Board [6h Tc As 5c 4s]
Seat 2: Koraseg (big blind) showed [6s 6c] and won ($59.50) with three of a kind, Sixes
Seat 5: schoonraam (button) (small blind) mucked


PokerStars Hand #169467466523:  Hold'em Limit ($3/$6 USD) - 2017/04/23 17:33:06 ET
Table 'Onnie II' 6-max Seat #2 is the button
Seat 2: Koraseg ($146.19 in chips)
Seat 5: schoonraam ($119.06 in chips)
Koraseg: posts small blind $1
schoonraam: posts big blind $3
*** HOLE CARDS ***
Koraseg: folds
Uncalled bet ($2) returned to schoonraam
schoonraam collected $2 from pot
schoonraam: doesn't show hand
*** SUMMARY ***
Total pot $2 | Rake $0
Seat 2: Koraseg (button) (small blind) folded before Flop
Seat 5: schoonraam (big blind) collected ($2)


PokerStars Hand #169467437518:  Hold'em Limit ($3/$6 USD) - 2017/04/23 17:32:31 ET
Table 'Onnie II' 6-max Seat #2 is the button
Seat 2: Koraseg ($117.69 in chips)
Seat 5: schoonraam ($148.06 in chips)
Koraseg: posts small blind $1
schoonraam: posts big blind $3
*** HOLE CARDS ***
Koraseg: folds
Uncalled bet ($2) returned to schoonraam
schoonraam collected $2 from pot
schoonraam: doesn't show hand
*** SUMMARY ***
Total pot $2 | Rake $0
Seat 2: Koraseg (button) (small blind) folded before Flop
Seat 5: schoonraam (big blind) collected ($2)


PokerStars Hand #169467423456:  Hold'em Limit ($3/$6 USD) - 2017/04/23 17:32:15 ET
Table 'Onnie II' 6-max Seat #5 is the button
Seat 2: Koraseg ($120.69 in chips)
Seat 5: schoonraam ($145.18 in chips)
schoonraam: posts small blind $1
Koraseg: posts big blind $3
*** HOLE CARDS ***
bloeffer leaves the table
schoonraam: calls $2
Koraseg: checks
*** FLOP *** [Ah Kc Kd]
Koraseg: checks
schoonraam: bets $3
Koraseg: folds
Uncalled bet ($3) returned to schoonraam
schoonraam collected $5.88 from pot
*** SUMMARY ***
Total pot $6 | Rake $0.12
Board [Ah Kc Kd]
Seat 2: Koraseg (big blind) folded on the Flop
Seat 5: schoonraam (button) (small blind) collected ($5.88)


PokerStars Hand #169467478502:  Hold'em Limit ($3/$6 USD) - 2017/04/23 17:33:20 ET
Table 'Onnie II' 6-max Seat #2 is the button
Seat 2: Koraseg ($146.19 in chips)
Seat 5: schoonraam ($119.06 in chips)
Koraseg: posts small blind $1
schoonraam: posts big blind $3
*** HOLE CARDS ***
Koraseg: raises $3 to $6
schoonraam: raises $3 to $9
Koraseg: calls $3
*** FLOP *** [9c Ts 8h]
schoonraam: checks
Koraseg: bets $3
schoonraam: calls $3
*** TURN *** [9c Ts 8h] [Kc]
schoonraam: bets $6
Koraseg: calls $6
*** RIVER *** [9c Ts 8h Kc] [4d]
schoonraam: bets $6
Koraseg: raises $6 to $12
schoonraam: calls $6
*** SHOW DOWN ***
Koraseg: shows [Tc 8c] (two pair, Tens and Eights)
schoonraam: mucks hand
Koraseg collected $59.50 from pot
*** SUMMARY ***
Total pot $60 | Rake $0.50
Board [9c Ts 8h Kc 4d]
Seat 2: Koraseg (button) (small blind) showed [Tc 8c] and won ($59.50) with two pair, Tens and Eights
Seat 5: schoonraam (big blind) mucked


PokerStars Hand #169467508159:  Hold'em Limit ($3/$6 USD) - 2017/04/23 17:33:55 ET
Table 'Onnie II' 6-max Seat #5 is the button
Seat 2: Koraseg ($175.69 in chips)
Seat 5: schoonraam ($89.06 in chips)
schoonraam: posts small blind $1
Koraseg: posts big blind $3
*** HOLE CARDS ***
schoonraam: folds
Uncalled bet ($2) returned to Koraseg
Koraseg collected $2 from pot
Koraseg: doesn't show hand
*** SUMMARY ***
Total pot $2 | Rake $0
Seat 2: Koraseg (big blind) collected ($2)
Seat 5: schoonraam (button) (small blind) folded before Flop


PokerStars Hand #169467472976:  Hold'em Limit ($3/$6 USD) - 2017/04/23 17:33:13 ET
Table 'Onnie II' 6-max Seat #5 is the button
Seat 2: Koraseg ($145.19 in chips)
Seat 5: schoonraam ($120.06 in chips)
schoonraam: posts small blind $1
Koraseg: posts big blind $3
*** HOLE CARDS ***
schoonraam: folds
Uncalled bet ($2) returned to Koraseg
Koraseg collected $2 from pot
Koraseg: doesn't show hand
*** SUMMARY ***
Total pot $2 | Rake $0
Seat 2: Koraseg (big blind) collected ($2)
Seat 5: schoonraam (button) (small blind) folded before Flop


PokerStars Hand #169467546742:  Hold'em Limit ($3/$6 USD) - 2017/04/23 17:34:41 ET
Table 'Onnie II' 6-max Seat #5 is the button
Seat 2: Koraseg ($176.44 in chips)
Seat 5: schoonraam ($87.81 in chips)
schoonraam: posts small blind $1
Koraseg: posts big blind $3
*** HOLE CARDS ***
schoonraam: calls $2
Koraseg: raises $3 to $6
schoonraam: calls $3
*** FLOP *** [5s 7s 2c]
Koraseg: bets $3
schoonraam: calls $3
*** TURN *** [5s 7s 2c] [3d]
Koraseg: bets $6
schoonraam: folds
Uncalled bet ($6) returned to Koraseg
Koraseg collected $17.64 from pot
Koraseg: doesn't show hand
*** SUMMARY ***
Total pot $18 | Rake $0.36
Board [5s 7s 2c 3d]
Seat 2: Koraseg (big blind) collected ($17.64)
Seat 5: schoonraam (button) (small blind) folded on the Turn


PokerStars Hand #169467571689:  Hold'em Limit ($3/$6 USD) - 2017/04/23 17:35:11 ET
Table 'Onnie II' 6-max Seat #5 is the button
Seat 2: Koraseg ($184.08 in chips)
Seat 5: schoonraam ($79.81 in chips)
schoonraam: posts small blind $1
Koraseg: posts big blind $3
*** HOLE CARDS ***
schoonraam: folds
Uncalled bet ($2) returned to Koraseg
Koraseg collected $2 from pot
Koraseg: doesn't show hand
*** SUMMARY ***
Total pot $2 | Rake $0
Seat 2: Koraseg (big blind) collected ($2)
Seat 5: schoonraam (button) (small blind) folded before Flop


PokerStars Hand #169467567624:  Hold'em Limit ($3/$6 USD) - 2017/04/23 17:35:06 ET
Table 'Onnie II' 6-max Seat #2 is the button
Seat 2: Koraseg ($185.08 in chips)
Seat 5: schoonraam ($78.81 in chips)
Koraseg: posts small blind $1
schoonraam: posts big blind $3
*** HOLE CARDS ***
Koraseg: folds
Uncalled bet ($2) returned to schoonraam
schoonraam collected $2 from pot
schoonraam: doesn't show hand
*** SUMMARY ***
Total pot $2 | Rake $0
Seat 2: Koraseg (button) (small blind) folded before Flop
Seat 5: schoonraam (big blind) collected ($2)


PokerStars Hand #169467513319:  Hold'em Limit ($3/$6 USD) - 2017/04/23 17:34:01 ET
Table 'Onnie II' 6-max Seat #2 is the button
Seat 2: Koraseg ($176.69 in chips)
Seat 5: schoonraam ($88.06 in chips)
Koraseg: posts small blind $1
schoonraam: posts big blind $3
*** HOLE CARDS ***
Koraseg: raises $3 to $6
schoonraam: calls $3
*** FLOP *** [6s 5d Qd]
schoonraam: checks
Koraseg: bets $3
schoonraam: calls $3
*** TURN *** [6s 5d Qd] [5h]
schoonraam: checks
Koraseg: bets $6
schoonraam: calls $6
*** RIVER *** [6s 5d Qd 5h] [7c]
schoonraam: checks
Koraseg: checks
*** SHOW DOWN ***
schoonraam: shows [4c Ac] (a pair of Fives)
Koraseg: shows [2c As] (a pair of Fives)
schoonraam collected $14.75 from pot
Koraseg collected $14.75 from pot
*** SUMMARY ***
Total pot $30 | Rake $0.50
Board [6s 5d Qd 5h 7c]
Seat 2: Koraseg (button) (small blind) showed [2c As] and won ($14.75) with a pair of Fives
Seat 5: schoonraam (big blind) showed [4c Ac] and won ($14.75) with a pair of Fives


PokerStars Hand #169467542924:  Hold'em Limit ($3/$6 USD) - 2017/04/23 17:34:37 ET
Table 'Onnie II' 6-max Seat #2 is the button
Seat 2: Koraseg ($177.44 in chips)
Seat 5: schoonraam ($86.81 in chips)
Koraseg: posts small blind $1
schoonraam: posts big blind $3
*** HOLE CARDS ***
Koraseg: folds
Uncalled bet ($2) returned to schoonraam
schoonraam collected $2 from pot
*** SUMMARY ***
Total pot $2 | Rake $0
Seat 2: Koraseg (button) (small blind) folded before Flop
Seat 5: schoonraam (big blind) collected ($2)


PokerStars Hand #169467575460:  Hold'em Limit ($3/$6 USD) - 2017/04/23 17:35:15 ET
Table 'Onnie II' 6-max Seat #2 is the button
Seat 2: Koraseg ($185.08 in chips)
Seat 5: schoonraam ($78.81 in chips)
Koraseg: posts small blind $1
schoonraam: posts big blind $3
*** HOLE CARDS ***
Koraseg: raises $3 to $6
schoonraam: raises $3 to $9
Koraseg: calls $3
*** FLOP *** [4h Kd Qd]
schoonraam: bets $3
Koraseg: raises $3 to $6
schoonraam: raises $3 to $9
Koraseg: calls $3
*** TURN *** [4h Kd Qd] [8h]
schoonraam: bets $6
Koraseg: folds
Uncalled bet ($6) returned to schoonraam
schoonraam collected $35.50 from pot
*** SUMMARY ***
Total pot $36 | Rake $0.50
Board [4h Kd Qd 8h]
Seat 2: Koraseg (button) (small blind) folded on the Turn
Seat 5: schoonraam (big blind) collected ($35.50)


PokerStars Hand #169467594879:  Hold'em Limit ($3/$6 USD) - 2017/04/23 17:35:39 ET
Table 'Onnie II' 6-max Seat #5 is the button
Seat 2: Koraseg ($167.08 in chips)
Seat 5: schoonraam ($96.31 in chips)
schoonraam: posts small blind $1
Koraseg: posts big blind $3
*** HOLE CARDS ***
schoonraam: calls $2
Koraseg: checks
*** FLOP *** [Kh Ks 8d]
Koraseg: checks
schoonraam: bets $3
Koraseg: folds
Uncalled bet ($3) returned to schoonraam
schoonraam collected $5.88 from pot
schoonraam: doesn't show hand
whu1688 joins the table at seat #4
*** SUMMARY ***
Total pot $6 | Rake $0.12
Board [Kh Ks 8d]
Seat 2: Koraseg (big blind) folded on the Flop
Seat 5: schoonraam (button) (small blind) collected ($5.88)


PokerStars Hand #169471612628:  Hold'em Limit ($3/$6 USD) - 2017/04/23 19:09:29 ET
Table 'Onnie II' 6-max Seat #6 is the button
Seat 4: mitch4242 ($71.45 in chips)
Seat 6: Bedard ($102.67 in chips)
Bedard: posts small blind $1
mitch4242: posts big blind $3
*** HOLE CARDS ***
Bedard: folds
Uncalled bet ($2) returned to mitch4242
mitch4242 collected $2 from pot
*** SUMMARY ***
Total pot $2 | Rake $0
Seat 4: mitch4242 (big blind) collected ($2)
Seat 6: Bedard (button) (small blind) folded before Flop


PokerStars Hand #169471617585:  Hold'em Limit ($3/$6 USD) - 2017/04/23 19:09:37 ET
Table 'Onnie II' 6-max Seat #4 is the button
Seat 4: mitch4242 ($72.45 in chips)
Seat 6: Bedard ($101.67 in chips)
mitch4242: posts small blind $1
Bedard: posts big blind $3
*** HOLE CARDS ***
mitch4242: raises $3 to $6
Bedard: folds
Uncalled bet ($3) returned to mitch4242
mitch4242 collected $6 from pot
*** SUMMARY ***
Total pot $6 | Rake $0
Seat 4: mitch4242 (button) (small blind) collected ($6)
Seat 6: Bedard (big blind) folded before Flop


