PokerStars Hand #153288868405:  Hold'em Limit ($3/$6 USD) - 2016/05/14 4:57:46 ET
Table 'Onnie' 6-max Seat #1 is the button
Seat 1: frazerchi ($35.47 in chips)
Seat 4: Agrotait ($72 in chips)
frazerchi: posts small blind $1
Agrotait: posts big blind $3
*** HOLE CARDS ***
kolaz03 joins the table at seat #2
frazerchi: raises $3 to $6
Agrotait: calls $3
*** FLOP *** [3d Ac Ks]
Agrotait: checks
frazerchi: bets $3
Agrotait: folds
Uncalled bet ($3) returned to frazerchi
frazerchi collected $11.76 from pot
frazerchi: doesn't show hand
*** SUMMARY ***
Total pot $12 | Rake $0.24
Board [3d Ac Ks]
Seat 1: frazerchi (button) (small blind) collected ($11.76)
Seat 4: Agrotait (big blind) folded on the Flop


PokerStars Hand #153289941928:  Hold'em Limit ($3/$6 USD) - 2016/05/14 5:42:49 ET
Table 'Onnie' 6-max Seat #6 is the button
Seat 2: ZinnurovZak ($112.40 in chips)
Seat 6: Rafontain ($114.11 in chips)
Rafontain: posts small blind $1
ZinnurovZak: posts big blind $3
*** HOLE CARDS ***
Rafontain: folds
Uncalled bet ($2) returned to ZinnurovZak
ZinnurovZak collected $2 from pot
*** SUMMARY ***
Total pot $2 | Rake $0
Seat 2: ZinnurovZak (big blind) collected ($2)
Seat 6: Rafontain (button) (small blind) folded before Flop


