PokerStars Hand #160624706880:  Hold'em Limit ($3/$6 USD) - 2016/10/29 21:44:14 ET
Table 'Onnie' 6-max Seat #2 is the button
Seat 2: sRICHY555 ($112.65 in chips)
Seat 5: Mr Snugfit ($84.76 in chips)
sRICHY555: posts small blind $1
Mr Snugfit: posts big blind $3
*** HOLE CARDS ***
sRICHY555: folds
Uncalled bet ($2) returned to Mr Snugfit
Mr Snugfit collected $2 from pot
Mr Snugfit: doesn't show hand
*** SUMMARY ***
Total pot $2 | Rake $0
Seat 2: sRICHY555 (button) (small blind) folded before Flop
Seat 5: Mr Snugfit (big blind) collected ($2)


PokerStars Hand #160624693711:  Hold'em Limit ($3/$6 USD) - 2016/10/29 21:43:41 ET
Table 'Onnie' 6-max Seat #2 is the button
Seat 2: sRICHY555 ($124.89 in chips)
Seat 5: Mr Snugfit ($73.26 in chips)
sRICHY555: posts small blind $1
Masqb: is sitting out
Mr Snugfit: posts big blind $3
*** HOLE CARDS ***
Masqb leaves the table
sRICHY555: raises $3 to $6
Mr Snugfit: calls $3
*** FLOP *** [6d 3h Th]
Mr Snugfit: checks
sRICHY555: bets $3
Mr Snugfit: folds
Uncalled bet ($3) returned to sRICHY555
sRICHY555 collected $11.76 from pot
sRICHY555: doesn't show hand
*** SUMMARY ***
Total pot $12 | Rake $0.24
Board [6d 3h Th]
Seat 2: sRICHY555 (button) (small blind) collected ($11.76)
Seat 5: Mr Snugfit (big blind) folded on the Flop


PokerStars Hand #160624717488:  Hold'em Limit ($3/$6 USD) - 2016/10/29 21:44:41 ET
Table 'Onnie' 6-max Seat #2 is the button
Seat 2: sRICHY555 ($96.65 in chips)
Seat 5: Mr Snugfit ($100.26 in chips)
sRICHY555: posts small blind $1
Mr Snugfit: posts big blind $3
*** HOLE CARDS ***
sRICHY555: folds
Uncalled bet ($2) returned to Mr Snugfit
Mr Snugfit collected $2 from pot
Mr Snugfit: doesn't show hand
*** SUMMARY ***
Total pot $2 | Rake $0
Seat 2: sRICHY555 (button) (small blind) folded before Flop
Seat 5: Mr Snugfit (big blind) collected ($2)


PokerStars Hand #160624708767:  Hold'em Limit ($3/$6 USD) - 2016/10/29 21:44:19 ET
Table 'Onnie' 6-max Seat #5 is the button
Seat 2: sRICHY555 ($111.65 in chips)
Seat 5: Mr Snugfit ($85.76 in chips)
Mr Snugfit: posts small blind $1
sRICHY555: posts big blind $3
*** HOLE CARDS ***
Mr Snugfit: raises $3 to $6
sRICHY555: calls $3
*** FLOP *** [4d 9s Js]
sRICHY555: checks
Mr Snugfit: bets $3
sRICHY555: calls $3
*** TURN *** [4d 9s Js] [7c]
sRICHY555: checks
Mr Snugfit: checks
*** RIVER *** [4d 9s Js 7c] [3d]
sRICHY555: bets $6
Mr Snugfit: calls $6
*** SHOW DOWN ***
sRICHY555: shows [3c Kd] (a pair of Threes)
Mr Snugfit: shows [6h 4h] (a pair of Fours)
Mr Snugfit collected $29.50 from pot
*** SUMMARY ***
Total pot $30 | Rake $0.50
Board [4d 9s Js 7c 3d]
Seat 2: sRICHY555 (big blind) showed [3c Kd] and lost with a pair of Threes
Seat 5: Mr Snugfit (button) (small blind) showed [6h 4h] and won ($29.50) with a pair of Fours


PokerStars Hand #160624699351:  Hold'em Limit ($3/$6 USD) - 2016/10/29 21:43:55 ET
Table 'Onnie' 6-max Seat #5 is the button
Seat 2: sRICHY555 ($130.65 in chips)
Seat 5: Mr Snugfit ($67.26 in chips)
Mr Snugfit: posts small blind $1
sRICHY555: posts big blind $3
*** HOLE CARDS ***
Mr Snugfit: raises $3 to $6
sRICHY555: calls $3
*** FLOP *** [Js Jc 4s]
sRICHY555: checks
Mr Snugfit: checks
*** TURN *** [Js Jc 4s] [2c]
sRICHY555: bets $6
Mr Snugfit: calls $6
*** RIVER *** [Js Jc 4s 2c] [9h]
sRICHY555: bets $6
Mr Snugfit: calls $6
*** SHOW DOWN ***
sRICHY555: shows [6h Qs] (a pair of Jacks)
Mr Snugfit: shows [2h Kd] (two pair, Jacks and Deuces)
Mr Snugfit collected $35.50 from pot
*** SUMMARY ***
Total pot $36 | Rake $0.50
Board [Js Jc 4s 2c 9h]
Seat 2: sRICHY555 (big blind) showed [6h Qs] and lost with a pair of Jacks
Seat 5: Mr Snugfit (button) (small blind) showed [2h Kd] and won ($35.50) with two pair, Jacks and Deuces


PokerStars Hand #160624723436:  Hold'em Limit ($3/$6 USD) - 2016/10/29 21:44:56 ET
Table 'Onnie' 6-max Seat #5 is the button
Seat 2: sRICHY555 ($95.65 in chips)
Seat 5: Mr Snugfit ($101.26 in chips)
Mr Snugfit: posts small blind $1
sRICHY555: posts big blind $3
*** HOLE CARDS ***
Mr Snugfit: raises $3 to $6
sRICHY555: calls $3
*** FLOP *** [Tc 6s Js]
sRICHY555: checks
Mr Snugfit: checks
*** TURN *** [Tc 6s Js] [7h]
sRICHY555: bets $6
Mr Snugfit: folds
Uncalled bet ($6) returned to sRICHY555
sRICHY555 collected $11.76 from pot
sRICHY555: doesn't show hand
*** SUMMARY ***
Total pot $12 | Rake $0.24
Board [Tc 6s Js 7h]
Seat 2: sRICHY555 (big blind) collected ($11.76)
Seat 5: Mr Snugfit (button) (small blind) folded on the Turn


PokerStars Hand #160624721586:  Hold'em Limit ($3/$6 USD) - 2016/10/29 21:44:51 ET
Table 'Onnie' 6-max Seat #2 is the button
Seat 2: sRICHY555 ($96.65 in chips)
Seat 5: Mr Snugfit ($100.26 in chips)
sRICHY555: posts small blind $1
Mr Snugfit: posts big blind $3
*** HOLE CARDS ***
sRICHY555: folds
Uncalled bet ($2) returned to Mr Snugfit
Mr Snugfit collected $2 from pot
Mr Snugfit: doesn't show hand
*** SUMMARY ***
Total pot $2 | Rake $0
Seat 2: sRICHY555 (button) (small blind) folded before Flop
Seat 5: Mr Snugfit (big blind) collected ($2)


PokerStars Hand #160624719413:  Hold'em Limit ($3/$6 USD) - 2016/10/29 21:44:46 ET
Table 'Onnie' 6-max Seat #5 is the button
Seat 2: sRICHY555 ($95.65 in chips)
Seat 5: Mr Snugfit ($101.26 in chips)
Mr Snugfit: posts small blind $1
sRICHY555: posts big blind $3
*** HOLE CARDS ***
Mr Snugfit: folds
Uncalled bet ($2) returned to sRICHY555
sRICHY555 collected $2 from pot
sRICHY555: doesn't show hand
*** SUMMARY ***
Total pot $2 | Rake $0
Seat 2: sRICHY555 (big blind) collected ($2)
Seat 5: Mr Snugfit (button) (small blind) folded before Flop


PokerStars Hand #160624731473:  Hold'em Limit ($3/$6 USD) - 2016/10/29 21:45:17 ET
Table 'Onnie' 6-max Seat #2 is the button
Seat 2: sRICHY555 ($101.41 in chips)
Seat 5: Mr Snugfit ($95.26 in chips)
sRICHY555: posts small blind $1
Mr Snugfit: posts big blind $3
*** HOLE CARDS ***
sRICHY555: raises $3 to $6
Mr Snugfit: calls $3
*** FLOP *** [Kh 8s Qd]
Mr Snugfit: checks
sRICHY555: bets $3
Mr Snugfit: calls $3
*** TURN *** [Kh 8s Qd] [Ac]
Mr Snugfit: checks
sRICHY555: bets $6
Mr Snugfit: calls $6
*** RIVER *** [Kh 8s Qd Ac] [Ad]
Mr Snugfit: checks
sRICHY555: checks
*** SHOW DOWN ***
Mr Snugfit: shows [9d Qc] (two pair, Aces and Queens)
sRICHY555: mucks hand
Mr Snugfit collected $29.50 from pot
*** SUMMARY ***
Total pot $30 | Rake $0.50
Board [Kh 8s Qd Ac Ad]
Seat 2: sRICHY555 (button) (small blind) mucked
Seat 5: Mr Snugfit (big blind) showed [9d Qc] and won ($29.50) with two pair, Aces and Queens


PokerStars Hand #160624756331:  Hold'em Limit ($3/$6 USD) - 2016/10/29 21:46:20 ET
Table 'Onnie' 6-max Seat #2 is the button
Seat 2: sRICHY555 ($90.16 in chips)
Seat 5: Mr Snugfit ($105.51 in chips)
sRICHY555: posts small blind $1
Mr Snugfit: posts big blind $3
*** HOLE CARDS ***
sRICHY555: calls $2
Mr Snugfit: checks
*** FLOP *** [6d As Qd]
Mr Snugfit: checks
sRICHY555: bets $3
Mr Snugfit: raises $3 to $6
sRICHY555: folds
Uncalled bet ($3) returned to Mr Snugfit
Mr Snugfit collected $11.76 from pot
Mr Snugfit: doesn't show hand
*** SUMMARY ***
Total pot $12 | Rake $0.24
Board [6d As Qd]
Seat 2: sRICHY555 (button) (small blind) folded on the Flop
Seat 5: Mr Snugfit (big blind) collected ($11.76)


PokerStars Hand #160624747894:  Hold'em Limit ($3/$6 USD) - 2016/10/29 21:45:58 ET
Table 'Onnie' 6-max Seat #5 is the button
Seat 2: sRICHY555 ($90.41 in chips)
Seat 5: Mr Snugfit ($105.76 in chips)
Mr Snugfit: posts small blind $1
sRICHY555: posts big blind $3
*** HOLE CARDS ***
Mr Snugfit: raises $3 to $6
sRICHY555: calls $3
*** FLOP *** [Ts Qs Ad]
sRICHY555: checks
Mr Snugfit: bets $3
sRICHY555: calls $3
*** TURN *** [Ts Qs Ad] [8h]
sRICHY555: checks
Mr Snugfit: bets $6
sRICHY555: calls $6
*** RIVER *** [Ts Qs Ad 8h] [5d]
sRICHY555: checks
Mr Snugfit: checks
*** SHOW DOWN ***
sRICHY555: shows [Jc 4d] (high card Ace)
Mr Snugfit: shows [4s Js] (high card Ace)
sRICHY555 collected $14.75 from pot
Mr Snugfit collected $14.75 from pot
*** SUMMARY ***
Total pot $30 | Rake $0.50
Board [Ts Qs Ad 8h 5d]
Seat 2: sRICHY555 (big blind) showed [Jc 4d] and won ($14.75) with high card Ace
Seat 5: Mr Snugfit (button) (small blind) showed [4s Js] and won ($14.75) with high card Ace


PokerStars Hand #160624744730:  Hold'em Limit ($3/$6 USD) - 2016/10/29 21:45:50 ET
Table 'Onnie' 6-max Seat #2 is the button
Seat 2: sRICHY555 ($87.41 in chips)
Seat 5: Mr Snugfit ($108.76 in chips)
sRICHY555: posts small blind $1
Mr Snugfit: posts big blind $3
*** HOLE CARDS ***
sRICHY555: raises $3 to $6
Mr Snugfit: folds
Uncalled bet ($3) returned to sRICHY555
sRICHY555 collected $6 from pot
sRICHY555: doesn't show hand
*** SUMMARY ***
Total pot $6 | Rake $0
Seat 2: sRICHY555 (button) (small blind) collected ($6)
Seat 5: Mr Snugfit (big blind) folded before Flop


PokerStars Hand #160624741149:  Hold'em Limit ($3/$6 USD) - 2016/10/29 21:45:41 ET
Table 'Onnie' 6-max Seat #5 is the button
Seat 2: sRICHY555 ($86.41 in chips)
Seat 5: Mr Snugfit ($109.76 in chips)
Mr Snugfit: posts small blind $1
sRICHY555: posts big blind $3
*** HOLE CARDS ***
Mr Snugfit: folds
Uncalled bet ($2) returned to sRICHY555
sRICHY555 collected $2 from pot
sRICHY555: doesn't show hand
*** SUMMARY ***
Total pot $2 | Rake $0
Seat 2: sRICHY555 (big blind) collected ($2)
Seat 5: Mr Snugfit (button) (small blind) folded before Flop


PokerStars Hand #160624762352:  Hold'em Limit ($3/$6 USD) - 2016/10/29 21:46:35 ET
Table 'Onnie' 6-max Seat #5 is the button
Seat 2: sRICHY555 ($84.16 in chips)
Seat 5: Mr Snugfit ($111.27 in chips)
Mr Snugfit: posts small blind $1
sRICHY555: posts big blind $3
*** HOLE CARDS ***
Mr Snugfit: raises $3 to $6
sRICHY555: folds
Uncalled bet ($3) returned to Mr Snugfit
Mr Snugfit collected $6 from pot
Mr Snugfit: doesn't show hand
*** SUMMARY ***
Total pot $6 | Rake $0
Seat 2: sRICHY555 (big blind) folded before Flop
Seat 5: Mr Snugfit (button) (small blind) collected ($6)


PokerStars Hand #160624781112:  Hold'em Limit ($3/$6 USD) - 2016/10/29 21:47:23 ET
Table 'Onnie' 6-max Seat #5 is the button
Seat 2: sRICHY555 ($113.42 in chips)
Seat 5: Mr Snugfit ($81.27 in chips)
Mr Snugfit: posts small blind $1
sRICHY555: posts big blind $3
*** HOLE CARDS ***
Mr Snugfit: raises $3 to $6
sRICHY555: calls $3
*** FLOP *** [As 5c Ts]
sRICHY555: checks
Mr Snugfit: bets $3
sRICHY555: folds
Uncalled bet ($3) returned to Mr Snugfit
Mr Snugfit collected $11.76 from pot
Mr Snugfit: doesn't show hand
*** SUMMARY ***
Total pot $12 | Rake $0.24
Board [As 5c Ts]
Seat 2: sRICHY555 (big blind) folded on the Flop
Seat 5: Mr Snugfit (button) (small blind) collected ($11.76)


PokerStars Hand #160624778704:  Hold'em Limit ($3/$6 USD) - 2016/10/29 21:47:17 ET
Table 'Onnie' 6-max Seat #2 is the button
Seat 2: sRICHY555 ($110.42 in chips)
Seat 5: Mr Snugfit ($84.27 in chips)
sRICHY555: posts small blind $1
Mr Snugfit: posts big blind $3
*** HOLE CARDS ***
sRICHY555: raises $3 to $6
Mr Snugfit: folds
Uncalled bet ($3) returned to sRICHY555
sRICHY555 collected $6 from pot
sRICHY555: doesn't show hand
*** SUMMARY ***
Total pot $6 | Rake $0
Seat 2: sRICHY555 (button) (small blind) collected ($6)
Seat 5: Mr Snugfit (big blind) folded before Flop


PokerStars Hand #160624772163:  Hold'em Limit ($3/$6 USD) - 2016/10/29 21:47:00 ET
Table 'Onnie' 6-max Seat #5 is the button
Seat 2: sRICHY555 ($104.66 in chips)
Seat 5: Mr Snugfit ($90.27 in chips)
Mr Snugfit: posts small blind $1
sRICHY555: posts big blind $3
*** HOLE CARDS ***
Mr Snugfit: raises $3 to $6
sRICHY555: calls $3
*** FLOP *** [Jh 5s Tc]
sRICHY555: checks
Mr Snugfit: checks
*** TURN *** [Jh 5s Tc] [Jc]
sRICHY555: bets $6
Mr Snugfit: folds
Uncalled bet ($6) returned to sRICHY555
sRICHY555 collected $11.76 from pot
sRICHY555: doesn't show hand
*** SUMMARY ***
Total pot $12 | Rake $0.24
Board [Jh 5s Tc Jc]
Seat 2: sRICHY555 (big blind) collected ($11.76)
Seat 5: Mr Snugfit (button) (small blind) folded on the Turn


PokerStars Hand #160624764769:  Hold'em Limit ($3/$6 USD) - 2016/10/29 21:46:41 ET
Table 'Onnie' 6-max Seat #2 is the button
Seat 2: sRICHY555 ($81.16 in chips)
Seat 5: Mr Snugfit ($114.27 in chips)
sRICHY555: posts small blind $1
Mr Snugfit: posts big blind $3
*** HOLE CARDS ***
sRICHY555: raises $3 to $6
Mr Snugfit: raises $3 to $9
sRICHY555: calls $3
*** FLOP *** [Ks Qh 3c]
Mr Snugfit: bets $3
sRICHY555: calls $3
*** TURN *** [Ks Qh 3c] [4c]
Mr Snugfit: bets $6
sRICHY555: calls $6
*** RIVER *** [Ks Qh 3c 4c] [2s]
Mr Snugfit: bets $6
sRICHY555: calls $6
*** SHOW DOWN ***
Mr Snugfit: shows [8c 9c] (high card King)
sRICHY555: shows [Ac Js] (high card Ace)
sRICHY555 collected $47.50 from pot
*** SUMMARY ***
Total pot $48 | Rake $0.50
Board [Ks Qh 3c 4c 2s]
Seat 2: sRICHY555 (button) (small blind) showed [Ac Js] and won ($47.50) with high card Ace
Seat 5: Mr Snugfit (big blind) showed [8c 9c] and lost with high card King


PokerStars Hand #160624795362:  Hold'em Limit ($3/$6 USD) - 2016/10/29 21:47:59 ET
Table 'Onnie' 6-max Seat #5 is the button
Seat 2: sRICHY555 ($107.17 in chips)
Seat 5: Mr Snugfit ($86.78 in chips)
Mr Snugfit: posts small blind $1
sRICHY555: posts big blind $3
*** HOLE CARDS ***
Mr Snugfit: raises $3 to $6
sRICHY555: calls $3
*** FLOP *** [2h 7h 3s]
sRICHY555: checks
Mr Snugfit: bets $3
sRICHY555: calls $3
*** TURN *** [2h 7h 3s] [3c]
sRICHY555: checks
Mr Snugfit: checks
*** RIVER *** [2h 7h 3s 3c] [4h]
sRICHY555: bets $6
Mr Snugfit: raises $6 to $12
sRICHY555: calls $6
*** SHOW DOWN ***
Mr Snugfit: shows [5h Kh] (a flush, King high)
sRICHY555: mucks hand
Mr Snugfit collected $41.50 from pot
*** SUMMARY ***
Total pot $42 | Rake $0.50
Board [2h 7h 3s 3c 4h]
Seat 2: sRICHY555 (big blind) mucked
Seat 5: Mr Snugfit (button) (small blind) showed [5h Kh] and won ($41.50) with a flush, King high


PokerStars Hand #160624785890:  Hold'em Limit ($3/$6 USD) - 2016/10/29 21:47:35 ET
Table 'Onnie' 6-max Seat #2 is the button
Seat 2: sRICHY555 ($107.42 in chips)
Seat 5: Mr Snugfit ($87.03 in chips)
sRICHY555: posts small blind $1
Mr Snugfit: posts big blind $3
*** HOLE CARDS ***
sRICHY555: raises $3 to $6
Mr Snugfit: calls $3
*** FLOP *** [9s Ah Ks]
Mr Snugfit: checks
sRICHY555: bets $3
Mr Snugfit: raises $3 to $6
sRICHY555: calls $3
*** TURN *** [9s Ah Ks] [6d]
Mr Snugfit: bets $6
sRICHY555: calls $6
*** RIVER *** [9s Ah Ks 6d] [Qs]
Mr Snugfit: bets $6
sRICHY555: calls $6
*** SHOW DOWN ***
Mr Snugfit: shows [8h As] (a pair of Aces)
sRICHY555: shows [Ad 4c] (a pair of Aces)
Mr Snugfit collected $23.75 from pot
sRICHY555 collected $23.75 from pot
*** SUMMARY ***
Total pot $48 | Rake $0.50
Board [9s Ah Ks 6d Qs]
Seat 2: sRICHY555 (button) (small blind) showed [Ad 4c] and won ($23.75) with a pair of Aces
Seat 5: Mr Snugfit (big blind) showed [8h As] and won ($23.75) with a pair of Aces


PokerStars Hand #160624814948:  Hold'em Limit ($3/$6 USD) - 2016/10/29 21:48:49 ET
Table 'Onnie' 6-max Seat #5 is the button
Seat 2: sRICHY555 ($109.67 in chips)
Seat 5: Mr Snugfit ($83.28 in chips)
Mr Snugfit: posts small blind $1
sRICHY555: posts big blind $3
*** HOLE CARDS ***
Mr Snugfit: folds
Uncalled bet ($2) returned to sRICHY555
sRICHY555 collected $2 from pot
*** SUMMARY ***
Total pot $2 | Rake $0
Seat 2: sRICHY555 (big blind) collected ($2)
Seat 5: Mr Snugfit (button) (small blind) folded before Flop


PokerStars Hand #160624804132:  Hold'em Limit ($3/$6 USD) - 2016/10/29 21:48:21 ET
Table 'Onnie' 6-max Seat #2 is the button
Seat 2: sRICHY555 ($86.17 in chips)
Seat 5: Mr Snugfit ($107.28 in chips)
sRICHY555: posts small blind $1
Mr Snugfit: posts big blind $3
*** HOLE CARDS ***
sRICHY555: raises $3 to $6
Mr Snugfit: calls $3
*** FLOP *** [8h Jd 7c]
Mr Snugfit: checks
sRICHY555: bets $3
Mr Snugfit: raises $3 to $6
sRICHY555: calls $3
*** TURN *** [8h Jd 7c] [6s]
Mr Snugfit: bets $6
sRICHY555: calls $6
*** RIVER *** [8h Jd 7c 6s] [Jc]
yayaya joins the table at seat #3
Mr Snugfit: checks
sRICHY555: bets $6
Mr Snugfit: calls $6
*** SHOW DOWN ***
sRICHY555: shows [Td 8d] (two pair, Jacks and Eights)
Mr Snugfit: mucks hand
sRICHY555 collected $47.50 from pot
*** SUMMARY ***
Total pot $48 | Rake $0.50
Board [8h Jd 7c 6s Jc]
Seat 2: sRICHY555 (button) (small blind) showed [Td 8d] and won ($47.50) with two pair, Jacks and Eights
Seat 5: Mr Snugfit (big blind) mucked


PokerStars Hand #160633522896:  Hold'em Limit ($3/$6 USD) - 2016/10/30 5:35:35 ET
Table 'Onnie' 6-max Seat #2 is the button
Seat 2: Menotti ($188.18 in chips)
Seat 4: TheEdged ($90.34 in chips)
Menotti: posts small blind $1
TheEdged: posts big blind $3
*** HOLE CARDS ***
Menotti: folds
Uncalled bet ($2) returned to TheEdged
TheEdged collected $2 from pot
TheEdged: doesn't show hand
*** SUMMARY ***
Total pot $2 | Rake $0
Seat 2: Menotti (button) (small blind) folded before Flop
Seat 4: TheEdged (big blind) collected ($2)


PokerStars Hand #160633516269:  Hold'em Limit ($3/$6 USD) - 2016/10/30 5:35:19 ET
Table 'Onnie' 6-max Seat #4 is the button
Seat 2: Menotti ($182.42 in chips)
Seat 4: TheEdged ($96.34 in chips)
TheEdged: posts small blind $1
B_loJkl: is sitting out
Menotti: posts big blind $3
*** HOLE CARDS ***
TheEdged: raises $3 to $6
Menotti: calls $3
*** FLOP *** [6c 4c Th]
Menotti: checks
TheEdged: checks
*** TURN *** [6c 4c Th] [4s]
B_loJkl leaves the table
Menotti: bets $6
B_loJkl joins the table at seat #5
TheEdged: folds
Uncalled bet ($6) returned to Menotti
Menotti collected $11.76 from pot
*** SUMMARY ***
Total pot $12 | Rake $0.24
Board [6c 4c Th 4s]
Seat 2: Menotti (big blind) collected ($11.76)
Seat 4: TheEdged (button) (small blind) folded on the Turn


PokerStars Hand #160634212806:  Hold'em Limit ($3/$6 USD) - 2016/10/30 6:02:33 ET
Table 'Onnie' 6-max Seat #5 is the button
Seat 4: TheEdged ($149.61 in chips)
Seat 5: B_loJkl ($143.44 in chips)
B_loJkl: posts small blind $1
Menotti: is sitting out
TheEdged: posts big blind $3
*** HOLE CARDS ***
B_loJkl: raises $3 to $6
TheEdged: calls $3
*** FLOP *** [7s Ah 6c]
TheEdged: checks
Menotti leaves the table
B_loJkl: bets $3
TheEdged: folds
Uncalled bet ($3) returned to B_loJkl
B_loJkl collected $11.76 from pot
B_loJkl: doesn't show hand
*** SUMMARY ***
Total pot $12 | Rake $0.24
Board [7s Ah 6c]
Seat 4: TheEdged (big blind) folded on the Flop
Seat 5: B_loJkl (button) (small blind) collected ($11.76)


PokerStars Hand #160634234942:  Hold'em Limit ($3/$6 USD) - 2016/10/30 6:03:23 ET
Table 'Onnie' 6-max Seat #5 is the button
Seat 4: TheEdged ($119.61 in chips)
Seat 5: B_loJkl ($172.70 in chips)
B_loJkl: posts small blind $1
TheEdged: posts big blind $3
*** HOLE CARDS ***
B_loJkl: raises $3 to $6
TheEdged: calls $3
*** FLOP *** [8s Qh 7c]
TheEdged: checks
B_loJkl: bets $3
TheEdged: calls $3
*** TURN *** [8s Qh 7c] [5c]
TheEdged: checks
B_loJkl: checks
*** RIVER *** [8s Qh 7c 5c] [8c]
TheEdged: checks
B_loJkl: checks
forforfor16 joins the table at seat #6
*** SHOW DOWN ***
TheEdged: shows [Jh 4s] (a pair of Eights)
B_loJkl: shows [4h Kc] (a pair of Eights - King kicker)
B_loJkl collected $17.64 from pot
*** SUMMARY ***
Total pot $18 | Rake $0.36
Board [8s Qh 7c 5c 8c]
Seat 4: TheEdged (big blind) showed [Jh 4s] and lost with a pair of Eights
Seat 5: B_loJkl (button) (small blind) showed [4h Kc] and won ($17.64) with a pair of Eights


PokerStars Hand #160634224482:  Hold'em Limit ($3/$6 USD) - 2016/10/30 6:02:59 ET
Table 'Onnie' 6-max Seat #4 is the button
Seat 4: TheEdged ($143.61 in chips)
Seat 5: B_loJkl ($149.20 in chips)
TheEdged: posts small blind $1
B_loJkl: posts big blind $3
*** HOLE CARDS ***
TheEdged: raises $3 to $6
B_loJkl: calls $3
*** FLOP *** [4d 7h 4c]
B_loJkl: checks
TheEdged: bets $3
B_loJkl: raises $3 to $6
TheEdged: calls $3
*** TURN *** [4d 7h 4c] [Jc]
B_loJkl: bets $6
TheEdged: calls $6
*** RIVER *** [4d 7h 4c Jc] [6h]
B_loJkl: bets $6
TheEdged: calls $6
*** SHOW DOWN ***
B_loJkl: shows [Ts 7c] (two pair, Sevens and Fours)
TheEdged: mucks hand
B_loJkl collected $47.50 from pot
*** SUMMARY ***
Total pot $48 | Rake $0.50
Board [4d 7h 4c Jc 6h]
Seat 4: TheEdged (button) (small blind) mucked
Seat 5: B_loJkl (big blind) showed [Ts 7c] and won ($47.50) with two pair, Sevens and Fours


PokerStars Hand #160634241823:  Hold'em Limit ($3/$6 USD) - 2016/10/30 6:03:38 ET
Table 'Onnie' 6-max Seat #4 is the button
Seat 4: TheEdged ($110.61 in chips)
Seat 5: B_loJkl ($181.34 in chips)
TheEdged: posts small blind $1
B_loJkl: posts big blind $3
*** HOLE CARDS ***
TheEdged: folds
Uncalled bet ($2) returned to B_loJkl
B_loJkl collected $2 from pot
B_loJkl: doesn't show hand
*** SUMMARY ***
Total pot $2 | Rake $0
Seat 4: TheEdged (button) (small blind) folded before Flop
Seat 5: B_loJkl (big blind) collected ($2)


PokerStars Hand #160634298453:  Hold'em Limit ($3/$6 USD) - 2016/10/30 6:05:41 ET
Table 'Onnie' 6-max Seat #4 is the button
Seat 4: TheEdged ($121.49 in chips)
Seat 5: B_loJkl ($213.13 in chips)
TheEdged: posts small blind $1
B_loJkl: posts big blind $3
*** HOLE CARDS ***
TheEdged: folds
Uncalled bet ($2) returned to B_loJkl
B_loJkl collected $2 from pot
B_loJkl: doesn't show hand
*** SUMMARY ***
Total pot $2 | Rake $0
Seat 4: TheEdged (button) (small blind) folded before Flop
Seat 5: B_loJkl (big blind) collected ($2)


PokerStars Hand #160634292984:  Hold'em Limit ($3/$6 USD) - 2016/10/30 6:05:29 ET
Table 'Onnie' 6-max Seat #5 is the button
Seat 4: TheEdged ($106.99 in chips)
Seat 5: B_loJkl ($228.13 in chips)
B_loJkl: posts small blind $1
TheEdged: posts big blind $3
*** HOLE CARDS ***
B_loJkl: raises $3 to $6
TheEdged: calls $3
*** FLOP *** [5s Td Kh]
TheEdged: checks
B_loJkl: bets $3
TheEdged: calls $3
*** TURN *** [5s Td Kh] [Th]
TheEdged: checks
B_loJkl: bets $6
TheEdged: raises $6 to $12
B_loJkl: folds
Uncalled bet ($6) returned to TheEdged
TheEdged collected $29.50 from pot
TheEdged: doesn't show hand
*** SUMMARY ***
Total pot $30 | Rake $0.50
Board [5s Td Kh Th]
Seat 4: TheEdged (big blind) collected ($29.50)
Seat 5: B_loJkl (button) (small blind) folded on the Turn


PokerStars Hand #160634284227:  Hold'em Limit ($3/$6 USD) - 2016/10/30 6:05:10 ET
Table 'Onnie' 6-max Seat #4 is the button
Seat 4: TheEdged ($121.99 in chips)
Seat 5: B_loJkl ($213.63 in chips)
TheEdged: posts small blind $1
B_loJkl: posts big blind $3
*** HOLE CARDS ***
TheEdged: raises $3 to $6
B_loJkl: calls $3
*** FLOP *** [Ts 9c 3h]
B_loJkl: checks
TheEdged: bets $3
B_loJkl: calls $3
*** TURN *** [Ts 9c 3h] [5h]
B_loJkl: checks
TheEdged: checks
*** RIVER *** [Ts 9c 3h 5h] [Th]
B_loJkl: bets $6
TheEdged: calls $6
*** SHOW DOWN ***
B_loJkl: shows [3d Ad] (two pair, Tens and Threes)
TheEdged: mucks hand
B_loJkl collected $29.50 from pot
*** SUMMARY ***
Total pot $30 | Rake $0.50
Board [Ts 9c 3h 5h Th]
Seat 4: TheEdged (button) (small blind) mucked
Seat 5: B_loJkl (big blind) showed [3d Ad] and won ($29.50) with two pair, Tens and Threes


PokerStars Hand #160634281156:  Hold'em Limit ($3/$6 USD) - 2016/10/30 6:05:04 ET
Table 'Onnie' 6-max Seat #5 is the button
Seat 4: TheEdged ($124.99 in chips)
Seat 5: B_loJkl ($210.63 in chips)
forforfor16 leaves the table
B_loJkl: posts small blind $1
TheEdged: posts big blind $3
*** HOLE CARDS ***
B_loJkl: raises $3 to $6
TheEdged: folds
Uncalled bet ($3) returned to B_loJkl
B_loJkl collected $6 from pot
B_loJkl: doesn't show hand
*** SUMMARY ***
Total pot $6 | Rake $0
Seat 4: TheEdged (big blind) folded before Flop
Seat 5: B_loJkl (button) (small blind) collected ($6)


PokerStars Hand #160634279033:  Hold'em Limit ($3/$6 USD) - 2016/10/30 6:04:59 ET
Table 'Onnie' 6-max Seat #4 is the button
Seat 4: TheEdged ($125.99 in chips)
Seat 5: B_loJkl ($209.63 in chips)
TheEdged: posts small blind $1
B_loJkl: posts big blind $3
*** HOLE CARDS ***
TheEdged: folds
Uncalled bet ($2) returned to B_loJkl
B_loJkl collected $2 from pot
B_loJkl: doesn't show hand
*** SUMMARY ***
Total pot $2 | Rake $0
Seat 4: TheEdged (button) (small blind) folded before Flop
Seat 5: B_loJkl (big blind) collected ($2)


PokerStars Hand #160634300435:  Hold'em Limit ($3/$6 USD) - 2016/10/30 6:05:46 ET
Table 'Onnie' 6-max Seat #5 is the button
Seat 4: TheEdged ($120.49 in chips)
Seat 5: B_loJkl ($214.13 in chips)
B_loJkl: posts small blind $1
TheEdged: posts big blind $3
*** HOLE CARDS ***
B_loJkl: raises $3 to $6
TheEdged: raises $3 to $9
B_loJkl: calls $3
*** FLOP *** [Qh Kc Jc]
TheEdged: bets $3
B_loJkl: calls $3
*** TURN *** [Qh Kc Jc] [2h]
TheEdged: bets $6
B_loJkl: raises $6 to $12
TheEdged: folds
Uncalled bet ($6) returned to B_loJkl
B_loJkl collected $35.50 from pot
B_loJkl: doesn't show hand
*** SUMMARY ***
Total pot $36 | Rake $0.50
Board [Qh Kc Jc 2h]
Seat 4: TheEdged (big blind) folded on the Turn
Seat 5: B_loJkl (button) (small blind) collected ($35.50)


PokerStars Hand #160634316068:  Hold'em Limit ($3/$6 USD) - 2016/10/30 6:06:20 ET
Table 'Onnie' 6-max Seat #4 is the button
Seat 4: TheEdged ($85.49 in chips)
Seat 5: B_loJkl ($248.13 in chips)
TheEdged: posts small blind $1
B_loJkl: posts big blind $3
*** HOLE CARDS ***
TheEdged: folds
Uncalled bet ($2) returned to B_loJkl
B_loJkl collected $2 from pot
B_loJkl: doesn't show hand
*** SUMMARY ***
Total pot $2 | Rake $0
Seat 4: TheEdged (button) (small blind) folded before Flop
Seat 5: B_loJkl (big blind) collected ($2)


PokerStars Hand #160634313823:  Hold'em Limit ($3/$6 USD) - 2016/10/30 6:06:15 ET
Table 'Onnie' 6-max Seat #5 is the button
Seat 4: TheEdged ($84.49 in chips)
Seat 5: B_loJkl ($249.13 in chips)
B_loJkl: posts small blind $1
TheEdged: posts big blind $3
*** HOLE CARDS ***
B_loJkl: folds
Uncalled bet ($2) returned to TheEdged
TheEdged collected $2 from pot
TheEdged: doesn't show hand
*** SUMMARY ***
Total pot $2 | Rake $0
Seat 4: TheEdged (big blind) collected ($2)
Seat 5: B_loJkl (button) (small blind) folded before Flop


PokerStars Hand #160634306540:  Hold'em Limit ($3/$6 USD) - 2016/10/30 6:05:59 ET
Table 'Onnie' 6-max Seat #4 is the button
Seat 4: TheEdged ($102.49 in chips)
Seat 5: B_loJkl ($231.63 in chips)
TheEdged: posts small blind $1
B_loJkl: posts big blind $3
*** HOLE CARDS ***
TheEdged: raises $3 to $6
B_loJkl: calls $3
*** FLOP *** [9h 8s Kh]
B_loJkl: checks
TheEdged: bets $3
B_loJkl: raises $3 to $6
TheEdged: calls $3
*** TURN *** [9h 8s Kh] [8c]
B_loJkl: bets $6
TheEdged: calls $6
*** RIVER *** [9h 8s Kh 8c] [4d]
B_loJkl: bets $6
TheEdged: folds
Uncalled bet ($6) returned to B_loJkl
B_loJkl collected $35.50 from pot
B_loJkl: doesn't show hand
*** SUMMARY ***
Total pot $36 | Rake $0.50
Board [9h 8s Kh 8c 4d]
Seat 4: TheEdged (button) (small blind) folded on the River
Seat 5: B_loJkl (big blind) collected ($35.50)


PokerStars Hand #160634327409:  Hold'em Limit ($3/$6 USD) - 2016/10/30 6:06:44 ET
Table 'Onnie' 6-max Seat #5 is the button
Seat 4: TheEdged ($53.49 in chips)
Seat 5: B_loJkl ($279.63 in chips)
B_loJkl: posts small blind $1
TheEdged: posts big blind $3
*** HOLE CARDS ***
B_loJkl: folds
Uncalled bet ($2) returned to TheEdged
TheEdged collected $2 from pot
TheEdged: doesn't show hand
*** SUMMARY ***
Total pot $2 | Rake $0
Seat 4: TheEdged (big blind) collected ($2)
Seat 5: B_loJkl (button) (small blind) folded before Flop


PokerStars Hand #160634325363:  Hold'em Limit ($3/$6 USD) - 2016/10/30 6:06:40 ET
Table 'Onnie' 6-max Seat #4 is the button
Seat 4: TheEdged ($54.49 in chips)
Seat 5: B_loJkl ($278.63 in chips)
TheEdged: posts small blind $1
B_loJkl: posts big blind $3
*** HOLE CARDS ***
TheEdged: folds
Uncalled bet ($2) returned to B_loJkl
B_loJkl collected $2 from pot
B_loJkl: doesn't show hand
*** SUMMARY ***
Total pot $2 | Rake $0
Seat 4: TheEdged (button) (small blind) folded before Flop
Seat 5: B_loJkl (big blind) collected ($2)


PokerStars Hand #160634318249:  Hold'em Limit ($3/$6 USD) - 2016/10/30 6:06:24 ET
Table 'Onnie' 6-max Seat #5 is the button
Seat 4: TheEdged ($84.49 in chips)
Seat 5: B_loJkl ($249.13 in chips)
B_loJkl: posts small blind $1
TheEdged: posts big blind $3
*** HOLE CARDS ***
B_loJkl: raises $3 to $6
TheEdged: raises $3 to $9
B_loJkl: calls $3
*** FLOP *** [2c Jc 5s]
TheEdged: bets $3
B_loJkl: calls $3
*** TURN *** [2c Jc 5s] [6h]
TheEdged: bets $6
B_loJkl: raises $6 to $12
TheEdged: calls $6
*** RIVER *** [2c Jc 5s 6h] [7h]
TheEdged: checks
B_loJkl: bets $6
TheEdged: calls $6
*** SHOW DOWN ***
B_loJkl: shows [Kd Jd] (a pair of Jacks)
TheEdged: mucks hand
B_loJkl collected $59.50 from pot
*** SUMMARY ***
Total pot $60 | Rake $0.50
Board [2c Jc 5s 6h 7h]
Seat 4: TheEdged (big blind) mucked
Seat 5: B_loJkl (button) (small blind) showed [Kd Jd] and won ($59.50) with a pair of Jacks


PokerStars Hand #160634329481:  Hold'em Limit ($3/$6 USD) - 2016/10/30 6:06:49 ET
Table 'Onnie' 6-max Seat #4 is the button
Seat 4: TheEdged ($54.49 in chips)
Seat 5: B_loJkl ($278.63 in chips)
TheEdged: posts small blind $1
B_loJkl: posts big blind $3
*** HOLE CARDS ***
TheEdged: folds
Uncalled bet ($2) returned to B_loJkl
B_loJkl collected $2 from pot
B_loJkl: doesn't show hand
*** SUMMARY ***
Total pot $2 | Rake $0
Seat 4: TheEdged (button) (small blind) folded before Flop
Seat 5: B_loJkl (big blind) collected ($2)


PokerStars Hand #160634342037:  Hold'em Limit ($3/$6 USD) - 2016/10/30 6:07:16 ET
Table 'Onnie' 6-max Seat #5 is the button
Seat 4: TheEdged ($32.49 in chips)
Seat 5: B_loJkl ($300.13 in chips)
B_loJkl: posts small blind $1
TheEdged: posts big blind $3
*** HOLE CARDS ***
B_loJkl: raises $3 to $6
TheEdged: folds
Uncalled bet ($3) returned to B_loJkl
B_loJkl collected $6 from pot
B_loJkl: doesn't show hand
*** SUMMARY ***
Total pot $6 | Rake $0
Seat 4: TheEdged (big blind) folded before Flop
Seat 5: B_loJkl (button) (small blind) collected ($6)


PokerStars Hand #160634334758:  Hold'em Limit ($3/$6 USD) - 2016/10/30 6:07:00 ET
Table 'Onnie' 6-max Seat #4 is the button
Seat 4: TheEdged ($50.49 in chips)
Seat 5: B_loJkl ($282.63 in chips)
TheEdged: posts small blind $1
B_loJkl: posts big blind $3
*** HOLE CARDS ***
TheEdged: raises $3 to $6
B_loJkl: calls $3
*** FLOP *** [9s 7s 5h]
B_loJkl: checks
TheEdged: bets $3
B_loJkl: raises $3 to $6
TheEdged: calls $3
*** TURN *** [9s 7s 5h] [2h]
B_loJkl: bets $6
TheEdged: calls $6
*** RIVER *** [9s 7s 5h 2h] [Ks]
B_loJkl: bets $6
TheEdged: folds
Uncalled bet ($6) returned to B_loJkl
B_loJkl collected $35.50 from pot
B_loJkl: doesn't show hand
*** SUMMARY ***
Total pot $36 | Rake $0.50
Board [9s 7s 5h 2h Ks]
Seat 4: TheEdged (button) (small blind) folded on the River
Seat 5: B_loJkl (big blind) collected ($35.50)


PokerStars Hand #160634332341:  Hold'em Limit ($3/$6 USD) - 2016/10/30 6:06:55 ET
Table 'Onnie' 6-max Seat #5 is the button
Seat 4: TheEdged ($53.49 in chips)
Seat 5: B_loJkl ($279.63 in chips)
B_loJkl: posts small blind $1
TheEdged: posts big blind $3
*** HOLE CARDS ***
B_loJkl: raises $3 to $6
TheEdged: folds
Uncalled bet ($3) returned to B_loJkl
B_loJkl collected $6 from pot
B_loJkl: doesn't show hand
*** SUMMARY ***
Total pot $6 | Rake $0
Seat 4: TheEdged (big blind) folded before Flop
Seat 5: B_loJkl (button) (small blind) collected ($6)


PokerStars Hand #160634344267:  Hold'em Limit ($3/$6 USD) - 2016/10/30 6:07:21 ET
Table 'Onnie' 6-max Seat #4 is the button
Seat 4: TheEdged ($29.49 in chips)
Seat 5: B_loJkl ($303.13 in chips)
TheEdged: posts small blind $1
B_loJkl: posts big blind $3
*** HOLE CARDS ***
TheEdged: raises $3 to $6
B_loJkl: raises $3 to $9
TheEdged: calls $3
*** FLOP *** [7d 5c 6d]
B_loJkl: bets $3
TheEdged: calls $3
*** TURN *** [7d 5c 6d] [5s]
B_loJkl: bets $6
TheEdged: raises $6 to $12
B_loJkl: raises $6 to $18
TheEdged: calls $5.49 and is all-in
Uncalled bet ($0.51) returned to B_loJkl
*** RIVER *** [7d 5c 6d 5s] [6c]
*** SHOW DOWN ***
B_loJkl: shows [Ac Ad] (two pair, Aces and Sixes)
TheEdged: shows [Kc Ks] (two pair, Kings and Sixes)
B_loJkl collected $58.48 from pot
*** SUMMARY ***
Total pot $58.98 | Rake $0.50
Board [7d 5c 6d 5s 6c]
Seat 4: TheEdged (button) (small blind) showed [Kc Ks] and lost with two pair, Kings and Sixes
Seat 5: B_loJkl (big blind) showed [Ac Ad] and won ($58.48) with two pair, Aces and Sixes


