PokerStars Hand #167764136280:  Hold'em Limit ($3/$6 USD) - 2017/03/18 14:00:56 ET
Table 'Ontake' 6-max Seat #2 is the button
Seat 1: GlamDragon ($409.84 in chips)
Seat 2: LouisB ($89.79 in chips)
LouisB: posts small blind $1
Faqquer: is sitting out
GlamDragon: posts big blind $3
*** HOLE CARDS ***
Faqquer leaves the table
LouisB: folds
Uncalled bet ($2) returned to GlamDragon
GlamDragon collected $2 from pot
GlamDragon: doesn't show hand
*** SUMMARY ***
Total pot $2 | Rake $0
Seat 1: GlamDragon (big blind) collected ($2)
Seat 2: LouisB (button) (small blind) folded before Flop


PokerStars Hand #167771542566:  Hold'em Limit ($3/$6 USD) - 2017/03/18 16:31:03 ET
Table 'Ontake' 6-max Seat #4 is the button
Seat 4: mouslimani ($31.69 in chips)
Seat 5: GoliafUa ($120 in chips)
mouslimani said, "hellaw"
mouslimani: posts small blind $1
mouslimani said, "please give me money"
GoliafUa: posts big blind $3
*** HOLE CARDS ***
mouslimani said, "i need to pay rent"
denn69 joins the table at seat #3
mouslimani: folds
Uncalled bet ($2) returned to GoliafUa
GoliafUa collected $2 from pot
GoliafUa: doesn't show hand
*** SUMMARY ***
Total pot $2 | Rake $0
Seat 4: mouslimani (button) (small blind) folded before Flop
Seat 5: GoliafUa (big blind) collected ($2)


