PokerStars Hand #176739734747:  Hold'em Limit ($3/$6 USD) - 2017/10/10 12:22:09 ET
Table 'Ontake' 6-max Seat #3 is the button
Seat 2: Ag3r0n ($72 in chips)
Seat 3: Kosova1968 ($121 in chips)
Kosova1968: posts small blind $1
Ag3r0n: posts big blind $3
*** HOLE CARDS ***
Kosova1968: folds
Uncalled bet ($2) returned to Ag3r0n
Ag3r0n collected $2 from pot
Ag3r0n: doesn't show hand
*** SUMMARY ***
Total pot $2 | Rake $0
Seat 2: Ag3r0n (big blind) collected ($2)
Seat 3: Kosova1968 (button) (small blind) folded before Flop


PokerStars Hand #176739730580:  Hold'em Limit ($3/$6 USD) - 2017/10/10 12:22:03 ET
Table 'Ontake' 6-max Seat #2 is the button
Seat 2: Ag3r0n ($72 in chips)
Seat 3: Kosova1968 ($120 in chips)
Ag3r0n: posts small blind $1
Kosova1968: posts big blind $3
*** HOLE CARDS ***
Ag3r0n: folds
Uncalled bet ($2) returned to Kosova1968
Kosova1968 collected $2 from pot
*** SUMMARY ***
Total pot $2 | Rake $0
Seat 2: Ag3r0n (button) (small blind) folded before Flop
Seat 3: Kosova1968 (big blind) collected ($2)


PokerStars Hand #176739738110:  Hold'em Limit ($3/$6 USD) - 2017/10/10 12:22:15 ET
Table 'Ontake' 6-max Seat #2 is the button
Seat 2: Ag3r0n ($73 in chips)
Seat 3: Kosova1968 ($120 in chips)
Ag3r0n: posts small blind $1
Kosova1968: posts big blind $3
*** HOLE CARDS ***
Psynto joins the table at seat #4
Ag3r0n: folds
Uncalled bet ($2) returned to Kosova1968
Kosova1968 collected $2 from pot
*** SUMMARY ***
Total pot $2 | Rake $0
Seat 2: Ag3r0n (button) (small blind) folded before Flop
Seat 3: Kosova1968 (big blind) collected ($2)


PokerStars Hand #176741099103:  Hold'em Limit ($3/$6 USD) - 2017/10/10 12:55:53 ET
Table 'Ontake' 6-max Seat #4 is the button
Seat 1: rascal_319 ($167.72 in chips)
Seat 4: Psynto ($194.78 in chips)
Psynto: posts small blind $1
Ale4o: is sitting out
zxkz: is sitting out
rascal_319: posts big blind $3
*** HOLE CARDS ***
Psynto: raises $3 to $6
rascal_319: calls $3
*** FLOP *** [Ts 2d Ah]
rascal_319: checks
Psynto: bets $3
rascal_319: raises $3 to $6
zxkz leaves the table
Psynto: folds
Uncalled bet ($3) returned to rascal_319
rascal_319 collected $17.64 from pot
rascal_319: doesn't show hand
*** SUMMARY ***
Total pot $18 | Rake $0.36
Board [Ts 2d Ah]
Seat 1: rascal_319 (big blind) collected ($17.64)
Seat 4: Psynto (button) (small blind) folded on the Flop


PokerStars Hand #176741134532:  Hold'em Limit ($3/$6 USD) - 2017/10/10 12:56:55 ET
Table 'Ontake' 6-max Seat #4 is the button
Seat 1: rascal_319 ($185 in chips)
Seat 4: Psynto ($176.78 in chips)
Psynto: posts small blind $1
rascal_319: posts big blind $3
*** HOLE CARDS ***
Psynto: raises $3 to $6
rascal_319: raises $3 to $9
Psynto: calls $3
*** FLOP *** [Ts 6d Td]
rascal_319: bets $3
Psynto: raises $3 to $6
rascal_319: calls $3
*** TURN *** [Ts 6d Td] [4h]
rascal_319: checks
Psynto: bets $6
rascal_319: calls $6
*** RIVER *** [Ts 6d Td 4h] [Js]
rascal_319: checks
Psynto: bets $6
rascal_319: calls $6
*** SHOW DOWN ***
Psynto: shows [6c Jh] (two pair, Jacks and Tens)
rascal_319: mucks hand
Psynto collected $53.50 from pot
*** SUMMARY ***
Total pot $54 | Rake $0.50
Board [Ts 6d Td 4h Js]
Seat 1: rascal_319 (big blind) mucked
Seat 4: Psynto (button) (small blind) showed [6c Jh] and won ($53.50) with two pair, Jacks and Tens


PokerStars Hand #176741111584:  Hold'em Limit ($3/$6 USD) - 2017/10/10 12:56:15 ET
Table 'Ontake' 6-max Seat #1 is the button
Seat 1: rascal_319 ($176.36 in chips)
Seat 4: Psynto ($185.78 in chips)
rascal_319: posts small blind $1
Psynto: posts big blind $3
*** HOLE CARDS ***
rascal_319: raises $3 to $6
Psynto: calls $3
*** FLOP *** [Qd 7h 2d]
Psynto: checks
rascal_319: bets $3
Psynto: calls $3
*** TURN *** [Qd 7h 2d] [Qh]
Psynto: checks
rascal_319: checks
*** RIVER *** [Qd 7h 2d Qh] [Ad]
Psynto: checks
rascal_319: bets $6
Psynto: folds
Uncalled bet ($6) returned to rascal_319
rascal_319 collected $17.64 from pot
rascal_319: doesn't show hand
*** SUMMARY ***
Total pot $18 | Rake $0.36
Board [Qd 7h 2d Qh Ad]
Seat 1: rascal_319 (button) (small blind) collected ($17.64)
Seat 4: Psynto (big blind) folded on the River


PokerStars Hand #176741188214:  Hold'em Limit ($3/$6 USD) - 2017/10/10 12:58:26 ET
Table 'Ontake' 6-max Seat #4 is the button
Seat 1: rascal_319 ($141.64 in chips)
Seat 4: Psynto ($208.38 in chips)
Psynto: posts small blind $1
BelSv: is sitting out
rascal_319: posts big blind $3
*** HOLE CARDS ***
Psynto: raises $3 to $6
rascal_319: calls $3
*** FLOP *** [6d 5d 7s]
rascal_319: bets $3
Psynto: calls $3
*** TURN *** [6d 5d 7s] [Ad]
rascal_319: checks
Psynto: checks
*** RIVER *** [6d 5d 7s Ad] [Td]
rascal_319: bets $6
Kosova1968 leaves the table
Psynto: folds
Uncalled bet ($6) returned to rascal_319
Mordnilap joins the table at seat #3
rascal_319 collected $17.64 from pot
rascal_319: doesn't show hand
*** SUMMARY ***
Total pot $18 | Rake $0.36
Board [6d 5d 7s Ad Td]
Seat 1: rascal_319 (big blind) collected ($17.64)
Seat 4: Psynto (button) (small blind) folded on the River


PokerStars Hand #176741212935:  Hold'em Limit ($3/$6 USD) - 2017/10/10 12:59:08 ET
Table 'Ontake' 6-max Seat #1 is the button
Seat 1: rascal_319 ($167.20 in chips)
Seat 5: Ale4o ($98 in chips)
rascal_319: posts small blind $1
Ale4o: posts big blind $3
*** HOLE CARDS ***
rascal_319: raises $3 to $6
Mordnilap leaves the table
Ale4o: calls $3
*** FLOP *** [6h Ts 3s]
Ale4o: checks
rascal_319: bets $3
Ale4o: calls $3
*** TURN *** [6h Ts 3s] [Td]
Ale4o: checks
rascal_319: checks
*** RIVER *** [6h Ts 3s Td] [8c]
Ale4o: checks
rascal_319: checks
*** SHOW DOWN ***
Ale4o: shows [9h Jc] (a pair of Tens)
rascal_319: shows [5d As] (a pair of Tens - Ace kicker)
rascal_319 collected $17.64 from pot
*** SUMMARY ***
Total pot $18 | Rake $0.36
Board [6h Ts 3s Td 8c]
Seat 1: rascal_319 (button) (small blind) showed [5d As] and won ($17.64) with a pair of Tens
Seat 5: Ale4o (big blind) showed [9h Jc] and lost with a pair of Tens


PokerStars Hand #176741223329:  Hold'em Limit ($3/$6 USD) - 2017/10/10 12:59:26 ET
Table 'Ontake' 6-max Seat #5 is the button
Seat 1: rascal_319 ($175.84 in chips)
Seat 5: Ale4o ($89 in chips)
Ale4o: posts small blind $1
rascal_319: posts big blind $3
*** HOLE CARDS ***
Ale4o: raises $3 to $6
rascal_319: raises $3 to $9
Ale4o: raises $3 to $12
Betting is capped
rascal_319: calls $3
*** FLOP *** [As 4s 6h]
rascal_319: checks
Ale4o: bets $3
rascal_319: folds
Uncalled bet ($3) returned to Ale4o
Ale4o collected $23.52 from pot
*** SUMMARY ***
Total pot $24 | Rake $0.48
Board [As 4s 6h]
Seat 1: rascal_319 (big blind) folded on the Flop
Seat 5: Ale4o (button) (small blind) collected ($23.52)


