PokerStars Hand #152169047093:  Hold'em Limit ($3/$6 USD) - 2016/04/19 20:00:12 ET
Table 'Ontake' 6-max Seat #3 is the button
Seat 2: Zubasa07 ($511.16 in chips)
Seat 3: jama gama ($378.45 in chips)
jama gama: posts small blind $1
MissEKAmouse: is sitting out
Zubasa07: posts big blind $3
*** HOLE CARDS ***
jama gama: raises $3 to $6
Zubasa07: calls $3
*** FLOP *** [Ah 4s 4c]
Zubasa07: checks
jama gama: checks
*** TURN *** [Ah 4s 4c] [9h]
Zubasa07: bets $6
jama gama: folds
Uncalled bet ($6) returned to Zubasa07
Zubasa07 collected $11.76 from pot
Zubasa07: doesn't show hand
*** SUMMARY ***
Total pot $12 | Rake $0.24
Board [Ah 4s 4c 9h]
Seat 2: Zubasa07 (big blind) collected ($11.76)
Seat 3: jama gama (button) (small blind) folded on the Turn


PokerStars Hand #152169071438:  Hold'em Limit ($3/$6 USD) - 2016/04/19 20:01:06 ET
Table 'Ontake' 6-max Seat #2 is the button
Seat 2: Zubasa07 ($516.92 in chips)
Seat 3: jama gama ($372.45 in chips)
Zubasa07: posts small blind $1
jama gama: posts big blind $3
*** HOLE CARDS ***
Zubasa07: raises $3 to $6
jama gama: calls $3
*** FLOP *** [6s 9d 4d]
jama gama: checks
Zubasa07: bets $3
jama gama: calls $3
*** TURN *** [6s 9d 4d] [Qh]
jama gama: checks
Zubasa07: bets $6
jama gama: folds
Uncalled bet ($6) returned to Zubasa07
Zubasa07 collected $17.64 from pot
Zubasa07: doesn't show hand
*** SUMMARY ***
Total pot $18 | Rake $0.36
Board [6s 9d 4d Qh]
Seat 2: Zubasa07 (button) (small blind) collected ($17.64)
Seat 3: jama gama (big blind) folded on the Turn


PokerStars Hand #152172441874:  Hold'em Limit ($3/$6 USD) - 2016/04/19 22:12:33 ET
Table 'Ontake' 6-max Seat #3 is the button
Seat 3: belik555 ($116.51 in chips)
Seat 5: MissEKAmouse ($210.99 in chips)
belik555: posts small blind $1
MissEKAmouse: posts big blind $3
*** HOLE CARDS ***
belik555: raises $3 to $6
MissEKAmouse: folds
Uncalled bet ($3) returned to belik555
belik555 collected $6 from pot
belik555: doesn't show hand
*** SUMMARY ***
Total pot $6 | Rake $0
Seat 3: belik555 (button) (small blind) collected ($6)
Seat 5: MissEKAmouse (big blind) folded before Flop


PokerStars Hand #152172448962:  Hold'em Limit ($3/$6 USD) - 2016/04/19 22:12:54 ET
Table 'Ontake' 6-max Seat #2 is the button
Seat 2: anetkaapro ($126.10 in chips)
Seat 5: MissEKAmouse ($206.99 in chips)
anetkaapro: posts small blind $1
belik555: is sitting out
MissEKAmouse: posts big blind $3
*** HOLE CARDS ***
belik555 leaves the table
graxa66 joins the table at seat #4
anetkaapro: raises $3 to $6
AzureCaper joins the table at seat #3
MissEKAmouse: folds
Uncalled bet ($3) returned to anetkaapro
anetkaapro collected $6 from pot
anetkaapro: doesn't show hand
*** SUMMARY ***
Total pot $6 | Rake $0
Seat 2: anetkaapro (button) (small blind) collected ($6)
Seat 5: MissEKAmouse (big blind) folded before Flop


PokerStars Hand #152172783891:  Hold'em Limit ($3/$6 USD) - 2016/04/19 22:28:59 ET
Table 'Ontake' 6-max Seat #5 is the button
Seat 1: ABATAPP ($98.76 in chips)
Seat 5: MissEKAmouse ($308.19 in chips)
MissEKAmouse: posts small blind $1
belik555: is sitting out
ABATAPP: posts big blind $3
*** HOLE CARDS ***
MissEKAmouse: raises $3 to $6
belik555 leaves the table
ABATAPP: folds
Uncalled bet ($3) returned to MissEKAmouse
graxa66 leaves the table
MissEKAmouse collected $6 from pot
MissEKAmouse: doesn't show hand
*** SUMMARY ***
Total pot $6 | Rake $0
Seat 1: ABATAPP (big blind) folded before Flop
Seat 5: MissEKAmouse (button) (small blind) collected ($6)


PokerStars Hand #152172786310:  Hold'em Limit ($3/$6 USD) - 2016/04/19 22:29:07 ET
Table 'Ontake' 6-max Seat #1 is the button
Seat 1: ABATAPP ($95.76 in chips)
Seat 5: MissEKAmouse ($311.19 in chips)
ABATAPP: posts small blind $1
MissEKAmouse: posts big blind $3
*** HOLE CARDS ***
ABATAPP: raises $3 to $6
MissEKAmouse: raises $3 to $9
ABATAPP: calls $3
*** FLOP *** [9d 6d Kc]
MissEKAmouse: bets $3
ABATAPP: folds
Uncalled bet ($3) returned to MissEKAmouse
MissEKAmouse collected $17.64 from pot
MissEKAmouse: doesn't show hand
*** SUMMARY ***
Total pot $18 | Rake $0.36
Board [9d 6d Kc]
Seat 1: ABATAPP (button) (small blind) folded on the Flop
Seat 5: MissEKAmouse (big blind) collected ($17.64)


