PokerStars Hand #170622883794:  Hold'em Limit ($3/$6 USD) - 2017/05/19 8:39:14 ET
Table 'Ophelia II' 6-max Seat #3 is the button
Seat 3: Rus29APX ($120 in chips)
Seat 4: hairy1961 ($50 in chips)
Rus29APX: posts small blind $1
hairy1961: posts big blind $3
*** HOLE CARDS ***
Rus29APX: raises $3 to $6
hairy1961: calls $3
*** FLOP *** [Jh 8s 9h]
hairy1961: checks
Rus29APX: bets $3
hairy1961: raises $3 to $6
Scheubi88 joins the table at seat #5
Rus29APX: folds
Uncalled bet ($3) returned to hairy1961
hairy1961 collected $17.64 from pot
*** SUMMARY ***
Total pot $18 | Rake $0.36
Board [Jh 8s 9h]
Seat 3: Rus29APX (button) (small blind) folded on the Flop
Seat 4: hairy1961 (big blind) collected ($17.64)


PokerStars Hand #170623642292:  Hold'em Limit ($3/$6 USD) - 2017/05/19 9:05:01 ET
Table 'Ophelia II' 6-max Seat #6 is the button
Seat 3: Rus29APX ($147.13 in chips)
Seat 6: krytalex ($138.93 in chips)
GuyAus will be allowed to play after the button
DismasX will be allowed to play after the button
krytalex: posts small blind $1
Rus29APX: posts big blind $3
*** HOLE CARDS ***
krytalex: raises $3 to $6
Rus29APX: folds
Uncalled bet ($3) returned to krytalex
krytalex collected $6 from pot
*** SUMMARY ***
Total pot $6 | Rake $0
Seat 3: Rus29APX (big blind) folded before Flop
Seat 6: krytalex (button) (small blind) collected ($6)


PokerStars Hand #170623806538:  Hold'em Limit ($3/$6 USD) - 2017/05/19 9:10:10 ET
Table 'Ophelia II' 6-max Seat #1 is the button
Seat 1: conanboy ($195.73 in chips)
Seat 3: Rus29APX ($120 in chips)
conanboy: posts small blind $1
Rus29APX: posts big blind $3
*** HOLE CARDS ***
conanboy: raises $3 to $6
Rus29APX: calls $3
*** FLOP *** [Ac 9h 3c]
Rus29APX: checks
conanboy: bets $3
Rus29APX: raises $3 to $6
conanboy: calls $3
*** TURN *** [Ac 9h 3c] [Kh]
Rus29APX: bets $6
conanboy: calls $6
*** RIVER *** [Ac 9h 3c Kh] [2d]
Rus29APX: bets $6
conanboy: calls $6
*** SHOW DOWN ***
Rus29APX: shows [As 6h] (a pair of Aces)
conanboy: shows [Ad Ts] (a pair of Aces - King+Ten kicker)
conanboy collected $47.50 from pot
*** SUMMARY ***
Total pot $48 | Rake $0.50
Board [Ac 9h 3c Kh 2d]
Seat 1: conanboy (button) (small blind) showed [Ad Ts] and won ($47.50) with a pair of Aces
Seat 3: Rus29APX (big blind) showed [As 6h] and lost with a pair of Aces


PokerStars Hand #170623789588:  Hold'em Limit ($3/$6 USD) - 2017/05/19 9:09:38 ET
Table 'Ophelia II' 6-max Seat #3 is the button
Seat 1: conanboy ($178.23 in chips)
Seat 3: Rus29APX ($108.59 in chips)
Rus29APX: posts small blind $1
DismasX: is sitting out
conanboy: posts big blind $3
*** HOLE CARDS ***
Rus29APX: raises $3 to $6
conanboy: calls $3
*** FLOP *** [2c Td 5h]
conanboy: checks
Rus29APX: checks
*** TURN *** [2c Td 5h] [9s]
conanboy: bets $6
Rus29APX: calls $6
*** RIVER *** [2c Td 5h 9s] [Ah]
conanboy: bets $6
Rus29APX: calls $6
*** SHOW DOWN ***
conanboy: shows [4c 3c] (a straight, Ace to Five)
Rus29APX: mucks hand
conanboy collected $35.50 from pot
*** SUMMARY ***
Total pot $36 | Rake $0.50
Board [2c Td 5h 9s Ah]
Seat 1: conanboy (big blind) showed [4c 3c] and won ($35.50) with a straight, Ace to Five
Seat 3: Rus29APX (button) (small blind) mucked


PokerStars Hand #170623823557:  Hold'em Limit ($3/$6 USD) - 2017/05/19 9:10:42 ET
Table 'Ophelia II' 6-max Seat #3 is the button
Seat 1: conanboy ($219.23 in chips)
Seat 3: Rus29APX ($96 in chips)
Rus29APX: posts small blind $1
conanboy: posts big blind $3
*** HOLE CARDS ***
hairy1961 joins the table at seat #4
Rus29APX: raises $3 to $6
DismasX leaves the table
conanboy: calls $3
*** FLOP *** [6s 5h 4d]
rascal_319 joins the table at seat #5
conanboy: bets $3
Rus29APX: calls $3
*** TURN *** [6s 5h 4d] [Ac]
conanboy: bets $6
Rus29APX: raises $6 to $12
conanboy: calls $6
*** RIVER *** [6s 5h 4d Ac] [Ts]
conanboy: checks
Rus29APX: bets $6
conanboy: calls $6
*** SHOW DOWN ***
Rus29APX: shows [4h 5d] (two pair, Fives and Fours)
conanboy: mucks hand
Rus29APX collected $53.50 from pot
*** SUMMARY ***
Total pot $54 | Rake $0.50
Board [6s 5h 4d Ac Ts]
Seat 1: conanboy (big blind) mucked
Seat 3: Rus29APX (button) (small blind) showed [4h 5d] and won ($53.50) with two pair, Fives and Fours


PokerStars Hand #170623857344:  Hold'em Limit ($3/$6 USD) - 2017/05/19 9:11:46 ET
Table 'Ophelia II' 6-max Seat #1 is the button
Seat 1: conanboy ($192.23 in chips)
Seat 3: Rus29APX ($122.50 in chips)
conanboy: posts small blind $1
Whatze Phuck was removed from the table for failing to post
Rus29APX: posts big blind $3
*** HOLE CARDS ***
conanboy: raises $3 to $6
Rus29APX: folds
Uncalled bet ($3) returned to conanboy
conanboy collected $6 from pot
conanboy: doesn't show hand
*** SUMMARY ***
Total pot $6 | Rake $0
Seat 1: conanboy (button) (small blind) collected ($6)
Seat 3: Rus29APX (big blind) folded before Flop


PokerStars Hand #170624826175:  Hold'em Limit ($3/$6 USD) - 2017/05/19 9:41:25 ET
Table 'Ophelia II' 6-max Seat #2 is the button
Seat 1: DimaZips ($142 in chips)
Seat 2: SpartakM1985 ($207.90 in chips)
SpartakM1985: posts small blind $1
DimaZips: posts big blind $3
*** HOLE CARDS ***
Whatze Phuck joins the table at seat #3
SpartakM1985: folds
Uncalled bet ($2) returned to DimaZips
DimaZips collected $2 from pot
DimaZips: doesn't show hand
*** SUMMARY ***
Total pot $2 | Rake $0
Seat 1: DimaZips (big blind) collected ($2)
Seat 2: SpartakM1985 (button) (small blind) folded before Flop


PokerStars Hand #170624823429:  Hold'em Limit ($3/$6 USD) - 2017/05/19 9:41:20 ET
Table 'Ophelia II' 6-max Seat #1 is the button
Seat 1: DimaZips ($143 in chips)
Seat 2: SpartakM1985 ($206.90 in chips)
DimaZips: posts small blind $1
SpartakM1985: posts big blind $3
*** HOLE CARDS ***
DimaZips: folds
Uncalled bet ($2) returned to SpartakM1985
SpartakM1985 collected $2 from pot
SpartakM1985: doesn't show hand
*** SUMMARY ***
Total pot $2 | Rake $0
Seat 1: DimaZips (button) (small blind) folded before Flop
Seat 2: SpartakM1985 (big blind) collected ($2)


PokerStars Hand #170624818356:  Hold'em Limit ($3/$6 USD) - 2017/05/19 9:41:11 ET
Table 'Ophelia II' 6-max Seat #2 is the button
Seat 1: DimaZips ($142 in chips)
Seat 2: SpartakM1985 ($207.90 in chips)
SpartakM1985: posts small blind $1
rascal_319: is sitting out
DimaZips: posts big blind $3
*** HOLE CARDS ***
rascal_319 leaves the table
SpartakM1985: folds
Uncalled bet ($2) returned to DimaZips
DimaZips collected $2 from pot
DimaZips: doesn't show hand
*** SUMMARY ***
Total pot $2 | Rake $0
Seat 1: DimaZips (big blind) collected ($2)
Seat 2: SpartakM1985 (button) (small blind) folded before Flop


PokerStars Hand #170624832793:  Hold'em Limit ($3/$6 USD) - 2017/05/19 9:41:37 ET
Table 'Ophelia II' 6-max Seat #1 is the button
Seat 1: DimaZips ($143 in chips)
Seat 2: SpartakM1985 ($206.90 in chips)
DimaZips: posts small blind $1
SpartakM1985: posts big blind $3
*** HOLE CARDS ***
DimaZips: raises $3 to $6
SpartakM1985: calls $3
*** FLOP *** [Qh 5c Jc]
SpartakM1985: checks
DimaZips: checks
*** TURN *** [Qh 5c Jc] [Js]
SpartakM1985: checks
DimaZips: bets $6
SpartakM1985: folds
Uncalled bet ($6) returned to DimaZips
DimaZips collected $11.76 from pot
DimaZips: doesn't show hand
*** SUMMARY ***
Total pot $12 | Rake $0.24
Board [Qh 5c Jc Js]
Seat 1: DimaZips (button) (small blind) collected ($11.76)
Seat 2: SpartakM1985 (big blind) folded on the Turn


PokerStars Hand #170624918382:  Hold'em Limit ($3/$6 USD) - 2017/05/19 9:44:11 ET
Table 'Ophelia II' 6-max Seat #1 is the button
Seat 1: DimaZips ($147.26 in chips)
Seat 2: SpartakM1985 ($199.25 in chips)
DimaZips: posts small blind $1
SpartakM1985: posts big blind $3
*** HOLE CARDS ***
DimaZips: folds
Uncalled bet ($2) returned to SpartakM1985
SpartakM1985 collected $2 from pot
SpartakM1985: doesn't show hand
*** SUMMARY ***
Total pot $2 | Rake $0
Seat 1: DimaZips (button) (small blind) folded before Flop
Seat 2: SpartakM1985 (big blind) collected ($2)


PokerStars Hand #170624892970:  Hold'em Limit ($3/$6 USD) - 2017/05/19 9:43:26 ET
Table 'Ophelia II' 6-max Seat #2 is the button
Seat 1: DimaZips ($120.76 in chips)
Seat 2: SpartakM1985 ($226.25 in chips)
SpartakM1985: posts small blind $1
Whatze Phuck: is sitting out
DimaZips: posts big blind $3
*** HOLE CARDS ***
SpartakM1985: raises $3 to $6
DimaZips: raises $3 to $9
SpartakM1985: raises $3 to $12
Betting is capped
belik555 joins the table at seat #4
DimaZips: calls $3
*** FLOP *** [Ts 8s Qd]
DimaZips: bets $3
SpartakM1985: calls $3
*** TURN *** [Ts 8s Qd] [Js]
DimaZips: bets $6
SpartakM1985: calls $6
*** RIVER *** [Ts 8s Qd Js] [6d]
DimaZips: bets $6
SpartakM1985: calls $6
*** SHOW DOWN ***
DimaZips: shows [Th Ah] (a pair of Tens)
SpartakM1985: mucks hand
DimaZips collected $53.50 from pot
*** SUMMARY ***
Total pot $54 | Rake $0.50
Board [Ts 8s Qd Js 6d]
Seat 1: DimaZips (big blind) showed [Th Ah] and won ($53.50) with a pair of Tens
Seat 2: SpartakM1985 (button) (small blind) mucked


PokerStars Hand #170626036936:  Hold'em Limit ($3/$6 USD) - 2017/05/19 10:18:06 ET
Table 'Ophelia II' 6-max Seat #1 is the button
Seat 1: DimaZips ($189.20 in chips)
Seat 6: kikiriki ($105 in chips)
DimaZips: posts small blind $1
vestimokrec: is sitting out
kikiriki: posts big blind $3
*** HOLE CARDS ***
DimaZips: raises $3 to $6
kikiriki: calls $3
*** FLOP *** [Th 6c 8c]
kikiriki: checks
DimaZips: bets $3
kikiriki: folds
Uncalled bet ($3) returned to DimaZips
DimaZips collected $11.76 from pot
DimaZips: doesn't show hand
*** SUMMARY ***
Total pot $12 | Rake $0.24
Board [Th 6c 8c]
Seat 1: DimaZips (button) (small blind) collected ($11.76)
Seat 6: kikiriki (big blind) folded on the Flop


PokerStars Hand #170626053697:  Hold'em Limit ($3/$6 USD) - 2017/05/19 10:18:35 ET
Table 'Ophelia II' 6-max Seat #1 is the button
Seat 1: DimaZips ($195.96 in chips)
Seat 6: kikiriki ($98 in chips)
DimaZips: posts small blind $1
kikiriki: posts big blind $3
*** HOLE CARDS ***
vestimokrec leaves the table
DimaZips: folds
Uncalled bet ($2) returned to kikiriki
kikiriki collected $2 from pot
kikiriki: doesn't show hand
*** SUMMARY ***
Total pot $2 | Rake $0
Seat 1: DimaZips (button) (small blind) folded before Flop
Seat 6: kikiriki (big blind) collected ($2)


PokerStars Hand #170626045074:  Hold'em Limit ($3/$6 USD) - 2017/05/19 10:18:21 ET
Table 'Ophelia II' 6-max Seat #6 is the button
Seat 1: DimaZips ($194.96 in chips)
Seat 6: kikiriki ($99 in chips)
kikiriki: posts small blind $1
DimaZips: posts big blind $3
*** HOLE CARDS ***
kikiriki: folds
Uncalled bet ($2) returned to DimaZips
DimaZips collected $2 from pot
DimaZips: doesn't show hand
*** SUMMARY ***
Total pot $2 | Rake $0
Seat 1: DimaZips (big blind) collected ($2)
Seat 6: kikiriki (button) (small blind) folded before Flop


PokerStars Hand #170626056342:  Hold'em Limit ($3/$6 USD) - 2017/05/19 10:18:40 ET
Table 'Ophelia II' 6-max Seat #6 is the button
Seat 1: DimaZips ($194.96 in chips)
Seat 6: kikiriki ($99 in chips)
kikiriki: posts small blind $1
DimaZips: posts big blind $3
*** HOLE CARDS ***
kikiriki: raises $3 to $6
DimaZips: calls $3
*** FLOP *** [2d 7s 3s]
DimaZips: checks
kikiriki: bets $3
DimaZips: calls $3
*** TURN *** [2d 7s 3s] [3d]
DimaZips: checks
kikiriki: bets $6
DimaZips: folds
Uncalled bet ($6) returned to kikiriki
kikiriki collected $17.64 from pot
kikiriki: doesn't show hand
*** SUMMARY ***
Total pot $18 | Rake $0.36
Board [2d 7s 3s 3d]
Seat 1: DimaZips (big blind) folded on the Turn
Seat 6: kikiriki (button) (small blind) collected ($17.64)


PokerStars Hand #170626068924:  Hold'em Limit ($3/$6 USD) - 2017/05/19 10:19:02 ET
Table 'Ophelia II' 6-max Seat #1 is the button
Seat 1: DimaZips ($185.96 in chips)
Seat 6: kikiriki ($107.64 in chips)
DimaZips: posts small blind $1
kikiriki: posts big blind $3
*** HOLE CARDS ***
DimaZips: folds
Uncalled bet ($2) returned to kikiriki
kikiriki collected $2 from pot
kikiriki: doesn't show hand
*** SUMMARY ***
Total pot $2 | Rake $0
Seat 1: DimaZips (button) (small blind) folded before Flop
Seat 6: kikiriki (big blind) collected ($2)


PokerStars Hand #170626072556:  Hold'em Limit ($3/$6 USD) - 2017/05/19 10:19:08 ET
Table 'Ophelia II' 6-max Seat #6 is the button
Seat 1: DimaZips ($184.96 in chips)
Seat 6: kikiriki ($108.64 in chips)
kikiriki: posts small blind $1
DimaZips: posts big blind $3
*** HOLE CARDS ***
kikiriki: raises $3 to $6
DimaZips: raises $3 to $9
kikiriki: calls $3
*** FLOP *** [3h Js 9s]
DimaZips: bets $3
kikiriki: raises $3 to $6
DimaZips: raises $3 to $9
kikiriki: calls $3
*** TURN *** [3h Js 9s] [4c]
DimaZips: bets $6
kikiriki: calls $6
*** RIVER *** [3h Js 9s 4c] [5d]
DimaZips: bets $6
kikiriki: folds
Uncalled bet ($6) returned to DimaZips
DimaZips collected $47.50 from pot
DimaZips: doesn't show hand
*** SUMMARY ***
Total pot $48 | Rake $0.50
Board [3h Js 9s 4c 5d]
Seat 1: DimaZips (big blind) collected ($47.50)
Seat 6: kikiriki (button) (small blind) folded on the River


PokerStars Hand #170626088438:  Hold'em Limit ($3/$6 USD) - 2017/05/19 10:19:36 ET
Table 'Ophelia II' 6-max Seat #6 is the button
Seat 1: DimaZips ($207.46 in chips)
Seat 6: kikiriki ($85.64 in chips)
kikiriki: posts small blind $1
DimaZips: posts big blind $3
*** HOLE CARDS ***
kikiriki: raises $3 to $6
DimaZips: folds
Uncalled bet ($3) returned to kikiriki
kikiriki collected $6 from pot
kikiriki: doesn't show hand
*** SUMMARY ***
Total pot $6 | Rake $0
Seat 1: DimaZips (big blind) folded before Flop
Seat 6: kikiriki (button) (small blind) collected ($6)


PokerStars Hand #170626085807:  Hold'em Limit ($3/$6 USD) - 2017/05/19 10:19:32 ET
Table 'Ophelia II' 6-max Seat #1 is the button
Seat 1: DimaZips ($208.46 in chips)
Seat 6: kikiriki ($84.64 in chips)
DimaZips: posts small blind $1
kikiriki: posts big blind $3
*** HOLE CARDS ***
DimaZips: folds
Uncalled bet ($2) returned to kikiriki
kikiriki collected $2 from pot
kikiriki: doesn't show hand
*** SUMMARY ***
Total pot $2 | Rake $0
Seat 1: DimaZips (button) (small blind) folded before Flop
Seat 6: kikiriki (big blind) collected ($2)


PokerStars Hand #170626092612:  Hold'em Limit ($3/$6 USD) - 2017/05/19 10:19:43 ET
Table 'Ophelia II' 6-max Seat #1 is the button
Seat 1: DimaZips ($204.46 in chips)
Seat 6: kikiriki ($88.64 in chips)
DimaZips: posts small blind $1
kikiriki: posts big blind $3
*** HOLE CARDS ***
DimaZips: raises $3 to $6
kikiriki: calls $3
*** FLOP *** [7s 8h Th]
kikiriki: checks
DimaZips: checks
*** TURN *** [7s 8h Th] [5c]
kikiriki: bets $6
DimaZips: folds
Uncalled bet ($6) returned to kikiriki
kikiriki collected $11.76 from pot
kikiriki: doesn't show hand
*** SUMMARY ***
Total pot $12 | Rake $0.24
Board [7s 8h Th 5c]
Seat 1: DimaZips (button) (small blind) folded on the Turn
Seat 6: kikiriki (big blind) collected ($11.76)


PokerStars Hand #170626105554:  Hold'em Limit ($3/$6 USD) - 2017/05/19 10:20:06 ET
Table 'Ophelia II' 6-max Seat #6 is the button
Seat 1: DimaZips ($198.46 in chips)
Seat 6: kikiriki ($94.40 in chips)
kikiriki: posts small blind $1
DimaZips: posts big blind $3
*** HOLE CARDS ***
kikiriki: raises $3 to $6
DimaZips: calls $3
*** FLOP *** [Ks 6s 2d]
DimaZips: checks
kikiriki: bets $3
DimaZips: raises $3 to $6
kikiriki: calls $3
*** TURN *** [Ks 6s 2d] [4h]
DimaZips: bets $6
kikiriki: calls $6
*** RIVER *** [Ks 6s 2d 4h] [7d]
DimaZips: bets $6
kikiriki: calls $6
*** SHOW DOWN ***
DimaZips: shows [Ad 2h] (a pair of Deuces)
kikiriki: shows [4c 5s] (a pair of Fours)
kikiriki collected $47.50 from pot
*** SUMMARY ***
Total pot $48 | Rake $0.50
Board [Ks 6s 2d 4h 7d]
Seat 1: DimaZips (big blind) showed [Ad 2h] and lost with a pair of Deuces
Seat 6: kikiriki (button) (small blind) showed [4c 5s] and won ($47.50) with a pair of Fours


PokerStars Hand #170626124710:  Hold'em Limit ($3/$6 USD) - 2017/05/19 10:20:39 ET
Table 'Ophelia II' 6-max Seat #6 is the button
Seat 1: DimaZips ($173.46 in chips)
Seat 6: kikiriki ($118.90 in chips)
kikiriki: posts small blind $1
DimaZips: posts big blind $3
*** HOLE CARDS ***
kikiriki: folds
Uncalled bet ($2) returned to DimaZips
DimaZips collected $2 from pot
DimaZips: doesn't show hand
*** SUMMARY ***
Total pot $2 | Rake $0
Seat 1: DimaZips (big blind) collected ($2)
Seat 6: kikiriki (button) (small blind) folded before Flop


PokerStars Hand #170626120902:  Hold'em Limit ($3/$6 USD) - 2017/05/19 10:20:33 ET
Table 'Ophelia II' 6-max Seat #1 is the button
Seat 1: DimaZips ($174.46 in chips)
Seat 6: kikiriki ($117.90 in chips)
DimaZips: posts small blind $1
kikiriki: posts big blind $3
*** HOLE CARDS ***
DimaZips: folds
Uncalled bet ($2) returned to kikiriki
kikiriki collected $2 from pot
kikiriki: doesn't show hand
*** SUMMARY ***
Total pot $2 | Rake $0
Seat 1: DimaZips (button) (small blind) folded before Flop
Seat 6: kikiriki (big blind) collected ($2)


PokerStars Hand #170626127445:  Hold'em Limit ($3/$6 USD) - 2017/05/19 10:20:44 ET
Table 'Ophelia II' 6-max Seat #1 is the button
Seat 1: DimaZips ($174.46 in chips)
Seat 6: kikiriki ($117.90 in chips)
DimaZips: posts small blind $1
kikiriki: posts big blind $3
*** HOLE CARDS ***
DimaZips: folds
Uncalled bet ($2) returned to kikiriki
kikiriki collected $2 from pot
kikiriki: doesn't show hand
*** SUMMARY ***
Total pot $2 | Rake $0
Seat 1: DimaZips (button) (small blind) folded before Flop
Seat 6: kikiriki (big blind) collected ($2)


PokerStars Hand #170626146797:  Hold'em Limit ($3/$6 USD) - 2017/05/19 10:21:18 ET
Table 'Ophelia II' 6-max Seat #1 is the button
Seat 1: DimaZips ($146.46 in chips)
Seat 6: kikiriki ($145.40 in chips)
DimaZips: posts small blind $1
kikiriki: posts big blind $3
*** HOLE CARDS ***
DimaZips: folds
Uncalled bet ($2) returned to kikiriki
kikiriki collected $2 from pot
kikiriki: doesn't show hand
*** SUMMARY ***
Total pot $2 | Rake $0
Seat 1: DimaZips (button) (small blind) folded before Flop
Seat 6: kikiriki (big blind) collected ($2)


PokerStars Hand #170626130254:  Hold'em Limit ($3/$6 USD) - 2017/05/19 10:20:49 ET
Table 'Ophelia II' 6-max Seat #6 is the button
Seat 1: DimaZips ($173.46 in chips)
Seat 6: kikiriki ($118.90 in chips)
kikiriki: posts small blind $1
DimaZips: posts big blind $3
*** HOLE CARDS ***
kikiriki: raises $3 to $6
DimaZips: calls $3
*** FLOP *** [Ad 3c 7h]
DimaZips: checks
kikiriki: bets $3
DimaZips: calls $3
*** TURN *** [Ad 3c 7h] [5d]
DimaZips: checks
kikiriki: bets $6
DimaZips: raises $6 to $12
kikiriki: calls $6
*** RIVER *** [Ad 3c 7h 5d] [Td]
DimaZips: bets $6
kikiriki: raises $6 to $12
DimaZips: folds
Uncalled bet ($6) returned to kikiriki
kikiriki collected $53.50 from pot
kikiriki: doesn't show hand
*** SUMMARY ***
Total pot $54 | Rake $0.50
Board [Ad 3c 7h 5d Td]
Seat 1: DimaZips (big blind) folded on the River
Seat 6: kikiriki (button) (small blind) collected ($53.50)


PokerStars Hand #170626153220:  Hold'em Limit ($3/$6 USD) - 2017/05/19 10:21:29 ET
Table 'Ophelia II' 6-max Seat #1 is the button
Seat 1: DimaZips ($146.46 in chips)
Seat 6: kikiriki ($145.40 in chips)
DimaZips: posts small blind $1
kikiriki: posts big blind $3
*** HOLE CARDS ***
DimaZips: folds
Uncalled bet ($2) returned to kikiriki
kikiriki collected $2 from pot
kikiriki: doesn't show hand
*** SUMMARY ***
Total pot $2 | Rake $0
Seat 1: DimaZips (button) (small blind) folded before Flop
Seat 6: kikiriki (big blind) collected ($2)


PokerStars Hand #170626149623:  Hold'em Limit ($3/$6 USD) - 2017/05/19 10:21:23 ET
Table 'Ophelia II' 6-max Seat #6 is the button
Seat 1: DimaZips ($145.46 in chips)
Seat 6: kikiriki ($146.40 in chips)
kikiriki: posts small blind $1
DimaZips: posts big blind $3
*** HOLE CARDS ***
kikiriki: folds
Uncalled bet ($2) returned to DimaZips
DimaZips collected $2 from pot
DimaZips: doesn't show hand
*** SUMMARY ***
Total pot $2 | Rake $0
Seat 1: DimaZips (big blind) collected ($2)
Seat 6: kikiriki (button) (small blind) folded before Flop


