PokerStars Hand #161379539440:  Hold'em Limit ($3/$6 USD) - 2016/11/14 5:33:09 ET
Table 'Ophelia' 6-max Seat #4 is the button
Seat 3: padde83253 ($83.51 in chips)
Seat 4: assitoni ($72 in chips)
assitoni: posts small blind $1
padde83253: posts big blind $3
*** HOLE CARDS ***
assitoni: raises $3 to $6
padde83253: calls $3
*** FLOP *** [Js 6s As]
padde83253: bets $3
assitoni: calls $3
*** TURN *** [Js 6s As] [5h]
padde83253: bets $6
assitoni: raises $6 to $12
padde83253: raises $6 to $18
assitoni: calls $6
*** RIVER *** [Js 6s As 5h] [5c]
padde83253: bets $6
assitoni: calls $6
*** SHOW DOWN ***
padde83253: shows [2s 9s] (a flush, Ace high)
assitoni: mucks hand
padde83253 collected $65.50 from pot
*** SUMMARY ***
Total pot $66 | Rake $0.50
Board [Js 6s As 5h 5c]
Seat 3: padde83253 (big blind) showed [2s 9s] and won ($65.50) with a flush, Ace high
Seat 4: assitoni (button) (small blind) mucked


PokerStars Hand #161379531558:  Hold'em Limit ($3/$6 USD) - 2016/11/14 5:32:49 ET
Table 'Ophelia' 6-max Seat #3 is the button
Seat 3: padde83253 ($77.75 in chips)
Seat 4: assitoni ($72 in chips)
padde83253: posts small blind $1
assitoni: posts big blind $3
*** HOLE CARDS ***
padde83253: raises $3 to $6
assitoni: calls $3
*** FLOP *** [5s 3c 5c]
assitoni: checks
padde83253: bets $3
assitoni: folds
Uncalled bet ($3) returned to padde83253
padde83253 collected $11.76 from pot
padde83253: doesn't show hand
*** SUMMARY ***
Total pot $12 | Rake $0.24
Board [5s 3c 5c]
Seat 3: padde83253 (button) (small blind) collected ($11.76)
Seat 4: assitoni (big blind) folded on the Flop


PokerStars Hand #161379548900:  Hold'em Limit ($3/$6 USD) - 2016/11/14 5:33:31 ET
Table 'Ophelia' 6-max Seat #3 is the button
Seat 3: padde83253 ($116.01 in chips)
Seat 4: assitoni ($72 in chips)
padde83253: posts small blind $1
assitoni: posts big blind $3
*** HOLE CARDS ***
oregordog joins the table at seat #5
padde83253: calls $2
assitoni: raises $3 to $6
padde83253: calls $3
*** FLOP *** [8c Ad 8s]
assitoni: bets $3
padde83253: folds
Uncalled bet ($3) returned to assitoni
assitoni collected $11.76 from pot
assitoni: doesn't show hand
*** SUMMARY ***
Total pot $12 | Rake $0.24
Board [8c Ad 8s]
Seat 3: padde83253 (button) (small blind) folded on the Flop
Seat 4: assitoni (big blind) collected ($11.76)


PokerStars Hand #161379595059:  Hold'em Limit ($3/$6 USD) - 2016/11/14 5:35:25 ET
Table 'Ophelia' 6-max Seat #3 is the button
Seat 3: padde83253 ($132.51 in chips)
Seat 5: oregordog ($68 in chips)
padde83253: posts small blind $1
oregordog: posts big blind $3
*** HOLE CARDS ***
padde83253: calls $2
oregordog: raises $3 to $6
padde83253: calls $3
*** FLOP *** [Kc 3h 6c]
oregordog: bets $3
padde83253: folds
Uncalled bet ($3) returned to oregordog
oregordog collected $11.76 from pot
*** SUMMARY ***
Total pot $12 | Rake $0.24
Board [Kc 3h 6c]
Seat 3: padde83253 (button) (small blind) folded on the Flop
Seat 5: oregordog (big blind) collected ($11.76)


PokerStars Hand #161379581961:  Hold'em Limit ($3/$6 USD) - 2016/11/14 5:34:53 ET
Table 'Ophelia' 6-max Seat #5 is the button
Seat 3: padde83253 ($106.01 in chips)
Seat 5: oregordog ($95 in chips)
oregordog: posts small blind $1
padde83253: posts big blind $3
*** HOLE CARDS ***
oregordog: raises $3 to $6
padde83253: calls $3
*** FLOP *** [Ts Qs Kc]
padde83253: bets $3
oregordog: raises $3 to $6
padde83253: raises $3 to $9
oregordog: calls $3
*** TURN *** [Ts Qs Kc] [Ac]
padde83253: bets $6
krytalex joins the table at seat #6
oregordog: calls $6
*** RIVER *** [Ts Qs Kc Ac] [3h]
padde83253: bets $6
oregordog: calls $6
*** SHOW DOWN ***
padde83253: shows [Jd Th] (a straight, Ten to Ace)
oregordog: mucks hand
padde83253 collected $53.50 from pot
*** SUMMARY ***
Total pot $54 | Rake $0.50
Board [Ts Qs Kc Ac 3h]
Seat 3: padde83253 (big blind) showed [Jd Th] and won ($53.50) with a straight, Ten to Ace
Seat 5: oregordog (button) (small blind) mucked


PokerStars Hand #161379579808:  Hold'em Limit ($3/$6 USD) - 2016/11/14 5:34:48 ET
Table 'Ophelia' 6-max Seat #3 is the button
Seat 3: padde83253 ($107.01 in chips)
Seat 5: oregordog ($94 in chips)
padde83253: posts small blind $1
assitoni: is sitting out
oregordog: posts big blind $3
*** HOLE CARDS ***
padde83253: folds
Uncalled bet ($2) returned to oregordog
oregordog collected $2 from pot
*** SUMMARY ***
Total pot $2 | Rake $0
Seat 3: padde83253 (button) (small blind) folded before Flop
Seat 5: oregordog (big blind) collected ($2)


PokerStars Hand #161379639084:  Hold'em Limit ($3/$6 USD) - 2016/11/14 5:37:13 ET
Table 'Ophelia' 6-max Seat #5 is the button
Seat 5: oregordog ($67.52 in chips)
Seat 6: krytalex ($111 in chips)
oregordog: posts small blind $1
krytalex: posts big blind $3
*** HOLE CARDS ***
oregordog: raises $3 to $6
krytalex: folds
Uncalled bet ($3) returned to oregordog
oregordog collected $6 from pot
*** SUMMARY ***
Total pot $6 | Rake $0
Seat 5: oregordog (button) (small blind) collected ($6)
Seat 6: krytalex (big blind) folded before Flop


PokerStars Hand #161379636138:  Hold'em Limit ($3/$6 USD) - 2016/11/14 5:37:06 ET
Table 'Ophelia' 6-max Seat #6 is the button
Seat 5: oregordog ($70.52 in chips)
Seat 6: krytalex ($108 in chips)
SLK500 joins the table at seat #2
krytalex: posts small blind $1
oregordog: posts big blind $3
*** HOLE CARDS ***
krytalex: raises $3 to $6
oregordog: folds
Uncalled bet ($3) returned to krytalex
krytalex collected $6 from pot
*** SUMMARY ***
Total pot $6 | Rake $0
Seat 5: oregordog (big blind) folded before Flop
Seat 6: krytalex (button) (small blind) collected ($6)


PokerStars Hand #161379631010:  Hold'em Limit ($3/$6 USD) - 2016/11/14 5:36:53 ET
Table 'Ophelia' 6-max Seat #5 is the button
Seat 5: oregordog ($67.52 in chips)
Seat 6: krytalex ($111 in chips)
oregordog: posts small blind $1
krytalex: posts big blind $3
*** HOLE CARDS ***
oregordog: raises $3 to $6
krytalex: folds
Uncalled bet ($3) returned to oregordog
oregordog collected $6 from pot
*** SUMMARY ***
Total pot $6 | Rake $0
Seat 5: oregordog (button) (small blind) collected ($6)
Seat 6: krytalex (big blind) folded before Flop


PokerStars Hand #161379620743:  Hold'em Limit ($3/$6 USD) - 2016/11/14 5:36:28 ET
Table 'Ophelia' 6-max Seat #6 is the button
Seat 5: oregordog ($61.76 in chips)
Seat 6: krytalex ($117 in chips)
krytalex: posts small blind $1
oregordog: posts big blind $3
*** HOLE CARDS ***
krytalex: raises $3 to $6
oregordog: calls $3
*** FLOP *** [7s 9d 6c]
oregordog: checks
krytalex: checks
*** TURN *** [7s 9d 6c] [Qc]
oregordog: bets $6
krytalex: folds
Uncalled bet ($6) returned to oregordog
oregordog collected $11.76 from pot
*** SUMMARY ***
Total pot $12 | Rake $0.24
Board [7s 9d 6c Qc]
Seat 5: oregordog (big blind) collected ($11.76)
Seat 6: krytalex (button) (small blind) folded on the Turn


PokerStars Hand #161380699181:  Hold'em Limit ($3/$6 USD) - 2016/11/14 6:19:56 ET
Table 'Ophelia' 6-max Seat #5 is the button
Seat 5: oregordog ($263.99 in chips)
Seat 6: krytalex ($72 in chips)
oregordog: posts small blind $1
krytalex: posts big blind $3
*** HOLE CARDS ***
oregordog: raises $3 to $6
krytalex: folds
Uncalled bet ($3) returned to oregordog
oregordog collected $6 from pot
*** SUMMARY ***
Total pot $6 | Rake $0
Seat 5: oregordog (button) (small blind) collected ($6)
Seat 6: krytalex (big blind) folded before Flop


PokerStars Hand #161380679763:  Hold'em Limit ($3/$6 USD) - 2016/11/14 6:19:12 ET
Table 'Ophelia' 6-max Seat #6 is the button
Seat 5: oregordog ($246.49 in chips)
Seat 6: krytalex ($72 in chips)
krytalex: posts small blind $1
beng_51: is sitting out
sim5sim5: is sitting out
aade1ante was removed from the table for failing to post
oregordog: posts big blind $3
*** HOLE CARDS ***
krytalex: raises $3 to $6
oregordog: raises $3 to $9
krytalex: calls $3
*** FLOP *** [8h 9s 6d]
oregordog: bets $3
ToRe345 joins the table at seat #3
krytalex: calls $3
*** TURN *** [8h 9s 6d] [Jc]
Actionni13 joins the table at seat #4
oregordog: bets $6
krytalex: calls $6
*** RIVER *** [8h 9s 6d Jc] [Qh]
oregordog: bets $6
krytalex: folds
Uncalled bet ($6) returned to oregordog
oregordog collected $35.50 from pot
*** SUMMARY ***
Total pot $36 | Rake $0.50
Board [8h 9s 6d Jc Qh]
Seat 5: oregordog (big blind) collected ($35.50)
Seat 6: krytalex (button) (small blind) folded on the River


PokerStars Hand #161382113755:  Hold'em Limit ($3/$6 USD) - 2016/11/14 7:12:19 ET
Table 'Ophelia' 6-max Seat #4 is the button
Seat 3: hairy1961 ($35 in chips)
Seat 4: Actionni13 ($174.53 in chips)
Actionni13: posts small blind $1
hairy1961: posts big blind $3
*** HOLE CARDS ***
Actionni13: raises $3 to $6
hairy1961: raises $3 to $9
Actionni13: calls $3
*** FLOP *** [4h As 3h]
hairy1961: bets $3
Actionni13: folds
Uncalled bet ($3) returned to hairy1961
hairy1961 collected $17.64 from pot
*** SUMMARY ***
Total pot $18 | Rake $0.36
Board [4h As 3h]
Seat 3: hairy1961 (big blind) collected ($17.64)
Seat 4: Actionni13 (button) (small blind) folded on the Flop


PokerStars Hand #161382110870:  Hold'em Limit ($3/$6 USD) - 2016/11/14 7:12:13 ET
Table 'Ophelia' 6-max Seat #3 is the button
Seat 3: hairy1961 ($36 in chips)
Seat 4: Actionni13 ($173.53 in chips)
hairy1961: posts small blind $1
Actionni13: posts big blind $3
*** HOLE CARDS ***
hairy1961: folds
Uncalled bet ($2) returned to Actionni13
Actionni13 collected $2 from pot
Actionni13: doesn't show hand
*** SUMMARY ***
Total pot $2 | Rake $0
Seat 3: hairy1961 (button) (small blind) folded before Flop
Seat 4: Actionni13 (big blind) collected ($2)


PokerStars Hand #161382148581:  Hold'em Limit ($3/$6 USD) - 2016/11/14 7:13:32 ET
Table 'Ophelia' 6-max Seat #3 is the button
Seat 3: hairy1961 ($24.40 in chips)
Seat 4: Actionni13 ($184.03 in chips)
hairy1961: posts small blind $1
Actionni13: posts big blind $3
*** HOLE CARDS ***
hairy1961: raises $3 to $6
Actionni13: calls $3
*** FLOP *** [2s 8c 3h]
Actionni13: checks
hairy1961: bets $3
Actionni13: calls $3
*** TURN *** [2s 8c 3h] [9c]
Actionni13: checks
hairy1961: bets $6
Actionni13: folds
Uncalled bet ($6) returned to hairy1961
hairy1961 collected $17.64 from pot
hairy1961: doesn't show hand
*** SUMMARY ***
Total pot $18 | Rake $0.36
Board [2s 8c 3h 9c]
Seat 3: hairy1961 (button) (small blind) collected ($17.64)
Seat 4: Actionni13 (big blind) folded on the Turn


PokerStars Hand #161382145571:  Hold'em Limit ($3/$6 USD) - 2016/11/14 7:13:26 ET
Table 'Ophelia' 6-max Seat #4 is the button
Seat 3: hairy1961 ($27.40 in chips)
Seat 4: Actionni13 ($181.03 in chips)
Actionni13: posts small blind $1
hairy1961: posts big blind $3
*** HOLE CARDS ***
Actionni13: raises $3 to $6
hairy1961: folds
Uncalled bet ($3) returned to Actionni13
Actionni13 collected $6 from pot
Actionni13: doesn't show hand
*** SUMMARY ***
Total pot $6 | Rake $0
Seat 3: hairy1961 (big blind) folded before Flop
Seat 4: Actionni13 (button) (small blind) collected ($6)


PokerStars Hand #161382142903:  Hold'em Limit ($3/$6 USD) - 2016/11/14 7:13:20 ET
Table 'Ophelia' 6-max Seat #3 is the button
Seat 3: hairy1961 ($28.40 in chips)
Seat 4: Actionni13 ($180.03 in chips)
hairy1961: posts small blind $1
Actionni13: posts big blind $3
*** HOLE CARDS ***
hairy1961: folds
Uncalled bet ($2) returned to Actionni13
Actionni13 collected $2 from pot
Actionni13: doesn't show hand
*** SUMMARY ***
Total pot $2 | Rake $0
Seat 3: hairy1961 (button) (small blind) folded before Flop
Seat 4: Actionni13 (big blind) collected ($2)


PokerStars Hand #161382129921:  Hold'em Limit ($3/$6 USD) - 2016/11/14 7:12:53 ET
Table 'Ophelia' 6-max Seat #4 is the button
Seat 3: hairy1961 ($49.40 in chips)
Seat 4: Actionni13 ($159.53 in chips)
Actionni13: posts small blind $1
hairy1961: posts big blind $3
*** HOLE CARDS ***
Actionni13: raises $3 to $6
hairy1961: calls $3
*** FLOP *** [8d Ks 4c]
hairy1961: checks
Actionni13: bets $3
hairy1961: calls $3
*** TURN *** [8d Ks 4c] [Jh]
hairy1961: checks
Actionni13: bets $6
hairy1961: calls $6
*** RIVER *** [8d Ks 4c Jh] [Qd]
hairy1961: checks
Actionni13: bets $6
hairy1961: calls $6
*** SHOW DOWN ***
Actionni13: shows [4d Kh] (two pair, Kings and Fours)
hairy1961: mucks hand
Actionni13 collected $41.50 from pot
*** SUMMARY ***
Total pot $42 | Rake $0.50
Board [8d Ks 4c Jh Qd]
Seat 3: hairy1961 (big blind) mucked
Seat 4: Actionni13 (button) (small blind) showed [4d Kh] and won ($41.50) with two pair, Kings and Fours


PokerStars Hand #161382180031:  Hold'em Limit ($3/$6 USD) - 2016/11/14 7:14:39 ET
Table 'Ophelia' 6-max Seat #3 is the button
Seat 3: hairy1961 ($14.80 in chips)
Seat 4: Actionni13 ($192.53 in chips)
hairy1961: posts small blind $1
Actionni13: posts big blind $3
*** HOLE CARDS ***
hairy1961: raises $3 to $6
Actionni13: folds
Uncalled bet ($3) returned to hairy1961
hairy1961 collected $6 from pot
hairy1961: doesn't show hand
*** SUMMARY ***
Total pot $6 | Rake $0
Seat 3: hairy1961 (button) (small blind) collected ($6)
Seat 4: Actionni13 (big blind) folded before Flop


PokerStars Hand #161382166475:  Hold'em Limit ($3/$6 USD) - 2016/11/14 7:14:10 ET
Table 'Ophelia' 6-max Seat #4 is the button
Seat 3: hairy1961 ($35.80 in chips)
Seat 4: Actionni13 ($172.03 in chips)
Actionni13: posts small blind $1
hairy1961: posts big blind $3
*** HOLE CARDS ***
Actionni13: raises $3 to $6
hairy1961: calls $3
*** FLOP *** [3s 4c Tc]
hairy1961: bets $3
Actionni13: calls $3
*** TURN *** [3s 4c Tc] [Td]
hairy1961: checks
Actionni13: bets $6
hairy1961: calls $6
*** RIVER *** [3s 4c Tc Td] [9c]
hairy1961: checks
Actionni13: bets $6
hairy1961: calls $6
*** SHOW DOWN ***
Actionni13: shows [Kd Kh] (two pair, Kings and Tens)
hairy1961: mucks hand
Actionni13 collected $41.50 from pot
*** SUMMARY ***
Total pot $42 | Rake $0.50
Board [3s 4c Tc Td 9c]
Seat 3: hairy1961 (big blind) mucked
Seat 4: Actionni13 (button) (small blind) showed [Kd Kh] and won ($41.50) with two pair, Kings and Tens


PokerStars Hand #161382157763:  Hold'em Limit ($3/$6 USD) - 2016/11/14 7:13:52 ET
Table 'Ophelia' 6-max Seat #3 is the button
Seat 3: hairy1961 ($30.04 in chips)
Seat 4: Actionni13 ($178.03 in chips)
hairy1961: posts small blind $1
Actionni13: posts big blind $3
*** HOLE CARDS ***
hairy1961: raises $3 to $6
Actionni13: calls $3
*** FLOP *** [As 6d Tc]
Actionni13: checks
hairy1961: checks
*** TURN *** [As 6d Tc] [8c]
Actionni13: checks
hairy1961: bets $6
Actionni13: folds
Uncalled bet ($6) returned to hairy1961
hairy1961 collected $11.76 from pot
*** SUMMARY ***
Total pot $12 | Rake $0.24
Board [As 6d Tc 8c]
Seat 3: hairy1961 (button) (small blind) collected ($11.76)
Seat 4: Actionni13 (big blind) folded on the Turn


PokerStars Hand #161382155005:  Hold'em Limit ($3/$6 USD) - 2016/11/14 7:13:46 ET
Table 'Ophelia' 6-max Seat #4 is the button
Seat 3: hairy1961 ($33.04 in chips)
Seat 4: Actionni13 ($175.03 in chips)
Actionni13: posts small blind $1
hairy1961: posts big blind $3
*** HOLE CARDS ***
Actionni13: raises $3 to $6
hairy1961: folds
Uncalled bet ($3) returned to Actionni13
Actionni13 collected $6 from pot
Actionni13: doesn't show hand
*** SUMMARY ***
Total pot $6 | Rake $0
Seat 3: hairy1961 (big blind) folded before Flop
Seat 4: Actionni13 (button) (small blind) collected ($6)


PokerStars Hand #161382183753:  Hold'em Limit ($3/$6 USD) - 2016/11/14 7:14:47 ET
Table 'Ophelia' 6-max Seat #4 is the button
Seat 3: hairy1961 ($17.80 in chips)
Seat 4: Actionni13 ($189.53 in chips)
Actionni13: posts small blind $1
hairy1961: posts big blind $3
*** HOLE CARDS ***
Actionni13: raises $3 to $6
hairy1961: calls $3
*** FLOP *** [As 9h Qs]
hairy1961: checks
Actionni13: bets $3
hairy1961: calls $3
*** TURN *** [As 9h Qs] [5d]
hairy1961: checks
Actionni13: bets $6
hairy1961: raises $2.80 to $8.80 and is all-in
Actionni13: calls $2.80
*** RIVER *** [As 9h Qs 5d] [7d]
*** SHOW DOWN ***
hairy1961: shows [9s 4s] (a pair of Nines)
Actionni13: shows [Ah 2d] (a pair of Aces)
Actionni13 collected $35.10 from pot
*** SUMMARY ***
Total pot $35.60 | Rake $0.50
Board [As 9h Qs 5d 7d]
Seat 3: hairy1961 (big blind) showed [9s 4s] and lost with a pair of Nines
Seat 4: Actionni13 (button) (small blind) showed [Ah 2d] and won ($35.10) with a pair of Aces


