PokerStars Hand #152267996986:  Hold'em Limit ($3/$6 USD) - 2016/04/22 3:04:36 ET
Table 'Ophelia' 6-max Seat #1 is the button
Seat 1: LOOSECRAB ($120 in chips)
Seat 4: VolkovDmitri ($120 in chips)
LOOSECRAB: posts small blind $1
VolkovDmitri: posts big blind $3
*** HOLE CARDS ***
LOOSECRAB: calls $2
VolkovDmitri: checks
*** FLOP *** [7s 7d 5s]
VolkovDmitri: checks
LOOSECRAB: checks
*** TURN *** [7s 7d 5s] [Th]
VolkovDmitri: checks
LOOSECRAB: checks
*** RIVER *** [7s 7d 5s Th] [9d]
VolkovDmitri: checks
LOOSECRAB: checks
*** SHOW DOWN ***
VolkovDmitri: shows [3s 4h] (a pair of Sevens)
LOOSECRAB: shows [Ad 2c] (a pair of Sevens - Ace kicker)
LOOSECRAB collected $5.88 from pot
*** SUMMARY ***
Total pot $6 | Rake $0.12
Board [7s 7d 5s Th 9d]
Seat 1: LOOSECRAB (button) (small blind) showed [Ad 2c] and won ($5.88) with a pair of Sevens
Seat 4: VolkovDmitri (big blind) showed [3s 4h] and lost with a pair of Sevens


PokerStars Hand #152268014572:  Hold'em Limit ($3/$6 USD) - 2016/04/22 3:05:38 ET
Table 'Ophelia' 6-max Seat #1 is the button
Seat 1: LOOSECRAB ($101.88 in chips)
Seat 4: VolkovDmitri ($140.50 in chips)
LOOSECRAB: posts small blind $1
VolkovDmitri: posts big blind $3
*** HOLE CARDS ***
LOOSECRAB: folds
Uncalled bet ($2) returned to VolkovDmitri
VolkovDmitri collected $2 from pot
VolkovDmitri: doesn't show hand
*** SUMMARY ***
Total pot $2 | Rake $0
Seat 1: LOOSECRAB (button) (small blind) folded before Flop
Seat 4: VolkovDmitri (big blind) collected ($2)


PokerStars Hand #152268005158:  Hold'em Limit ($3/$6 USD) - 2016/04/22 3:05:04 ET
Table 'Ophelia' 6-max Seat #4 is the button
Seat 1: LOOSECRAB ($122.88 in chips)
Seat 4: VolkovDmitri ($120 in chips)
VolkovDmitri: posts small blind $1
happyshine88 joins the table at seat #5
LOOSECRAB: posts big blind $3
*** HOLE CARDS ***
VolkovDmitri: raises $3 to $6
LOOSECRAB: calls $3
*** FLOP *** [Ad 4d 9s]
LOOSECRAB: checks
VolkovDmitri: bets $3
LOOSECRAB: calls $3
*** TURN *** [Ad 4d 9s] [Ks]
LOOSECRAB: checks
VolkovDmitri: bets $6
LOOSECRAB: calls $6
*** RIVER *** [Ad 4d 9s Ks] [3d]
LOOSECRAB: checks
VolkovDmitri: bets $6
LOOSECRAB: calls $6
*** SHOW DOWN ***
VolkovDmitri: shows [Jd Ah] (a pair of Aces)
LOOSECRAB: mucks hand
VolkovDmitri collected $41.50 from pot
*** SUMMARY ***
Total pot $42 | Rake $0.50
Board [Ad 4d 9s Ks 3d]
Seat 1: LOOSECRAB (big blind) mucked
Seat 4: VolkovDmitri (button) (small blind) showed [Jd Ah] and won ($41.50) with a pair of Aces


PokerStars Hand #152270599844:  Hold'em Limit ($3/$6 USD) - 2016/04/22 5:18:24 ET
Table 'Ophelia' 6-max Seat #2 is the button
Seat 2: RaisemyNut$ ($277.08 in chips)
Seat 6: Agrotait ($74.15 in chips)
RaisemyNut$: posts small blind $1
MissEKAmouse: is sitting out
Agrotait: posts big blind $3
*** HOLE CARDS ***
bentinck113 joins the table at seat #5
RaisemyNut$: raises $3 to $6
Agrotait: calls $3
*** FLOP *** [3c 9s 5h]
bentinck113 leaves the table
Agrotait: checks
TbIP-TbIP 88 joins the table at seat #5
RaisemyNut$: bets $3
Agrotait: raises $3 to $6
RaisemyNut$: folds
Uncalled bet ($3) returned to Agrotait
Agrotait collected $17.64 from pot
Agrotait: doesn't show hand
*** SUMMARY ***
Total pot $18 | Rake $0.36
Board [3c 9s 5h]
Seat 2: RaisemyNut$ (button) (small blind) folded on the Flop
Seat 6: Agrotait (big blind) collected ($17.64)


