PokerStars Hand #157760900986:  Hold'em Limit ($3/$6 USD) - 2016/08/26 10:10:11 ET
Table 'Ophiuchus II' 6-max Seat #3 is the button
Seat 2: rascal_319 ($112 in chips)
Seat 3: megabaitt ($43.49 in chips)
megabaitt: posts small blind $1
$polu4atel*$: is sitting out
rascal_319: posts big blind $3
*** HOLE CARDS ***
megabaitt: folds
Uncalled bet ($2) returned to rascal_319
$polu4atel*$ leaves the table
rascal_319 collected $2 from pot
*** SUMMARY ***
Total pot $2 | Rake $0
Seat 2: rascal_319 (big blind) collected ($2)
Seat 3: megabaitt (button) (small blind) folded before Flop


PokerStars Hand #157760906061:  Hold'em Limit ($3/$6 USD) - 2016/08/26 10:10:17 ET
Table 'Ophiuchus II' 6-max Seat #2 is the button
Seat 2: rascal_319 ($113 in chips)
Seat 3: megabaitt ($42.49 in chips)
rascal_319: posts small blind $1
megabaitt: posts big blind $3
*** HOLE CARDS ***
rascal_319: raises $3 to $6
megabaitt: calls $3
*** FLOP *** [9c Ts 8d]
megabaitt: bets $3
rascal_319: folds
Uncalled bet ($3) returned to megabaitt
megabaitt collected $11.76 from pot
megabaitt: doesn't show hand
*** SUMMARY ***
Total pot $12 | Rake $0.24
Board [9c Ts 8d]
Seat 2: rascal_319 (button) (small blind) folded on the Flop
Seat 3: megabaitt (big blind) collected ($11.76)


