PokerStars Hand #150066668820:  Hold'em Limit ($3/$6 USD) - 2016/03/09 0:02:19 ET
Table 'Ophiuchus II' 6-max Seat #1 is the button
Seat 1: LifeisagameX ($60 in chips)
Seat 3: agentbond007 ($120 in chips)
LifeisagameX: posts small blind $1
agentbond007: posts big blind $3
*** HOLE CARDS ***
LifeisagameX: raises $3 to $6
agentbond007: calls $3
*** FLOP *** [8c Qc Jh]
agentbond007: checks
LifeisagameX: bets $3
agentbond007: calls $3
*** TURN *** [8c Qc Jh] [5h]
agentbond007: checks
LifeisagameX: bets $6
agentbond007: calls $6
*** RIVER *** [8c Qc Jh 5h] [8h]
agentbond007: checks
LifeisagameX: bets $6
agentbond007: folds
Uncalled bet ($6) returned to LifeisagameX
LifeisagameX collected $29.50 from pot
LifeisagameX: doesn't show hand
*** SUMMARY ***
Total pot $30 | Rake $0.50
Board [8c Qc Jh 5h 8h]
Seat 1: LifeisagameX (button) (small blind) collected ($29.50)
Seat 3: agentbond007 (big blind) folded on the River


PokerStars Hand #150066679025:  Hold'em Limit ($3/$6 USD) - 2016/03/09 0:02:58 ET
Table 'Ophiuchus II' 6-max Seat #3 is the button
Seat 1: LifeisagameX ($74.50 in chips)
Seat 3: agentbond007 ($105 in chips)
agentbond007: posts small blind $1
LifeisagameX: posts big blind $3
*** HOLE CARDS ***
agentbond007: calls $2
LifeisagameX: raises $3 to $6
agentbond007: calls $3
*** FLOP *** [Td 8h Kd]
LifeisagameX: bets $3
agentbond007: folds
Uncalled bet ($3) returned to LifeisagameX
LifeisagameX collected $11.76 from pot
LifeisagameX: doesn't show hand
agentbond007 leaves the table
*** SUMMARY ***
Total pot $12 | Rake $0.24
Board [Td 8h Kd]
Seat 1: LifeisagameX (big blind) collected ($11.76)
Seat 3: agentbond007 (button) (small blind) folded on the Flop


PokerStars Hand #150066758636:  Hold'em Limit ($3/$6 USD) - 2016/03/09 0:08:06 ET
Table 'Ophiuchus II' 6-max Seat #1 is the button
Seat 1: LifeisagameX ($80.26 in chips)
Seat 6: agentbond007 ($120 in chips)
LifeisagameX: posts small blind $1
agentbond007: posts big blind $3
*** HOLE CARDS ***
LifeisagameX: raises $3 to $6
agentbond007: folds
Uncalled bet ($3) returned to LifeisagameX
LifeisagameX collected $6 from pot
LifeisagameX: doesn't show hand
*** SUMMARY ***
Total pot $6 | Rake $0
Seat 1: LifeisagameX (button) (small blind) collected ($6)
Seat 6: agentbond007 (big blind) folded before Flop


PokerStars Hand #150066770339:  Hold'em Limit ($3/$6 USD) - 2016/03/09 0:08:52 ET
Table 'Ophiuchus II' 6-max Seat #1 is the button
Seat 1: LifeisagameX ($71.26 in chips)
Seat 6: agentbond007 ($128.52 in chips)
LifeisagameX: posts small blind $1
agentbond007: posts big blind $3
*** HOLE CARDS ***
LifeisagameX: folds
Uncalled bet ($2) returned to agentbond007
agentbond007 collected $2 from pot
agentbond007: doesn't show hand
*** SUMMARY ***
Total pot $2 | Rake $0
Seat 1: LifeisagameX (button) (small blind) folded before Flop
Seat 6: agentbond007 (big blind) collected ($2)


PokerStars Hand #150066761781:  Hold'em Limit ($3/$6 USD) - 2016/03/09 0:08:18 ET
Table 'Ophiuchus II' 6-max Seat #6 is the button
Seat 1: LifeisagameX ($83.26 in chips)
Seat 6: agentbond007 ($117 in chips)
agentbond007: posts small blind $1
LifeisagameX: posts big blind $3
*** HOLE CARDS ***
agentbond007: raises $3 to $6
LifeisagameX: calls $3
*** FLOP *** [As 5c Qd]
LifeisagameX: checks
agentbond007: checks
*** TURN *** [As 5c Qd] [2c]
LifeisagameX: bets $6
agentbond007: calls $6
*** RIVER *** [As 5c Qd 2c] [5h]
LifeisagameX: checks
agentbond007: checks
*** SHOW DOWN ***
LifeisagameX: shows [6d Js] (a pair of Fives)
agentbond007: shows [3c 3h] (two pair, Fives and Threes)
agentbond007 collected $23.52 from pot
*** SUMMARY ***
Total pot $24 | Rake $0.48
Board [As 5c Qd 2c 5h]
Seat 1: LifeisagameX (big blind) showed [6d Js] and lost with a pair of Fives
Seat 6: agentbond007 (button) (small blind) showed [3c 3h] and won ($23.52) with two pair, Fives and Threes


PokerStars Hand #150066782750:  Hold'em Limit ($3/$6 USD) - 2016/03/09 0:09:40 ET
Table 'Ophiuchus II' 6-max Seat #6 is the button
Seat 1: LifeisagameX ($79.02 in chips)
Seat 6: agentbond007 ($120.52 in chips)
agentbond007: posts small blind $1
LifeisagameX: posts big blind $3
*** HOLE CARDS ***
agentbond007: raises $3 to $6
LifeisagameX: calls $3
*** FLOP *** [5h 9d Jh]
LifeisagameX: checks
agentbond007: checks
*** TURN *** [5h 9d Jh] [2h]
LifeisagameX: checks
agentbond007: checks
*** RIVER *** [5h 9d Jh 2h] [Qd]
LifeisagameX: checks
agentbond007: checks
*** SHOW DOWN ***
LifeisagameX: shows [Kc 4c] (high card King)
agentbond007: shows [Kh Ad] (high card Ace)
agentbond007 collected $11.76 from pot
*** SUMMARY ***
Total pot $12 | Rake $0.24
Board [5h 9d Jh 2h Qd]
Seat 1: LifeisagameX (big blind) showed [Kc 4c] and lost with high card King
Seat 6: agentbond007 (button) (small blind) showed [Kh Ad] and won ($11.76) with high card Ace


PokerStars Hand #150066781017:  Hold'em Limit ($3/$6 USD) - 2016/03/09 0:09:33 ET
Table 'Ophiuchus II' 6-max Seat #1 is the button
Seat 1: LifeisagameX ($76.02 in chips)
Seat 6: agentbond007 ($123.52 in chips)
LifeisagameX: posts small blind $1
agentbond007: posts big blind $3
*** HOLE CARDS ***
LifeisagameX: raises $3 to $6
agentbond007: folds
Uncalled bet ($3) returned to LifeisagameX
LifeisagameX collected $6 from pot
LifeisagameX: doesn't show hand
*** SUMMARY ***
Total pot $6 | Rake $0
Seat 1: LifeisagameX (button) (small blind) collected ($6)
Seat 6: agentbond007 (big blind) folded before Flop


PokerStars Hand #150066772951:  Hold'em Limit ($3/$6 USD) - 2016/03/09 0:09:02 ET
Table 'Ophiuchus II' 6-max Seat #6 is the button
Seat 1: LifeisagameX ($70.26 in chips)
Seat 6: agentbond007 ($129.52 in chips)
agentbond007: posts small blind $1
LifeisagameX: posts big blind $3
*** HOLE CARDS ***
agentbond007: calls $2
LifeisagameX: raises $3 to $6
agentbond007: calls $3
*** FLOP *** [Qc Kd 7s]
LifeisagameX: checks
agentbond007: checks
*** TURN *** [Qc Kd 7s] [8h]
LifeisagameX: checks
agentbond007: checks
*** RIVER *** [Qc Kd 7s 8h] [Qh]
LifeisagameX: bets $6
agentbond007: folds
Uncalled bet ($6) returned to LifeisagameX
LifeisagameX collected $11.76 from pot
LifeisagameX: doesn't show hand
*** SUMMARY ***
Total pot $12 | Rake $0.24
Board [Qc Kd 7s 8h Qh]
Seat 1: LifeisagameX (big blind) collected ($11.76)
Seat 6: agentbond007 (button) (small blind) folded on the River


PokerStars Hand #150066796878:  Hold'em Limit ($3/$6 USD) - 2016/03/09 0:10:35 ET
Table 'Ophiuchus II' 6-max Seat #6 is the button
Seat 1: LifeisagameX ($78.78 in chips)
Seat 6: agentbond007 ($120.28 in chips)
agentbond007: posts small blind $1
LifeisagameX: posts big blind $3
*** HOLE CARDS ***
agentbond007: calls $2
LifeisagameX: checks
*** FLOP *** [Qs Kh Th]
LifeisagameX: checks
agentbond007: bets $3
LifeisagameX: calls $3
*** TURN *** [Qs Kh Th] [7d]
LifeisagameX: checks
agentbond007: bets $6
LifeisagameX: calls $6
*** RIVER *** [Qs Kh Th 7d] [4c]
LifeisagameX: checks
agentbond007: bets $6
LifeisagameX: calls $6
*** SHOW DOWN ***
agentbond007: shows [4d Qd] (two pair, Queens and Fours)
LifeisagameX: mucks hand
agentbond007 collected $35.50 from pot
*** SUMMARY ***
Total pot $36 | Rake $0.50
Board [Qs Kh Th 7d 4c]
Seat 1: LifeisagameX (big blind) mucked
Seat 6: agentbond007 (button) (small blind) showed [4d Qd] and won ($35.50) with two pair, Queens and Fours


PokerStars Hand #150066791416:  Hold'em Limit ($3/$6 USD) - 2016/03/09 0:10:13 ET
Table 'Ophiuchus II' 6-max Seat #1 is the button
Seat 1: LifeisagameX ($73.02 in chips)
Seat 6: agentbond007 ($126.28 in chips)
LifeisagameX: posts small blind $1
agentbond007: posts big blind $3
*** HOLE CARDS ***
LifeisagameX: raises $3 to $6
agentbond007: calls $3
*** FLOP *** [6d 2s 8s]
agentbond007: checks
LifeisagameX: bets $3
agentbond007: folds
Uncalled bet ($3) returned to LifeisagameX
LifeisagameX collected $11.76 from pot
LifeisagameX: doesn't show hand
*** SUMMARY ***
Total pot $12 | Rake $0.24
Board [6d 2s 8s]
Seat 1: LifeisagameX (button) (small blind) collected ($11.76)
Seat 6: agentbond007 (big blind) folded on the Flop


PokerStars Hand #150066807578:  Hold'em Limit ($3/$6 USD) - 2016/03/09 0:11:16 ET
Table 'Ophiuchus II' 6-max Seat #1 is the button
Seat 1: LifeisagameX ($60.78 in chips)
Seat 6: agentbond007 ($137.78 in chips)
LifeisagameX: posts small blind $1
agentbond007: posts big blind $3
*** HOLE CARDS ***
LifeisagameX: raises $3 to $6
agentbond007: calls $3
*** FLOP *** [Td Jd 5h]
agentbond007: checks
LifeisagameX: bets $3
agentbond007: calls $3
*** TURN *** [Td Jd 5h] [6h]
agentbond007: checks
LifeisagameX: bets $6
agentbond007: calls $6
*** RIVER *** [Td Jd 5h 6h] [Th]
agentbond007: checks
LifeisagameX: bets $6
agentbond007: raises $6 to $12
LifeisagameX: calls $6
*** SHOW DOWN ***
agentbond007: shows [Tc Qs] (three of a kind, Tens)
LifeisagameX: mucks hand
agentbond007 collected $53.50 from pot
*** SUMMARY ***
Total pot $54 | Rake $0.50
Board [Td Jd 5h 6h Th]
Seat 1: LifeisagameX (button) (small blind) mucked
Seat 6: agentbond007 (big blind) showed [Tc Qs] and won ($53.50) with three of a kind, Tens


PokerStars Hand #150066816255:  Hold'em Limit ($3/$6 USD) - 2016/03/09 0:11:49 ET
Table 'Ophiuchus II' 6-max Seat #6 is the button
Seat 1: LifeisagameX ($33.78 in chips)
Seat 6: agentbond007 ($164.28 in chips)
agentbond007: posts small blind $1
LifeisagameX: posts big blind $3
*** HOLE CARDS ***
agentbond007: raises $3 to $6
LifeisagameX: raises $3 to $9
agentbond007: raises $3 to $12
Betting is capped
LifeisagameX: calls $3
*** FLOP *** [Kh Ac Ts]
LifeisagameX: checks
agentbond007: bets $3
LifeisagameX: calls $3
*** TURN *** [Kh Ac Ts] [7s]
LifeisagameX: checks
agentbond007: bets $6
LifeisagameX: calls $6
*** RIVER *** [Kh Ac Ts 7s] [4c]
LifeisagameX: checks
agentbond007: bets $6
LifeisagameX: calls $6
*** SHOW DOWN ***
agentbond007: shows [Kc Ks] (three of a kind, Kings)
LifeisagameX: mucks hand
agentbond007 collected $53.50 from pot
*** SUMMARY ***
Total pot $54 | Rake $0.50
Board [Kh Ac Ts 7s 4c]
Seat 1: LifeisagameX (big blind) mucked
Seat 6: agentbond007 (button) (small blind) showed [Kc Ks] and won ($53.50) with three of a kind, Kings


