PokerStars Hand #148191811330:  Hold'em Limit ($3/$6 USD) - 2016/02/03 17:39:22 ET
Table 'Ophiuchus' 6-max Seat #3 is the button
Seat 3: Jokkez 85 ($151.83 in chips)
Seat 5: BuzovaPro ($172.62 in chips)
Jokkez 85: posts small blind $1
BuzovaPro: posts big blind $3
*** HOLE CARDS ***
Jokkez 85: raises $3 to $6
mack n tire joins the table at seat #1
BuzovaPro: calls $3
*** FLOP *** [9s Ks Kh]
ValeryRon joins the table at seat #4
BuzovaPro: checks
Jokkez 85: bets $3
Mal3310107 said, "what;s worse is this site will constantly give you donks your amaizng low percentage outs"
BuzovaPro: calls $3
*** TURN *** [9s Ks Kh] [Qh]
BuzovaPro: checks
Jokkez 85: bets $6
BuzovaPro: calls $6
*** RIVER *** [9s Ks Kh Qh] [Td]
BuzovaPro: checks
Jokkez 85: bets $6
BuzovaPro: folds
Uncalled bet ($6) returned to Jokkez 85
Jokkez 85 collected $29.50 from pot
Jokkez 85: doesn't show hand
*** SUMMARY ***
Total pot $30 | Rake $0.50
Board [9s Ks Kh Qh Td]
Seat 3: Jokkez 85 (button) (small blind) collected ($29.50)
Seat 5: BuzovaPro (big blind) folded on the River


PokerStars Hand #148192913290:  Hold'em Limit ($3/$6 USD) - 2016/02/03 17:59:40 ET
Table 'Ophiuchus' 6-max Seat #4 is the button
Seat 1: chipmover360 ($86.05 in chips)
Seat 4: Pandakey ($136.50 in chips)
Pandakey: posts small blind $1
chipmover360: posts big blind $3
*** HOLE CARDS ***
Pandakey: raises $3 to $6
chipmover360: calls $3
*** FLOP *** [7c 3h 2c]
chipmover360: checks
Pandakey: bets $3
chipmover360: raises $3 to $6
Pandakey: calls $3
*** TURN *** [7c 3h 2c] [6s]
chipmover360: bets $6
Pandakey: calls $6
*** RIVER *** [7c 3h 2c 6s] [5s]
Azrarn joins the table at seat #2
chipmover360: bets $6
Pandakey: raises $6 to $12
chipmover360: calls $6
*** SHOW DOWN ***
Pandakey: shows [6d 4d] (a straight, Three to Seven)
chipmover360: mucks hand
Pandakey collected $59.50 from pot
*** SUMMARY ***
Total pot $60 | Rake $0.50
Board [7c 3h 2c 6s 5s]
Seat 1: chipmover360 (big blind) mucked
Seat 4: Pandakey (button) (small blind) showed [6d 4d] and won ($59.50) with a straight, Three to Seven


PokerStars Hand #148192901443:  Hold'em Limit ($3/$6 USD) - 2016/02/03 17:59:24 ET
Table 'Ophiuchus' 6-max Seat #1 is the button
Seat 1: chipmover360 ($104.05 in chips)
Seat 4: Pandakey ($119 in chips)
chipmover360: posts small blind $1
Pandakey: posts big blind $3
*** HOLE CARDS ***
chipmover360: raises $3 to $6
Pandakey: calls $3
*** FLOP *** [Td 2d 5d]
Pandakey: checks
chipmover360: bets $3
Pandakey: raises $3 to $6
chipmover360: calls $3
*** TURN *** [Td 2d 5d] [Qh]
Pandakey: bets $6
chipmover360: calls $6
*** RIVER *** [Td 2d 5d Qh] [Th]
Pandakey: bets $6
chipmover360: folds
Uncalled bet ($6) returned to Pandakey
Pandakey collected $35.50 from pot
Pandakey: doesn't show hand
*** SUMMARY ***
Total pot $36 | Rake $0.50
Board [Td 2d 5d Qh Th]
Seat 1: chipmover360 (button) (small blind) folded on the River
Seat 4: Pandakey (big blind) collected ($35.50)


