PokerStars Hand #176300802850:  Hold'em Limit ($3/$6 USD) - 2017/09/30 5:28:45 ET
Table 'Opik' 10-max Seat #1 is the button
Seat 1: VolkovDmitri ($120 in chips)
Seat 6: mbr1977 ($69.12 in chips)
VolkovDmitri: posts small blind $1
mbr1977: posts big blind $3
*** HOLE CARDS ***
VolkovDmitri: raises $3 to $6
mbr1977: calls $3
*** FLOP *** [9h 6d Jd]
mbr1977: bets $3
VolkovDmitri: calls $3
*** TURN *** [9h 6d Jd] [9c]
mbr1977: checks
VolkovDmitri: bets $6
mbr1977: folds
Uncalled bet ($6) returned to VolkovDmitri
VolkovDmitri collected $17.64 from pot
VolkovDmitri: doesn't show hand
*** SUMMARY ***
Total pot $18 | Rake $0.36
Board [9h 6d Jd 9c]
Seat 1: VolkovDmitri (button) (small blind) collected ($17.64)
Seat 6: mbr1977 (big blind) folded on the Turn


PokerStars Hand #176300827261:  Hold'em Limit ($3/$6 USD) - 2017/09/30 5:29:53 ET
Table 'Opik' 10-max Seat #6 is the button
Seat 1: VolkovDmitri ($140.14 in chips)
Seat 6: mbr1977 ($47.76 in chips)
mbr1977: posts small blind $1
VolkovDmitri: posts big blind $3
*** HOLE CARDS ***
mbr1977: calls $2
masterblstr8 joins the table at seat #7
VolkovDmitri: raises $3 to $6
mbr1977: calls $3
*** FLOP *** [9d 8s 4d]
VolkovDmitri: bets $3
mbr1977: raises $3 to $6
VolkovDmitri: calls $3
*** TURN *** [9d 8s 4d] [Ad]
VolkovDmitri: checks
mbr1977: checks
*** RIVER *** [9d 8s 4d Ad] [Jh]
VolkovDmitri: checks
mbr1977: checks
*** SHOW DOWN ***
VolkovDmitri: shows [6s 5s] (high card Ace)
mbr1977: shows [9h Kd] (a pair of Nines)
mbr1977 collected $23.52 from pot
*** SUMMARY ***
Total pot $24 | Rake $0.48
Board [9d 8s 4d Ad Jh]
Seat 1: VolkovDmitri (big blind) showed [6s 5s] and lost with high card Ace
Seat 6: mbr1977 (button) (small blind) showed [9h Kd] and won ($23.52) with a pair of Nines


PokerStars Hand #176300811441:  Hold'em Limit ($3/$6 USD) - 2017/09/30 5:29:08 ET
Table 'Opik' 10-max Seat #6 is the button
Seat 1: VolkovDmitri ($128.64 in chips)
Seat 6: mbr1977 ($60.12 in chips)
mbr1977: posts small blind $1
VolkovDmitri: posts big blind $3
*** HOLE CARDS ***
mbr1977: calls $2
VolkovDmitri: raises $3 to $6
mbr1977: calls $3
*** FLOP *** [Kc 6s 7h]
VolkovDmitri: bets $3
mbr1977: calls $3
*** TURN *** [Kc 6s 7h] [4c]
VolkovDmitri: bets $6
mbr1977: calls $6
*** RIVER *** [Kc 6s 7h 4c] [3d]
VolkovDmitri: bets $6
mbr1977: calls $6
*** SHOW DOWN ***
VolkovDmitri: shows [7s Tc] (a pair of Sevens)
mbr1977: mucks hand
VolkovDmitri collected $41.50 from pot
*** SUMMARY ***
Total pot $42 | Rake $0.50
Board [Kc 6s 7h 4c 3d]
Seat 1: VolkovDmitri (big blind) showed [7s Tc] and won ($41.50) with a pair of Sevens
Seat 6: mbr1977 (button) (small blind) mucked


PokerStars Hand #176300833075:  Hold'em Limit ($3/$6 USD) - 2017/09/30 5:30:09 ET
Table 'Opik' 10-max Seat #1 is the button
Seat 1: VolkovDmitri ($128.14 in chips)
Seat 6: mbr1977 ($59.28 in chips)
VolkovDmitri: posts small blind $1
mbr1977: posts big blind $3
*** HOLE CARDS ***
VolkovDmitri: raises $3 to $6
mbr1977: calls $3
*** FLOP *** [Tc 6s Jc]
mbr1977: checks
VolkovDmitri: bets $3
mbr1977: folds
Uncalled bet ($3) returned to VolkovDmitri
VolkovDmitri collected $11.76 from pot
VolkovDmitri: doesn't show hand
*** SUMMARY ***
Total pot $12 | Rake $0.24
Board [Tc 6s Jc]
Seat 1: VolkovDmitri (button) (small blind) collected ($11.76)
Seat 6: mbr1977 (big blind) folded on the Flop


PokerStars Hand #176300820368:  Hold'em Limit ($3/$6 USD) - 2017/09/30 5:29:33 ET
Table 'Opik' 10-max Seat #1 is the button
Seat 1: VolkovDmitri ($149.14 in chips)
Seat 6: mbr1977 ($39.12 in chips)
VolkovDmitri: posts small blind $1
mbr1977: posts big blind $3
*** HOLE CARDS ***
VolkovDmitri: raises $3 to $6
mbr1977: raises $3 to $9
VolkovDmitri: calls $3
*** FLOP *** [Th Qh Qs]
mbr1977: bets $3
VolkovDmitri: folds
Uncalled bet ($3) returned to mbr1977
mbr1977 collected $17.64 from pot
mbr1977: doesn't show hand
*** SUMMARY ***
Total pot $18 | Rake $0.36
Board [Th Qh Qs]
Seat 1: VolkovDmitri (button) (small blind) folded on the Flop
Seat 6: mbr1977 (big blind) collected ($17.64)


