PokerStars Hand #167321887126:  Hold'em Limit ($3/$6 USD) - 2017/03/08 23:08:15 ET
Table 'Oppavia' 6-max Seat #4 is the button
Seat 3: LifeisagameX ($87 in chips)
Seat 4: AzureCaper ($74.76 in chips)
AzureCaper: posts small blind $1
LifeisagameX: posts big blind $3
*** HOLE CARDS ***
AzureCaper: folds
Uncalled bet ($2) returned to LifeisagameX
AzureCaper leaves the table
LifeisagameX collected $2 from pot
LifeisagameX: doesn't show hand
*** SUMMARY ***
Total pot $2 | Rake $0
Seat 3: LifeisagameX (big blind) collected ($2)
Seat 4: AzureCaper (button) (small blind) folded before Flop


PokerStars Hand #167321885310:  Hold'em Limit ($3/$6 USD) - 2017/03/08 23:08:09 ET
Table 'Oppavia' 6-max Seat #3 is the button
Seat 3: LifeisagameX ($84 in chips)
Seat 4: AzureCaper ($77.76 in chips)
LifeisagameX: posts small blind $1
AzureCaper: posts big blind $3
*** HOLE CARDS ***
LifeisagameX: raises $3 to $6
AzureCaper: folds
Uncalled bet ($3) returned to LifeisagameX
LifeisagameX collected $6 from pot
LifeisagameX: doesn't show hand
*** SUMMARY ***
Total pot $6 | Rake $0
Seat 3: LifeisagameX (button) (small blind) collected ($6)
Seat 4: AzureCaper (big blind) folded before Flop


PokerStars Hand #167321881420:  Hold'em Limit ($3/$6 USD) - 2017/03/08 23:07:56 ET
Table 'Oppavia' 6-max Seat #4 is the button
Seat 3: LifeisagameX ($88 in chips)
Seat 4: AzureCaper ($72 in chips)
AzureCaper: posts small blind $1
LifeisagameX: posts big blind $3
*** HOLE CARDS ***
AzureCaper: raises $3 to $6
LifeisagameX: calls $3
*** FLOP *** [8c 4h 3s]
LifeisagameX: checks
AzureCaper: bets $3
LifeisagameX: folds
Uncalled bet ($3) returned to AzureCaper
AzureCaper collected $11.76 from pot
AzureCaper: doesn't show hand
*** SUMMARY ***
Total pot $12 | Rake $0.24
Board [8c 4h 3s]
Seat 3: LifeisagameX (big blind) folded on the Flop
Seat 4: AzureCaper (button) (small blind) collected ($11.76)


PokerStars Hand #167321877226:  Hold'em Limit ($3/$6 USD) - 2017/03/08 23:07:43 ET
Table 'Oppavia' 6-max Seat #4 is the button
Seat 3: LifeisagameX ($84 in chips)
Seat 4: AzureCaper ($73 in chips)
AzureCaper: posts small blind $1
LifeisagameX: posts big blind $3
*** HOLE CARDS ***
AzureCaper: folds
Uncalled bet ($2) returned to LifeisagameX
LifeisagameX collected $2 from pot
LifeisagameX: doesn't show hand
*** SUMMARY ***
Total pot $2 | Rake $0
Seat 3: LifeisagameX (big blind) collected ($2)
Seat 4: AzureCaper (button) (small blind) folded before Flop


PokerStars Hand #167321873607:  Hold'em Limit ($3/$6 USD) - 2017/03/08 23:07:31 ET
Table 'Oppavia' 6-max Seat #3 is the button
Seat 3: LifeisagameX ($84 in chips)
Seat 4: AzureCaper ($72 in chips)
LifeisagameX: posts small blind $1
AzureCaper: posts big blind $3
*** HOLE CARDS ***
LifeisagameX: folds
Uncalled bet ($2) returned to AzureCaper
AzureCaper collected $2 from pot
AzureCaper: doesn't show hand
*** SUMMARY ***
Total pot $2 | Rake $0
Seat 3: LifeisagameX (button) (small blind) folded before Flop
Seat 4: AzureCaper (big blind) collected ($2)


PokerStars Hand #167321879100:  Hold'em Limit ($3/$6 USD) - 2017/03/08 23:07:49 ET
Table 'Oppavia' 6-max Seat #3 is the button
Seat 3: LifeisagameX ($85 in chips)
Seat 4: AzureCaper ($72 in chips)
LifeisagameX: posts small blind $1
AzureCaper: posts big blind $3
*** HOLE CARDS ***
LifeisagameX: raises $3 to $6
AzureCaper: folds
Uncalled bet ($3) returned to LifeisagameX
LifeisagameX collected $6 from pot
LifeisagameX: doesn't show hand
*** SUMMARY ***
Total pot $6 | Rake $0
Seat 3: LifeisagameX (button) (small blind) collected ($6)
Seat 4: AzureCaper (big blind) folded before Flop


