PokerStars Hand #152551049361:  Hold'em Limit ($3/$6 USD) - 2016/04/28 1:16:41 ET
Table 'Oppavia' 6-max Seat #2 is the button
Seat 2: hairy1961 ($60 in chips)
Seat 4: Agrotait ($72 in chips)
hairy1961: posts small blind $1
Agrotait: posts big blind $3
*** HOLE CARDS ***
hairy1961: raises $3 to $6
Agrotait: calls $3
*** FLOP *** [Js 9d 6d]
Agrotait: checks
hairy1961: bets $3
Agrotait: folds
Uncalled bet ($3) returned to hairy1961
hairy1961 collected $11.76 from pot
*** SUMMARY ***
Total pot $12 | Rake $0.24
Board [Js 9d 6d]
Seat 2: hairy1961 (button) (small blind) collected ($11.76)
Seat 4: Agrotait (big blind) folded on the Flop


PokerStars Hand #152551062650:  Hold'em Limit ($3/$6 USD) - 2016/04/28 1:17:35 ET
Table 'Oppavia' 6-max Seat #4 is the button
Seat 2: hairy1961 ($66.52 in chips)
Seat 4: Agrotait ($65 in chips)
Agrotait: posts small blind $1
hairy1961: posts big blind $3
*** HOLE CARDS ***
Agrotait: raises $3 to $6
hairy1961: folds
Uncalled bet ($3) returned to Agrotait
Agrotait collected $6 from pot
Agrotait: doesn't show hand
*** SUMMARY ***
Total pot $6 | Rake $0
Seat 2: hairy1961 (big blind) folded before Flop
Seat 4: Agrotait (button) (small blind) collected ($6)


PokerStars Hand #152551061273:  Hold'em Limit ($3/$6 USD) - 2016/04/28 1:17:29 ET
Table 'Oppavia' 6-max Seat #2 is the button
Seat 2: hairy1961 ($67.52 in chips)
Seat 4: Agrotait ($64 in chips)
hairy1961: posts small blind $1
Agrotait: posts big blind $3
*** HOLE CARDS ***
hairy1961: folds
Uncalled bet ($2) returned to Agrotait
Agrotait collected $2 from pot
Agrotait: doesn't show hand
*** SUMMARY ***
Total pot $2 | Rake $0
Seat 2: hairy1961 (button) (small blind) folded before Flop
Seat 4: Agrotait (big blind) collected ($2)


PokerStars Hand #152551057955:  Hold'em Limit ($3/$6 USD) - 2016/04/28 1:17:16 ET
Table 'Oppavia' 6-max Seat #4 is the button
Seat 2: hairy1961 ($61.76 in chips)
Seat 4: Agrotait ($70 in chips)
Agrotait: posts small blind $1
hairy1961: posts big blind $3
*** HOLE CARDS ***
Agrotait: raises $3 to $6
hairy1961: calls $3
*** FLOP *** [Kc Jc 2s]
hairy1961: bets $3
Agrotait: folds
Uncalled bet ($3) returned to hairy1961
hairy1961 collected $11.76 from pot
*** SUMMARY ***
Total pot $12 | Rake $0.24
Board [Kc Jc 2s]
Seat 2: hairy1961 (big blind) collected ($11.76)
Seat 4: Agrotait (button) (small blind) folded on the Flop


PokerStars Hand #152551056052:  Hold'em Limit ($3/$6 USD) - 2016/04/28 1:17:08 ET
Table 'Oppavia' 6-max Seat #2 is the button
Seat 2: hairy1961 ($62.76 in chips)
Seat 4: Agrotait ($69 in chips)
hairy1961: posts small blind $1
Agrotait: posts big blind $3
*** HOLE CARDS ***
hairy1961: folds
Uncalled bet ($2) returned to Agrotait
Agrotait collected $2 from pot
Agrotait: doesn't show hand
*** SUMMARY ***
Total pot $2 | Rake $0
Seat 2: hairy1961 (button) (small blind) folded before Flop
Seat 4: Agrotait (big blind) collected ($2)


PokerStars Hand #152551054338:  Hold'em Limit ($3/$6 USD) - 2016/04/28 1:17:01 ET
Table 'Oppavia' 6-max Seat #4 is the button
Seat 2: hairy1961 ($65.76 in chips)
Seat 4: Agrotait ($66 in chips)
Agrotait: posts small blind $1
hairy1961: posts big blind $3
*** HOLE CARDS ***
Agrotait: raises $3 to $6
hairy1961: folds
Uncalled bet ($3) returned to Agrotait
Agrotait collected $6 from pot
Agrotait: doesn't show hand
*** SUMMARY ***
Total pot $6 | Rake $0
Seat 2: hairy1961 (big blind) folded before Flop
Seat 4: Agrotait (button) (small blind) collected ($6)


PokerStars Hand #152551080213:  Hold'em Limit ($3/$6 USD) - 2016/04/28 1:18:48 ET
Table 'Oppavia' 6-max Seat #4 is the button
Seat 2: hairy1961 ($86.02 in chips)
Seat 4: Agrotait ($76 in chips)
Agrotait: posts small blind $1
hairy1961: posts big blind $3
*** HOLE CARDS ***
Agrotait: folds
Uncalled bet ($2) returned to hairy1961
hairy1961 collected $2 from pot
*** SUMMARY ***
Total pot $2 | Rake $0
Seat 2: hairy1961 (big blind) collected ($2)
Seat 4: Agrotait (button) (small blind) folded before Flop


PokerStars Hand #152551078775:  Hold'em Limit ($3/$6 USD) - 2016/04/28 1:18:42 ET
Table 'Oppavia' 6-max Seat #2 is the button
Seat 2: hairy1961 ($87.02 in chips)
Seat 4: Agrotait ($75 in chips)
hairy1961: posts small blind $1
Agrotait: posts big blind $3
*** HOLE CARDS ***
hairy1961: folds
Uncalled bet ($2) returned to Agrotait
Agrotait collected $2 from pot
Agrotait: doesn't show hand
*** SUMMARY ***
Total pot $2 | Rake $0
Seat 2: hairy1961 (button) (small blind) folded before Flop
Seat 4: Agrotait (big blind) collected ($2)


PokerStars Hand #152551077235:  Hold'em Limit ($3/$6 USD) - 2016/04/28 1:18:36 ET
Table 'Oppavia' 6-max Seat #4 is the button
Seat 2: hairy1961 ($90.02 in chips)
Seat 4: Agrotait ($72 in chips)
Agrotait: posts small blind $1
hairy1961: posts big blind $3
*** HOLE CARDS ***
Agrotait: raises $3 to $6
hairy1961: folds
Uncalled bet ($3) returned to Agrotait
Agrotait collected $6 from pot
Agrotait: doesn't show hand
*** SUMMARY ***
Total pot $6 | Rake $0
Seat 2: hairy1961 (big blind) folded before Flop
Seat 4: Agrotait (button) (small blind) collected ($6)


PokerStars Hand #152551064461:  Hold'em Limit ($3/$6 USD) - 2016/04/28 1:17:43 ET
Table 'Oppavia' 6-max Seat #2 is the button
Seat 2: hairy1961 ($63.52 in chips)
Seat 4: Agrotait ($68 in chips)
hairy1961: posts small blind $1
Agrotait: posts big blind $3
*** HOLE CARDS ***
hairy1961: raises $3 to $6
Agrotait: raises $3 to $9
hairy1961: raises $3 to $12
Betting is capped
Agrotait: calls $3
*** FLOP *** [9d 2s 2d]
Agrotait: checks
hairy1961: bets $3
Agrotait: calls $3
*** TURN *** [9d 2s 2d] [8c]
Agrotait: checks
hairy1961: bets $6
Agrotait: calls $6
*** RIVER *** [9d 2s 2d 8c] [4h]
Agrotait: checks
hairy1961: bets $6
Agrotait: calls $6
*** SHOW DOWN ***
hairy1961: shows [8h 8s] (a full house, Eights full of Deuces)
Agrotait: mucks hand
hairy1961 collected $53.50 from pot
*** SUMMARY ***
Total pot $54 | Rake $0.50
Board [9d 2s 2d 8c 4h]
Seat 2: hairy1961 (button) (small blind) showed [8h 8s] and won ($53.50) with a full house, Eights full of Deuces
Seat 4: Agrotait (big blind) mucked


PokerStars Hand #152551083412:  Hold'em Limit ($3/$6 USD) - 2016/04/28 1:19:01 ET
Table 'Oppavia' 6-max Seat #2 is the button
Seat 2: hairy1961 ($87.02 in chips)
Seat 4: Agrotait ($75 in chips)
hairy1961: posts small blind $1
Agrotait: posts big blind $3
*** HOLE CARDS ***
hairy1961: folds
Uncalled bet ($2) returned to Agrotait
Agrotait collected $2 from pot
Agrotait: doesn't show hand
*** SUMMARY ***
Total pot $2 | Rake $0
Seat 2: hairy1961 (button) (small blind) folded before Flop
Seat 4: Agrotait (big blind) collected ($2)


