PokerStars Hand #164768588911:  Hold'em Limit ($3/$6 USD) - 2017/01/18 6:59:15 ET
Table 'Oppavia' 6-max Seat #4 is the button
Seat 4: Agrotait ($72 in chips)
Seat 5: sim5sim5 ($72 in chips)
Agrotait: posts small blind $1
sim5sim5: posts big blind $3
*** HOLE CARDS ***
Agrotait: raises $3 to $6
sim5sim5: calls $3
*** FLOP *** [4d 2d Jd]
sim5sim5: checks
Agrotait: bets $3
sim5sim5: raises $3 to $6
Agrotait: calls $3
*** TURN *** [4d 2d Jd] [8s]
sim5sim5: bets $6
Agrotait: calls $6
*** RIVER *** [4d 2d Jd 8s] [Qc]
sim5sim5: checks
Agrotait: checks
*** SHOW DOWN ***
sim5sim5: shows [Ad 6s] (high card Ace)
Agrotait: shows [5d 5c] (a pair of Fives)
Agrotait collected $35.50 from pot
*** SUMMARY ***
Total pot $36 | Rake $0.50
Board [4d 2d Jd 8s Qc]
Seat 4: Agrotait (button) (small blind) showed [5d 5c] and won ($35.50) with a pair of Fives
Seat 5: sim5sim5 (big blind) showed [Ad 6s] and lost with high card Ace


PokerStars Hand #164768627784:  Hold'em Limit ($3/$6 USD) - 2017/01/18 7:00:38 ET
Table 'Oppavia' 6-max Seat #4 is the button
Seat 4: Agrotait ($110 in chips)
Seat 5: sim5sim5 ($72 in chips)
Agrotait: posts small blind $1
sim5sim5: posts big blind $3
*** HOLE CARDS ***
Agrotait: raises $3 to $6
sim5sim5: folds
Uncalled bet ($3) returned to Agrotait
Agrotait collected $6 from pot
Agrotait: doesn't show hand
*** SUMMARY ***
Total pot $6 | Rake $0
Seat 4: Agrotait (button) (small blind) collected ($6)
Seat 5: sim5sim5 (big blind) folded before Flop


PokerStars Hand #164768608172:  Hold'em Limit ($3/$6 USD) - 2017/01/18 6:59:57 ET
Table 'Oppavia' 6-max Seat #5 is the button
Seat 4: Agrotait ($89.50 in chips)
Seat 5: sim5sim5 ($72 in chips)
sim5sim5: posts small blind $1
Agrotait: posts big blind $3
*** HOLE CARDS ***
sim5sim5: raises $3 to $6
Agrotait: calls $3
*** FLOP *** [Qd Ac Js]
Agrotait: checks
sim5sim5: bets $3
Agrotait: calls $3
*** TURN *** [Qd Ac Js] [8s]
Agrotait: checks
sim5sim5: bets $6
Agrotait: raises $6 to $12
sim5sim5: calls $6
*** RIVER *** [Qd Ac Js 8s] [Th]
Agrotait: checks
sim5sim5: checks
*** SHOW DOWN ***
Agrotait: shows [Qc 8c] (two pair, Queens and Eights)
sim5sim5: mucks hand
Agrotait collected $41.50 from pot
*** SUMMARY ***
Total pot $42 | Rake $0.50
Board [Qd Ac Js 8s Th]
Seat 4: Agrotait (big blind) showed [Qc 8c] and won ($41.50) with two pair, Queens and Eights
Seat 5: sim5sim5 (button) (small blind) mucked


PokerStars Hand #164768632112:  Hold'em Limit ($3/$6 USD) - 2017/01/18 7:00:47 ET
Table 'Oppavia' 6-max Seat #5 is the button
Seat 4: Agrotait ($113 in chips)
Seat 5: sim5sim5 ($72 in chips)
sim5sim5: posts small blind $1
Agrotait: posts big blind $3
*** HOLE CARDS ***
sim5sim5: raises $3 to $6
Agrotait: calls $3
*** FLOP *** [Kc 9s Qd]
Agrotait: checks
sim5sim5: bets $3
Agrotait: raises $3 to $6
sim5sim5: folds
Uncalled bet ($3) returned to Agrotait
Agrotait collected $17.64 from pot
Agrotait: doesn't show hand
*** SUMMARY ***
Total pot $18 | Rake $0.36
Board [Kc 9s Qd]
Seat 4: Agrotait (big blind) collected ($17.64)
Seat 5: sim5sim5 (button) (small blind) folded on the Flop


PokerStars Hand #164768649198:  Hold'em Limit ($3/$6 USD) - 2017/01/18 7:01:21 ET
Table 'Oppavia' 6-max Seat #4 is the button
Seat 4: Agrotait ($121.64 in chips)
Seat 5: sim5sim5 ($72 in chips)
Agrotait: posts small blind $1
sim5sim5: posts big blind $3
*** HOLE CARDS ***
Agrotait: raises $3 to $6
sim5sim5: calls $3
*** FLOP *** [Th 5c 6d]
sim5sim5: checks
Agrotait: bets $3
sim5sim5: calls $3
*** TURN *** [Th 5c 6d] [Qh]
sim5sim5: checks
Agrotait: bets $6
sim5sim5: calls $6
*** RIVER *** [Th 5c 6d Qh] [Ah]
sim5sim5: checks
Agrotait: bets $6
sim5sim5: folds
Uncalled bet ($6) returned to Agrotait
Agrotait collected $29.50 from pot
Agrotait: doesn't show hand
*** SUMMARY ***
Total pot $30 | Rake $0.50
Board [Th 5c 6d Qh Ah]
Seat 4: Agrotait (button) (small blind) collected ($29.50)
Seat 5: sim5sim5 (big blind) folded on the River


PokerStars Hand #164768687204:  Hold'em Limit ($3/$6 USD) - 2017/01/18 7:02:34 ET
Table 'Oppavia' 6-max Seat #4 is the button
Seat 4: Agrotait ($133.14 in chips)
Seat 5: sim5sim5 ($75 in chips)
Agrotait: posts small blind $1
sim5sim5: posts big blind $3
*** HOLE CARDS ***
Agrotait: folds
Uncalled bet ($2) returned to sim5sim5
sim5sim5 collected $2 from pot
sim5sim5: doesn't show hand
*** SUMMARY ***
Total pot $2 | Rake $0
Seat 4: Agrotait (button) (small blind) folded before Flop
Seat 5: sim5sim5 (big blind) collected ($2)


PokerStars Hand #164768683510:  Hold'em Limit ($3/$6 USD) - 2017/01/18 7:02:27 ET
Table 'Oppavia' 6-max Seat #5 is the button
Seat 4: Agrotait ($136.14 in chips)
Seat 5: sim5sim5 ($72 in chips)
sim5sim5: posts small blind $1
Agrotait: posts big blind $3
*** HOLE CARDS ***
sim5sim5: raises $3 to $6
Agrotait: folds
Uncalled bet ($3) returned to sim5sim5
sim5sim5 collected $6 from pot
sim5sim5: doesn't show hand
*** SUMMARY ***
Total pot $6 | Rake $0
Seat 4: Agrotait (big blind) folded before Flop
Seat 5: sim5sim5 (button) (small blind) collected ($6)


PokerStars Hand #164768705289:  Hold'em Limit ($3/$6 USD) - 2017/01/18 7:03:09 ET
Table 'Oppavia' 6-max Seat #4 is the button
Seat 4: Agrotait ($131.96 in chips)
Seat 5: sim5sim5 ($75.82 in chips)
Agrotait: posts small blind $1
sim5sim5: posts big blind $3
*** HOLE CARDS ***
Agrotait: raises $3 to $6
sim5sim5: calls $3
*** FLOP *** [Td 5c Jd]
sim5sim5: checks
rascal_319 joins the table at seat #6
Agrotait: bets $3
sim5sim5: calls $3
*** TURN *** [Td 5c Jd] [4d]
sim5sim5: checks
Agrotait: bets $6
sim5sim5: folds
Uncalled bet ($6) returned to Agrotait
Agrotait collected $17.64 from pot
Agrotait: doesn't show hand
*** SUMMARY ***
Total pot $18 | Rake $0.36
Board [Td 5c Jd 4d]
Seat 4: Agrotait (button) (small blind) collected ($17.64)
Seat 5: sim5sim5 (big blind) folded on the Turn


PokerStars Hand #164768689730:  Hold'em Limit ($3/$6 USD) - 2017/01/18 7:02:39 ET
Table 'Oppavia' 6-max Seat #5 is the button
Seat 4: Agrotait ($132.14 in chips)
Seat 5: sim5sim5 ($76 in chips)
sim5sim5: posts small blind $1
Agrotait: posts big blind $3
*** HOLE CARDS ***
sim5sim5: raises $3 to $6
Agrotait: calls $3
*** FLOP *** [Td 4s Th]
Agrotait: checks
sim5sim5: bets $3
Agrotait: calls $3
*** TURN *** [Td 4s Th] [4c]
Agrotait: checks
sim5sim5: checks
*** RIVER *** [Td 4s Th 4c] [4d]
Agrotait: checks
sim5sim5: checks
*** SHOW DOWN ***
Agrotait: shows [2d Ad] (a full house, Fours full of Tens)
sim5sim5: shows [As 8h] (a full house, Fours full of Tens)
Agrotait collected $8.82 from pot
sim5sim5 collected $8.82 from pot
*** SUMMARY ***
Total pot $18 | Rake $0.36
Board [Td 4s Th 4c 4d]
Seat 4: Agrotait (big blind) showed [2d Ad] and won ($8.82) with a full house, Fours full of Tens
Seat 5: sim5sim5 (button) (small blind) showed [As 8h] and won ($8.82) with a full house, Fours full of Tens


