PokerStars Hand #161892392916:  Hold'em Limit ($3/$6 USD) - 2016/11/24 11:48:51 ET
Table 'Oppolzer' 6-max Seat #1 is the button
Seat 1: assitoni ($72 in chips)
Seat 2: MMM 22666 ($34 in chips)
assitoni: posts small blind $1
MMM 22666: posts big blind $3
*** HOLE CARDS ***
assitoni: raises $3 to $6
MMM 22666: calls $3
*** FLOP *** [8c Ad Jd]
MMM 22666: checks
assitoni: bets $3
MMM 22666: calls $3
*** TURN *** [8c Ad Jd] [Qd]
MMM 22666: checks
assitoni: checks
*** RIVER *** [8c Ad Jd Qd] [4c]
MMM 22666: bets $6
assitoni: folds
Uncalled bet ($6) returned to MMM 22666
MMM 22666 collected $17.64 from pot
*** SUMMARY ***
Total pot $18 | Rake $0.36
Board [8c Ad Jd Qd 4c]
Seat 1: assitoni (button) (small blind) folded on the River
Seat 2: MMM 22666 (big blind) collected ($17.64)


PokerStars Hand #161892433903:  Hold'em Limit ($3/$6 USD) - 2016/11/24 11:49:43 ET
Table 'Oppolzer' 6-max Seat #1 is the button
Seat 1: assitoni ($82.52 in chips)
Seat 2: MMM 22666 ($31.64 in chips)
assitoni: posts small blind $1
MMM 22666: posts big blind $3
*** HOLE CARDS ***
assitoni: raises $3 to $6
MMM 22666: calls $3
*** FLOP *** [6d 5d Tc]
MMM 22666: checks
assitoni: bets $3
MMM 22666: folds
Uncalled bet ($3) returned to assitoni
assitoni collected $11.76 from pot
assitoni: doesn't show hand
*** SUMMARY ***
Total pot $12 | Rake $0.24
Board [6d 5d Tc]
Seat 1: assitoni (button) (small blind) collected ($11.76)
Seat 2: MMM 22666 (big blind) folded on the Flop


PokerStars Hand #161892423285:  Hold'em Limit ($3/$6 USD) - 2016/11/24 11:49:30 ET
Table 'Oppolzer' 6-max Seat #2 is the button
Seat 1: assitoni ($76.76 in chips)
Seat 2: MMM 22666 ($37.64 in chips)
MMM 22666: posts small blind $1
assitoni: posts big blind $3
*** HOLE CARDS ***
vestimokrec joins the table at seat #3
MMM 22666: calls $2
assitoni: raises $3 to $6
MMM 22666: calls $3
*** FLOP *** [4c 9s Ad]
assitoni: bets $3
MMM 22666: folds
Uncalled bet ($3) returned to assitoni
assitoni collected $11.76 from pot
assitoni: doesn't show hand
*** SUMMARY ***
Total pot $12 | Rake $0.24
Board [4c 9s Ad]
Seat 1: assitoni (big blind) collected ($11.76)
Seat 2: MMM 22666 (button) (small blind) folded on the Flop


PokerStars Hand #161892419062:  Hold'em Limit ($3/$6 USD) - 2016/11/24 11:49:24 ET
Table 'Oppolzer' 6-max Seat #1 is the button
Seat 1: assitoni ($77.76 in chips)
Seat 2: MMM 22666 ($36.64 in chips)
assitoni: posts small blind $1
MMM 22666: posts big blind $3
*** HOLE CARDS ***
assitoni: folds
Uncalled bet ($2) returned to MMM 22666
MMM 22666 collected $2 from pot
*** SUMMARY ***
Total pot $2 | Rake $0
Seat 1: assitoni (button) (small blind) folded before Flop
Seat 2: MMM 22666 (big blind) collected ($2)


PokerStars Hand #161892409119:  Hold'em Limit ($3/$6 USD) - 2016/11/24 11:49:12 ET
Table 'Oppolzer' 6-max Seat #2 is the button
Seat 1: assitoni ($72 in chips)
Seat 2: MMM 22666 ($42.64 in chips)
MMM 22666: posts small blind $1
assitoni: posts big blind $3
*** HOLE CARDS ***
MMM 22666: calls $2
assitoni: raises $3 to $6
MMM 22666: calls $3
*** FLOP *** [Js 9s Jd]
assitoni: bets $3
MMM 22666: folds
Uncalled bet ($3) returned to assitoni
assitoni collected $11.76 from pot
*** SUMMARY ***
Total pot $12 | Rake $0.24
Board [Js 9s Jd]
Seat 1: assitoni (big blind) collected ($11.76)
Seat 2: MMM 22666 (button) (small blind) folded on the Flop


PokerStars Hand #161892471560:  Hold'em Limit ($3/$6 USD) - 2016/11/24 11:50:32 ET
Table 'Oppolzer' 6-max Seat #1 is the button
Seat 1: assitoni ($85.28 in chips)
Seat 2: MMM 22666 ($28.52 in chips)
assitoni: posts small blind $1
MMM 22666: posts big blind $3
*** HOLE CARDS ***
assitoni: folds
Uncalled bet ($2) returned to MMM 22666
MMM 22666 collected $2 from pot
*** SUMMARY ***
Total pot $2 | Rake $0
Seat 1: assitoni (button) (small blind) folded before Flop
Seat 2: MMM 22666 (big blind) collected ($2)


PokerStars Hand #161892454471:  Hold'em Limit ($3/$6 USD) - 2016/11/24 11:50:10 ET
Table 'Oppolzer' 6-max Seat #2 is the button
Seat 1: assitoni ($88.28 in chips)
Seat 2: MMM 22666 ($25.64 in chips)
MMM 22666: posts small blind $1
assitoni: posts big blind $3
*** HOLE CARDS ***
MMM 22666: calls $2
assitoni: checks
*** FLOP *** [Ad 2c 3s]
assitoni: checks
MMM 22666: bets $3
assitoni: folds
Uncalled bet ($3) returned to MMM 22666
MMM 22666 collected $5.88 from pot
*** SUMMARY ***
Total pot $6 | Rake $0.12
Board [Ad 2c 3s]
Seat 1: assitoni (big blind) folded on the Flop
Seat 2: MMM 22666 (button) (small blind) collected ($5.88)


PokerStars Hand #161892522335:  Hold'em Limit ($3/$6 USD) - 2016/11/24 11:51:37 ET
Table 'Oppolzer' 6-max Seat #3 is the button
Seat 2: MMM 22666 ($52.35 in chips)
Seat 3: vestimokrec ($105 in chips)
vestimokrec: posts small blind $1
assitoni: is sitting out
MMM 22666: posts big blind $3
*** HOLE CARDS ***
vestimokrec: folds
Uncalled bet ($2) returned to MMM 22666
MMM 22666 collected $2 from pot
*** SUMMARY ***
Total pot $2 | Rake $0
Seat 2: MMM 22666 (big blind) collected ($2)
Seat 3: vestimokrec (button) (small blind) folded before Flop


PokerStars Hand #161892531406:  Hold'em Limit ($3/$6 USD) - 2016/11/24 11:51:48 ET
Table 'Oppolzer' 6-max Seat #2 is the button
Seat 2: MMM 22666 ($53.35 in chips)
Seat 3: vestimokrec ($104 in chips)
MMM 22666: posts small blind $1
vestimokrec: posts big blind $3
*** HOLE CARDS ***
MMM 22666: folds
Uncalled bet ($2) returned to vestimokrec
vestimokrec collected $2 from pot
vestimokrec: doesn't show hand
*** SUMMARY ***
Total pot $2 | Rake $0
Seat 2: MMM 22666 (button) (small blind) folded before Flop
Seat 3: vestimokrec (big blind) collected ($2)


PokerStars Hand #161892536611:  Hold'em Limit ($3/$6 USD) - 2016/11/24 11:51:55 ET
Table 'Oppolzer' 6-max Seat #3 is the button
Seat 2: MMM 22666 ($52.35 in chips)
Seat 3: vestimokrec ($105 in chips)
vestimokrec: posts small blind $1
MMM 22666: posts big blind $3
*** HOLE CARDS ***
vestimokrec: raises $3 to $6
MMM 22666: calls $3
*** FLOP *** [Jh 8s Th]
MMM 22666: checks
vestimokrec: bets $3
MMM 22666: folds
Uncalled bet ($3) returned to vestimokrec
vestimokrec collected $11.76 from pot
vestimokrec: doesn't show hand
*** SUMMARY ***
Total pot $12 | Rake $0.24
Board [Jh 8s Th]
Seat 2: MMM 22666 (big blind) folded on the Flop
Seat 3: vestimokrec (button) (small blind) collected ($11.76)


PokerStars Hand #161892560894:  Hold'em Limit ($3/$6 USD) - 2016/11/24 11:52:26 ET
Table 'Oppolzer' 6-max Seat #2 is the button
Seat 2: MMM 22666 ($46.35 in chips)
Seat 3: vestimokrec ($110.76 in chips)
MMM 22666: posts small blind $1
vestimokrec: posts big blind $3
*** HOLE CARDS ***
MMM 22666: raises $3 to $6
vestimokrec: calls $3
*** FLOP *** [7d 7c Jc]
vestimokrec: checks
MMM 22666: checks
*** TURN *** [7d 7c Jc] [8h]
vestimokrec: checks
MMM 22666: checks
*** RIVER *** [7d 7c Jc 8h] [Ks]
Pelurile joins the table at seat #4
vestimokrec: checks
MMM 22666: bets $6
vestimokrec: calls $6
*** SHOW DOWN ***
MMM 22666: shows [4c Ah] (a pair of Sevens)
vestimokrec: shows [6h Ad] (a pair of Sevens)
vestimokrec collected $11.76 from pot
MMM 22666 collected $11.76 from pot
*** SUMMARY ***
Total pot $24 | Rake $0.48
Board [7d 7c Jc 8h Ks]
Seat 2: MMM 22666 (button) (small blind) showed [4c Ah] and won ($11.76) with a pair of Sevens
Seat 3: vestimokrec (big blind) showed [6h Ad] and won ($11.76) with a pair of Sevens


PokerStars Hand #161893033114:  Hold'em Limit ($3/$6 USD) - 2016/11/24 12:03:17 ET
Table 'Oppolzer' 6-max Seat #5 is the button
Seat 2: sinsadir ($96 in chips)
Seat 5: parnishka11 ($75.49 in chips)
parnishka11: posts small blind $1
Chessnok: is sitting out
sinsadir: posts big blind $3
*** HOLE CARDS ***
parnishka11: folds
Uncalled bet ($2) returned to sinsadir
Chessnok leaves the table
sinsadir collected $2 from pot
sinsadir: doesn't show hand
*** SUMMARY ***
Total pot $2 | Rake $0
Seat 2: sinsadir (big blind) collected ($2)
Seat 5: parnishka11 (button) (small blind) folded before Flop


