PokerStars Hand #175824455325:  Hold'em Limit ($3/$6 USD) - 2017/09/18 17:38:44 ET
Table 'Oppolzer' 6-max Seat #1 is the button
Seat 1: LifeisagameX ($84 in chips)
Seat 2: happyshine88 ($66 in chips)
LifeisagameX: posts small blind $1
happyshine88: posts big blind $3
*** HOLE CARDS ***
LifeisagameX: raises $3 to $6
happyshine88: calls $3
*** FLOP *** [7h 2s 5h]
happyshine88: checks
LifeisagameX: bets $3
happyshine88: calls $3
*** TURN *** [7h 2s 5h] [2h]
happyshine88: checks
LifeisagameX: bets $6
happyshine88: calls $6
*** RIVER *** [7h 2s 5h 2h] [5c]
happyshine88: bets $6
LifeisagameX: calls $6
*** SHOW DOWN ***
happyshine88: shows [3s As] (two pair, Fives and Deuces)
LifeisagameX: shows [Ad 2d] (a full house, Deuces full of Fives)
LifeisagameX collected $41.50 from pot
*** SUMMARY ***
Total pot $42 | Rake $0.50
Board [7h 2s 5h 2h 5c]
Seat 1: LifeisagameX (button) (small blind) showed [Ad 2d] and won ($41.50) with a full house, Deuces full of Fives
Seat 2: happyshine88 (big blind) showed [3s As] and lost with two pair, Fives and Deuces


PokerStars Hand #175824533581:  Hold'em Limit ($3/$6 USD) - 2017/09/18 17:40:22 ET
Table 'Oppolzer' 6-max Seat #2 is the button
Seat 1: LifeisagameX ($88.50 in chips)
Seat 2: happyshine88 ($60.50 in chips)
happyshine88: posts small blind $1
LifeisagameX: posts big blind $3
*** HOLE CARDS ***
happyshine88: raises $3 to $6
LifeisagameX: calls $3
*** FLOP *** [Qs 5c 8s]
LifeisagameX: checks
happyshine88: bets $3
LifeisagameX: calls $3
*** TURN *** [Qs 5c 8s] [2c]
LifeisagameX: checks
happyshine88: checks
*** RIVER *** [Qs 5c 8s 2c] [6c]
LifeisagameX: bets $6
happyshine88: folds
Uncalled bet ($6) returned to LifeisagameX
LifeisagameX collected $17.64 from pot
LifeisagameX: doesn't show hand
*** SUMMARY ***
Total pot $18 | Rake $0.36
Board [Qs 5c 8s 2c 6c]
Seat 1: LifeisagameX (big blind) collected ($17.64)
Seat 2: happyshine88 (button) (small blind) folded on the River


PokerStars Hand #175824527527:  Hold'em Limit ($3/$6 USD) - 2017/09/18 17:40:15 ET
Table 'Oppolzer' 6-max Seat #1 is the button
Seat 1: LifeisagameX ($89.50 in chips)
Seat 2: happyshine88 ($59.50 in chips)
LifeisagameX: posts small blind $1
happyshine88: posts big blind $3
*** HOLE CARDS ***
LifeisagameX: folds
Uncalled bet ($2) returned to happyshine88
happyshine88 collected $2 from pot
happyshine88: doesn't show hand
*** SUMMARY ***
Total pot $2 | Rake $0
Seat 1: LifeisagameX (button) (small blind) folded before Flop
Seat 2: happyshine88 (big blind) collected ($2)


PokerStars Hand #175824492541:  Hold'em Limit ($3/$6 USD) - 2017/09/18 17:39:31 ET
Table 'Oppolzer' 6-max Seat #2 is the button
Seat 1: LifeisagameX ($104.50 in chips)
Seat 2: happyshine88 ($45 in chips)
happyshine88: posts small blind $1
LifeisagameX: posts big blind $3
*** HOLE CARDS ***
happyshine88: raises $3 to $6
LifeisagameX: calls $3
*** FLOP *** [Ac 4d 9d]
LifeisagameX: checks
happyshine88: bets $3
LifeisagameX: calls $3
*** TURN *** [Ac 4d 9d] [7c]
LifeisagameX: checks
happyshine88: bets $6
LifeisagameX: calls $6
*** RIVER *** [Ac 4d 9d 7c] [6d]
LifeisagameX: checks
happyshine88: checks
*** SHOW DOWN ***
LifeisagameX: shows [2h 4h] (a pair of Fours)
happyshine88: shows [5d 5c] (a pair of Fives)
happyshine88 collected $29.50 from pot
*** SUMMARY ***
Total pot $30 | Rake $0.50
Board [Ac 4d 9d 7c 6d]
Seat 1: LifeisagameX (big blind) showed [2h 4h] and lost with a pair of Fours
Seat 2: happyshine88 (button) (small blind) showed [5d 5c] and won ($29.50) with a pair of Fives


PokerStars Hand #175824574916:  Hold'em Limit ($3/$6 USD) - 2017/09/18 17:41:15 ET
Table 'Oppolzer' 6-max Seat #1 is the button
Seat 1: LifeisagameX ($97.14 in chips)
Seat 2: happyshine88 ($51.50 in chips)
LifeisagameX: posts small blind $1
happyshine88: posts big blind $3
*** HOLE CARDS ***
LifeisagameX: raises $3 to $6
happyshine88: calls $3
*** FLOP *** [Kc 2s Qc]
happyshine88: checks
LifeisagameX: bets $3
happyshine88: folds
Uncalled bet ($3) returned to LifeisagameX
LifeisagameX collected $11.76 from pot
LifeisagameX: doesn't show hand
*** SUMMARY ***
Total pot $12 | Rake $0.24
Board [Kc 2s Qc]
Seat 1: LifeisagameX (button) (small blind) collected ($11.76)
Seat 2: happyshine88 (big blind) folded on the Flop


PokerStars Hand #175824570456:  Hold'em Limit ($3/$6 USD) - 2017/09/18 17:41:09 ET
Table 'Oppolzer' 6-max Seat #2 is the button
Seat 1: LifeisagameX ($96.14 in chips)
Seat 2: happyshine88 ($52.50 in chips)
happyshine88: posts small blind $1
LifeisagameX: posts big blind $3
*** HOLE CARDS ***
happyshine88: folds
Uncalled bet ($2) returned to LifeisagameX
LifeisagameX collected $2 from pot
LifeisagameX: doesn't show hand
*** SUMMARY ***
Total pot $2 | Rake $0
Seat 1: LifeisagameX (big blind) collected ($2)
Seat 2: happyshine88 (button) (small blind) folded before Flop


PokerStars Hand #175824565630:  Hold'em Limit ($3/$6 USD) - 2017/09/18 17:41:03 ET
Table 'Oppolzer' 6-max Seat #1 is the button
Seat 1: LifeisagameX ($97.14 in chips)
Seat 2: happyshine88 ($51.50 in chips)
LifeisagameX: posts small blind $1
happyshine88: posts big blind $3
*** HOLE CARDS ***
LifeisagameX: folds
Uncalled bet ($2) returned to happyshine88
happyshine88 collected $2 from pot
happyshine88: doesn't show hand
*** SUMMARY ***
Total pot $2 | Rake $0
Seat 1: LifeisagameX (button) (small blind) folded before Flop
Seat 2: happyshine88 (big blind) collected ($2)


PokerStars Hand #175824636533:  Hold'em Limit ($3/$6 USD) - 2017/09/18 17:42:34 ET
Table 'Oppolzer' 6-max Seat #2 is the button
Seat 1: LifeisagameX ($127.40 in chips)
Seat 2: happyshine88 ($20.50 in chips)
happyshine88: posts small blind $1
LifeisagameX: posts big blind $3
*** HOLE CARDS ***
happyshine88: raises $3 to $6
LifeisagameX: calls $3
*** FLOP *** [Jh 8c 5h]
LifeisagameX: checks
happyshine88: bets $3
LifeisagameX: folds
Uncalled bet ($3) returned to happyshine88
happyshine88 collected $11.76 from pot
happyshine88: doesn't show hand
*** SUMMARY ***
Total pot $12 | Rake $0.24
Board [Jh 8c 5h]
Seat 1: LifeisagameX (big blind) folded on the Flop
Seat 2: happyshine88 (button) (small blind) collected ($11.76)


PokerStars Hand #175824625417:  Hold'em Limit ($3/$6 USD) - 2017/09/18 17:42:19 ET
Table 'Oppolzer' 6-max Seat #2 is the button
Seat 1: LifeisagameX ($123.40 in chips)
Seat 2: happyshine88 ($24.50 in chips)
happyshine88: posts small blind $1
LifeisagameX: posts big blind $3
*** HOLE CARDS ***
happyshine88: folds
Uncalled bet ($2) returned to LifeisagameX
LifeisagameX collected $2 from pot
LifeisagameX: doesn't show hand
*** SUMMARY ***
Total pot $2 | Rake $0
Seat 1: LifeisagameX (big blind) collected ($2)
Seat 2: happyshine88 (button) (small blind) folded before Flop


PokerStars Hand #175824620601:  Hold'em Limit ($3/$6 USD) - 2017/09/18 17:42:13 ET
Table 'Oppolzer' 6-max Seat #1 is the button
Seat 1: LifeisagameX ($120.40 in chips)
Seat 2: happyshine88 ($27.50 in chips)
LifeisagameX: posts small blind $1
happyshine88: posts big blind $3
*** HOLE CARDS ***
LifeisagameX: raises $3 to $6
happyshine88: folds
Uncalled bet ($3) returned to LifeisagameX
LifeisagameX collected $6 from pot
LifeisagameX: doesn't show hand
*** SUMMARY ***
Total pot $6 | Rake $0
Seat 1: LifeisagameX (button) (small blind) collected ($6)
Seat 2: happyshine88 (big blind) folded before Flop


PokerStars Hand #175824590017:  Hold'em Limit ($3/$6 USD) - 2017/09/18 17:41:34 ET
Table 'Oppolzer' 6-max Seat #2 is the button
Seat 1: LifeisagameX ($102.90 in chips)
Seat 2: happyshine88 ($45.50 in chips)
happyshine88: posts small blind $1
LifeisagameX: posts big blind $3
*** HOLE CARDS ***
happyshine88: raises $3 to $6
LifeisagameX: calls $3
*** FLOP *** [3c Jh Jc]
LifeisagameX: checks
happyshine88: bets $3
LifeisagameX: raises $3 to $6
happyshine88: calls $3
*** TURN *** [3c Jh Jc] [As]
LifeisagameX: checks
happyshine88: bets $6
LifeisagameX: calls $6
*** RIVER *** [3c Jh Jc As] [Ad]
LifeisagameX: checks
happyshine88: checks
*** SHOW DOWN ***
LifeisagameX: shows [Ks 3d] (two pair, Aces and Jacks)
happyshine88: mucks hand
LifeisagameX collected $35.50 from pot
*** SUMMARY ***
Total pot $36 | Rake $0.50
Board [3c Jh Jc As Ad]
Seat 1: LifeisagameX (big blind) showed [Ks 3d] and won ($35.50) with two pair, Aces and Jacks
Seat 2: happyshine88 (button) (small blind) mucked


PokerStars Hand #175824629418:  Hold'em Limit ($3/$6 USD) - 2017/09/18 17:42:24 ET
Table 'Oppolzer' 6-max Seat #1 is the button
Seat 1: LifeisagameX ($124.40 in chips)
Seat 2: happyshine88 ($23.50 in chips)
LifeisagameX: posts small blind $1
happyshine88: posts big blind $3
*** HOLE CARDS ***
LifeisagameX: raises $3 to $6
happyshine88: folds
Uncalled bet ($3) returned to LifeisagameX
LifeisagameX collected $6 from pot
LifeisagameX: doesn't show hand
*** SUMMARY ***
Total pot $6 | Rake $0
Seat 1: LifeisagameX (button) (small blind) collected ($6)
Seat 2: happyshine88 (big blind) folded before Flop


PokerStars Hand #175824651252:  Hold'em Limit ($3/$6 USD) - 2017/09/18 17:42:53 ET
Table 'Oppolzer' 6-max Seat #1 is the button
Seat 1: LifeisagameX ($121.40 in chips)
Seat 2: happyshine88 ($26.26 in chips)
LifeisagameX: posts small blind $1
happyshine88: posts big blind $3
*** HOLE CARDS ***
LifeisagameX: raises $3 to $6
happyshine88: calls $3
*** FLOP *** [Td Qs Ts]
happyshine88: checks
LifeisagameX: bets $3
happyshine88: raises $3 to $6
LifeisagameX: folds
Uncalled bet ($3) returned to happyshine88
happyshine88 collected $17.64 from pot
happyshine88: doesn't show hand
*** SUMMARY ***
Total pot $18 | Rake $0.36
Board [Td Qs Ts]
Seat 1: LifeisagameX (button) (small blind) folded on the Flop
Seat 2: happyshine88 (big blind) collected ($17.64)


PokerStars Hand #175824671423:  Hold'em Limit ($3/$6 USD) - 2017/09/18 17:43:19 ET
Table 'Oppolzer' 6-max Seat #1 is the button
Seat 1: LifeisagameX ($113.40 in chips)
Seat 2: happyshine88 ($33.90 in chips)
LifeisagameX: posts small blind $1
happyshine88: posts big blind $3
*** HOLE CARDS ***
LifeisagameX: raises $3 to $6
happyshine88: calls $3
*** FLOP *** [As 6h Td]
happyshine88: checks
LifeisagameX: checks
*** TURN *** [As 6h Td] [5d]
happyshine88: checks
LifeisagameX: bets $6
happyshine88: raises $6 to $12
LifeisagameX: calls $6
*** RIVER *** [As 6h Td 5d] [Ah]
happyshine88: bets $6
LifeisagameX: calls $6
*** SHOW DOWN ***
happyshine88: shows [Ac Qh] (three of a kind, Aces)
LifeisagameX: mucks hand
happyshine88 collected $47.50 from pot
*** SUMMARY ***
Total pot $48 | Rake $0.50
Board [As 6h Td 5d Ah]
Seat 1: LifeisagameX (button) (small blind) mucked
Seat 2: happyshine88 (big blind) showed [Ac Qh] and won ($47.50) with three of a kind, Aces


PokerStars Hand #175824703101:  Hold'em Limit ($3/$6 USD) - 2017/09/18 17:44:00 ET
Table 'Oppolzer' 6-max Seat #1 is the button
Seat 1: LifeisagameX ($90.40 in chips)
Seat 2: happyshine88 ($56.40 in chips)
LifeisagameX: posts small blind $1
happyshine88: posts big blind $3
*** HOLE CARDS ***
LifeisagameX: folds
Uncalled bet ($2) returned to happyshine88
happyshine88 collected $2 from pot
happyshine88: doesn't show hand
*** SUMMARY ***
Total pot $2 | Rake $0
Seat 1: LifeisagameX (button) (small blind) folded before Flop
Seat 2: happyshine88 (big blind) collected ($2)


PokerStars Hand #175824696085:  Hold'em Limit ($3/$6 USD) - 2017/09/18 17:43:51 ET
Table 'Oppolzer' 6-max Seat #2 is the button
Seat 1: LifeisagameX ($89.40 in chips)
Seat 2: happyshine88 ($57.40 in chips)
happyshine88: posts small blind $1
LifeisagameX: posts big blind $3
*** HOLE CARDS ***
happyshine88: folds
Uncalled bet ($2) returned to LifeisagameX
LifeisagameX collected $2 from pot
LifeisagameX: doesn't show hand
*** SUMMARY ***
Total pot $2 | Rake $0
Seat 1: LifeisagameX (big blind) collected ($2)
Seat 2: happyshine88 (button) (small blind) folded before Flop


PokerStars Hand #175824667000:  Hold'em Limit ($3/$6 USD) - 2017/09/18 17:43:13 ET
Table 'Oppolzer' 6-max Seat #2 is the button
Seat 1: LifeisagameX ($112.40 in chips)
Seat 2: happyshine88 ($34.90 in chips)
happyshine88: posts small blind $1
LifeisagameX: posts big blind $3
*** HOLE CARDS ***
happyshine88: folds
Uncalled bet ($2) returned to LifeisagameX
LifeisagameX collected $2 from pot
LifeisagameX: doesn't show hand
*** SUMMARY ***
Total pot $2 | Rake $0
Seat 1: LifeisagameX (big blind) collected ($2)
Seat 2: happyshine88 (button) (small blind) folded before Flop


PokerStars Hand #175824707942:  Hold'em Limit ($3/$6 USD) - 2017/09/18 17:44:06 ET
Table 'Oppolzer' 6-max Seat #2 is the button
Seat 1: LifeisagameX ($89.40 in chips)
Seat 2: happyshine88 ($57.40 in chips)
happyshine88: posts small blind $1
LifeisagameX: posts big blind $3
*** HOLE CARDS ***
happyshine88: raises $3 to $6
LifeisagameX: folds
Uncalled bet ($3) returned to happyshine88
happyshine88 collected $6 from pot
happyshine88: doesn't show hand
*** SUMMARY ***
Total pot $6 | Rake $0
Seat 1: LifeisagameX (big blind) folded before Flop
Seat 2: happyshine88 (button) (small blind) collected ($6)


PokerStars Hand #175824715384:  Hold'em Limit ($3/$6 USD) - 2017/09/18 17:44:16 ET
Table 'Oppolzer' 6-max Seat #1 is the button
Seat 1: LifeisagameX ($86.40 in chips)
Seat 2: happyshine88 ($60.40 in chips)
LifeisagameX: posts small blind $1
happyshine88: posts big blind $3
*** HOLE CARDS ***
LifeisagameX: raises $3 to $6
happyshine88: folds
Uncalled bet ($3) returned to LifeisagameX
LifeisagameX collected $6 from pot
LifeisagameX: doesn't show hand
*** SUMMARY ***
Total pot $6 | Rake $0
Seat 1: LifeisagameX (button) (small blind) collected ($6)
Seat 2: happyshine88 (big blind) folded before Flop


PokerStars Hand #175824747919:  Hold'em Limit ($3/$6 USD) - 2017/09/18 17:44:59 ET
Table 'Oppolzer' 6-max Seat #1 is the button
Seat 1: LifeisagameX ($84 in chips)
Seat 2: happyshine88 ($74.90 in chips)
LifeisagameX: posts small blind $1
happyshine88: posts big blind $3
*** HOLE CARDS ***
LifeisagameX: raises $3 to $6
happyshine88: calls $3
*** FLOP *** [Ts 7h 9c]
happyshine88: checks
LifeisagameX: bets $3
happyshine88: folds
Uncalled bet ($3) returned to LifeisagameX
LifeisagameX collected $11.76 from pot
LifeisagameX: doesn't show hand
*** SUMMARY ***
Total pot $12 | Rake $0.24
Board [Ts 7h 9c]
Seat 1: LifeisagameX (button) (small blind) collected ($11.76)
Seat 2: happyshine88 (big blind) folded on the Flop


PokerStars Hand #175824763729:  Hold'em Limit ($3/$6 USD) - 2017/09/18 17:45:19 ET
Table 'Oppolzer' 6-max Seat #2 is the button
Seat 1: LifeisagameX ($89.76 in chips)
Seat 2: happyshine88 ($68.90 in chips)
happyshine88: posts small blind $1
LifeisagameX: posts big blind $3
*** HOLE CARDS ***
happyshine88: raises $3 to $6
LifeisagameX: calls $3
*** FLOP *** [Td As Qh]
LifeisagameX: checks
happyshine88: checks
*** TURN *** [Td As Qh] [8s]
LifeisagameX: checks
happyshine88: checks
*** RIVER *** [Td As Qh 8s] [Qc]
LifeisagameX: bets $6
happyshine88: calls $6
*** SHOW DOWN ***
LifeisagameX: shows [4d 8d] (two pair, Queens and Eights)
happyshine88: shows [Tc Kd] (two pair, Queens and Tens)
happyshine88 collected $23.52 from pot
*** SUMMARY ***
Total pot $24 | Rake $0.48
Board [Td As Qh 8s Qc]
Seat 1: LifeisagameX (big blind) showed [4d 8d] and lost with two pair, Queens and Eights
Seat 2: happyshine88 (button) (small blind) showed [Tc Kd] and won ($23.52) with two pair, Queens and Tens


PokerStars Hand #175824808786:  Hold'em Limit ($3/$6 USD) - 2017/09/18 17:46:19 ET
Table 'Oppolzer' 6-max Seat #2 is the button
Seat 1: LifeisagameX ($92.64 in chips)
Seat 2: happyshine88 ($71.42 in chips)
happyshine88: posts small blind $1
LifeisagameX: posts big blind $3
*** HOLE CARDS ***
happyshine88: raises $3 to $6
LifeisagameX: calls $3
*** FLOP *** [Jd Tc Kc]
LifeisagameX: checks
happyshine88: bets $3
LifeisagameX: raises $3 to $6
happyshine88: raises $3 to $9
LifeisagameX: calls $3
*** TURN *** [Jd Tc Kc] [9s]
LifeisagameX: checks
happyshine88: bets $6
LifeisagameX: calls $6
*** RIVER *** [Jd Tc Kc 9s] [6d]
LifeisagameX: checks
happyshine88: bets $6
LifeisagameX: folds
Uncalled bet ($6) returned to happyshine88
happyshine88 collected $41.50 from pot
happyshine88: doesn't show hand
*** SUMMARY ***
Total pot $42 | Rake $0.50
Board [Jd Tc Kc 9s 6d]
Seat 1: LifeisagameX (big blind) folded on the River
Seat 2: happyshine88 (button) (small blind) collected ($41.50)


PokerStars Hand #175824780859:  Hold'em Limit ($3/$6 USD) - 2017/09/18 17:45:42 ET
Table 'Oppolzer' 6-max Seat #1 is the button
Seat 1: LifeisagameX ($84 in chips)
Seat 2: happyshine88 ($80.42 in chips)
LifeisagameX: posts small blind $1
happyshine88: posts big blind $3
*** HOLE CARDS ***
LifeisagameX: raises $3 to $6
happyshine88: calls $3
*** FLOP *** [4h Jc 3c]
happyshine88: checks
LifeisagameX: bets $3
happyshine88: calls $3
*** TURN *** [4h Jc 3c] [4s]
happyshine88: checks
LifeisagameX: bets $6
happyshine88: folds
Uncalled bet ($6) returned to LifeisagameX
LifeisagameX collected $17.64 from pot
LifeisagameX: doesn't show hand
*** SUMMARY ***
Total pot $18 | Rake $0.36
Board [4h Jc 3c 4s]
Seat 1: LifeisagameX (button) (small blind) collected ($17.64)
Seat 2: happyshine88 (big blind) folded on the Turn


PokerStars Hand #175824869109:  Hold'em Limit ($3/$6 USD) - 2017/09/18 17:47:38 ET
Table 'Oppolzer' 6-max Seat #2 is the button
Seat 1: LifeisagameX ($84 in chips)
Seat 2: happyshine88 ($106.42 in chips)
happyshine88: posts small blind $1
LifeisagameX: posts big blind $3
*** HOLE CARDS ***
happyshine88: folds
Uncalled bet ($2) returned to LifeisagameX
LifeisagameX collected $2 from pot
LifeisagameX: doesn't show hand
*** SUMMARY ***
Total pot $2 | Rake $0
Seat 1: LifeisagameX (big blind) collected ($2)
Seat 2: happyshine88 (button) (small blind) folded before Flop


PokerStars Hand #175824841977:  Hold'em Limit ($3/$6 USD) - 2017/09/18 17:47:02 ET
Table 'Oppolzer' 6-max Seat #1 is the button
Seat 1: LifeisagameX ($84 in chips)
Seat 2: happyshine88 ($91.92 in chips)
LifeisagameX: posts small blind $1
happyshine88: posts big blind $3
*** HOLE CARDS ***
LifeisagameX: raises $3 to $6
happyshine88: calls $3
*** FLOP *** [Kd 3h 3c]
happyshine88: checks
LifeisagameX: bets $3
happyshine88: calls $3
*** TURN *** [Kd 3h 3c] [Ac]
happyshine88: checks
LifeisagameX: bets $6
happyshine88: raises $6 to $12
LifeisagameX: folds
Uncalled bet ($6) returned to happyshine88
happyshine88 collected $29.50 from pot
happyshine88: doesn't show hand
*** SUMMARY ***
Total pot $30 | Rake $0.50
Board [Kd 3h 3c Ac]
Seat 1: LifeisagameX (button) (small blind) folded on the Turn
Seat 2: happyshine88 (big blind) collected ($29.50)


PokerStars Hand #175824873445:  Hold'em Limit ($3/$6 USD) - 2017/09/18 17:47:44 ET
Table 'Oppolzer' 6-max Seat #1 is the button
Seat 1: LifeisagameX ($85 in chips)
Seat 2: happyshine88 ($105.42 in chips)
LifeisagameX: posts small blind $1
happyshine88: posts big blind $3
*** HOLE CARDS ***
LifeisagameX: raises $3 to $6
Psynto joins the table at seat #3
happyshine88: calls $3
*** FLOP *** [9h 7c 9d]
happyshine88: checks
LifeisagameX: bets $3
happyshine88: folds
Uncalled bet ($3) returned to LifeisagameX
LifeisagameX collected $11.76 from pot
LifeisagameX: doesn't show hand
*** SUMMARY ***
Total pot $12 | Rake $0.24
Board [9h 7c 9d]
Seat 1: LifeisagameX (button) (small blind) collected ($11.76)
Seat 2: happyshine88 (big blind) folded on the Flop


PokerStars Hand #175824922962:  Hold'em Limit ($3/$6 USD) - 2017/09/18 17:48:50 ET
Table 'Oppolzer' 6-max Seat #2 is the button
Seat 2: happyshine88 ($78.42 in chips)
Seat 3: Psynto ($87.92 in chips)
happyshine88: posts small blind $1
Psynto: posts big blind $3
*** HOLE CARDS ***
LifeisagameX leaves the table
happyshine88: folds
Uncalled bet ($2) returned to Psynto
Psynto collected $2 from pot
Psynto: doesn't show hand
*** SUMMARY ***
Total pot $2 | Rake $0
Seat 2: happyshine88 (button) (small blind) folded before Flop
Seat 3: Psynto (big blind) collected ($2)


PokerStars Hand #175824926643:  Hold'em Limit ($3/$6 USD) - 2017/09/18 17:48:54 ET
Table 'Oppolzer' 6-max Seat #3 is the button
Seat 2: happyshine88 ($77.42 in chips)
Seat 3: Psynto ($88.92 in chips)
Psynto: posts small blind $1
happyshine88: posts big blind $3
*** HOLE CARDS ***
Psynto: raises $3 to $6
happyshine88: calls $3
*** FLOP *** [Qc 8s Kc]
happyshine88: checks
Psynto: bets $3
happyshine88: calls $3
*** TURN *** [Qc 8s Kc] [7d]
happyshine88: checks
Psynto: bets $6
happyshine88: calls $6
*** RIVER *** [Qc 8s Kc 7d] [Jc]
happyshine88: checks
Psynto: bets $6
happyshine88: raises $6 to $12
Psynto: calls $6
*** SHOW DOWN ***
happyshine88: shows [Ac 5c] (a flush, Ace high)
Psynto: mucks hand
happyshine88 collected $53.50 from pot
*** SUMMARY ***
Total pot $54 | Rake $0.50
Board [Qc 8s Kc 7d Jc]
Seat 2: happyshine88 (big blind) showed [Ac 5c] and won ($53.50) with a flush, Ace high
Seat 3: Psynto (button) (small blind) mucked


PokerStars Hand #175824946536:  Hold'em Limit ($3/$6 USD) - 2017/09/18 17:49:21 ET
Table 'Oppolzer' 6-max Seat #2 is the button
Seat 2: happyshine88 ($103.92 in chips)
Seat 3: Psynto ($72 in chips)
happyshine88: posts small blind $1
Psynto: posts big blind $3
*** HOLE CARDS ***
happyshine88: raises $3 to $6
Psynto: calls $3
*** FLOP *** [Ts Ac 8d]
Psynto: checks
happyshine88: bets $3
Psynto: calls $3
*** TURN *** [Ts Ac 8d] [6d]
Psynto: checks
happyshine88: bets $6
Psynto: calls $6
*** RIVER *** [Ts Ac 8d 6d] [Ad]
Psynto: checks
happyshine88: bets $6
Psynto: calls $6
*** SHOW DOWN ***
happyshine88: shows [As Tc] (a full house, Aces full of Tens)
Psynto: mucks hand
happyshine88 collected $41.50 from pot
*** SUMMARY ***
Total pot $42 | Rake $0.50
Board [Ts Ac 8d 6d Ad]
Seat 2: happyshine88 (button) (small blind) showed [As Tc] and won ($41.50) with a full house, Aces full of Tens
Seat 3: Psynto (big blind) mucked


PokerStars Hand #175825008808:  Hold'em Limit ($3/$6 USD) - 2017/09/18 17:50:45 ET
Table 'Oppolzer' 6-max Seat #3 is the button
Seat 2: happyshine88 ($128.92 in chips)
Seat 3: Psynto ($87.40 in chips)
Psynto: posts small blind $1
happyshine88: posts big blind $3
*** HOLE CARDS ***
Psynto: raises $3 to $6
happyshine88: calls $3
*** FLOP *** [2d Kc 5h]
happyshine88: checks
Psynto: bets $3
happyshine88: calls $3
*** TURN *** [2d Kc 5h] [Qs]
happyshine88: checks
Psynto: bets $6
happyshine88: calls $6
*** RIVER *** [2d Kc 5h Qs] [7c]
happyshine88: checks
Psynto: checks
*** SHOW DOWN ***
happyshine88: shows [8h Qh] (a pair of Queens)
Psynto: mucks hand
happyshine88 collected $29.50 from pot
*** SUMMARY ***
Total pot $30 | Rake $0.50
Board [2d Kc 5h Qs 7c]
Seat 2: happyshine88 (big blind) showed [8h Qh] and won ($29.50) with a pair of Queens
Seat 3: Psynto (button) (small blind) mucked


PokerStars Hand #175824998949:  Hold'em Limit ($3/$6 USD) - 2017/09/18 17:50:31 ET
Table 'Oppolzer' 6-max Seat #2 is the button
Seat 2: happyshine88 ($137.92 in chips)
Seat 3: Psynto ($78.76 in chips)
happyshine88: posts small blind $1
Psynto: posts big blind $3
*** HOLE CARDS ***
happyshine88: raises $3 to $6
Psynto: calls $3
*** FLOP *** [8h Tc Ad]
Psynto: checks
happyshine88: bets $3
Psynto: raises $3 to $6
happyshine88: folds
Uncalled bet ($3) returned to Psynto
Psynto collected $17.64 from pot
Psynto: doesn't show hand
*** SUMMARY ***
Total pot $18 | Rake $0.36
Board [8h Tc Ad]
Seat 2: happyshine88 (button) (small blind) folded on the Flop
Seat 3: Psynto (big blind) collected ($17.64)


PokerStars Hand #175824989704:  Hold'em Limit ($3/$6 USD) - 2017/09/18 17:50:19 ET
Table 'Oppolzer' 6-max Seat #3 is the button
Seat 2: happyshine88 ($143.92 in chips)
Seat 3: Psynto ($73 in chips)
Psynto: posts small blind $1
happyshine88: posts big blind $3
*** HOLE CARDS ***
Psynto: raises $3 to $6
happyshine88: calls $3
*** FLOP *** [4h Kc 3s]
happyshine88: checks
Psynto: bets $3
happyshine88: folds
Uncalled bet ($3) returned to Psynto
Psynto collected $11.76 from pot
Psynto: doesn't show hand
*** SUMMARY ***
Total pot $12 | Rake $0.24
Board [4h Kc 3s]
Seat 2: happyshine88 (big blind) folded on the Flop
Seat 3: Psynto (button) (small blind) collected ($11.76)


PokerStars Hand #175824985993:  Hold'em Limit ($3/$6 USD) - 2017/09/18 17:50:14 ET
Table 'Oppolzer' 6-max Seat #2 is the button
Seat 2: happyshine88 ($144.92 in chips)
Seat 3: Psynto ($72 in chips)
happyshine88: posts small blind $1
Psynto: posts big blind $3
*** HOLE CARDS ***
happyshine88: folds
Uncalled bet ($2) returned to Psynto
Psynto collected $2 from pot
Psynto: doesn't show hand
*** SUMMARY ***
Total pot $2 | Rake $0
Seat 2: happyshine88 (button) (small blind) folded before Flop
Seat 3: Psynto (big blind) collected ($2)


PokerStars Hand #175824965618:  Hold'em Limit ($3/$6 USD) - 2017/09/18 17:49:46 ET
Table 'Oppolzer' 6-max Seat #3 is the button
Seat 2: happyshine88 ($124.42 in chips)
Seat 3: Psynto ($72 in chips)
Psynto: posts small blind $1
happyshine88: posts big blind $3
*** HOLE CARDS ***
Psynto: raises $3 to $6
happyshine88: calls $3
*** FLOP *** [8h 3c Qh]
happyshine88: checks
Psynto: bets $3
happyshine88: calls $3
*** TURN *** [8h 3c Qh] [2s]
happyshine88: checks
Psynto: bets $6
happyshine88: calls $6
*** RIVER *** [8h 3c Qh 2s] [Ts]
happyshine88: checks
Psynto: bets $6
happyshine88: calls $6
*** SHOW DOWN ***
Psynto: shows [5c 4s] (high card Queen)
happyshine88: shows [8d 9s] (a pair of Eights)
happyshine88 collected $41.50 from pot
*** SUMMARY ***
Total pot $42 | Rake $0.50
Board [8h 3c Qh 2s Ts]
Seat 2: happyshine88 (big blind) showed [8d 9s] and won ($41.50) with a pair of Eights
Seat 3: Psynto (button) (small blind) showed [5c 4s] and lost with high card Queen


PokerStars Hand #175825025559:  Hold'em Limit ($3/$6 USD) - 2017/09/18 17:51:07 ET
Table 'Oppolzer' 6-max Seat #2 is the button
Seat 2: happyshine88 ($143.42 in chips)
Seat 3: Psynto ($72.40 in chips)
happyshine88: posts small blind $1
Psynto: posts big blind $3
*** HOLE CARDS ***
happyshine88: raises $3 to $6
Psynto: calls $3
*** FLOP *** [8c 5h As]
Psynto: checks
happyshine88: bets $3
Psynto: folds
Uncalled bet ($3) returned to happyshine88
happyshine88 collected $11.76 from pot
happyshine88: doesn't show hand
*** SUMMARY ***
Total pot $12 | Rake $0.24
Board [8c 5h As]
Seat 2: happyshine88 (button) (small blind) collected ($11.76)
Seat 3: Psynto (big blind) folded on the Flop


PokerStars Hand #175825034069:  Hold'em Limit ($3/$6 USD) - 2017/09/18 17:51:19 ET
Table 'Oppolzer' 6-max Seat #3 is the button
Seat 2: happyshine88 ($149.18 in chips)
Seat 3: Psynto ($72 in chips)
Psynto: posts small blind $1
happyshine88: posts big blind $3
*** HOLE CARDS ***
Psynto: raises $3 to $6
happyshine88: calls $3
*** FLOP *** [Ts Ad 3c]
happyshine88: checks
Psynto: bets $3
happyshine88: folds
Uncalled bet ($3) returned to Psynto
Psynto collected $11.76 from pot
Psynto: doesn't show hand
*** SUMMARY ***
Total pot $12 | Rake $0.24
Board [Ts Ad 3c]
Seat 2: happyshine88 (big blind) folded on the Flop
Seat 3: Psynto (button) (small blind) collected ($11.76)


PokerStars Hand #175825041913:  Hold'em Limit ($3/$6 USD) - 2017/09/18 17:51:29 ET
Table 'Oppolzer' 6-max Seat #2 is the button
Seat 2: happyshine88 ($143.18 in chips)
Seat 3: Psynto ($77.76 in chips)
happyshine88: posts small blind $1
Psynto: posts big blind $3
*** HOLE CARDS ***
happyshine88: raises $3 to $6
Psynto: raises $3 to $9
happyshine88: calls $3
*** FLOP *** [Tc 2s Jh]
Psynto: bets $3
happyshine88: calls $3
*** TURN *** [Tc 2s Jh] [Jc]
Psynto: bets $6
happyshine88: calls $6
*** RIVER *** [Tc 2s Jh Jc] [2c]
Psynto: bets $6
happyshine88: raises $6 to $12
Psynto: calls $6
*** SHOW DOWN ***
happyshine88: shows [Ah 2d] (a full house, Deuces full of Jacks)
Psynto: mucks hand
happyshine88 collected $59.50 from pot
*** SUMMARY ***
Total pot $60 | Rake $0.50
Board [Tc 2s Jh Jc 2c]
Seat 2: happyshine88 (button) (small blind) showed [Ah 2d] and won ($59.50) with a full house, Deuces full of Jacks
Seat 3: Psynto (big blind) mucked


