PokerStars Hand #160695408202:  Hold'em Limit ($3/$6 USD) - 2016/10/31 11:35:50 ET
Table 'Oppolzer' 10-max Seat #1 is the button
Seat 1: kidpokerX7 ($108 in chips)
Seat 9: Zubasa07 ($511.64 in chips)
kidpokerX7: posts small blind $1
Zubasa07: posts big blind $3
*** HOLE CARDS ***
kidpokerX7: raises $3 to $6
Zubasa07: calls $3
*** FLOP *** [9c 6c Qh]
Zubasa07: checks
kidpokerX7: bets $3
Zubasa07: raises $3 to $6
kidpokerX7: folds
Uncalled bet ($3) returned to Zubasa07
Zubasa07 collected $17.64 from pot
*** SUMMARY ***
Total pot $18 | Rake $0.36
Board [9c 6c Qh]
Seat 1: kidpokerX7 (button) (small blind) folded on the Flop
Seat 9: Zubasa07 (big blind) collected ($17.64)


PokerStars Hand #160695428838:  Hold'em Limit ($3/$6 USD) - 2016/10/31 11:36:21 ET
Table 'Oppolzer' 10-max Seat #9 is the button
Seat 1: kidpokerX7 ($99 in chips)
Seat 9: Zubasa07 ($520.28 in chips)
Zubasa07: posts small blind $1
kidpokerX7: posts big blind $3
*** HOLE CARDS ***
Zubasa07: raises $3 to $6
kidpokerX7: calls $3
*** FLOP *** [5c 7d 6d]
kidpokerX7: checks
Zubasa07: bets $3
kidpokerX7: raises $3 to $6
Zubasa07: calls $3
*** TURN *** [5c 7d 6d] [7c]
kidpokerX7: bets $6
Zubasa07: calls $6
*** RIVER *** [5c 7d 6d 7c] [Jd]
kidpokerX7: bets $6
Zubasa07: calls $6
*** SHOW DOWN ***
kidpokerX7: shows [7s 8h] (three of a kind, Sevens)
Zubasa07: mucks hand
kidpokerX7 collected $47.50 from pot
*** SUMMARY ***
Total pot $48 | Rake $0.50
Board [5c 7d 6d 7c Jd]
Seat 1: kidpokerX7 (big blind) showed [7s 8h] and won ($47.50) with three of a kind, Sevens
Seat 9: Zubasa07 (button) (small blind) mucked


PokerStars Hand #160695469051:  Hold'em Limit ($3/$6 USD) - 2016/10/31 11:37:22 ET
Table 'Oppolzer' 10-max Seat #9 is the button
Seat 1: kidpokerX7 ($121.50 in chips)
Seat 9: Zubasa07 ($497.28 in chips)
Zubasa07: posts small blind $1
kidpokerX7: posts big blind $3
*** HOLE CARDS ***
Zubasa07: raises $3 to $6
kidpokerX7: calls $3
*** FLOP *** [6h 8d 7s]
kidpokerX7: checks
Psynto joins the table at seat #2
Zubasa07: checks
*** TURN *** [6h 8d 7s] [As]
kidpokerX7: bets $6
Zubasa07: calls $6
*** RIVER *** [6h 8d 7s As] [6d]
kidpokerX7: bets $6
Zubasa07: calls $6
*** SHOW DOWN ***
kidpokerX7: shows [9s 7d] (two pair, Sevens and Sixes)
Zubasa07: shows [4s Ad] (two pair, Aces and Sixes)
Zubasa07 collected $35.50 from pot
*** SUMMARY ***
Total pot $36 | Rake $0.50
Board [6h 8d 7s As 6d]
Seat 1: kidpokerX7 (big blind) showed [9s 7d] and lost with two pair, Sevens and Sixes
Seat 9: Zubasa07 (button) (small blind) showed [4s Ad] and won ($35.50) with two pair, Aces and Sixes


PokerStars Hand #160695465838:  Hold'em Limit ($3/$6 USD) - 2016/10/31 11:37:17 ET
Table 'Oppolzer' 10-max Seat #1 is the button
Seat 1: kidpokerX7 ($122.50 in chips)
Seat 9: Zubasa07 ($496.28 in chips)
kidpokerX7: posts small blind $1
Zubasa07: posts big blind $3
*** HOLE CARDS ***
kidpokerX7: folds
Uncalled bet ($2) returned to Zubasa07
Zubasa07 collected $2 from pot
Zubasa07: doesn't show hand
*** SUMMARY ***
Total pot $2 | Rake $0
Seat 1: kidpokerX7 (button) (small blind) folded before Flop
Seat 9: Zubasa07 (big blind) collected ($2)


PokerStars Hand #160695403425:  Hold'em Limit ($3/$6 USD) - 2016/10/31 11:35:43 ET
Table 'Oppolzer' 10-max Seat #9 is the button
Seat 1: kidpokerX7 ($111 in chips)
Seat 9: Zubasa07 ($508.64 in chips)
Zubasa07: posts small blind $1
kidpokerX7: posts big blind $3
*** HOLE CARDS ***
Zubasa07: raises $3 to $6
kidpokerX7: folds
Uncalled bet ($3) returned to Zubasa07
Zubasa07 collected $6 from pot
Zubasa07: doesn't show hand
*** SUMMARY ***
Total pot $6 | Rake $0
Seat 1: kidpokerX7 (big blind) folded before Flop
Seat 9: Zubasa07 (button) (small blind) collected ($6)


PokerStars Hand #160695375862:  Hold'em Limit ($3/$6 USD) - 2016/10/31 11:35:01 ET
Table 'Oppolzer' 10-max Seat #1 is the button
Seat 1: kidpokerX7 ($120 in chips)
Seat 9: Zubasa07 ($500 in chips)
kidpokerX7: posts small blind $1
Zubasa07: posts big blind $3
*** HOLE CARDS ***
kidpokerX7: raises $3 to $6
Zubasa07: calls $3
*** FLOP *** [2h Jc Kd]
Zubasa07: checks
kidpokerX7: bets $3
Zubasa07: calls $3
*** TURN *** [2h Jc Kd] [Ad]
Zubasa07: checks
kidpokerX7: checks
*** RIVER *** [2h Jc Kd Ad] [4h]
Zubasa07: checks
kidpokerX7: checks
*** SHOW DOWN ***
Zubasa07: shows [Jd 4c] (two pair, Jacks and Fours)
kidpokerX7: mucks hand
Zubasa07 collected $17.64 from pot
*** SUMMARY ***
Total pot $18 | Rake $0.36
Board [2h Jc Kd Ad 4h]
Seat 1: kidpokerX7 (button) (small blind) mucked
Seat 9: Zubasa07 (big blind) showed [Jd 4c] and won ($17.64) with two pair, Jacks and Fours


PokerStars Hand #160696051288:  Hold'em Limit ($3/$6 USD) - 2016/10/31 11:51:49 ET
Table 'Oppolzer' 10-max Seat #2 is the button
Seat 1: kidpokerX7 ($273.53 in chips)
Seat 2: Psynto ($72 in chips)
Psynto: posts small blind $1
kidpokerX7: posts big blind $3
*** HOLE CARDS ***
Psynto: folds
Uncalled bet ($2) returned to kidpokerX7
kidpokerX7 collected $2 from pot
kidpokerX7: doesn't show hand
*** SUMMARY ***
Total pot $2 | Rake $0
Seat 1: kidpokerX7 (big blind) collected ($2)
Seat 2: Psynto (button) (small blind) folded before Flop


PokerStars Hand #160696064038:  Hold'em Limit ($3/$6 USD) - 2016/10/31 11:52:08 ET
Table 'Oppolzer' 10-max Seat #1 is the button
Seat 1: kidpokerX7 ($270.53 in chips)
Seat 2: Psynto ($76 in chips)
kidpokerX7: posts small blind $1
Psynto: posts big blind $3
*** HOLE CARDS ***
kidpokerX7: raises $3 to $6
Psynto: folds
Uncalled bet ($3) returned to kidpokerX7
kidpokerX7 collected $6 from pot
kidpokerX7: doesn't show hand
*** SUMMARY ***
Total pot $6 | Rake $0
Seat 1: kidpokerX7 (button) (small blind) collected ($6)
Seat 2: Psynto (big blind) folded before Flop


PokerStars Hand #160696060399:  Hold'em Limit ($3/$6 USD) - 2016/10/31 11:52:03 ET
Table 'Oppolzer' 10-max Seat #2 is the button
Seat 1: kidpokerX7 ($273.53 in chips)
Seat 2: Psynto ($73 in chips)
Psynto: posts small blind $1
kidpokerX7: posts big blind $3
*** HOLE CARDS ***
Psynto: raises $3 to $6
kidpokerX7: folds
Uncalled bet ($3) returned to Psynto
Psynto collected $6 from pot
Psynto: doesn't show hand
*** SUMMARY ***
Total pot $6 | Rake $0
Seat 1: kidpokerX7 (big blind) folded before Flop
Seat 2: Psynto (button) (small blind) collected ($6)


PokerStars Hand #160696056059:  Hold'em Limit ($3/$6 USD) - 2016/10/31 11:51:56 ET
Table 'Oppolzer' 10-max Seat #1 is the button
Seat 1: kidpokerX7 ($274.53 in chips)
Seat 2: Psynto ($72 in chips)
kidpokerX7: posts small blind $1
Psynto: posts big blind $3
*** HOLE CARDS ***
kidpokerX7: folds
Uncalled bet ($2) returned to Psynto
Psynto collected $2 from pot
Psynto: doesn't show hand
*** SUMMARY ***
Total pot $2 | Rake $0
Seat 1: kidpokerX7 (button) (small blind) folded before Flop
Seat 2: Psynto (big blind) collected ($2)


PokerStars Hand #160696086452:  Hold'em Limit ($3/$6 USD) - 2016/10/31 11:52:41 ET
Table 'Oppolzer' 10-max Seat #1 is the button
Seat 1: kidpokerX7 ($297.03 in chips)
Seat 2: Psynto ($72 in chips)
kidpokerX7: posts small blind $1
Psynto: posts big blind $3
*** HOLE CARDS ***
kidpokerX7: raises $3 to $6
Psynto: calls $3
*** FLOP *** [7s 4h As]
Psynto: checks
kidpokerX7: bets $3
Psynto: calls $3
*** TURN *** [7s 4h As] [6s]
Psynto: checks
kidpokerX7: bets $6
Psynto: calls $6
*** RIVER *** [7s 4h As 6s] [8d]
Psynto: checks
kidpokerX7: checks
*** SHOW DOWN ***
Psynto: shows [8c Kc] (a pair of Eights)
kidpokerX7: shows [Kd Ah] (a pair of Aces)
kidpokerX7 collected $29.50 from pot
*** SUMMARY ***
Total pot $30 | Rake $0.50
Board [7s 4h As 6s 8d]
Seat 1: kidpokerX7 (button) (small blind) showed [Kd Ah] and won ($29.50) with a pair of Aces
Seat 2: Psynto (big blind) showed [8c Kc] and lost with a pair of Eights


PokerStars Hand #160696069118:  Hold'em Limit ($3/$6 USD) - 2016/10/31 11:52:15 ET
Table 'Oppolzer' 10-max Seat #2 is the button
Seat 1: kidpokerX7 ($273.53 in chips)
Seat 2: Psynto ($73 in chips)
Psynto: posts small blind $1
kidpokerX7: posts big blind $3
*** HOLE CARDS ***
Psynto: raises $3 to $6
kidpokerX7: calls $3
*** FLOP *** [7d 4d Qc]
kidpokerX7: checks
Psynto: bets $3
kidpokerX7: raises $3 to $6
Psynto: calls $3
*** TURN *** [7d 4d Qc] [3s]
kidpokerX7: bets $6
Psynto: raises $6 to $12
kidpokerX7: calls $6
*** RIVER *** [7d 4d Qc 3s] [8h]
kidpokerX7: checks
Psynto: checks
*** SHOW DOWN ***
kidpokerX7: shows [7h 9c] (a pair of Sevens)
Psynto: mucks hand
kidpokerX7 collected $47.50 from pot
*** SUMMARY ***
Total pot $48 | Rake $0.50
Board [7d 4d Qc 3s 8h]
Seat 1: kidpokerX7 (big blind) showed [7h 9c] and won ($47.50) with a pair of Sevens
Seat 2: Psynto (button) (small blind) mucked


PokerStars Hand #160696122386:  Hold'em Limit ($3/$6 USD) - 2016/10/31 11:53:34 ET
Table 'Oppolzer' 10-max Seat #1 is the button
Seat 1: kidpokerX7 ($335.03 in chips)
Seat 2: Psynto ($72 in chips)
kidpokerX7: posts small blind $1
Psynto: posts big blind $3
*** HOLE CARDS ***
kidpokerX7: raises $3 to $6
Psynto: calls $3
*** FLOP *** [8s 3h 9d]
Psynto: checks
kidpokerX7: bets $3
Psynto: raises $3 to $6
kidpokerX7: calls $3
*** TURN *** [8s 3h 9d] [9c]
Psynto: bets $6
kidpokerX7: calls $6
*** RIVER *** [8s 3h 9d 9c] [Jc]
Psynto: bets $6
kidpokerX7: folds
Uncalled bet ($6) returned to Psynto
Psynto collected $35.50 from pot
Psynto: doesn't show hand
*** SUMMARY ***
Total pot $36 | Rake $0.50
Board [8s 3h 9d 9c Jc]
Seat 1: kidpokerX7 (button) (small blind) folded on the River
Seat 2: Psynto (big blind) collected ($35.50)


PokerStars Hand #160696102259:  Hold'em Limit ($3/$6 USD) - 2016/10/31 11:53:05 ET
Table 'Oppolzer' 10-max Seat #2 is the button
Seat 1: kidpokerX7 ($311.53 in chips)
Seat 2: Psynto ($72 in chips)
Psynto: posts small blind $1
kidpokerX7: posts big blind $3
*** HOLE CARDS ***
wojkam9091 joins the table at seat #3
Psynto: raises $3 to $6
kidpokerX7: calls $3
*** FLOP *** [7c 5c 9s]
kidpokerX7: checks
Psynto: bets $3
kidpokerX7: raises $3 to $6
Psynto: calls $3
*** TURN *** [7c 5c 9s] [7h]
kidpokerX7: bets $6
Psynto: calls $6
*** RIVER *** [7c 5c 9s 7h] [4h]
kidpokerX7: bets $6
Psynto: calls $6
*** SHOW DOWN ***
kidpokerX7: shows [6h 8h] (a straight, Five to Nine)
Psynto: mucks hand
kidpokerX7 collected $47.50 from pot
*** SUMMARY ***
Total pot $48 | Rake $0.50
Board [7c 5c 9s 7h 4h]
Seat 1: kidpokerX7 (big blind) showed [6h 8h] and won ($47.50) with a straight, Five to Nine
Seat 2: Psynto (button) (small blind) mucked


PokerStars Hand #160696169009:  Hold'em Limit ($3/$6 USD) - 2016/10/31 11:54:44 ET
Table 'Oppolzer' 10-max Seat #2 is the button
Seat 1: kidpokerX7 ($317.03 in chips)
Seat 2: Psynto ($117.70 in chips)
Psynto: posts small blind $1
kidpokerX7: posts big blind $3
*** HOLE CARDS ***
Psynto: raises $3 to $6
kidpokerX7: calls $3
*** FLOP *** [Qh 9d Th]
kidpokerX7: checks
Psynto: bets $3
kidpokerX7: calls $3
*** TURN *** [Qh 9d Th] [Qd]
msivokho joins the table at seat #5
kidpokerX7: checks
Psynto: bets $6
kidpokerX7: folds
Uncalled bet ($6) returned to Psynto
Psynto collected $17.64 from pot
Psynto: doesn't show hand
*** SUMMARY ***
Total pot $18 | Rake $0.36
Board [Qh 9d Th Qd]
Seat 1: kidpokerX7 (big blind) folded on the Turn
Seat 2: Psynto (button) (small blind) collected ($17.64)


PokerStars Hand #160696165240:  Hold'em Limit ($3/$6 USD) - 2016/10/31 11:54:38 ET
Table 'Oppolzer' 10-max Seat #1 is the button
Seat 1: kidpokerX7 ($318.03 in chips)
Seat 2: Psynto ($116.70 in chips)
wojkam9091 leaves the table
kidpokerX7: posts small blind $1
Psynto: posts big blind $3
*** HOLE CARDS ***
kidpokerX7: folds
Uncalled bet ($2) returned to Psynto
Psynto collected $2 from pot
Psynto: doesn't show hand
*** SUMMARY ***
Total pot $2 | Rake $0
Seat 1: kidpokerX7 (button) (small blind) folded before Flop
Seat 2: Psynto (big blind) collected ($2)


PokerStars Hand #160696159201:  Hold'em Limit ($3/$6 USD) - 2016/10/31 11:54:29 ET
Table 'Oppolzer' 10-max Seat #2 is the button
Seat 1: kidpokerX7 ($317.03 in chips)
Seat 2: Psynto ($117.70 in chips)
Psynto: posts small blind $1
kidpokerX7: posts big blind $3
*** HOLE CARDS ***
Psynto: folds
Uncalled bet ($2) returned to kidpokerX7
kidpokerX7 collected $2 from pot
kidpokerX7: doesn't show hand
*** SUMMARY ***
Total pot $2 | Rake $0
Seat 1: kidpokerX7 (big blind) collected ($2)
Seat 2: Psynto (button) (small blind) folded before Flop


PokerStars Hand #160696181556:  Hold'em Limit ($3/$6 USD) - 2016/10/31 11:55:02 ET
Table 'Oppolzer' 10-max Seat #1 is the button
Seat 1: kidpokerX7 ($308.03 in chips)
Seat 2: Psynto ($126.34 in chips)
kidpokerX7: posts small blind $1
Psynto: posts big blind $3
*** HOLE CARDS ***
kidpokerX7: folds
Uncalled bet ($2) returned to Psynto
Psynto collected $2 from pot
Psynto: doesn't show hand
*** SUMMARY ***
Total pot $2 | Rake $0
Seat 1: kidpokerX7 (button) (small blind) folded before Flop
Seat 2: Psynto (big blind) collected ($2)


PokerStars Hand #160696999777:  Hold'em Limit ($3/$6 USD) - 2016/10/31 12:15:33 ET
Table 'Oppolzer' 10-max Seat #10 is the button
Seat 6: SirRomanov ($101.58 in chips)
Seat 10: Mullern ($108.65 in chips)
Mullern: posts small blind $1
SirRomanov: posts big blind $3
*** HOLE CARDS ***
Mullern: folds
Uncalled bet ($2) returned to SirRomanov
SirRomanov collected $2 from pot
SirRomanov: doesn't show hand
*** SUMMARY ***
Total pot $2 | Rake $0
Seat 6: SirRomanov (big blind) collected ($2)
Seat 10: Mullern (button) (small blind) folded before Flop


PokerStars Hand #160696991343:  Hold'em Limit ($3/$6 USD) - 2016/10/31 12:15:21 ET
Table 'Oppolzer' 10-max Seat #6 is the button
Seat 6: SirRomanov ($95.82 in chips)
Seat 10: Mullern ($114.65 in chips)
SirRomanov: posts small blind $1
Mullern: posts big blind $3
*** HOLE CARDS ***
SirRomanov: raises $3 to $6
Mullern: calls $3
*** FLOP *** [Qd 9c 4h]
Mullern: checks
SirRomanov: bets $3
Mullern: folds
Uncalled bet ($3) returned to SirRomanov
SirRomanov collected $11.76 from pot
SirRomanov: doesn't show hand
*** SUMMARY ***
Total pot $12 | Rake $0.24
Board [Qd 9c 4h]
Seat 6: SirRomanov (button) (small blind) collected ($11.76)
Seat 10: Mullern (big blind) folded on the Flop


PokerStars Hand #160696981587:  Hold'em Limit ($3/$6 USD) - 2016/10/31 12:15:07 ET
Table 'Oppolzer' 10-max Seat #10 is the button
Seat 6: SirRomanov ($101.82 in chips)
Seat 10: Mullern ($108.89 in chips)
Mullern: posts small blind $1
SirRomanov: posts big blind $3
*** HOLE CARDS ***
Mullern: raises $3 to $6
SirRomanov: calls $3
*** FLOP *** [9c Qh Js]
SirRomanov: checks
Mullern: checks
*** TURN *** [9c Qh Js] [3d]
SirRomanov: checks
Mullern: checks
*** RIVER *** [9c Qh Js 3d] [3s]
SirRomanov: checks
Mullern: bets $6
SirRomanov: folds
Uncalled bet ($6) returned to Mullern
Mullern collected $11.76 from pot
Mullern: doesn't show hand
*** SUMMARY ***
Total pot $12 | Rake $0.24
Board [9c Qh Js 3d 3s]
Seat 6: SirRomanov (big blind) folded on the River
Seat 10: Mullern (button) (small blind) collected ($11.76)


PokerStars Hand #160696939027:  Hold'em Limit ($3/$6 USD) - 2016/10/31 12:14:06 ET
Table 'Oppolzer' 10-max Seat #10 is the button
Seat 6: SirRomanov ($117.30 in chips)
Seat 10: Mullern ($94.39 in chips)
Mullern: posts small blind $1
SirRomanov: posts big blind $3
*** HOLE CARDS ***
Mullern: raises $3 to $6
SirRomanov: calls $3
*** FLOP *** [3d Th 9h]
SirRomanov: checks
Mullern: checks
*** TURN *** [3d Th 9h] [Ah]
msivokho leaves the table
SirRomanov: checks
Mullern: bets $6
SirRomanov: calls $6
*** RIVER *** [3d Th 9h Ah] [3c]
SirRomanov: checks
Mullern: checks
*** SHOW DOWN ***
SirRomanov: shows [5d Ac] (two pair, Aces and Threes)
Mullern: mucks hand
SirRomanov collected $23.52 from pot
*** SUMMARY ***
Total pot $24 | Rake $0.48
Board [3d Th 9h Ah 3c]
Seat 6: SirRomanov (big blind) showed [5d Ac] and won ($23.52) with two pair, Aces and Threes
Seat 10: Mullern (button) (small blind) mucked


PokerStars Hand #160696952623:  Hold'em Limit ($3/$6 USD) - 2016/10/31 12:14:26 ET
Table 'Oppolzer' 10-max Seat #10 is the button
Seat 6: SirRomanov ($131.82 in chips)
Seat 10: Mullern ($79.39 in chips)
Mullern: posts small blind $1
SirRomanov: posts big blind $3
*** HOLE CARDS ***
Mullern: folds
Uncalled bet ($2) returned to SirRomanov
SirRomanov collected $2 from pot
SirRomanov: doesn't show hand
*** SUMMARY ***
Total pot $2 | Rake $0
Seat 6: SirRomanov (big blind) collected ($2)
Seat 10: Mullern (button) (small blind) folded before Flop


PokerStars Hand #160696949467:  Hold'em Limit ($3/$6 USD) - 2016/10/31 12:14:21 ET
Table 'Oppolzer' 10-max Seat #6 is the button
Seat 6: SirRomanov ($128.82 in chips)
Seat 10: Mullern ($82.39 in chips)
SirRomanov: posts small blind $1
Mullern: posts big blind $3
*** HOLE CARDS ***
SirRomanov: raises $3 to $6
Mullern: folds
Uncalled bet ($3) returned to SirRomanov
SirRomanov collected $6 from pot
SirRomanov: doesn't show hand
*** SUMMARY ***
Total pot $6 | Rake $0
Seat 6: SirRomanov (button) (small blind) collected ($6)
Seat 10: Mullern (big blind) folded before Flop


PokerStars Hand #160696958942:  Hold'em Limit ($3/$6 USD) - 2016/10/31 12:14:35 ET
Table 'Oppolzer' 10-max Seat #10 is the button
Seat 6: SirRomanov ($131.82 in chips)
Seat 10: Mullern ($79.39 in chips)
Mullern: posts small blind $1
SirRomanov: posts big blind $3
*** HOLE CARDS ***
Mullern: raises $3 to $6
SirRomanov: folds
Uncalled bet ($3) returned to Mullern
Mullern collected $6 from pot
Mullern: doesn't show hand
*** SUMMARY ***
Total pot $6 | Rake $0
Seat 6: SirRomanov (big blind) folded before Flop
Seat 10: Mullern (button) (small blind) collected ($6)


PokerStars Hand #160696955573:  Hold'em Limit ($3/$6 USD) - 2016/10/31 12:14:30 ET
Table 'Oppolzer' 10-max Seat #6 is the button
Seat 6: SirRomanov ($132.82 in chips)
Seat 10: Mullern ($78.39 in chips)
SirRomanov: posts small blind $1
Mullern: posts big blind $3
*** HOLE CARDS ***
SirRomanov: folds
Uncalled bet ($2) returned to Mullern
Mullern collected $2 from pot
Mullern: doesn't show hand
*** SUMMARY ***
Total pot $2 | Rake $0
Seat 6: SirRomanov (button) (small blind) folded before Flop
Seat 10: Mullern (big blind) collected ($2)


PokerStars Hand #160696975108:  Hold'em Limit ($3/$6 USD) - 2016/10/31 12:14:58 ET
Table 'Oppolzer' 10-max Seat #10 is the button
Seat 6: SirRomanov ($101.82 in chips)
Seat 10: Mullern ($108.89 in chips)
Mullern: posts small blind $1
SirRomanov: posts big blind $3
*** HOLE CARDS ***
Mullern: folds
Uncalled bet ($2) returned to SirRomanov
SirRomanov collected $2 from pot
SirRomanov: doesn't show hand
*** SUMMARY ***
Total pot $2 | Rake $0
Seat 6: SirRomanov (big blind) collected ($2)
Seat 10: Mullern (button) (small blind) folded before Flop


PokerStars Hand #160696962671:  Hold'em Limit ($3/$6 USD) - 2016/10/31 12:14:40 ET
Table 'Oppolzer' 10-max Seat #6 is the button
Seat 6: SirRomanov ($128.82 in chips)
Seat 10: Mullern ($82.39 in chips)
SirRomanov: posts small blind $1
Mullern: posts big blind $3
*** HOLE CARDS ***
SirRomanov: raises $3 to $6
Mullern: calls $3
*** FLOP *** [Qh Ks 2c]
Mullern: checks
SirRomanov: bets $3
Mullern: calls $3
*** TURN *** [Qh Ks 2c] [6d]
Mullern: checks
SirRomanov: bets $6
Mullern: calls $6
*** RIVER *** [Qh Ks 2c 6d] [Qs]
Mullern: checks
SirRomanov: bets $6
Mullern: raises $6 to $12
SirRomanov: calls $6
*** SHOW DOWN ***
Mullern: shows [Ah Qc] (three of a kind, Queens)
SirRomanov: mucks hand
Mullern collected $53.50 from pot
*** SUMMARY ***
Total pot $54 | Rake $0.50
Board [Qh Ks 2c 6d Qs]
Seat 6: SirRomanov (button) (small blind) mucked
Seat 10: Mullern (big blind) showed [Ah Qc] and won ($53.50) with three of a kind, Queens


PokerStars Hand #160696978557:  Hold'em Limit ($3/$6 USD) - 2016/10/31 12:15:03 ET
Table 'Oppolzer' 10-max Seat #6 is the button
Seat 6: SirRomanov ($102.82 in chips)
Seat 10: Mullern ($107.89 in chips)
SirRomanov: posts small blind $1
Mullern: posts big blind $3
*** HOLE CARDS ***
SirRomanov: folds
Uncalled bet ($2) returned to Mullern
Mullern collected $2 from pot
Mullern: doesn't show hand
*** SUMMARY ***
Total pot $2 | Rake $0
Seat 6: SirRomanov (button) (small blind) folded before Flop
Seat 10: Mullern (big blind) collected ($2)


PokerStars Hand #160697024879:  Hold'em Limit ($3/$6 USD) - 2016/10/31 12:16:08 ET
Table 'Oppolzer' 10-max Seat #10 is the button
Seat 6: SirRomanov ($120.10 in chips)
Seat 10: Mullern ($89.65 in chips)
Mullern: posts small blind $1
SirRomanov: posts big blind $3
*** HOLE CARDS ***
Mullern: raises $3 to $6
SirRomanov: folds
Uncalled bet ($3) returned to Mullern
Mullern collected $6 from pot
Mullern: doesn't show hand
*** SUMMARY ***
Total pot $6 | Rake $0
Seat 6: SirRomanov (big blind) folded before Flop
Seat 10: Mullern (button) (small blind) collected ($6)


PokerStars Hand #160697021526:  Hold'em Limit ($3/$6 USD) - 2016/10/31 12:16:03 ET
Table 'Oppolzer' 10-max Seat #6 is the button
Seat 6: SirRomanov ($117.10 in chips)
Seat 10: Mullern ($92.65 in chips)
SirRomanov: posts small blind $1
Mullern: posts big blind $3
*** HOLE CARDS ***
SirRomanov: raises $3 to $6
Mullern: folds
Uncalled bet ($3) returned to SirRomanov
SirRomanov collected $6 from pot
SirRomanov: doesn't show hand
*** SUMMARY ***
Total pot $6 | Rake $0
Seat 6: SirRomanov (button) (small blind) collected ($6)
Seat 10: Mullern (big blind) folded before Flop


PokerStars Hand #160697012732:  Hold'em Limit ($3/$6 USD) - 2016/10/31 12:15:51 ET
Table 'Oppolzer' 10-max Seat #10 is the button
Seat 6: SirRomanov ($105.58 in chips)
Seat 10: Mullern ($104.65 in chips)
Mullern: posts small blind $1
SirRomanov: posts big blind $3
*** HOLE CARDS ***
Mullern: raises $3 to $6
SirRomanov: calls $3
*** FLOP *** [Ks 4h 6s]
SirRomanov: checks
Mullern: bets $3
SirRomanov: raises $3 to $6
Mullern: calls $3
*** TURN *** [Ks 4h 6s] [4s]
SirRomanov: bets $6
Mullern: folds
Uncalled bet ($6) returned to SirRomanov
SirRomanov collected $23.52 from pot
SirRomanov: doesn't show hand
*** SUMMARY ***
Total pot $24 | Rake $0.48
Board [Ks 4h 6s 4s]
Seat 6: SirRomanov (big blind) collected ($23.52)
Seat 10: Mullern (button) (small blind) folded on the Turn


PokerStars Hand #160697004532:  Hold'em Limit ($3/$6 USD) - 2016/10/31 12:15:40 ET
Table 'Oppolzer' 10-max Seat #6 is the button
Seat 6: SirRomanov ($102.58 in chips)
Seat 10: Mullern ($107.65 in chips)
SirRomanov: posts small blind $1
Mullern: posts big blind $3
*** HOLE CARDS ***
SirRomanov: raises $3 to $6
Mullern: folds
Uncalled bet ($3) returned to SirRomanov
SirRomanov collected $6 from pot
SirRomanov: doesn't show hand
*** SUMMARY ***
Total pot $6 | Rake $0
Seat 6: SirRomanov (button) (small blind) collected ($6)
Seat 10: Mullern (big blind) folded before Flop


PokerStars Hand #160697028482:  Hold'em Limit ($3/$6 USD) - 2016/10/31 12:16:13 ET
Table 'Oppolzer' 10-max Seat #6 is the button
Seat 6: SirRomanov ($117.10 in chips)
Seat 10: Mullern ($92.65 in chips)
SirRomanov: posts small blind $1
Mullern: posts big blind $3
*** HOLE CARDS ***
SirRomanov: raises $3 to $6
Mullern: calls $3
*** FLOP *** [4c 7c Ad]
Mullern: checks
SirRomanov: bets $3
tamnt10549 joins the table at seat #2
Mullern: calls $3
*** TURN *** [4c 7c Ad] [7h]
Mullern: checks
MikeMcD leaves the table
SirRomanov: bets $6
Mullern: raises $6 to $12
SirRomanov: calls $6
*** RIVER *** [4c 7c Ad 7h] [4h]
Mullern: checks
SirRomanov: bets $6
Mullern: calls $6
*** SHOW DOWN ***
SirRomanov: shows [Ah Qs] (two pair, Aces and Sevens)
Mullern: mucks hand
SirRomanov collected $53.50 from pot
*** SUMMARY ***
Total pot $54 | Rake $0.50
Board [4c 7c Ad 7h 4h]
Seat 6: SirRomanov (button) (small blind) showed [Ah Qs] and won ($53.50) with two pair, Aces and Sevens
Seat 10: Mullern (big blind) mucked


PokerStars Hand #160698067661:  Hold'em Limit ($3/$6 USD) - 2016/10/31 12:40:17 ET
Table 'Oppolzer' 10-max Seat #6 is the button
Seat 3: TinaTurner72 ($129.12 in chips)
Seat 6: kidpokerX7 ($121.64 in chips)
kidpokerX7: posts small blind $1
TinaTurner72: posts big blind $3
*** HOLE CARDS ***
kidpokerX7: raises $3 to $6
TinaTurner72: calls $3
*** FLOP *** [Ah Ad Th]
TinaTurner72: checks
kidpokerX7: bets $3
TinaTurner72: folds
Uncalled bet ($3) returned to kidpokerX7
kidpokerX7 collected $11.76 from pot
kidpokerX7: doesn't show hand
*** SUMMARY ***
Total pot $12 | Rake $0.24
Board [Ah Ad Th]
Seat 3: TinaTurner72 (big blind) folded on the Flop
Seat 6: kidpokerX7 (button) (small blind) collected ($11.76)


PokerStars Hand #160698085102:  Hold'em Limit ($3/$6 USD) - 2016/10/31 12:40:41 ET
Table 'Oppolzer' 10-max Seat #3 is the button
Seat 3: TinaTurner72 ($123.12 in chips)
Seat 6: kidpokerX7 ($127.40 in chips)
TinaTurner72: posts small blind $1
kidpokerX7: posts big blind $3
*** HOLE CARDS ***
TinaTurner72: raises $3 to $6
kidpokerX7: calls $3
*** FLOP *** [3d 6d Kc]
kidpokerX7: checks
TinaTurner72: bets $3
kidpokerX7: raises $3 to $6
TinaTurner72: calls $3
*** TURN *** [3d 6d Kc] [2d]
kidpokerX7: bets $6
TinaTurner72: calls $6
*** RIVER *** [3d 6d Kc 2d] [7s]
kidpokerX7: bets $6
TinaTurner72: calls $6
*** SHOW DOWN ***
kidpokerX7: shows [2h Kd] (two pair, Kings and Deuces)
TinaTurner72: mucks hand
kidpokerX7 collected $47.50 from pot
*** SUMMARY ***
Total pot $48 | Rake $0.50
Board [3d 6d Kc 2d 7s]
Seat 3: TinaTurner72 (button) (small blind) mucked
Seat 6: kidpokerX7 (big blind) showed [2h Kd] and won ($47.50) with two pair, Kings and Deuces


PokerStars Hand #160698113305:  Hold'em Limit ($3/$6 USD) - 2016/10/31 12:41:20 ET
Table 'Oppolzer' 10-max Seat #6 is the button
Seat 3: TinaTurner72 ($99.12 in chips)
Seat 6: kidpokerX7 ($150.90 in chips)
kidpokerX7: posts small blind $1
TinaTurner72: posts big blind $3
*** HOLE CARDS ***
kidpokerX7: raises $3 to $6
TinaTurner72: raises $3 to $9
kidpokerX7: calls $3
*** FLOP *** [3d Qd As]
TinaTurner72: bets $3
kidpokerX7: calls $3
*** TURN *** [3d Qd As] [7h]
TinaTurner72: bets $6
kidpokerX7: calls $6
*** RIVER *** [3d Qd As 7h] [4h]
TinaTurner72: bets $6
kidpokerX7: folds
Uncalled bet ($6) returned to TinaTurner72
TinaTurner72 collected $35.50 from pot
TinaTurner72: doesn't show hand
*** SUMMARY ***
Total pot $36 | Rake $0.50
Board [3d Qd As 7h 4h]
Seat 3: TinaTurner72 (big blind) collected ($35.50)
Seat 6: kidpokerX7 (button) (small blind) folded on the River


PokerStars Hand #160698164055:  Hold'em Limit ($3/$6 USD) - 2016/10/31 12:42:29 ET
Table 'Oppolzer' 10-max Seat #6 is the button
Seat 3: TinaTurner72 ($125.26 in chips)
Seat 6: kidpokerX7 ($123.90 in chips)
kidpokerX7: posts small blind $1
TinaTurner72: posts big blind $3
*** HOLE CARDS ***
kidpokerX7: raises $3 to $6
TinaTurner72: calls $3
*** FLOP *** [Tc 5d 9d]
TinaTurner72: checks
kidpokerX7: bets $3
TinaTurner72: folds
Uncalled bet ($3) returned to kidpokerX7
kidpokerX7 collected $11.76 from pot
kidpokerX7: doesn't show hand
*** SUMMARY ***
Total pot $12 | Rake $0.24
Board [Tc 5d 9d]
Seat 3: TinaTurner72 (big blind) folded on the Flop
Seat 6: kidpokerX7 (button) (small blind) collected ($11.76)


PokerStars Hand #160698139868:  Hold'em Limit ($3/$6 USD) - 2016/10/31 12:41:56 ET
Table 'Oppolzer' 10-max Seat #3 is the button
Seat 3: TinaTurner72 ($116.62 in chips)
Seat 6: kidpokerX7 ($132.90 in chips)
TinaTurner72: posts small blind $1
kidpokerX7: posts big blind $3
*** HOLE CARDS ***
TinaTurner72: raises $3 to $6
kidpokerX7: calls $3
*** FLOP *** [7s 4d Jd]
kidpokerX7: checks
TinaTurner72: bets $3
kidpokerX7: calls $3
*** TURN *** [7s 4d Jd] [2h]
kidpokerX7: checks
TinaTurner72: bets $6
kidpokerX7: folds
Uncalled bet ($6) returned to TinaTurner72
TinaTurner72 collected $17.64 from pot
TinaTurner72: doesn't show hand
*** SUMMARY ***
Total pot $18 | Rake $0.36
Board [7s 4d Jd 2h]
Seat 3: TinaTurner72 (button) (small blind) collected ($17.64)
Seat 6: kidpokerX7 (big blind) folded on the Turn


PokerStars Hand #160698209961:  Hold'em Limit ($3/$6 USD) - 2016/10/31 12:43:32 ET
Table 'Oppolzer' 10-max Seat #6 is the button
Seat 3: TinaTurner72 ($107.26 in chips)
Seat 6: kidpokerX7 ($141.18 in chips)
kidpokerX7: posts small blind $1
TinaTurner72: posts big blind $3
*** HOLE CARDS ***
kidpokerX7: folds
Uncalled bet ($2) returned to TinaTurner72
TinaTurner72 collected $2 from pot
TinaTurner72: doesn't show hand
*** SUMMARY ***
Total pot $2 | Rake $0
Seat 3: TinaTurner72 (big blind) collected ($2)
Seat 6: kidpokerX7 (button) (small blind) folded before Flop


PokerStars Hand #160698174677:  Hold'em Limit ($3/$6 USD) - 2016/10/31 12:42:44 ET
Table 'Oppolzer' 10-max Seat #3 is the button
Seat 3: TinaTurner72 ($119.26 in chips)
Seat 6: kidpokerX7 ($129.66 in chips)
TinaTurner72: posts small blind $1
kidpokerX7: posts big blind $3
*** HOLE CARDS ***
TinaTurner72: raises $3 to $6
kidpokerX7: calls $3
*** FLOP *** [2s Qd 5c]
kidpokerX7: checks
TinaTurner72: bets $3
kidpokerX7: raises $3 to $6
TinaTurner72: calls $3
*** TURN *** [2s Qd 5c] [Kc]
kidpokerX7: bets $6
TinaTurner72: folds
Uncalled bet ($6) returned to kidpokerX7
kidpokerX7 collected $23.52 from pot
kidpokerX7: doesn't show hand
*** SUMMARY ***
Total pot $24 | Rake $0.48
Board [2s Qd 5c Kc]
Seat 3: TinaTurner72 (button) (small blind) folded on the Turn
Seat 6: kidpokerX7 (big blind) collected ($23.52)


PokerStars Hand #160698213303:  Hold'em Limit ($3/$6 USD) - 2016/10/31 12:43:36 ET
Table 'Oppolzer' 10-max Seat #3 is the button
Seat 3: TinaTurner72 ($108.26 in chips)
Seat 6: kidpokerX7 ($140.18 in chips)
TinaTurner72: posts small blind $1
kidpokerX7: posts big blind $3
*** HOLE CARDS ***
TinaTurner72: raises $3 to $6
kidpokerX7: raises $3 to $9
TinaTurner72: calls $3
*** FLOP *** [4d 7c 4h]
kidpokerX7: bets $3
TinaTurner72: raises $3 to $6
kidpokerX7: calls $3
*** TURN *** [4d 7c 4h] [9h]
kidpokerX7: checks
TinaTurner72: bets $6
kidpokerX7: calls $6
*** RIVER *** [4d 7c 4h 9h] [8s]
kidpokerX7: checks
TinaTurner72: bets $6
kidpokerX7: calls $6
*** SHOW DOWN ***
TinaTurner72: shows [7d 7s] (a full house, Sevens full of Fours)
kidpokerX7: mucks hand
TinaTurner72 collected $53.50 from pot
*** SUMMARY ***
Total pot $54 | Rake $0.50
Board [4d 7c 4h 9h 8s]
Seat 3: TinaTurner72 (button) (small blind) showed [7d 7s] and won ($53.50) with a full house, Sevens full of Fours
Seat 6: kidpokerX7 (big blind) mucked


PokerStars Hand #160698269450:  Hold'em Limit ($3/$6 USD) - 2016/10/31 12:44:40 ET
Table 'Oppolzer' 10-max Seat #6 is the button
Seat 3: TinaTurner72 ($134.76 in chips)
Seat 6: kidpokerX7 ($113.18 in chips)
kidpokerX7: posts small blind $1
TinaTurner72: posts big blind $3
*** HOLE CARDS ***
kidpokerX7: raises $3 to $6
TinaTurner72: raises $3 to $9
kidpokerX7: calls $3
*** FLOP *** [6s 3d 8s]
TinaTurner72: bets $3
kidpokerX7: raises $3 to $6
TinaTurner72: calls $3
*** TURN *** [6s 3d 8s] [8d]
TinaTurner72: checks
kidpokerX7: bets $6
SLK500 joins the table at seat #1
TinaTurner72: folds
Uncalled bet ($6) returned to kidpokerX7
kidpokerX7 collected $29.50 from pot
kidpokerX7: doesn't show hand
*** SUMMARY ***
Total pot $30 | Rake $0.50
Board [6s 3d 8s 8d]
Seat 3: TinaTurner72 (big blind) folded on the Turn
Seat 6: kidpokerX7 (button) (small blind) collected ($29.50)


PokerStars Hand #160698300945:  Hold'em Limit ($3/$6 USD) - 2016/10/31 12:45:22 ET
Table 'Oppolzer' 10-max Seat #3 is the button
Seat 3: TinaTurner72 ($119.76 in chips)
Seat 6: kidpokerX7 ($127.68 in chips)
TinaTurner72: posts small blind $1
kidpokerX7: posts big blind $3
*** HOLE CARDS ***
TinaTurner72: raises $3 to $6
kidpokerX7: raises $3 to $9
TinaTurner72: calls $3
*** FLOP *** [5s 3d 8s]
kidpokerX7: bets $3
TinaTurner72: raises $3 to $6
kidpokerX7: calls $3
*** TURN *** [5s 3d 8s] [4s]
kidpokerX7: checks
TinaTurner72: bets $6
kidpokerX7: calls $6
*** RIVER *** [5s 3d 8s 4s] [8d]
kidpokerX7: checks
TinaTurner72: bets $6
kidpokerX7: folds
Uncalled bet ($6) returned to TinaTurner72
TinaTurner72 collected $41.50 from pot
TinaTurner72: doesn't show hand
*** SUMMARY ***
Total pot $42 | Rake $0.50
Board [5s 3d 8s 4s 8d]
Seat 3: TinaTurner72 (button) (small blind) collected ($41.50)
Seat 6: kidpokerX7 (big blind) folded on the River


PokerStars Hand #160698348146:  Hold'em Limit ($3/$6 USD) - 2016/10/31 12:46:26 ET
Table 'Oppolzer' 10-max Seat #1 is the button
Seat 1: SLK500 ($117 in chips)
Seat 6: kidpokerX7 ($105.68 in chips)
SLK500: posts small blind $1
TinaTurner72: is sitting out
kidpokerX7: posts big blind $3
*** HOLE CARDS ***
SLK500: folds
Uncalled bet ($2) returned to kidpokerX7
kidpokerX7 collected $2 from pot
kidpokerX7: doesn't show hand
*** SUMMARY ***
Total pot $2 | Rake $0
Seat 1: SLK500 (button) (small blind) folded before Flop
Seat 6: kidpokerX7 (big blind) collected ($2)


