PokerStars Hand #161066831468:  Hold'em Limit ($3/$6 USD) - 2016/11/07 18:21:34 ET
Table 'Orchis' 10-max Seat #1 is the button
Seat 1: mylifeluvsol ($24.50 in chips)
Seat 4: Chessnok ($93.29 in chips)
mylifeluvsol: posts small blind $1
S.sybev: is sitting out
Chessnok: posts big blind $3
*** HOLE CARDS ***
mylifeluvsol: raises $3 to $6
Chessnok: calls $3
*** FLOP *** [Ts 9d 5d]
Chessnok: checks
mylifeluvsol: bets $3
Chessnok: calls $3
*** TURN *** [Ts 9d 5d] [Jh]
Chessnok: bets $6
ToDaFelt joins the table at seat #9
mylifeluvsol: folds
Uncalled bet ($6) returned to Chessnok
charlys65 joins the table at seat #8
Chessnok collected $17.64 from pot
Chessnok: doesn't show hand
*** SUMMARY ***
Total pot $18 | Rake $0.36
Board [Ts 9d 5d Jh]
Seat 1: mylifeluvsol (button) (small blind) folded on the Turn
Seat 4: Chessnok (big blind) collected ($17.64)


PokerStars Hand #161067764188:  Hold'em Limit ($3/$6 USD) - 2016/11/07 18:42:16 ET
Table 'Orchis' 10-max Seat #2 is the button
Seat 2: kimsen ($372.44 in chips)
Seat 9: ToDaFelt ($88.76 in chips)
kimsen: posts small blind $1
ToDaFelt: posts big blind $3
*** HOLE CARDS ***
kimsen: folds
Uncalled bet ($2) returned to ToDaFelt
ToDaFelt collected $2 from pot
ToDaFelt: doesn't show hand
*** SUMMARY ***
Total pot $2 | Rake $0
Seat 2: kimsen (button) (small blind) folded before Flop
Seat 9: ToDaFelt (big blind) collected ($2)


PokerStars Hand #161067774874:  Hold'em Limit ($3/$6 USD) - 2016/11/07 18:42:31 ET
Table 'Orchis' 10-max Seat #2 is the button
Seat 2: kimsen ($368.44 in chips)
Seat 9: ToDaFelt ($92.76 in chips)
kimsen: posts small blind $1
ToDaFelt: posts big blind $3
*** HOLE CARDS ***
kimsen: folds
Uncalled bet ($2) returned to ToDaFelt
ToDaFelt collected $2 from pot
ToDaFelt: doesn't show hand
*** SUMMARY ***
Total pot $2 | Rake $0
Seat 2: kimsen (button) (small blind) folded before Flop
Seat 9: ToDaFelt (big blind) collected ($2)


PokerStars Hand #161067769159:  Hold'em Limit ($3/$6 USD) - 2016/11/07 18:42:23 ET
Table 'Orchis' 10-max Seat #9 is the button
Seat 2: kimsen ($371.44 in chips)
Seat 9: ToDaFelt ($89.76 in chips)
ToDaFelt: posts small blind $1
kimsen: posts big blind $3
*** HOLE CARDS ***
ToDaFelt: raises $3 to $6
kimsen: folds
Uncalled bet ($3) returned to ToDaFelt
ToDaFelt collected $6 from pot
ToDaFelt: doesn't show hand
*** SUMMARY ***
Total pot $6 | Rake $0
Seat 2: kimsen (big blind) folded before Flop
Seat 9: ToDaFelt (button) (small blind) collected ($6)


