PokerStars Hand #162136652118:  Hold'em Limit ($3/$6 USD) - 2016/11/29 9:04:55 ET
Table 'Orchis II' 6-max Seat #2 is the button
Seat 1: Dennis410 ($109 in chips)
Seat 2: kolaz03 ($87.50 in chips)
kolaz03: posts small blind $1
Dennis410: posts big blind $3
*** HOLE CARDS ***
kolaz03: raises $3 to $6
Dennis410: calls $3
*** FLOP *** [6d 6c Qh]
Dennis410: checks
kolaz03: bets $3
Dennis410: folds
Uncalled bet ($3) returned to kolaz03
kolaz03 collected $11.76 from pot
kolaz03: doesn't show hand
*** SUMMARY ***
Total pot $12 | Rake $0.24
Board [6d 6c Qh]
Seat 1: Dennis410 (big blind) folded on the Flop
Seat 2: kolaz03 (button) (small blind) collected ($11.76)


PokerStars Hand #162136690744:  Hold'em Limit ($3/$6 USD) - 2016/11/29 9:05:58 ET
Table 'Orchis II' 6-max Seat #1 is the button
Seat 1: Dennis410 ($126.50 in chips)
Seat 2: kolaz03 ($72 in chips)
Dennis410: posts small blind $1
kolaz03: posts big blind $3
*** HOLE CARDS ***
Dennis410: folds
Uncalled bet ($2) returned to kolaz03
kolaz03 collected $2 from pot
kolaz03: doesn't show hand
*** SUMMARY ***
Total pot $2 | Rake $0
Seat 1: Dennis410 (button) (small blind) folded before Flop
Seat 2: kolaz03 (big blind) collected ($2)


PokerStars Hand #162136665912:  Hold'em Limit ($3/$6 USD) - 2016/11/29 9:05:16 ET
Table 'Orchis II' 6-max Seat #2 is the button
Seat 1: Dennis410 ($106 in chips)
Seat 2: kolaz03 ($90.26 in chips)
kolaz03: posts small blind $1
Dennis410: posts big blind $3
*** HOLE CARDS ***
kolaz03: raises $3 to $6
Dennis410: calls $3
*** FLOP *** [2d Kd 5d]
Maagzmey joins the table at seat #3
Dennis410: checks
kolaz03: bets $3
Dennis410: calls $3
*** TURN *** [2d Kd 5d] [3s]
Dennis410: checks
kolaz03: bets $6
Dennis410: raises $6 to $12
kolaz03: calls $6
*** RIVER *** [2d Kd 5d 3s] [6s]
vestimokrec joins the table at seat #4
Dennis410: bets $6
kolaz03: folds
Uncalled bet ($6) returned to Dennis410
vestimokrec leaves the table
Dennis410 collected $41.50 from pot
*** SUMMARY ***
Total pot $42 | Rake $0.50
Board [2d Kd 5d 3s 6s]
Seat 1: Dennis410 (big blind) collected ($41.50)
Seat 2: kolaz03 (button) (small blind) folded on the River


PokerStars Hand #162137380438:  Hold'em Limit ($3/$6 USD) - 2016/11/29 9:24:55 ET
Table 'Orchis II' 6-max Seat #3 is the button
Seat 2: kolaz03 ($130.44 in chips)
Seat 3: RockKillerTY ($119.43 in chips)
RockKillerTY: posts small blind $1
kolaz03: posts big blind $3
*** HOLE CARDS ***
RockKillerTY: raises $3 to $6
kolaz03: calls $3
*** FLOP *** [Kd 8h 4d]
kolaz03: checks
RockKillerTY: bets $3
kolaz03: raises $3 to $6
RockKillerTY: calls $3
*** TURN *** [Kd 8h 4d] [Tc]
kolaz03: bets $6
RockKillerTY: raises $6 to $12
Dennis410 joins the table at seat #5
kolaz03: folds
Uncalled bet ($6) returned to RockKillerTY
RockKillerTY collected $35.50 from pot
RockKillerTY: doesn't show hand
*** SUMMARY ***
Total pot $36 | Rake $0.50
Board [Kd 8h 4d Tc]
Seat 2: kolaz03 (big blind) folded on the Turn
Seat 3: RockKillerTY (button) (small blind) collected ($35.50)


PokerStars Hand #162137429122:  Hold'em Limit ($3/$6 USD) - 2016/11/29 9:26:15 ET
Table 'Orchis II' 6-max Seat #5 is the button
Seat 5: Dennis410 ($93.58 in chips)
Seat 6: kolaz03 ($72 in chips)
Dennis410: posts small blind $1
kolaz03: posts big blind $3
*** HOLE CARDS ***
Dennis410: raises $3 to $6
kolaz03: folds
Uncalled bet ($3) returned to Dennis410
Dennis410 collected $6 from pot
*** SUMMARY ***
Total pot $6 | Rake $0
Seat 5: Dennis410 (button) (small blind) collected ($6)
Seat 6: kolaz03 (big blind) folded before Flop


PokerStars Hand #162137434644:  Hold'em Limit ($3/$6 USD) - 2016/11/29 9:26:24 ET
Table 'Orchis II' 6-max Seat #6 is the button
Seat 5: Dennis410 ($96.58 in chips)
Seat 6: kolaz03 ($72 in chips)
kolaz03: posts small blind $1
Dennis410: posts big blind $3
*** HOLE CARDS ***
RockKillerTY leaves the table
kolaz03: raises $3 to $6
Dennis410: calls $3
*** FLOP *** [8s Js Tc]
Dennis410: checks
kolaz03: bets $3
Dennis410: raises $3 to $6
kolaz03: folds
Uncalled bet ($3) returned to Dennis410
Dennis410 collected $17.64 from pot
*** SUMMARY ***
Total pot $18 | Rake $0.36
Board [8s Js Tc]
Seat 5: Dennis410 (big blind) collected ($17.64)
Seat 6: kolaz03 (button) (small blind) folded on the Flop


PokerStars Hand #162138676806:  Hold'em Limit ($3/$6 USD) - 2016/11/29 9:59:34 ET
Table 'Orchis II' 6-max Seat #4 is the button
Seat 3: KIT426 ($114.27 in chips)
Seat 4: sinsadir ($120.61 in chips)
sinsadir: posts small blind $1
TinaTurner72: is sitting out
KIT426: posts big blind $3
*** HOLE CARDS ***
TinaTurner72 leaves the table
sinsadir: raises $3 to $6
KIT426: folds
Uncalled bet ($3) returned to sinsadir
sinsadir collected $6 from pot
sinsadir: doesn't show hand
*** SUMMARY ***
Total pot $6 | Rake $0
Seat 3: KIT426 (big blind) folded before Flop
Seat 4: sinsadir (button) (small blind) collected ($6)


