PokerStars Hand #167808041792:  Hold'em Limit ($3/$6 USD) - 2017/03/19 12:18:28 ET
Table 'Orestes' 6-max Seat #4 is the button
Seat 1: zorantoronto ($144.50 in chips)
Seat 4: Actionni13 ($150 in chips)
Actionni13: posts small blind $1
zorantoronto: posts big blind $3
*** HOLE CARDS ***
Actionni13: raises $3 to $6
zorantoronto: calls $3
*** FLOP *** [3s Tc 6s]
zorantoronto: checks
Actionni13: bets $3
zorantoronto: folds
Uncalled bet ($3) returned to Actionni13
Actionni13 collected $11.76 from pot
Actionni13: doesn't show hand
*** SUMMARY ***
Total pot $12 | Rake $0.24
Board [3s Tc 6s]
Seat 1: zorantoronto (big blind) folded on the Flop
Seat 4: Actionni13 (button) (small blind) collected ($11.76)


PokerStars Hand #167808035042:  Hold'em Limit ($3/$6 USD) - 2017/03/19 12:18:20 ET
Table 'Orestes' 6-max Seat #1 is the button
Seat 1: zorantoronto ($141.50 in chips)
Seat 4: Actionni13 ($150 in chips)
zorantoronto: posts small blind $1
Actionni13: posts big blind $3
*** HOLE CARDS ***
zorantoronto: raises $3 to $6
Actionni13: folds
Uncalled bet ($3) returned to zorantoronto
zorantoronto collected $6 from pot
zorantoronto: doesn't show hand
*** SUMMARY ***
Total pot $6 | Rake $0
Seat 1: zorantoronto (button) (small blind) collected ($6)
Seat 4: Actionni13 (big blind) folded before Flop


PokerStars Hand #167808031219:  Hold'em Limit ($3/$6 USD) - 2017/03/19 12:18:15 ET
Table 'Orestes' 6-max Seat #4 is the button
Seat 1: zorantoronto ($140.50 in chips)
Seat 4: Actionni13 ($150 in chips)
Actionni13: posts small blind $1
zorantoronto: posts big blind $3
*** HOLE CARDS ***
Actionni13: folds
Uncalled bet ($2) returned to zorantoronto
zorantoronto collected $2 from pot
zorantoronto: doesn't show hand
*** SUMMARY ***
Total pot $2 | Rake $0
Seat 1: zorantoronto (big blind) collected ($2)
Seat 4: Actionni13 (button) (small blind) folded before Flop


PokerStars Hand #167808008718:  Hold'em Limit ($3/$6 USD) - 2017/03/19 12:17:49 ET
Table 'Orestes' 6-max Seat #1 is the button
Seat 1: zorantoronto ($120 in chips)
Seat 4: Actionni13 ($150 in chips)
zorantoronto: posts small blind $1
Actionni13: posts big blind $3
*** HOLE CARDS ***
zorantoronto: raises $3 to $6
Actionni13: raises $3 to $9
zorantoronto: calls $3
*** FLOP *** [3c 3s As]
Actionni13: bets $3
zorantoronto: raises $3 to $6
Actionni13: calls $3
*** TURN *** [3c 3s As] [5s]
Actionni13: checks
zorantoronto: bets $6
Actionni13: calls $6
*** RIVER *** [3c 3s As 5s] [8s]
Actionni13: checks
zorantoronto: checks
*** SHOW DOWN ***
Actionni13: shows [Td Kd] (a pair of Threes)
zorantoronto: shows [5c 4d] (two pair, Fives and Threes)
zorantoronto collected $41.50 from pot
*** SUMMARY ***
Total pot $42 | Rake $0.50
Board [3c 3s As 5s 8s]
Seat 1: zorantoronto (button) (small blind) showed [5c 4d] and won ($41.50) with two pair, Fives and Threes
Seat 4: Actionni13 (big blind) showed [Td Kd] and lost with a pair of Threes


PokerStars Hand #167808091585:  Hold'em Limit ($3/$6 USD) - 2017/03/19 12:19:15 ET
Table 'Orestes' 6-max Seat #4 is the button
Seat 1: zorantoronto ($157 in chips)
Seat 4: Actionni13 ($150 in chips)
Actionni13: posts small blind $1
zorantoronto: posts big blind $3
*** HOLE CARDS ***
Actionni13: folds
Uncalled bet ($2) returned to zorantoronto
zorantoronto collected $2 from pot
zorantoronto: doesn't show hand
*** SUMMARY ***
Total pot $2 | Rake $0
Seat 1: zorantoronto (big blind) collected ($2)
Seat 4: Actionni13 (button) (small blind) folded before Flop


PokerStars Hand #167808071093:  Hold'em Limit ($3/$6 USD) - 2017/03/19 12:18:51 ET
Table 'Orestes' 6-max Seat #1 is the button
Seat 1: zorantoronto ($142.50 in chips)
Seat 4: Actionni13 ($151.76 in chips)
zorantoronto: posts small blind $1
Actionni13: posts big blind $3
*** HOLE CARDS ***
Scheubi88 joins the table at seat #2
zorantoronto: calls $2
Actionni13: raises $3 to $6
zorantoronto: calls $3
*** FLOP *** [9d 4s 2d]
Actionni13: checks
zorantoronto: bets $3
Actionni13: calls $3
*** TURN *** [9d 4s 2d] [Js]
Actionni13: checks
zorantoronto: checks
*** RIVER *** [9d 4s 2d Js] [9c]
Actionni13: checks
zorantoronto: bets $6
Actionni13: calls $6
*** SHOW DOWN ***
zorantoronto: shows [Ks 2c] (two pair, Nines and Deuces)
Actionni13: mucks hand
zorantoronto collected $29.50 from pot
*** SUMMARY ***
Total pot $30 | Rake $0.50
Board [9d 4s 2d Js 9c]
Seat 1: zorantoronto (button) (small blind) showed [Ks 2c] and won ($29.50) with two pair, Nines and Deuces
Seat 4: Actionni13 (big blind) mucked


PokerStars Hand #167808066923:  Hold'em Limit ($3/$6 USD) - 2017/03/19 12:18:46 ET
Table 'Orestes' 6-max Seat #4 is the button
Seat 1: zorantoronto ($141.50 in chips)
Seat 4: Actionni13 ($152.76 in chips)
Actionni13: posts small blind $1
zorantoronto: posts big blind $3
*** HOLE CARDS ***
Actionni13: folds
Uncalled bet ($2) returned to zorantoronto
zorantoronto collected $2 from pot
zorantoronto: doesn't show hand
*** SUMMARY ***
Total pot $2 | Rake $0
Seat 1: zorantoronto (big blind) collected ($2)
Seat 4: Actionni13 (button) (small blind) folded before Flop


PokerStars Hand #167808061194:  Hold'em Limit ($3/$6 USD) - 2017/03/19 12:18:40 ET
Table 'Orestes' 6-max Seat #1 is the button
Seat 1: zorantoronto ($138.50 in chips)
Seat 4: Actionni13 ($155.76 in chips)
zorantoronto: posts small blind $1
Actionni13: posts big blind $3
*** HOLE CARDS ***
zorantoronto: raises $3 to $6
Actionni13: folds
Uncalled bet ($3) returned to zorantoronto
zorantoronto collected $6 from pot
zorantoronto: doesn't show hand
*** SUMMARY ***
Total pot $6 | Rake $0
Seat 1: zorantoronto (button) (small blind) collected ($6)
Seat 4: Actionni13 (big blind) folded before Flop


PokerStars Hand #167810067350:  Hold'em Limit ($3/$6 USD) - 2017/03/19 12:57:48 ET
Table 'Orestes' 6-max Seat #2 is the button
Seat 2: Scheubi88 ($208.39 in chips)
Seat 5: jimcwy ($242.40 in chips)
Scheubi88: posts small blind $1
jimcwy: posts big blind $3
*** HOLE CARDS ***
Scheubi88: raises $3 to $6
jimcwy: calls $3
*** FLOP *** [4c As 8s]
jimcwy: checks
Scheubi88: bets $3
jimcwy: folds
Uncalled bet ($3) returned to Scheubi88
Scheubi88 collected $11.76 from pot
Scheubi88: doesn't show hand
*** SUMMARY ***
Total pot $12 | Rake $0.24
Board [4c As 8s]
Seat 2: Scheubi88 (button) (small blind) collected ($11.76)
Seat 5: jimcwy (big blind) folded on the Flop


PokerStars Hand #167810078896:  Hold'em Limit ($3/$6 USD) - 2017/03/19 12:58:05 ET
Table 'Orestes' 6-max Seat #5 is the button
Seat 2: Scheubi88 ($214.15 in chips)
Seat 5: jimcwy ($236.40 in chips)
jimcwy: posts small blind $1
Scheubi88: posts big blind $3
*** HOLE CARDS ***
jimcwy: calls $2
Scheubi88: raises $3 to $6
jimcwy: calls $3
*** FLOP *** [7s Jd 6d]
Scheubi88: bets $3
jimcwy: calls $3
*** TURN *** [7s Jd 6d] [As]
Scheubi88: bets $6
vestimokrec leaves the table
jimcwy: folds
Uncalled bet ($6) returned to Scheubi88
Scheubi88 collected $17.64 from pot
Scheubi88: doesn't show hand
*** SUMMARY ***
Total pot $18 | Rake $0.36
Board [7s Jd 6d As]
Seat 2: Scheubi88 (big blind) collected ($17.64)
Seat 5: jimcwy (button) (small blind) folded on the Turn


PokerStars Hand #167810096272:  Hold'em Limit ($3/$6 USD) - 2017/03/19 12:58:38 ET
Table 'Orestes' 6-max Seat #2 is the button
Seat 2: Scheubi88 ($222.79 in chips)
Seat 5: jimcwy ($227.40 in chips)
Scheubi88: posts small blind $1
jimcwy: posts big blind $3
*** HOLE CARDS ***
Scheubi88: raises $3 to $6
jimcwy: calls $3
*** FLOP *** [Ts 3s Kh]
jimcwy: checks
Scheubi88: bets $3
jimcwy: folds
Uncalled bet ($3) returned to Scheubi88
jimcwy leaves the table
Scheubi88 collected $11.76 from pot
Scheubi88: doesn't show hand
*** SUMMARY ***
Total pot $12 | Rake $0.24
Board [Ts 3s Kh]
Seat 2: Scheubi88 (button) (small blind) collected ($11.76)
Seat 5: jimcwy (big blind) folded on the Flop


