PokerStars Hand #148368850109:  Hold'em Limit ($3/$6 USD) - 2016/02/06 21:33:33 ET
Table 'Orestes IV' 6-max Seat #2 is the button
Seat 2: d3w1l ($298.99 in chips)
Seat 5: ToDaFelt ($473.11 in chips)
d3w1l: posts small blind $1
ToDaFelt: posts big blind $3
*** HOLE CARDS ***
d3w1l: folds
Uncalled bet ($2) returned to ToDaFelt
ToDaFelt collected $2 from pot
ToDaFelt: doesn't show hand
*** SUMMARY ***
Total pot $2 | Rake $0
Seat 2: d3w1l (button) (small blind) folded before Flop
Seat 5: ToDaFelt (big blind) collected ($2)


PokerStars Hand #148368847346:  Hold'em Limit ($3/$6 USD) - 2016/02/06 21:33:27 ET
Table 'Orestes IV' 6-max Seat #5 is the button
Seat 2: d3w1l ($301.99 in chips)
Seat 5: ToDaFelt ($470.11 in chips)
ToDaFelt: posts small blind $1
d3w1l: posts big blind $3
*** HOLE CARDS ***
ToDaFelt: raises $3 to $6
d3w1l: folds
Uncalled bet ($3) returned to ToDaFelt
ToDaFelt collected $6 from pot
ToDaFelt: doesn't show hand
*** SUMMARY ***
Total pot $6 | Rake $0
Seat 2: d3w1l (big blind) folded before Flop
Seat 5: ToDaFelt (button) (small blind) collected ($6)


PokerStars Hand #148368838000:  Hold'em Limit ($3/$6 USD) - 2016/02/06 21:33:06 ET
Table 'Orestes IV' 6-max Seat #2 is the button
Seat 2: d3w1l ($307.99 in chips)
Seat 5: ToDaFelt ($464.35 in chips)
d3w1l: posts small blind $1
wobetting: is sitting out
ToDaFelt: posts big blind $3
*** HOLE CARDS ***
d3w1l: calls $2
wobetting leaves the table
ToDaFelt: raises $3 to $6
d3w1l: calls $3
*** FLOP *** [Kd 8c 8s]
ToDaFelt: bets $3
d3w1l: folds
Uncalled bet ($3) returned to ToDaFelt
ToDaFelt collected $11.76 from pot
ToDaFelt: doesn't show hand
*** SUMMARY ***
Total pot $12 | Rake $0.24
Board [Kd 8c 8s]
Seat 2: d3w1l (button) (small blind) folded on the Flop
Seat 5: ToDaFelt (big blind) collected ($11.76)


PokerStars Hand #148368867399:  Hold'em Limit ($3/$6 USD) - 2016/02/06 21:34:11 ET
Table 'Orestes IV' 6-max Seat #2 is the button
Seat 2: d3w1l ($252.99 in chips)
Seat 5: ToDaFelt ($518.61 in chips)
d3w1l: posts small blind $1
ToDaFelt: posts big blind $3
*** HOLE CARDS ***
d3w1l: raises $3 to $6
ToDaFelt: folds
Uncalled bet ($3) returned to d3w1l
d3w1l collected $6 from pot
*** SUMMARY ***
Total pot $6 | Rake $0
Seat 2: d3w1l (button) (small blind) collected ($6)
Seat 5: ToDaFelt (big blind) folded before Flop


PokerStars Hand #148368853201:  Hold'em Limit ($3/$6 USD) - 2016/02/06 21:33:40 ET
Table 'Orestes IV' 6-max Seat #5 is the button
Seat 2: d3w1l ($297.99 in chips)
Seat 5: ToDaFelt ($474.11 in chips)
ToDaFelt: posts small blind $1
d3w1l: posts big blind $3
*** HOLE CARDS ***
ToDaFelt: raises $3 to $6
d3w1l: calls $3
*** FLOP *** [6s Qh 4s]
d3w1l: bets $3
ToDaFelt: calls $3
*** TURN *** [6s Qh 4s] [8d]
d3w1l: bets $6
ToDaFelt: raises $6 to $12
d3w1l: calls $6
*** RIVER *** [6s Qh 4s 8d] [7d]
d3w1l: bets $6
ToDaFelt: raises $6 to $12
d3w1l: raises $6 to $18
ToDaFelt: raises $6 to $24
Betting is capped
d3w1l: calls $6
*** SHOW DOWN ***
ToDaFelt: shows [9c Tc] (a straight, Six to Ten)
d3w1l: mucks hand
ToDaFelt collected $89.50 from pot
*** SUMMARY ***
Total pot $90 | Rake $0.50
Board [6s Qh 4s 8d 7d]
Seat 2: d3w1l (big blind) mucked
Seat 5: ToDaFelt (button) (small blind) showed [9c Tc] and won ($89.50) with a straight, Six to Ten


PokerStars Hand #148370090385:  Hold'em Limit ($3/$6 USD) - 2016/02/06 22:22:32 ET
Table 'Orestes IV' 6-max Seat #2 is the button
Seat 2: NIGHTyxa ($72 in chips)
Seat 4: ioawnat ($125.76 in chips)
NIGHTyxa: posts small blind $1
ioawnat: posts big blind $3
*** HOLE CARDS ***
NIGHTyxa: raises $3 to $6
ioawnat: raises $3 to $9
NIGHTyxa: calls $3
*** FLOP *** [5d Js 2h]
ioawnat: bets $3
NIGHTyxa: folds
Uncalled bet ($3) returned to ioawnat
ioawnat collected $17.64 from pot
ioawnat: doesn't show hand
*** SUMMARY ***
Total pot $18 | Rake $0.36
Board [5d Js 2h]
Seat 2: NIGHTyxa (button) (small blind) folded on the Flop
Seat 4: ioawnat (big blind) collected ($17.64)


PokerStars Hand #148370080010:  Hold'em Limit ($3/$6 USD) - 2016/02/06 22:22:06 ET
Table 'Orestes IV' 6-max Seat #4 is the button
Seat 2: NIGHTyxa ($72 in chips)
Seat 4: ioawnat ($120 in chips)
ioawnat: posts small blind $1
NIGHTyxa: posts big blind $3
*** HOLE CARDS ***
ioawnat: raises $3 to $6
NIGHTyxa: calls $3
*** FLOP *** [5h Jd 8c]
NIGHTyxa: checks
ioawnat: bets $3
NIGHTyxa: folds
Uncalled bet ($3) returned to ioawnat
ioawnat collected $11.76 from pot
ioawnat: doesn't show hand
*** SUMMARY ***
Total pot $12 | Rake $0.24
Board [5h Jd 8c]
Seat 2: NIGHTyxa (big blind) folded on the Flop
Seat 4: ioawnat (button) (small blind) collected ($11.76)


PokerStars Hand #148370106643:  Hold'em Limit ($3/$6 USD) - 2016/02/06 22:23:13 ET
Table 'Orestes IV' 6-max Seat #4 is the button
Seat 2: NIGHTyxa ($72 in chips)
Seat 4: ioawnat ($155.90 in chips)
ioawnat: posts small blind $1
NIGHTyxa: posts big blind $3
*** HOLE CARDS ***
ioawnat: raises $3 to $6
NIGHTyxa: raises $3 to $9
ioawnat: raises $3 to $12
Betting is capped
NIGHTyxa: calls $3
*** FLOP *** [8s Jd Ks]
NIGHTyxa: checks
ioawnat: bets $3
NIGHTyxa: calls $3
*** TURN *** [8s Jd Ks] [4h]
NIGHTyxa: checks
ioawnat: bets $6
NIGHTyxa: calls $6
*** RIVER *** [8s Jd Ks 4h] [6s]
NIGHTyxa: checks
ioawnat: bets $6
NIGHTyxa: calls $6
*** SHOW DOWN ***
ioawnat: shows [Ac Kc] (a pair of Kings)
NIGHTyxa: mucks hand
ioawnat collected $53.50 from pot
*** SUMMARY ***
Total pot $54 | Rake $0.50
Board [8s Jd Ks 4h 6s]
Seat 2: NIGHTyxa (big blind) mucked
Seat 4: ioawnat (button) (small blind) showed [Ac Kc] and won ($53.50) with a pair of Kings


PokerStars Hand #148370104496:  Hold'em Limit ($3/$6 USD) - 2016/02/06 22:23:07 ET
Table 'Orestes IV' 6-max Seat #2 is the button
Seat 2: NIGHTyxa ($72 in chips)
Seat 4: ioawnat ($154.90 in chips)
NIGHTyxa: posts small blind $1
ioawnat: posts big blind $3
*** HOLE CARDS ***
NIGHTyxa: folds
Uncalled bet ($2) returned to ioawnat
ioawnat collected $2 from pot
*** SUMMARY ***
Total pot $2 | Rake $0
Seat 2: NIGHTyxa (button) (small blind) folded before Flop
Seat 4: ioawnat (big blind) collected ($2)


PokerStars Hand #148370095880:  Hold'em Limit ($3/$6 USD) - 2016/02/06 22:22:46 ET
Table 'Orestes IV' 6-max Seat #4 is the button
Seat 2: NIGHTyxa ($72 in chips)
Seat 4: ioawnat ($134.40 in chips)
ioawnat: posts small blind $1
NIGHTyxa: posts big blind $3
*** HOLE CARDS ***
ioawnat: raises $3 to $6
NIGHTyxa: calls $3
*** FLOP *** [Qd 3s 3c]
NIGHTyxa: checks
ioawnat: bets $3
NIGHTyxa: calls $3
*** TURN *** [Qd 3s 3c] [Ks]
NIGHTyxa: checks
ioawnat: bets $6
NIGHTyxa: calls $6
*** RIVER *** [Qd 3s 3c Ks] [9c]
NIGHTyxa: checks
ioawnat: bets $6
NIGHTyxa: calls $6
*** SHOW DOWN ***
ioawnat: shows [Kd Qh] (two pair, Kings and Queens)
NIGHTyxa: mucks hand
ioawnat collected $41.50 from pot
*** SUMMARY ***
Total pot $42 | Rake $0.50
Board [Qd 3s 3c Ks 9c]
Seat 2: NIGHTyxa (big blind) mucked
Seat 4: ioawnat (button) (small blind) showed [Kd Qh] and won ($41.50) with two pair, Kings and Queens


PokerStars Hand #148370139849:  Hold'em Limit ($3/$6 USD) - 2016/02/06 22:24:36 ET
Table 'Orestes IV' 6-max Seat #2 is the button
Seat 2: NIGHTyxa ($89.28 in chips)
Seat 4: ioawnat ($164.40 in chips)
NIGHTyxa: posts small blind $1
ioawnat: posts big blind $3
*** HOLE CARDS ***
NIGHTyxa: raises $3 to $6
ioawnat: raises $3 to $9
NIGHTyxa: calls $3
*** FLOP *** [Td Kh 6h]
ioawnat: bets $3
NIGHTyxa: folds
Uncalled bet ($3) returned to ioawnat
ioawnat collected $17.64 from pot
ioawnat: doesn't show hand
*** SUMMARY ***
Total pot $18 | Rake $0.36
Board [Td Kh 6h]
Seat 2: NIGHTyxa (button) (small blind) folded on the Flop
Seat 4: ioawnat (big blind) collected ($17.64)


PokerStars Hand #148370137412:  Hold'em Limit ($3/$6 USD) - 2016/02/06 22:24:30 ET
Table 'Orestes IV' 6-max Seat #4 is the button
Seat 2: NIGHTyxa ($88.28 in chips)
Seat 4: ioawnat ($165.40 in chips)
ioawnat: posts small blind $1
NIGHTyxa: posts big blind $3
*** HOLE CARDS ***
ioawnat: folds
Uncalled bet ($2) returned to NIGHTyxa
NIGHTyxa collected $2 from pot
NIGHTyxa: doesn't show hand
*** SUMMARY ***
Total pot $2 | Rake $0
Seat 2: NIGHTyxa (big blind) collected ($2)
Seat 4: ioawnat (button) (small blind) folded before Flop


PokerStars Hand #148370135392:  Hold'em Limit ($3/$6 USD) - 2016/02/06 22:24:25 ET
Table 'Orestes IV' 6-max Seat #2 is the button
Seat 2: NIGHTyxa ($89.28 in chips)
Seat 4: ioawnat ($164.40 in chips)
NIGHTyxa: posts small blind $1
ioawnat: posts big blind $3
*** HOLE CARDS ***
NIGHTyxa: folds
Uncalled bet ($2) returned to ioawnat
ioawnat collected $2 from pot
ioawnat: doesn't show hand
*** SUMMARY ***
Total pot $2 | Rake $0
Seat 2: NIGHTyxa (button) (small blind) folded before Flop
Seat 4: ioawnat (big blind) collected ($2)


PokerStars Hand #148370126697:  Hold'em Limit ($3/$6 USD) - 2016/02/06 22:24:03 ET
Table 'Orestes IV' 6-max Seat #4 is the button
Seat 2: NIGHTyxa ($77.76 in chips)
Seat 4: ioawnat ($176.40 in chips)
ioawnat: posts small blind $1
NIGHTyxa: posts big blind $3
*** HOLE CARDS ***
ioawnat: raises $3 to $6
NIGHTyxa: raises $3 to $9
ioawnat: calls $3
*** FLOP *** [4c 8d 8c]
NIGHTyxa: bets $3
ioawnat: calls $3
*** TURN *** [4c 8d 8c] [3s]
NIGHTyxa: bets $6
ioawnat: folds
Uncalled bet ($6) returned to NIGHTyxa
NIGHTyxa collected $23.52 from pot
NIGHTyxa: doesn't show hand
*** SUMMARY ***
Total pot $24 | Rake $0.48
Board [4c 8d 8c 3s]
Seat 2: NIGHTyxa (big blind) collected ($23.52)
Seat 4: ioawnat (button) (small blind) folded on the Turn


PokerStars Hand #148370121950:  Hold'em Limit ($3/$6 USD) - 2016/02/06 22:23:51 ET
Table 'Orestes IV' 6-max Seat #2 is the button
Seat 2: NIGHTyxa ($72 in chips)
Seat 4: ioawnat ($182.40 in chips)
NIGHTyxa: posts small blind $1
ioawnat: posts big blind $3
*** HOLE CARDS ***
NIGHTyxa: raises $3 to $6
ioawnat: calls $3
*** FLOP *** [6c 6d Qd]
ioawnat: checks
NIGHTyxa: bets $3
ioawnat: folds
Uncalled bet ($3) returned to NIGHTyxa
NIGHTyxa collected $11.76 from pot
NIGHTyxa: doesn't show hand
*** SUMMARY ***
Total pot $12 | Rake $0.24
Board [6c 6d Qd]
Seat 2: NIGHTyxa (button) (small blind) collected ($11.76)
Seat 4: ioawnat (big blind) folded on the Flop


PokerStars Hand #148370166321:  Hold'em Limit ($3/$6 USD) - 2016/02/06 22:25:42 ET
Table 'Orestes IV' 6-max Seat #2 is the button
Seat 2: NIGHTyxa ($83.64 in chips)
Seat 4: ioawnat ($190.54 in chips)
NIGHTyxa: posts small blind $1
ioawnat: posts big blind $3
*** HOLE CARDS ***
NIGHTyxa: folds
Uncalled bet ($2) returned to ioawnat
ioawnat collected $2 from pot
ioawnat: doesn't show hand
*** SUMMARY ***
Total pot $2 | Rake $0
Seat 2: NIGHTyxa (button) (small blind) folded before Flop
Seat 4: ioawnat (big blind) collected ($2)


PokerStars Hand #148370157922:  Hold'em Limit ($3/$6 USD) - 2016/02/06 22:25:21 ET
Table 'Orestes IV' 6-max Seat #4 is the button
Seat 2: NIGHTyxa ($75 in chips)
Seat 4: ioawnat ($199.54 in chips)
ioawnat: posts small blind $1
NIGHTyxa: posts big blind $3
*** HOLE CARDS ***
ioawnat: raises $3 to $6
NIGHTyxa: calls $3
*** FLOP *** [5c As 5d]
NIGHTyxa: checks
ioawnat: bets $3
NIGHTyxa: calls $3
*** TURN *** [5c As 5d] [7c]
NIGHTyxa: checks
ioawnat: checks
*** RIVER *** [5c As 5d 7c] [5s]
NIGHTyxa: checks
ioawnat: checks
*** SHOW DOWN ***
NIGHTyxa: shows [Qs 6c] (three of a kind, Fives)
ioawnat: mucks hand
NIGHTyxa collected $17.64 from pot
*** SUMMARY ***
Total pot $18 | Rake $0.36
Board [5c As 5d 7c 5s]
Seat 2: NIGHTyxa (big blind) showed [Qs 6c] and won ($17.64) with three of a kind, Fives
Seat 4: ioawnat (button) (small blind) mucked


PokerStars Hand #148370155120:  Hold'em Limit ($3/$6 USD) - 2016/02/06 22:25:14 ET
Table 'Orestes IV' 6-max Seat #2 is the button
Seat 2: NIGHTyxa ($72 in chips)
Seat 4: ioawnat ($202.54 in chips)
NIGHTyxa: posts small blind $1
ioawnat: posts big blind $3
*** HOLE CARDS ***
NIGHTyxa: raises $3 to $6
ioawnat: folds
Uncalled bet ($3) returned to NIGHTyxa
NIGHTyxa collected $6 from pot
NIGHTyxa: doesn't show hand
*** SUMMARY ***
Total pot $6 | Rake $0
Seat 2: NIGHTyxa (button) (small blind) collected ($6)
Seat 4: ioawnat (big blind) folded before Flop


PokerStars Hand #148370144356:  Hold'em Limit ($3/$6 USD) - 2016/02/06 22:24:47 ET
Table 'Orestes IV' 6-max Seat #4 is the button
Seat 2: NIGHTyxa ($80.28 in chips)
Seat 4: ioawnat ($173.04 in chips)
ioawnat: posts small blind $1
NIGHTyxa: posts big blind $3
*** HOLE CARDS ***
ioawnat: raises $3 to $6
NIGHTyxa: raises $3 to $9
ioawnat: calls $3
*** FLOP *** [8h Jc Kc]
NIGHTyxa: bets $3
ioawnat: calls $3
*** TURN *** [8h Jc Kc] [6c]
NIGHTyxa: bets $6
ioawnat: raises $6 to $12
NIGHTyxa: calls $6
*** RIVER *** [8h Jc Kc 6c] [4h]
NIGHTyxa: checks
ioawnat: bets $6
NIGHTyxa: calls $6
*** SHOW DOWN ***
ioawnat: shows [Jh 6h] (two pair, Jacks and Sixes)
NIGHTyxa: mucks hand
ioawnat collected $59.50 from pot
*** SUMMARY ***
Total pot $60 | Rake $0.50
Board [8h Jc Kc 6c 4h]
Seat 2: NIGHTyxa (big blind) mucked
Seat 4: ioawnat (button) (small blind) showed [Jh 6h] and won ($59.50) with two pair, Jacks and Sixes


PokerStars Hand #148370179889:  Hold'em Limit ($3/$6 USD) - 2016/02/06 22:26:17 ET
Table 'Orestes IV' 6-max Seat #2 is the button
Seat 2: NIGHTyxa ($94.16 in chips)
Seat 4: ioawnat ($179.54 in chips)
NIGHTyxa: posts small blind $1
ioawnat: posts big blind $3
*** HOLE CARDS ***
NIGHTyxa: raises $3 to $6
ioawnat: calls $3
*** FLOP *** [Tc Ks Td]
ioawnat: checks
NIGHTyxa: bets $3
ioawnat: calls $3
*** TURN *** [Tc Ks Td] [Kc]
ioawnat: checks
NIGHTyxa: checks
*** RIVER *** [Tc Ks Td Kc] [Jc]
ioawnat: checks
NIGHTyxa: bets $6
ioawnat: calls $6
*** SHOW DOWN ***
NIGHTyxa: shows [Qd Jd] (two pair, Kings and Jacks)
ioawnat: mucks hand
NIGHTyxa collected $29.50 from pot
*** SUMMARY ***
Total pot $30 | Rake $0.50
Board [Tc Ks Td Kc Jc]
Seat 2: NIGHTyxa (button) (small blind) showed [Qd Jd] and won ($29.50) with two pair, Kings and Jacks
Seat 4: ioawnat (big blind) mucked


PokerStars Hand #148370168380:  Hold'em Limit ($3/$6 USD) - 2016/02/06 22:25:47 ET
Table 'Orestes IV' 6-max Seat #4 is the button
Seat 2: NIGHTyxa ($82.64 in chips)
Seat 4: ioawnat ($191.54 in chips)
ioawnat: posts small blind $1
NIGHTyxa: posts big blind $3
*** HOLE CARDS ***
ioawnat: raises $3 to $6
NIGHTyxa: calls $3
*** FLOP *** [6c 8d 4d]
NIGHTyxa: checks
ioawnat: checks
*** TURN *** [6c 8d 4d] [5c]
NIGHTyxa: checks
ioawnat: checks
*** RIVER *** [6c 8d 4d 5c] [4c]
NIGHTyxa: bets $6
ioawnat: calls $6
*** SHOW DOWN ***
NIGHTyxa: shows [Ts Ah] (a pair of Fours)
ioawnat: mucks hand
NIGHTyxa collected $23.52 from pot
*** SUMMARY ***
Total pot $24 | Rake $0.48
Board [6c 8d 4d 5c 4c]
Seat 2: NIGHTyxa (big blind) showed [Ts Ah] and won ($23.52) with a pair of Fours
Seat 4: ioawnat (button) (small blind) mucked


PokerStars Hand #148370207378:  Hold'em Limit ($3/$6 USD) - 2016/02/06 22:27:27 ET
Table 'Orestes IV' 6-max Seat #4 is the button
Seat 2: NIGHTyxa ($128.92 in chips)
Seat 4: ioawnat ($143.54 in chips)
ioawnat: posts small blind $1
NIGHTyxa: posts big blind $3
*** HOLE CARDS ***
ioawnat: raises $3 to $6
NIGHTyxa: raises $3 to $9
ioawnat: calls $3
*** FLOP *** [8s 2d Tc]
NIGHTyxa: bets $3
ioawnat: calls $3
*** TURN *** [8s 2d Tc] [7h]
NIGHTyxa: checks
ioawnat: bets $6
NIGHTyxa: calls $6
*** RIVER *** [8s 2d Tc 7h] [Th]
NIGHTyxa: checks
ioawnat: bets $6
NIGHTyxa: calls $6
*** SHOW DOWN ***
ioawnat: shows [5c 7c] (two pair, Tens and Sevens)
NIGHTyxa: mucks hand
ioawnat collected $47.50 from pot
*** SUMMARY ***
Total pot $48 | Rake $0.50
Board [8s 2d Tc 7h Th]
Seat 2: NIGHTyxa (big blind) mucked
Seat 4: ioawnat (button) (small blind) showed [5c 7c] and won ($47.50) with two pair, Tens and Sevens


PokerStars Hand #148370200316:  Hold'em Limit ($3/$6 USD) - 2016/02/06 22:27:09 ET
Table 'Orestes IV' 6-max Seat #2 is the button
Seat 2: NIGHTyxa ($123.16 in chips)
Seat 4: ioawnat ($149.54 in chips)
NIGHTyxa: posts small blind $1
ioawnat: posts big blind $3
*** HOLE CARDS ***
NIGHTyxa: raises $3 to $6
ioawnat: calls $3
*** FLOP *** [9s 5c Kc]
ioawnat: checks
NIGHTyxa: bets $3
ioawnat: folds
Uncalled bet ($3) returned to NIGHTyxa
NIGHTyxa collected $11.76 from pot
*** SUMMARY ***
Total pot $12 | Rake $0.24
Board [9s 5c Kc]
Seat 2: NIGHTyxa (button) (small blind) collected ($11.76)
Seat 4: ioawnat (big blind) folded on the Flop


PokerStars Hand #148370190842:  Hold'em Limit ($3/$6 USD) - 2016/02/06 22:26:45 ET
Table 'Orestes IV' 6-max Seat #4 is the button
Seat 2: NIGHTyxa ($108.66 in chips)
Seat 4: ioawnat ($164.54 in chips)
ioawnat: posts small blind $1
NIGHTyxa: posts big blind $3
*** HOLE CARDS ***
ioawnat: raises $3 to $6
NIGHTyxa: calls $3
*** FLOP *** [7h Tc 8d]
NIGHTyxa: checks
ioawnat: bets $3
NIGHTyxa: calls $3
*** TURN *** [7h Tc 8d] [Th]
NIGHTyxa: checks
ioawnat: bets $6
NIGHTyxa: calls $6
*** RIVER *** [7h Tc 8d Th] [6c]
NIGHTyxa: checks
ioawnat: checks
*** SHOW DOWN ***
NIGHTyxa: shows [7s Kh] (two pair, Tens and Sevens)
ioawnat: mucks hand
NIGHTyxa collected $29.50 from pot
*** SUMMARY ***
Total pot $30 | Rake $0.50
Board [7h Tc 8d Th 6c]
Seat 2: NIGHTyxa (big blind) showed [7s Kh] and won ($29.50) with two pair, Tens and Sevens
Seat 4: ioawnat (button) (small blind) mucked


PokerStars Hand #148370227758:  Hold'em Limit ($3/$6 USD) - 2016/02/06 22:28:20 ET
Table 'Orestes IV' 6-max Seat #2 is the button
Seat 2: NIGHTyxa ($107.68 in chips)
Seat 4: ioawnat ($164.04 in chips)
NIGHTyxa: posts small blind $1
ioawnat: posts big blind $3
*** HOLE CARDS ***
NIGHTyxa: raises $3 to $6
ioawnat: calls $3
*** FLOP *** [3c Qc Kd]
ioawnat: checks
NIGHTyxa: bets $3
ioawnat: folds
Uncalled bet ($3) returned to NIGHTyxa
NIGHTyxa collected $11.76 from pot
NIGHTyxa: doesn't show hand
*** SUMMARY ***
Total pot $12 | Rake $0.24
Board [3c Qc Kd]
Seat 2: NIGHTyxa (button) (small blind) collected ($11.76)
Seat 4: ioawnat (big blind) folded on the Flop


PokerStars Hand #148370224946:  Hold'em Limit ($3/$6 USD) - 2016/02/06 22:28:13 ET
Table 'Orestes IV' 6-max Seat #4 is the button
Seat 2: NIGHTyxa ($110.68 in chips)
Seat 4: ioawnat ($161.04 in chips)
ioawnat: posts small blind $1
NIGHTyxa: posts big blind $3
*** HOLE CARDS ***
ioawnat: raises $3 to $6
NIGHTyxa: folds
Uncalled bet ($3) returned to ioawnat
ioawnat collected $6 from pot
ioawnat: doesn't show hand
*** SUMMARY ***
Total pot $6 | Rake $0
Seat 2: NIGHTyxa (big blind) folded before Flop
Seat 4: ioawnat (button) (small blind) collected ($6)


PokerStars Hand #148370216089:  Hold'em Limit ($3/$6 USD) - 2016/02/06 22:27:50 ET
Table 'Orestes IV' 6-max Seat #2 is the button
Seat 2: NIGHTyxa ($104.92 in chips)
Seat 4: ioawnat ($167.04 in chips)
NIGHTyxa: posts small blind $1
ioawnat: posts big blind $3
*** HOLE CARDS ***
NIGHTyxa: raises $3 to $6
ioawnat: calls $3
*** FLOP *** [Qh 7h Th]
ioawnat: checks
NIGHTyxa: bets $3
ioawnat: folds
Uncalled bet ($3) returned to NIGHTyxa
NIGHTyxa collected $11.76 from pot
NIGHTyxa: doesn't show hand
*** SUMMARY ***
Total pot $12 | Rake $0.24
Board [Qh 7h Th]
Seat 2: NIGHTyxa (button) (small blind) collected ($11.76)
Seat 4: ioawnat (big blind) folded on the Flop


PokerStars Hand #148370250704:  Hold'em Limit ($3/$6 USD) - 2016/02/06 22:29:18 ET
Table 'Orestes IV' 6-max Seat #4 is the button
Seat 2: NIGHTyxa ($133.94 in chips)
Seat 4: ioawnat ($137.04 in chips)
ioawnat: posts small blind $1
NIGHTyxa: posts big blind $3
*** HOLE CARDS ***
ioawnat: raises $3 to $6
NIGHTyxa: calls $3
*** FLOP *** [4d Ad 5c]
NIGHTyxa: checks
ioawnat: bets $3
NIGHTyxa: calls $3
*** TURN *** [4d Ad 5c] [8h]
NIGHTyxa: checks
ioawnat: bets $6
NIGHTyxa: folds
Uncalled bet ($6) returned to ioawnat
ioawnat collected $17.64 from pot
ioawnat: doesn't show hand
*** SUMMARY ***
Total pot $18 | Rake $0.36
Board [4d Ad 5c 8h]
Seat 2: NIGHTyxa (big blind) folded on the Turn
Seat 4: ioawnat (button) (small blind) collected ($17.64)


PokerStars Hand #148370248064:  Hold'em Limit ($3/$6 USD) - 2016/02/06 22:29:12 ET
Table 'Orestes IV' 6-max Seat #2 is the button
Seat 2: NIGHTyxa ($130.94 in chips)
Seat 4: ioawnat ($140.04 in chips)
NIGHTyxa: posts small blind $1
ioawnat: posts big blind $3
*** HOLE CARDS ***
NIGHTyxa: raises $3 to $6
ioawnat: folds
Uncalled bet ($3) returned to NIGHTyxa
NIGHTyxa collected $6 from pot
NIGHTyxa: doesn't show hand
*** SUMMARY ***
Total pot $6 | Rake $0
Seat 2: NIGHTyxa (button) (small blind) collected ($6)
Seat 4: ioawnat (big blind) folded before Flop


PokerStars Hand #148370232800:  Hold'em Limit ($3/$6 USD) - 2016/02/06 22:28:33 ET
Table 'Orestes IV' 6-max Seat #4 is the button
Seat 2: NIGHTyxa ($113.44 in chips)
Seat 4: ioawnat ($158.04 in chips)
ioawnat: posts small blind $1
NIGHTyxa: posts big blind $3
*** HOLE CARDS ***
ioawnat: raises $3 to $6
NIGHTyxa: calls $3
*** FLOP *** [Kd 5c Jd]
NIGHTyxa: checks
ioawnat: bets $3
NIGHTyxa: raises $3 to $6
ioawnat: calls $3
*** TURN *** [Kd 5c Jd] [4h]
NIGHTyxa: bets $6
ioawnat: calls $6
*** RIVER *** [Kd 5c Jd 4h] [2c]
NIGHTyxa: bets $6
ioawnat: folds
Uncalled bet ($6) returned to NIGHTyxa
NIGHTyxa collected $35.50 from pot
NIGHTyxa: doesn't show hand
*** SUMMARY ***
Total pot $36 | Rake $0.50
Board [Kd 5c Jd 4h 2c]
Seat 2: NIGHTyxa (big blind) collected ($35.50)
Seat 4: ioawnat (button) (small blind) folded on the River


PokerStars Hand #148370275536:  Hold'em Limit ($3/$6 USD) - 2016/02/06 22:30:23 ET
Table 'Orestes IV' 6-max Seat #4 is the button
Seat 2: NIGHTyxa ($100.94 in chips)
Seat 4: ioawnat ($169.18 in chips)
ioawnat: posts small blind $1
NIGHTyxa: posts big blind $3
*** HOLE CARDS ***
ioawnat: raises $3 to $6
NIGHTyxa: calls $3
*** FLOP *** [8h 3s Jc]
NIGHTyxa: checks
ioawnat: bets $3
italianhero4 joins the table at seat #3
NIGHTyxa: folds
Uncalled bet ($3) returned to ioawnat
ioawnat collected $11.76 from pot
ioawnat: doesn't show hand
*** SUMMARY ***
Total pot $12 | Rake $0.24
Board [8h 3s Jc]
Seat 2: NIGHTyxa (big blind) folded on the Flop
Seat 4: ioawnat (button) (small blind) collected ($11.76)


PokerStars Hand #148370261312:  Hold'em Limit ($3/$6 USD) - 2016/02/06 22:29:46 ET
Table 'Orestes IV' 6-max Seat #2 is the button
Seat 2: NIGHTyxa ($124.94 in chips)
Seat 4: ioawnat ($145.68 in chips)
NIGHTyxa: posts small blind $1
ioawnat: posts big blind $3
*** HOLE CARDS ***
NIGHTyxa: raises $3 to $6
ioawnat: raises $3 to $9
NIGHTyxa: calls $3
*** FLOP *** [6d Jh Td]
ioawnat: bets $3
NIGHTyxa: calls $3
*** TURN *** [6d Jh Td] [9s]
ioawnat: bets $6
NIGHTyxa: calls $6
*** RIVER *** [6d Jh Td 9s] [3s]
ioawnat: bets $6
NIGHTyxa: calls $6
*** SHOW DOWN ***
ioawnat: shows [Kd Qd] (a straight, Nine to King)
NIGHTyxa: mucks hand
ioawnat collected $47.50 from pot
*** SUMMARY ***
Total pot $48 | Rake $0.50
Board [6d Jh Td 9s 3s]
Seat 2: NIGHTyxa (button) (small blind) mucked
Seat 4: ioawnat (big blind) showed [Kd Qd] and won ($47.50) with a straight, Nine to King


PokerStars Hand #148370342484:  Hold'em Limit ($3/$6 USD) - 2016/02/06 22:33:19 ET
Table 'Orestes IV' 6-max Seat #4 is the button
Seat 2: NIGHTyxa ($100.58 in chips)
Seat 4: ioawnat ($175.94 in chips)
ioawnat: posts small blind $1
NIGHTyxa: posts big blind $3
*** HOLE CARDS ***
ioawnat: raises $3 to $6
NIGHTyxa: calls $3
*** FLOP *** [Th 5h 2d]
NIGHTyxa: checks
ioawnat: bets $3
NIGHTyxa: folds
Uncalled bet ($3) returned to ioawnat
ioawnat collected $11.76 from pot
ioawnat: doesn't show hand
*** SUMMARY ***
Total pot $12 | Rake $0.24
Board [Th 5h 2d]
Seat 2: NIGHTyxa (big blind) folded on the Flop
Seat 4: ioawnat (button) (small blind) collected ($11.76)


PokerStars Hand #148370348788:  Hold'em Limit ($3/$6 USD) - 2016/02/06 22:33:36 ET
Table 'Orestes IV' 6-max Seat #2 is the button
Seat 2: NIGHTyxa ($94.58 in chips)
Seat 4: ioawnat ($181.70 in chips)
NIGHTyxa: posts small blind $1
ioawnat: posts big blind $3
*** HOLE CARDS ***
NIGHTyxa: raises $3 to $6
ioawnat: calls $3
*** FLOP *** [9d 4c 7d]
ioawnat: checks
NIGHTyxa: bets $3
ioawnat: calls $3
*** TURN *** [9d 4c 7d] [4d]
ioawnat: checks
NIGHTyxa: bets $6
ioawnat: raises $6 to $12
NIGHTyxa: calls $6
*** RIVER *** [9d 4c 7d 4d] [Ks]
ioawnat: bets $6
NIGHTyxa: calls $6
*** SHOW DOWN ***
ioawnat: shows [4h 5d] (three of a kind, Fours)
NIGHTyxa: mucks hand
ioawnat collected $53.50 from pot
*** SUMMARY ***
Total pot $54 | Rake $0.50
Board [9d 4c 7d 4d Ks]
Seat 2: NIGHTyxa (button) (small blind) mucked
Seat 4: ioawnat (big blind) showed [4h 5d] and won ($53.50) with three of a kind, Fours


PokerStars Hand #148370360882:  Hold'em Limit ($3/$6 USD) - 2016/02/06 22:34:08 ET
Table 'Orestes IV' 6-max Seat #4 is the button
Seat 2: NIGHTyxa ($72 in chips)
Seat 4: ioawnat ($208.20 in chips)
ioawnat: posts small blind $1
NIGHTyxa: posts big blind $3
*** HOLE CARDS ***
ioawnat: raises $3 to $6
NIGHTyxa: calls $3
*** FLOP *** [Jd 5h 2d]
NIGHTyxa: checks
ioawnat: bets $3
NIGHTyxa: calls $3
*** TURN *** [Jd 5h 2d] [3h]
NIGHTyxa: checks
ioawnat: checks
*** RIVER *** [Jd 5h 2d 3h] [8s]
NIGHTyxa: bets $6
ioawnat: folds
Uncalled bet ($6) returned to NIGHTyxa
NIGHTyxa collected $17.64 from pot
NIGHTyxa: doesn't show hand
*** SUMMARY ***
Total pot $18 | Rake $0.36
Board [Jd 5h 2d 3h 8s]
Seat 2: NIGHTyxa (big blind) collected ($17.64)
Seat 4: ioawnat (button) (small blind) folded on the River


PokerStars Hand #148370372325:  Hold'em Limit ($3/$6 USD) - 2016/02/06 22:34:38 ET
Table 'Orestes IV' 6-max Seat #2 is the button
Seat 2: NIGHTyxa ($80.64 in chips)
Seat 4: ioawnat ($199.20 in chips)
NIGHTyxa: posts small blind $1
ioawnat: posts big blind $3
*** HOLE CARDS ***
NIGHTyxa: raises $3 to $6
ioawnat: calls $3
*** FLOP *** [8h Td 7c]
ioawnat: checks
NIGHTyxa: bets $3
ioawnat: raises $3 to $6
NIGHTyxa: calls $3
*** TURN *** [8h Td 7c] [8c]
ioawnat: bets $6
NIGHTyxa: raises $6 to $12
ioawnat: calls $6
*** RIVER *** [8h Td 7c 8c] [Ac]
ioawnat: checks
NIGHTyxa: bets $6
ioawnat: calls $6
*** SHOW DOWN ***
NIGHTyxa: shows [Jd Jc] (two pair, Jacks and Eights)
ioawnat: mucks hand
NIGHTyxa collected $59.50 from pot
*** SUMMARY ***
Total pot $60 | Rake $0.50
Board [8h Td 7c 8c Ac]
Seat 2: NIGHTyxa (button) (small blind) showed [Jd Jc] and won ($59.50) with two pair, Jacks and Eights
Seat 4: ioawnat (big blind) mucked


PokerStars Hand #148370381334:  Hold'em Limit ($3/$6 USD) - 2016/02/06 22:35:02 ET
Table 'Orestes IV' 6-max Seat #4 is the button
Seat 2: NIGHTyxa ($110.14 in chips)
Seat 4: ioawnat ($169.20 in chips)
ioawnat: posts small blind $1
NIGHTyxa: posts big blind $3
*** HOLE CARDS ***
ioawnat: raises $3 to $6
NIGHTyxa: calls $3
*** FLOP *** [4d Kd 8d]
NIGHTyxa: checks
ioawnat: bets $3
NIGHTyxa: calls $3
*** TURN *** [4d Kd 8d] [5h]
NIGHTyxa: checks
ioawnat: bets $6
NIGHTyxa: calls $6
*** RIVER *** [4d Kd 8d 5h] [8s]
NIGHTyxa: checks
ioawnat: bets $6
NIGHTyxa: calls $6
*** SHOW DOWN ***
ioawnat: shows [Jh Td] (a pair of Eights)
NIGHTyxa: shows [Th Ah] (a pair of Eights - Ace kicker)
NIGHTyxa collected $41.50 from pot
*** SUMMARY ***
Total pot $42 | Rake $0.50
Board [4d Kd 8d 5h 8s]
Seat 2: NIGHTyxa (big blind) showed [Th Ah] and won ($41.50) with a pair of Eights
Seat 4: ioawnat (button) (small blind) showed [Jh Td] and lost with a pair of Eights


PokerStars Hand #148370388841:  Hold'em Limit ($3/$6 USD) - 2016/02/06 22:35:22 ET
Table 'Orestes IV' 6-max Seat #2 is the button
Seat 2: NIGHTyxa ($130.64 in chips)
Seat 4: ioawnat ($148.20 in chips)
NIGHTyxa: posts small blind $1
ioawnat: posts big blind $3
*** HOLE CARDS ***
NIGHTyxa: folds
Uncalled bet ($2) returned to ioawnat
ioawnat collected $2 from pot
ioawnat: doesn't show hand
*** SUMMARY ***
Total pot $2 | Rake $0
Seat 2: NIGHTyxa (button) (small blind) folded before Flop
Seat 4: ioawnat (big blind) collected ($2)


PokerStars Hand #148370390841:  Hold'em Limit ($3/$6 USD) - 2016/02/06 22:35:27 ET
Table 'Orestes IV' 6-max Seat #4 is the button
Seat 2: NIGHTyxa ($129.64 in chips)
Seat 4: ioawnat ($149.20 in chips)
ioawnat: posts small blind $1
NIGHTyxa: posts big blind $3
*** HOLE CARDS ***
ioawnat: folds
Uncalled bet ($2) returned to NIGHTyxa
NIGHTyxa collected $2 from pot
NIGHTyxa: doesn't show hand
*** SUMMARY ***
Total pot $2 | Rake $0
Seat 2: NIGHTyxa (big blind) collected ($2)
Seat 4: ioawnat (button) (small blind) folded before Flop


PokerStars Hand #148370393312:  Hold'em Limit ($3/$6 USD) - 2016/02/06 22:35:34 ET
Table 'Orestes IV' 6-max Seat #2 is the button
Seat 2: NIGHTyxa ($130.64 in chips)
Seat 4: ioawnat ($148.20 in chips)
NIGHTyxa: posts small blind $1
ioawnat: posts big blind $3
*** HOLE CARDS ***
NIGHTyxa: raises $3 to $6
ioawnat: calls $3
*** FLOP *** [3h 9c 7s]
ioawnat: checks
NIGHTyxa: bets $3
ioawnat: folds
Uncalled bet ($3) returned to NIGHTyxa
NIGHTyxa collected $11.76 from pot
NIGHTyxa: doesn't show hand
*** SUMMARY ***
Total pot $12 | Rake $0.24
Board [3h 9c 7s]
Seat 2: NIGHTyxa (button) (small blind) collected ($11.76)
Seat 4: ioawnat (big blind) folded on the Flop


PokerStars Hand #148370397479:  Hold'em Limit ($3/$6 USD) - 2016/02/06 22:35:45 ET
Table 'Orestes IV' 6-max Seat #4 is the button
Seat 2: NIGHTyxa ($136.40 in chips)
Seat 4: ioawnat ($142.20 in chips)
ioawnat: posts small blind $1
NIGHTyxa: posts big blind $3
*** HOLE CARDS ***
ioawnat: raises $3 to $6
NIGHTyxa: raises $3 to $9
ioawnat: calls $3
*** FLOP *** [Th 9d Kc]
NIGHTyxa: bets $3
ioawnat: calls $3
*** TURN *** [Th 9d Kc] [Ts]
NIGHTyxa: checks
ioawnat: bets $6
NIGHTyxa: calls $6
*** RIVER *** [Th 9d Kc Ts] [5d]
NIGHTyxa: checks
ioawnat: bets $6
NIGHTyxa: calls $6
*** SHOW DOWN ***
ioawnat: shows [Jh Qc] (a straight, Nine to King)
NIGHTyxa: mucks hand
ioawnat collected $47.50 from pot
*** SUMMARY ***
Total pot $48 | Rake $0.50
Board [Th 9d Kc Ts 5d]
Seat 2: NIGHTyxa (big blind) mucked
Seat 4: ioawnat (button) (small blind) showed [Jh Qc] and won ($47.50) with a straight, Nine to King


PokerStars Hand #148370408551:  Hold'em Limit ($3/$6 USD) - 2016/02/06 22:36:14 ET
Table 'Orestes IV' 6-max Seat #2 is the button
Seat 2: NIGHTyxa ($112.40 in chips)
Seat 4: ioawnat ($165.70 in chips)
NIGHTyxa: posts small blind $1
ioawnat: posts big blind $3
*** HOLE CARDS ***
NIGHTyxa: raises $3 to $6
ioawnat: calls $3
*** FLOP *** [9h 4s Qc]
ioawnat: checks
NIGHTyxa: bets $3
ioawnat: calls $3
*** TURN *** [9h 4s Qc] [7d]
ioawnat: checks
NIGHTyxa: checks
*** RIVER *** [9h 4s Qc 7d] [9d]
ioawnat: checks
NIGHTyxa: bets $6
ioawnat: calls $6
*** SHOW DOWN ***
NIGHTyxa: shows [4h 5h] (two pair, Nines and Fours)
ioawnat: mucks hand
NIGHTyxa collected $29.50 from pot
*** SUMMARY ***
Total pot $30 | Rake $0.50
Board [9h 4s Qc 7d 9d]
Seat 2: NIGHTyxa (button) (small blind) showed [4h 5h] and won ($29.50) with two pair, Nines and Fours
Seat 4: ioawnat (big blind) mucked


PokerStars Hand #148370417271:  Hold'em Limit ($3/$6 USD) - 2016/02/06 22:36:37 ET
Table 'Orestes IV' 6-max Seat #4 is the button
Seat 2: NIGHTyxa ($126.90 in chips)
Seat 4: ioawnat ($150.70 in chips)
ioawnat: posts small blind $1
NIGHTyxa: posts big blind $3
*** HOLE CARDS ***
ioawnat: raises $3 to $6
NIGHTyxa: calls $3
*** FLOP *** [Tc 5d Kh]
NIGHTyxa: checks
ioawnat: bets $3
NIGHTyxa: folds
Uncalled bet ($3) returned to ioawnat
ioawnat collected $11.76 from pot
ioawnat: doesn't show hand
*** SUMMARY ***
Total pot $12 | Rake $0.24
Board [Tc 5d Kh]
Seat 2: NIGHTyxa (big blind) folded on the Flop
Seat 4: ioawnat (button) (small blind) collected ($11.76)


PokerStars Hand #148370421559:  Hold'em Limit ($3/$6 USD) - 2016/02/06 22:36:48 ET
Table 'Orestes IV' 6-max Seat #2 is the button
Seat 2: NIGHTyxa ($120.90 in chips)
Seat 4: ioawnat ($156.46 in chips)
NIGHTyxa: posts small blind $1
ioawnat: posts big blind $3
*** HOLE CARDS ***
NIGHTyxa: raises $3 to $6
ioawnat: calls $3
*** FLOP *** [6d Kd Jh]
ioawnat: checks
NIGHTyxa: bets $3
ioawnat: folds
Uncalled bet ($3) returned to NIGHTyxa
NIGHTyxa collected $11.76 from pot
NIGHTyxa: doesn't show hand
*** SUMMARY ***
Total pot $12 | Rake $0.24
Board [6d Kd Jh]
Seat 2: NIGHTyxa (button) (small blind) collected ($11.76)
Seat 4: ioawnat (big blind) folded on the Flop


PokerStars Hand #148370426322:  Hold'em Limit ($3/$6 USD) - 2016/02/06 22:37:01 ET
Table 'Orestes IV' 6-max Seat #4 is the button
Seat 2: NIGHTyxa ($126.66 in chips)
Seat 4: ioawnat ($150.46 in chips)
ioawnat: posts small blind $1
NIGHTyxa: posts big blind $3
*** HOLE CARDS ***
ioawnat: raises $3 to $6
NIGHTyxa: calls $3
*** FLOP *** [3c 6h 7c]
NIGHTyxa: checks
ioawnat: bets $3
NIGHTyxa: raises $3 to $6
ioawnat: raises $3 to $9
NIGHTyxa: folds
Uncalled bet ($3) returned to ioawnat
ioawnat collected $23.52 from pot
ioawnat: doesn't show hand
*** SUMMARY ***
Total pot $24 | Rake $0.48
Board [3c 6h 7c]
Seat 2: NIGHTyxa (big blind) folded on the Flop
Seat 4: ioawnat (button) (small blind) collected ($23.52)


PokerStars Hand #148370432570:  Hold'em Limit ($3/$6 USD) - 2016/02/06 22:37:18 ET
Table 'Orestes IV' 6-max Seat #2 is the button
Seat 2: NIGHTyxa ($114.66 in chips)
Seat 4: ioawnat ($161.98 in chips)
NIGHTyxa: posts small blind $1
ioawnat: posts big blind $3
*** HOLE CARDS ***
NIGHTyxa: raises $3 to $6
ioawnat: calls $3
*** FLOP *** [Qd Td Jd]
ioawnat: checks
NIGHTyxa: bets $3
ioawnat: folds
Uncalled bet ($3) returned to NIGHTyxa
NIGHTyxa collected $11.76 from pot
NIGHTyxa: doesn't show hand
*** SUMMARY ***
Total pot $12 | Rake $0.24
Board [Qd Td Jd]
Seat 2: NIGHTyxa (button) (small blind) collected ($11.76)
Seat 4: ioawnat (big blind) folded on the Flop


PokerStars Hand #148370436846:  Hold'em Limit ($3/$6 USD) - 2016/02/06 22:37:29 ET
Table 'Orestes IV' 6-max Seat #4 is the button
Seat 2: NIGHTyxa ($120.42 in chips)
Seat 4: ioawnat ($155.98 in chips)
ioawnat: posts small blind $1
NIGHTyxa: posts big blind $3
*** HOLE CARDS ***
ioawnat: raises $3 to $6
NIGHTyxa: calls $3
*** FLOP *** [Jd 8s 9h]
NIGHTyxa: checks
ioawnat: bets $3
NIGHTyxa: raises $3 to $6
ioawnat: calls $3
*** TURN *** [Jd 8s 9h] [6d]
NIGHTyxa: bets $6
ioawnat: raises $6 to $12
NIGHTyxa: raises $6 to $18
ioawnat: calls $6
*** RIVER *** [Jd 8s 9h 6d] [7c]
NIGHTyxa: bets $6
ioawnat: raises $6 to $12
NIGHTyxa: folds
Uncalled bet ($6) returned to ioawnat
ioawnat collected $71.50 from pot
ioawnat: doesn't show hand
*** SUMMARY ***
Total pot $72 | Rake $0.50
Board [Jd 8s 9h 6d 7c]
Seat 2: NIGHTyxa (big blind) folded on the River
Seat 4: ioawnat (button) (small blind) collected ($71.50)


PokerStars Hand #148370448490:  Hold'em Limit ($3/$6 USD) - 2016/02/06 22:38:00 ET
Table 'Orestes IV' 6-max Seat #2 is the button
Seat 2: NIGHTyxa ($84.42 in chips)
Seat 4: ioawnat ($191.48 in chips)
NIGHTyxa: posts small blind $1
ioawnat: posts big blind $3
*** HOLE CARDS ***
NIGHTyxa: raises $3 to $6
ioawnat: calls $3
*** FLOP *** [7s 4s 8c]
ioawnat: checks
NIGHTyxa: bets $3
ioawnat: raises $3 to $6
NIGHTyxa: calls $3
*** TURN *** [7s 4s 8c] [2s]
ioawnat: bets $6
NIGHTyxa: calls $6
*** RIVER *** [7s 4s 8c 2s] [7d]
ioawnat: bets $6
NIGHTyxa: folds
Uncalled bet ($6) returned to ioawnat
ioawnat collected $35.50 from pot
ioawnat: doesn't show hand
*** SUMMARY ***
Total pot $36 | Rake $0.50
Board [7s 4s 8c 2s 7d]
Seat 2: NIGHTyxa (button) (small blind) folded on the River
Seat 4: ioawnat (big blind) collected ($35.50)


PokerStars Hand #148370456698:  Hold'em Limit ($3/$6 USD) - 2016/02/06 22:38:22 ET
Table 'Orestes IV' 6-max Seat #4 is the button
Seat 2: NIGHTyxa ($72 in chips)
Seat 4: ioawnat ($208.98 in chips)
ioawnat: posts small blind $1
NIGHTyxa: posts big blind $3
*** HOLE CARDS ***
ioawnat: raises $3 to $6
NIGHTyxa: folds
Uncalled bet ($3) returned to ioawnat
ioawnat collected $6 from pot
ioawnat: doesn't show hand
*** SUMMARY ***
Total pot $6 | Rake $0
Seat 2: NIGHTyxa (big blind) folded before Flop
Seat 4: ioawnat (button) (small blind) collected ($6)


PokerStars Hand #148370460640:  Hold'em Limit ($3/$6 USD) - 2016/02/06 22:38:32 ET
Table 'Orestes IV' 6-max Seat #2 is the button
Seat 2: NIGHTyxa ($72 in chips)
Seat 4: ioawnat ($211.98 in chips)
NIGHTyxa: posts small blind $1
ioawnat: posts big blind $3
*** HOLE CARDS ***
NIGHTyxa: raises $3 to $6
ioawnat: calls $3
*** FLOP *** [Td 6d 7d]
ioawnat: checks
NIGHTyxa: bets $3
ioawnat: raises $3 to $6
NIGHTyxa: calls $3
*** TURN *** [Td 6d 7d] [8d]
ioawnat: bets $6
NIGHTyxa: calls $6
*** RIVER *** [Td 6d 7d 8d] [As]
ioawnat: bets $6
NIGHTyxa: calls $6
*** SHOW DOWN ***
ioawnat: shows [9d Js] (a straight flush, Six to Ten)
NIGHTyxa: mucks hand
ioawnat collected $47.50 from pot
*** SUMMARY ***
Total pot $48 | Rake $0.50
Board [Td 6d 7d 8d As]
Seat 2: NIGHTyxa (button) (small blind) mucked
Seat 4: ioawnat (big blind) showed [9d Js] and won ($47.50) with a straight flush, Six to Ten


PokerStars Hand #148370470930:  Hold'em Limit ($3/$6 USD) - 2016/02/06 22:39:00 ET
Table 'Orestes IV' 6-max Seat #4 is the button
Seat 2: NIGHTyxa ($72 in chips)
Seat 4: ioawnat ($235.48 in chips)
ioawnat: posts small blind $1
NIGHTyxa: posts big blind $3
*** HOLE CARDS ***
ioawnat: raises $3 to $6
NIGHTyxa: calls $3
*** FLOP *** [4d 8c Td]
NIGHTyxa: checks
ioawnat: bets $3
NIGHTyxa: folds
Uncalled bet ($3) returned to ioawnat
ioawnat collected $11.76 from pot
ioawnat: doesn't show hand
*** SUMMARY ***
Total pot $12 | Rake $0.24
Board [4d 8c Td]
Seat 2: NIGHTyxa (big blind) folded on the Flop
Seat 4: ioawnat (button) (small blind) collected ($11.76)


PokerStars Hand #148370478015:  Hold'em Limit ($3/$6 USD) - 2016/02/06 22:39:18 ET
Table 'Orestes IV' 6-max Seat #2 is the button
Seat 2: NIGHTyxa ($72 in chips)
Seat 4: ioawnat ($241.24 in chips)
NIGHTyxa: posts small blind $1
ioawnat: posts big blind $3
*** HOLE CARDS ***
NIGHTyxa: raises $3 to $6
ioawnat: calls $3
*** FLOP *** [8c Ks 5s]
ioawnat: checks
NIGHTyxa: bets $3
ioawnat: calls $3
*** TURN *** [8c Ks 5s] [6d]
ioawnat: checks
NIGHTyxa: bets $6
ioawnat: folds
Uncalled bet ($6) returned to NIGHTyxa
NIGHTyxa collected $17.64 from pot
NIGHTyxa: doesn't show hand
*** SUMMARY ***
Total pot $18 | Rake $0.36
Board [8c Ks 5s 6d]
Seat 2: NIGHTyxa (button) (small blind) collected ($17.64)
Seat 4: ioawnat (big blind) folded on the Turn


PokerStars Hand #148370486208:  Hold'em Limit ($3/$6 USD) - 2016/02/06 22:39:40 ET
Table 'Orestes IV' 6-max Seat #4 is the button
Seat 2: NIGHTyxa ($80.64 in chips)
Seat 4: ioawnat ($232.24 in chips)
ioawnat: posts small blind $1
NIGHTyxa: posts big blind $3
*** HOLE CARDS ***
ioawnat: raises $3 to $6
hsnew2012 joins the table at seat #5
NIGHTyxa: folds
Uncalled bet ($3) returned to ioawnat
ioawnat collected $6 from pot
ioawnat: doesn't show hand
*** SUMMARY ***
Total pot $6 | Rake $0
Seat 2: NIGHTyxa (big blind) folded before Flop
Seat 4: ioawnat (button) (small blind) collected ($6)


PokerStars Hand #148370488600:  Hold'em Limit ($3/$6 USD) - 2016/02/06 22:39:47 ET
Table 'Orestes IV' 6-max Seat #2 is the button
Seat 2: NIGHTyxa ($77.64 in chips)
Seat 4: ioawnat ($235.24 in chips)
NIGHTyxa: posts small blind $1
ioawnat: posts big blind $3
*** HOLE CARDS ***
NIGHTyxa: raises $3 to $6
ioawnat: calls $3
*** FLOP *** [2s 7s 4s]
ioawnat: checks
NIGHTyxa: bets $3
ioawnat: raises $3 to $6
NIGHTyxa: calls $3
*** TURN *** [2s 7s 4s] [5c]
ioawnat: bets $6
NIGHTyxa: raises $6 to $12
ioawnat: calls $6
*** RIVER *** [2s 7s 4s 5c] [As]
ioawnat: bets $6
NIGHTyxa: calls $6
*** SHOW DOWN ***
ioawnat: shows [2h Ts] (a flush, Ace high)
NIGHTyxa: mucks hand
ioawnat collected $59.50 from pot
*** SUMMARY ***
Total pot $60 | Rake $0.50
Board [2s 7s 4s 5c As]
Seat 2: NIGHTyxa (button) (small blind) mucked
Seat 4: ioawnat (big blind) showed [2h Ts] and won ($59.50) with a flush, Ace high


PokerStars Hand #148370539611:  Hold'em Limit ($3/$6 USD) - 2016/02/06 22:42:05 ET
Table 'Orestes IV' 6-max Seat #4 is the button
Seat 2: NIGHTyxa ($72 in chips)
Seat 4: ioawnat ($329.20 in chips)
ioawnat: posts small blind $1
NIGHTyxa: posts big blind $3
*** HOLE CARDS ***
hsnew2012 leaves the table
ioawnat: raises $3 to $6
NIGHTyxa: folds
Uncalled bet ($3) returned to ioawnat
ioawnat collected $6 from pot
ioawnat: doesn't show hand
*** SUMMARY ***
Total pot $6 | Rake $0
Seat 2: NIGHTyxa (big blind) folded before Flop
Seat 4: ioawnat (button) (small blind) collected ($6)


PokerStars Hand #148370542483:  Hold'em Limit ($3/$6 USD) - 2016/02/06 22:42:13 ET
Table 'Orestes IV' 6-max Seat #2 is the button
Seat 2: NIGHTyxa ($72 in chips)
Seat 4: ioawnat ($332.20 in chips)
NIGHTyxa: posts small blind $1
ioawnat: posts big blind $3
*** HOLE CARDS ***
NIGHTyxa: raises $3 to $6
ioawnat: calls $3
*** FLOP *** [4s Qd As]
ioawnat: checks
NIGHTyxa: bets $3
ioawnat: calls $3
*** TURN *** [4s Qd As] [2c]
ioawnat: checks
NIGHTyxa: bets $6
ioawnat: calls $6
*** RIVER *** [4s Qd As 2c] [Th]
ioawnat: checks
NIGHTyxa: bets $6
ioawnat: calls $6
*** SHOW DOWN ***
NIGHTyxa: shows [5c Ad] (a pair of Aces)
ioawnat: mucks hand
NIGHTyxa collected $41.50 from pot
*** SUMMARY ***
Total pot $42 | Rake $0.50
Board [4s Qd As 2c Th]
Seat 2: NIGHTyxa (button) (small blind) showed [5c Ad] and won ($41.50) with a pair of Aces
Seat 4: ioawnat (big blind) mucked


PokerStars Hand #148370552297:  Hold'em Limit ($3/$6 USD) - 2016/02/06 22:42:39 ET
Table 'Orestes IV' 6-max Seat #4 is the button
Seat 2: NIGHTyxa ($92.50 in chips)
Seat 4: ioawnat ($311.20 in chips)
ioawnat: posts small blind $1
NIGHTyxa: posts big blind $3
*** HOLE CARDS ***
ioawnat: raises $3 to $6
NIGHTyxa: calls $3
*** FLOP *** [9d 2c Kh]
NIGHTyxa: checks
ioawnat: bets $3
NIGHTyxa: calls $3
*** TURN *** [9d 2c Kh] [Jc]
NIGHTyxa: checks
ioawnat: checks
*** RIVER *** [9d 2c Kh Jc] [3s]
NIGHTyxa: bets $6
ioawnat: calls $6
*** SHOW DOWN ***
NIGHTyxa: shows [Ac 2h] (a pair of Deuces)
ioawnat: mucks hand
NIGHTyxa collected $29.50 from pot
*** SUMMARY ***
Total pot $30 | Rake $0.50
Board [9d 2c Kh Jc 3s]
Seat 2: NIGHTyxa (big blind) showed [Ac 2h] and won ($29.50) with a pair of Deuces
Seat 4: ioawnat (button) (small blind) mucked


PokerStars Hand #148370561506:  Hold'em Limit ($3/$6 USD) - 2016/02/06 22:43:05 ET
Table 'Orestes IV' 6-max Seat #4 is the button
Seat 2: NIGHTyxa ($110 in chips)
Seat 4: ioawnat ($293.20 in chips)
ioawnat: posts small blind $1
NIGHTyxa: posts big blind $3
*** HOLE CARDS ***
ioawnat: raises $3 to $6
NIGHTyxa: folds
Uncalled bet ($3) returned to ioawnat
ioawnat collected $6 from pot
ioawnat: doesn't show hand
*** SUMMARY ***
Total pot $6 | Rake $0
Seat 2: NIGHTyxa (big blind) folded before Flop
Seat 4: ioawnat (button) (small blind) collected ($6)


PokerStars Hand #148370559463:  Hold'em Limit ($3/$6 USD) - 2016/02/06 22:42:59 ET
Table 'Orestes IV' 6-max Seat #2 is the button
Seat 2: NIGHTyxa ($107 in chips)
Seat 4: ioawnat ($296.20 in chips)
NIGHTyxa: posts small blind $1
ioawnat: posts big blind $3
*** HOLE CARDS ***
NIGHTyxa: raises $3 to $6
ioawnat: folds
Uncalled bet ($3) returned to NIGHTyxa
NIGHTyxa collected $6 from pot
NIGHTyxa: doesn't show hand
*** SUMMARY ***
Total pot $6 | Rake $0
Seat 2: NIGHTyxa (button) (small blind) collected ($6)
Seat 4: ioawnat (big blind) folded before Flop


PokerStars Hand #148370563897:  Hold'em Limit ($3/$6 USD) - 2016/02/06 22:43:11 ET
Table 'Orestes IV' 6-max Seat #2 is the button
Seat 2: NIGHTyxa ($107 in chips)
Seat 4: ioawnat ($296.20 in chips)
NIGHTyxa: posts small blind $1
ioawnat: posts big blind $3
*** HOLE CARDS ***
NIGHTyxa: raises $3 to $6
ioawnat: calls $3
*** FLOP *** [As 9h Jc]
ioawnat: checks
NIGHTyxa: bets $3
ioawnat: calls $3
*** TURN *** [As 9h Jc] [3s]
ioawnat: checks
NIGHTyxa: bets $6
ioawnat: calls $6
*** RIVER *** [As 9h Jc 3s] [4c]
ioawnat: checks
NIGHTyxa: bets $6
ioawnat: calls $6
*** SHOW DOWN ***
NIGHTyxa: shows [6h Qh] (high card Ace)
ioawnat: shows [9c Th] (a pair of Nines)
ioawnat collected $41.50 from pot
*** SUMMARY ***
Total pot $42 | Rake $0.50
Board [As 9h Jc 3s 4c]
Seat 2: NIGHTyxa (button) (small blind) showed [6h Qh] and lost with high card Ace
Seat 4: ioawnat (big blind) showed [9c Th] and won ($41.50) with a pair of Nines


PokerStars Hand #148370571043:  Hold'em Limit ($3/$6 USD) - 2016/02/06 22:43:31 ET
Table 'Orestes IV' 6-max Seat #4 is the button
Seat 2: NIGHTyxa ($86 in chips)
Seat 4: ioawnat ($316.70 in chips)
ioawnat: posts small blind $1
NIGHTyxa: posts big blind $3
*** HOLE CARDS ***
ioawnat: raises $3 to $6
NIGHTyxa: calls $3
*** FLOP *** [Th 6c Kc]
NIGHTyxa: checks
ioawnat: bets $3
NIGHTyxa: folds
Uncalled bet ($3) returned to ioawnat
ioawnat collected $11.76 from pot
ioawnat: doesn't show hand
*** SUMMARY ***
Total pot $12 | Rake $0.24
Board [Th 6c Kc]
Seat 2: NIGHTyxa (big blind) folded on the Flop
Seat 4: ioawnat (button) (small blind) collected ($11.76)


PokerStars Hand #148370574704:  Hold'em Limit ($3/$6 USD) - 2016/02/06 22:43:41 ET
Table 'Orestes IV' 6-max Seat #2 is the button
Seat 2: NIGHTyxa ($80 in chips)
Seat 4: ioawnat ($322.46 in chips)
NIGHTyxa: posts small blind $1
ioawnat: posts big blind $3
*** HOLE CARDS ***
NIGHTyxa: raises $3 to $6
ioawnat: folds
Uncalled bet ($3) returned to NIGHTyxa
NIGHTyxa collected $6 from pot
NIGHTyxa: doesn't show hand
*** SUMMARY ***
Total pot $6 | Rake $0
Seat 2: NIGHTyxa (button) (small blind) collected ($6)
Seat 4: ioawnat (big blind) folded before Flop


PokerStars Hand #148370577131:  Hold'em Limit ($3/$6 USD) - 2016/02/06 22:43:47 ET
Table 'Orestes IV' 6-max Seat #4 is the button
Seat 2: NIGHTyxa ($83 in chips)
Seat 4: ioawnat ($319.46 in chips)
ioawnat: posts small blind $1
NIGHTyxa: posts big blind $3
*** HOLE CARDS ***
ioawnat: raises $3 to $6
NIGHTyxa: calls $3
*** FLOP *** [6c 5c Qh]
NIGHTyxa: checks
ioawnat: bets $3
NIGHTyxa: raises $3 to $6
ioawnat: folds
Uncalled bet ($3) returned to NIGHTyxa
NIGHTyxa collected $17.64 from pot
NIGHTyxa: doesn't show hand
*** SUMMARY ***
Total pot $18 | Rake $0.36
Board [6c 5c Qh]
Seat 2: NIGHTyxa (big blind) collected ($17.64)
Seat 4: ioawnat (button) (small blind) folded on the Flop


PokerStars Hand #148370582094:  Hold'em Limit ($3/$6 USD) - 2016/02/06 22:44:01 ET
Table 'Orestes IV' 6-max Seat #2 is the button
Seat 2: NIGHTyxa ($91.64 in chips)
Seat 4: ioawnat ($310.46 in chips)
NIGHTyxa: posts small blind $1
ioawnat: posts big blind $3
*** HOLE CARDS ***
NIGHTyxa: raises $3 to $6
ioawnat: folds
Uncalled bet ($3) returned to NIGHTyxa
NIGHTyxa collected $6 from pot
NIGHTyxa: doesn't show hand
*** SUMMARY ***
Total pot $6 | Rake $0
Seat 2: NIGHTyxa (button) (small blind) collected ($6)
Seat 4: ioawnat (big blind) folded before Flop


PokerStars Hand #148370584546:  Hold'em Limit ($3/$6 USD) - 2016/02/06 22:44:08 ET
Table 'Orestes IV' 6-max Seat #4 is the button
Seat 2: NIGHTyxa ($94.64 in chips)
Seat 4: ioawnat ($307.46 in chips)
ioawnat: posts small blind $1
NIGHTyxa: posts big blind $3
*** HOLE CARDS ***
ioawnat: raises $3 to $6
NIGHTyxa: calls $3
*** FLOP *** [5s Qs 9c]
NIGHTyxa: checks
ioawnat: checks
*** TURN *** [5s Qs 9c] [Ah]
NIGHTyxa: checks
ioawnat: bets $6
NIGHTyxa: calls $6
*** RIVER *** [5s Qs 9c Ah] [2d]
NIGHTyxa: checks
ioawnat: checks
*** SHOW DOWN ***
NIGHTyxa: shows [7c Kd] (high card Ace)
ioawnat: mucks hand
NIGHTyxa collected $23.52 from pot
LikeLenz joins the table at seat #3
*** SUMMARY ***
Total pot $24 | Rake $0.48
Board [5s Qs 9c Ah 2d]
Seat 2: NIGHTyxa (big blind) showed [7c Kd] and won ($23.52) with high card Ace
Seat 4: ioawnat (button) (small blind) mucked


PokerStars Hand #148370657469:  Hold'em Limit ($3/$6 USD) - 2016/02/06 22:47:28 ET
Table 'Orestes IV' 6-max Seat #2 is the button
Seat 2: NIGHTyxa ($92.12 in chips)
Seat 4: ioawnat ($302.28 in chips)
NIGHTyxa: posts small blind $1
ioawnat: posts big blind $3
*** HOLE CARDS ***
NIGHTyxa: raises $3 to $6
ioawnat: folds
Uncalled bet ($3) returned to NIGHTyxa
NIGHTyxa collected $6 from pot
NIGHTyxa: doesn't show hand
*** SUMMARY ***
Total pot $6 | Rake $0
Seat 2: NIGHTyxa (button) (small blind) collected ($6)
Seat 4: ioawnat (big blind) folded before Flop


