PokerStars Hand #156092207283:  Hold'em Limit ($3/$6 USD) - 2016/07/17 14:11:53 ET
Table 'Oriola' 6-max Seat #4 is the button
Seat 3: misss12 ($149.12 in chips)
Seat 4: Koraseg ($121 in chips)
Koraseg: posts small blind $1
misss12: posts big blind $3
*** HOLE CARDS ***
Koraseg: raises $3 to $6
misss12: raises $3 to $9
Koraseg: calls $3
*** FLOP *** [Qd 7s Kc]
misss12: checks
Koraseg: checks
*** TURN *** [Qd 7s Kc] [6h]
misss12: bets $6
Koraseg: folds
Uncalled bet ($6) returned to misss12
misss12 collected $17.64 from pot
*** SUMMARY ***
Total pot $18 | Rake $0.36
Board [Qd 7s Kc 6h]
Seat 3: misss12 (big blind) collected ($17.64)
Seat 4: Koraseg (button) (small blind) folded on the Turn


PokerStars Hand #156092260820:  Hold'em Limit ($3/$6 USD) - 2016/07/17 14:12:48 ET
Table 'Oriola' 6-max Seat #3 is the button
Seat 3: misss12 ($157.52 in chips)
Seat 4: Koraseg ($111.76 in chips)
misss12: posts small blind $1
Koraseg: posts big blind $3
*** HOLE CARDS ***
misss12: folds
Uncalled bet ($2) returned to Koraseg
Koraseg collected $2 from pot
Koraseg: doesn't show hand
*** SUMMARY ***
Total pot $2 | Rake $0
Seat 3: misss12 (button) (small blind) folded before Flop
Seat 4: Koraseg (big blind) collected ($2)


PokerStars Hand #156092247001:  Hold'em Limit ($3/$6 USD) - 2016/07/17 14:12:34 ET
Table 'Oriola' 6-max Seat #4 is the button
Seat 3: misss12 ($163.52 in chips)
Seat 4: Koraseg ($106 in chips)
Koraseg: posts small blind $1
misss12: posts big blind $3
*** HOLE CARDS ***
Koraseg: raises $3 to $6
misss12: calls $3
*** FLOP *** [As Kh 9s]
misss12: checks
Koraseg: bets $3
misss12: folds
Uncalled bet ($3) returned to Koraseg
Koraseg collected $11.76 from pot
Koraseg: doesn't show hand
*** SUMMARY ***
Total pot $12 | Rake $0.24
Board [As Kh 9s]
Seat 3: misss12 (big blind) folded on the Flop
Seat 4: Koraseg (button) (small blind) collected ($11.76)


PokerStars Hand #156092227322:  Hold'em Limit ($3/$6 USD) - 2016/07/17 14:12:14 ET
Table 'Oriola' 6-max Seat #3 is the button
Seat 3: misss12 ($157.76 in chips)
Seat 4: Koraseg ($112 in chips)
misss12: posts small blind $1
Koraseg: posts big blind $3
*** HOLE CARDS ***
misss12: calls $2
Koraseg: checks
*** FLOP *** [2c Qd 4d]
Koraseg: bets $3
misss12: calls $3
*** TURN *** [2c Qd 4d] [8d]
Koraseg: checks
misss12: checks
*** RIVER *** [2c Qd 4d 8d] [Ah]
Koraseg: checks
misss12: bets $6
Koraseg: folds
Uncalled bet ($6) returned to misss12
misss12 collected $11.76 from pot
*** SUMMARY ***
Total pot $12 | Rake $0.24
Board [2c Qd 4d 8d Ah]
Seat 3: misss12 (button) (small blind) collected ($11.76)
Seat 4: Koraseg (big blind) folded on the River


PokerStars Hand #156092285813:  Hold'em Limit ($3/$6 USD) - 2016/07/17 14:13:14 ET
Table 'Oriola' 6-max Seat #3 is the button
Seat 3: misss12 ($165.16 in chips)
Seat 4: Koraseg ($103.76 in chips)
misss12: posts small blind $1
Koraseg: posts big blind $3
*** HOLE CARDS ***
LolDnkaments joins the table at seat #5
misss12: folds
Uncalled bet ($2) returned to Koraseg
Koraseg collected $2 from pot
Koraseg: doesn't show hand
*** SUMMARY ***
Total pot $2 | Rake $0
Seat 3: misss12 (button) (small blind) folded before Flop
Seat 4: Koraseg (big blind) collected ($2)


PokerStars Hand #156092267211:  Hold'em Limit ($3/$6 USD) - 2016/07/17 14:12:55 ET
Table 'Oriola' 6-max Seat #4 is the button
Seat 3: misss12 ($156.52 in chips)
Seat 4: Koraseg ($112.76 in chips)
Koraseg: posts small blind $1
misss12: posts big blind $3
*** HOLE CARDS ***
Koraseg: raises $3 to $6
misss12: calls $3
*** FLOP *** [Jd Jc 9h]
misss12: checks
Koraseg: bets $3
misss12: raises $3 to $6
Koraseg: folds
Uncalled bet ($3) returned to misss12
misss12 collected $17.64 from pot
*** SUMMARY ***
Total pot $18 | Rake $0.36
Board [Jd Jc 9h]
Seat 3: misss12 (big blind) collected ($17.64)
Seat 4: Koraseg (button) (small blind) folded on the Flop


PokerStars Hand #156092547048:  Hold'em Limit ($3/$6 USD) - 2016/07/17 14:17:39 ET
Table 'Oriola' 6-max Seat #3 is the button
Seat 3: misss12 ($177.73 in chips)
Seat 5: LolDnkaments ($72 in chips)
misss12: posts small blind $1
LolDnkaments: posts big blind $3
*** HOLE CARDS ***
misss12: raises $3 to $6
LolDnkaments: raises $3 to $9
misss12: calls $3
*** FLOP *** [Ad Jh Kc]
LolDnkaments: bets $3
misss12: calls $3
*** TURN *** [Ad Jh Kc] [4d]
LolDnkaments: bets $6
misss12: calls $6
*** RIVER *** [Ad Jh Kc 4d] [7d]
LolDnkaments: checks
misss12: checks
*** SHOW DOWN ***
LolDnkaments: shows [8d 8s] (a pair of Eights)
misss12: shows [6c Ah] (a pair of Aces)
misss12 collected $35.50 from pot
*** SUMMARY ***
Total pot $36 | Rake $0.50
Board [Ad Jh Kc 4d 7d]
Seat 3: misss12 (button) (small blind) showed [6c Ah] and won ($35.50) with a pair of Aces
Seat 5: LolDnkaments (big blind) showed [8d 8s] and lost with a pair of Eights


PokerStars Hand #156092513205:  Hold'em Limit ($3/$6 USD) - 2016/07/17 14:17:10 ET
Table 'Oriola' 6-max Seat #5 is the button
Seat 3: misss12 ($151.23 in chips)
Seat 5: LolDnkaments ($92.50 in chips)
LolDnkaments: posts small blind $1
misss12: posts big blind $3
*** HOLE CARDS ***
LolDnkaments: raises $3 to $6
misss12: calls $3
*** FLOP *** [7s As 7h]
misss12: checks
LolDnkaments: bets $3
misss12: calls $3
*** TURN *** [7s As 7h] [Jc]
misss12: checks
LolDnkaments: bets $6
misss12: raises $6 to $12
LolDnkaments: calls $6
*** RIVER *** [7s As 7h Jc] [2d]
misss12: bets $6
LolDnkaments: calls $6
*** SHOW DOWN ***
misss12: shows [7d 8d] (three of a kind, Sevens)
LolDnkaments: mucks hand
misss12 collected $53.50 from pot
*** SUMMARY ***
Total pot $54 | Rake $0.50
Board [7s As 7h Jc 2d]
Seat 3: misss12 (big blind) showed [7d 8d] and won ($53.50) with three of a kind, Sevens
Seat 5: LolDnkaments (button) (small blind) mucked


PokerStars Hand #156092475337:  Hold'em Limit ($3/$6 USD) - 2016/07/17 14:16:31 ET
Table 'Oriola' 6-max Seat #3 is the button
Seat 3: misss12 ($169.23 in chips)
Seat 5: LolDnkaments ($75 in chips)
misss12: posts small blind $1
Koraseg: is sitting out
LolDnkaments: posts big blind $3
*** HOLE CARDS ***
Koraseg leaves the table
misss12: raises $3 to $6
LolDnkaments: calls $3
*** FLOP *** [5d Kc 4d]
LolDnkaments: checks
misss12: checks
*** TURN *** [5d Kc 4d] [Th]
LolDnkaments: bets $6
misss12: calls $6
*** RIVER *** [5d Kc 4d Th] [Qh]
LolDnkaments: bets $6
misss12: calls $6
*** SHOW DOWN ***
LolDnkaments: shows [5c Qs] (two pair, Queens and Fives)
misss12: mucks hand
LolDnkaments collected $35.50 from pot
*** SUMMARY ***
Total pot $36 | Rake $0.50
Board [5d Kc 4d Th Qh]
Seat 3: misss12 (button) (small blind) mucked
Seat 5: LolDnkaments (big blind) showed [5c Qs] and won ($35.50) with two pair, Queens and Fives


PokerStars Hand #156092623243:  Hold'em Limit ($3/$6 USD) - 2016/07/17 14:19:00 ET
Table 'Oriola' 6-max Seat #3 is the button
Seat 3: misss12 ($200.73 in chips)
Seat 5: LolDnkaments ($89.28 in chips)
misss12: posts small blind $1
LolDnkaments: posts big blind $3
*** HOLE CARDS ***
misss12: folds
Uncalled bet ($2) returned to LolDnkaments
LolDnkaments collected $2 from pot
LolDnkaments: doesn't show hand
*** SUMMARY ***
Total pot $2 | Rake $0
Seat 3: misss12 (button) (small blind) folded before Flop
Seat 5: LolDnkaments (big blind) collected ($2)


PokerStars Hand #156092609103:  Hold'em Limit ($3/$6 USD) - 2016/07/17 14:18:45 ET
Table 'Oriola' 6-max Seat #5 is the button
Seat 3: misss12 ($206.73 in chips)
Seat 5: LolDnkaments ($83.52 in chips)
LolDnkaments: posts small blind $1
misss12: posts big blind $3
*** HOLE CARDS ***
LolDnkaments: raises $3 to $6
misss12: calls $3
*** FLOP *** [4h 6d Ad]
misss12: checks
LolDnkaments: bets $3
misss12: folds
Uncalled bet ($3) returned to LolDnkaments
LolDnkaments collected $11.76 from pot
LolDnkaments: doesn't show hand
*** SUMMARY ***
Total pot $12 | Rake $0.24
Board [4h 6d Ad]
Seat 3: misss12 (big blind) folded on the Flop
Seat 5: LolDnkaments (button) (small blind) collected ($11.76)


PokerStars Hand #156092588167:  Hold'em Limit ($3/$6 USD) - 2016/07/17 14:18:23 ET
Table 'Oriola' 6-max Seat #3 is the button
Seat 3: misss12 ($218.73 in chips)
Seat 5: LolDnkaments ($72 in chips)
misss12: posts small blind $1
LolDnkaments: posts big blind $3
*** HOLE CARDS ***
misss12: raises $3 to $6
LolDnkaments: raises $3 to $9
misss12: calls $3
*** FLOP *** [4c 9d 7c]
LolDnkaments: bets $3
misss12: calls $3
*** TURN *** [4c 9d 7c] [7d]
LolDnkaments: bets $6
misss12: folds
Uncalled bet ($6) returned to LolDnkaments
LolDnkaments collected $23.52 from pot
LolDnkaments: doesn't show hand
*** SUMMARY ***
Total pot $24 | Rake $0.48
Board [4c 9d 7c 7d]
Seat 3: misss12 (button) (small blind) folded on the Turn
Seat 5: LolDnkaments (big blind) collected ($23.52)


PokerStars Hand #156092563466:  Hold'em Limit ($3/$6 USD) - 2016/07/17 14:17:57 ET
Table 'Oriola' 6-max Seat #5 is the button
Seat 3: misss12 ($195.23 in chips)
Seat 5: LolDnkaments ($72 in chips)
LolDnkaments: posts small blind $1
misss12: posts big blind $3
*** HOLE CARDS ***
LolDnkaments: raises $3 to $6
misss12: calls $3
*** FLOP *** [Td 6s 6h]
misss12: checks
LolDnkaments: bets $3
misss12: raises $3 to $6
LolDnkaments: calls $3
*** TURN *** [Td 6s 6h] [2d]
misss12: bets $6
LolDnkaments: calls $6
*** RIVER *** [Td 6s 6h 2d] [2h]
misss12: bets $6
LolDnkaments: calls $6
*** SHOW DOWN ***
misss12: shows [Ts Kc] (two pair, Tens and Sixes)
LolDnkaments: mucks hand
misss12 collected $47.50 from pot
*** SUMMARY ***
Total pot $48 | Rake $0.50
Board [Td 6s 6h 2d 2h]
Seat 3: misss12 (big blind) showed [Ts Kc] and won ($47.50) with two pair, Tens and Sixes
Seat 5: LolDnkaments (button) (small blind) mucked


PokerStars Hand #156092642142:  Hold'em Limit ($3/$6 USD) - 2016/07/17 14:19:20 ET
Table 'Oriola' 6-max Seat #5 is the button
Seat 3: misss12 ($199.73 in chips)
Seat 5: LolDnkaments ($90.28 in chips)
LolDnkaments: posts small blind $1
misss12: posts big blind $3
*** HOLE CARDS ***
LolDnkaments: raises $3 to $6
misss12: raises $3 to $9
LolDnkaments: raises $3 to $12
Betting is capped
misss12: calls $3
*** FLOP *** [7d 9h 8d]
misss12: checks
LolDnkaments: bets $3
misss12: calls $3
*** TURN *** [7d 9h 8d] [3s]
misss12: checks
LolDnkaments: bets $6
misss12: calls $6
*** RIVER *** [7d 9h 8d 3s] [Ah]
misss12: checks
LolDnkaments: bets $6
misss12: folds
Uncalled bet ($6) returned to LolDnkaments
LolDnkaments collected $41.50 from pot
LolDnkaments: doesn't show hand
*** SUMMARY ***
Total pot $42 | Rake $0.50
Board [7d 9h 8d 3s Ah]
Seat 3: misss12 (big blind) folded on the River
Seat 5: LolDnkaments (button) (small blind) collected ($41.50)


PokerStars Hand #156092636539:  Hold'em Limit ($3/$6 USD) - 2016/07/17 14:19:14 ET
Table 'Oriola' 6-max Seat #3 is the button
Seat 3: misss12 ($200.73 in chips)
Seat 5: LolDnkaments ($89.28 in chips)
misss12: posts small blind $1
LolDnkaments: posts big blind $3
*** HOLE CARDS ***
misss12: folds
Uncalled bet ($2) returned to LolDnkaments
LolDnkaments collected $2 from pot
LolDnkaments: doesn't show hand
*** SUMMARY ***
Total pot $2 | Rake $0
Seat 3: misss12 (button) (small blind) folded before Flop
Seat 5: LolDnkaments (big blind) collected ($2)


PokerStars Hand #156092627768:  Hold'em Limit ($3/$6 USD) - 2016/07/17 14:19:05 ET
Table 'Oriola' 6-max Seat #5 is the button
Seat 3: misss12 ($199.73 in chips)
Seat 5: LolDnkaments ($90.28 in chips)
LolDnkaments: posts small blind $1
misss12: posts big blind $3
*** HOLE CARDS ***
LolDnkaments: folds
Uncalled bet ($2) returned to misss12
misss12 collected $2 from pot
*** SUMMARY ***
Total pot $2 | Rake $0
Seat 3: misss12 (big blind) collected ($2)
Seat 5: LolDnkaments (button) (small blind) folded before Flop


PokerStars Hand #156092731890:  Hold'em Limit ($3/$6 USD) - 2016/07/17 14:20:54 ET
Table 'Oriola' 6-max Seat #5 is the button
Seat 3: misss12 ($194.99 in chips)
Seat 5: LolDnkaments ($93.78 in chips)
LolDnkaments: posts small blind $1
misss12: posts big blind $3
*** HOLE CARDS ***
LolDnkaments: raises $3 to $6
misss12: calls $3
*** FLOP *** [Jh 6s 6h]
misss12: checks
LolDnkaments: bets $3
misss12: raises $3 to $6
LolDnkaments: folds
Uncalled bet ($3) returned to misss12
misss12 collected $17.64 from pot
*** SUMMARY ***
Total pot $18 | Rake $0.36
Board [Jh 6s 6h]
Seat 3: misss12 (big blind) collected ($17.64)
Seat 5: LolDnkaments (button) (small blind) folded on the Flop


PokerStars Hand #156092723214:  Hold'em Limit ($3/$6 USD) - 2016/07/17 14:20:45 ET
Table 'Oriola' 6-max Seat #3 is the button
Seat 3: misss12 ($189.23 in chips)
Seat 5: LolDnkaments ($99.78 in chips)
misss12: posts small blind $1
LolDnkaments: posts big blind $3
*** HOLE CARDS ***
misss12: raises $3 to $6
LolDnkaments: calls $3
*** FLOP *** [Jd 5c Jc]
LolDnkaments: checks
misss12: bets $3
LolDnkaments: folds
Uncalled bet ($3) returned to misss12
misss12 collected $11.76 from pot
*** SUMMARY ***
Total pot $12 | Rake $0.24
Board [Jd 5c Jc]
Seat 3: misss12 (button) (small blind) collected ($11.76)
Seat 5: LolDnkaments (big blind) folded on the Flop


PokerStars Hand #156092718129:  Hold'em Limit ($3/$6 USD) - 2016/07/17 14:20:40 ET
Table 'Oriola' 6-max Seat #5 is the button
Seat 3: misss12 ($192.23 in chips)
Seat 5: LolDnkaments ($96.78 in chips)
LolDnkaments: posts small blind $1
misss12: posts big blind $3
*** HOLE CARDS ***
LolDnkaments: raises $3 to $6
misss12: folds
Uncalled bet ($3) returned to LolDnkaments
LolDnkaments collected $6 from pot
LolDnkaments: doesn't show hand
*** SUMMARY ***
Total pot $6 | Rake $0
Seat 3: misss12 (big blind) folded before Flop
Seat 5: LolDnkaments (button) (small blind) collected ($6)


PokerStars Hand #156092713340:  Hold'em Limit ($3/$6 USD) - 2016/07/17 14:20:35 ET
Table 'Oriola' 6-max Seat #3 is the button
Seat 3: misss12 ($193.23 in chips)
Seat 5: LolDnkaments ($95.78 in chips)
misss12: posts small blind $1
LolDnkaments: posts big blind $3
*** HOLE CARDS ***
misss12: folds
Uncalled bet ($2) returned to LolDnkaments
LolDnkaments collected $2 from pot
LolDnkaments: doesn't show hand
*** SUMMARY ***
Total pot $2 | Rake $0
Seat 3: misss12 (button) (small blind) folded before Flop
Seat 5: LolDnkaments (big blind) collected ($2)


PokerStars Hand #156092705151:  Hold'em Limit ($3/$6 USD) - 2016/07/17 14:20:26 ET
Table 'Oriola' 6-max Seat #5 is the button
Seat 3: misss12 ($196.23 in chips)
Seat 5: LolDnkaments ($92.78 in chips)
LolDnkaments: posts small blind $1
misss12: posts big blind $3
*** HOLE CARDS ***
LolDnkaments: raises $3 to $6
misss12: folds
Uncalled bet ($3) returned to LolDnkaments
LolDnkaments collected $6 from pot
LolDnkaments: doesn't show hand
*** SUMMARY ***
Total pot $6 | Rake $0
Seat 3: misss12 (big blind) folded before Flop
Seat 5: LolDnkaments (button) (small blind) collected ($6)


PokerStars Hand #156092681370:  Hold'em Limit ($3/$6 USD) - 2016/07/17 14:20:01 ET
Table 'Oriola' 6-max Seat #3 is the button
Seat 3: misss12 ($178.73 in chips)
Seat 5: LolDnkaments ($110.78 in chips)
misss12: posts small blind $1
LolDnkaments: posts big blind $3
*** HOLE CARDS ***
misss12: raises $3 to $6
LolDnkaments: calls $3
*** FLOP *** [3s 9s 2d]
LolDnkaments: checks
misss12: checks
*** TURN *** [3s 9s 2d] [4c]
LolDnkaments: bets $6
misss12: calls $6
*** RIVER *** [3s 9s 2d 4c] [5s]
LolDnkaments: checks
misss12: bets $6
LolDnkaments: calls $6
*** SHOW DOWN ***
misss12: shows [6d Ah] (a straight, Deuce to Six)
LolDnkaments: mucks hand
misss12 collected $35.50 from pot
*** SUMMARY ***
Total pot $36 | Rake $0.50
Board [3s 9s 2d 4c 5s]
Seat 3: misss12 (button) (small blind) showed [6d Ah] and won ($35.50) with a straight, Deuce to Six
Seat 5: LolDnkaments (big blind) mucked


PokerStars Hand #156092779143:  Hold'em Limit ($3/$6 USD) - 2016/07/17 14:21:43 ET
Table 'Oriola' 6-max Seat #5 is the button
Seat 3: misss12 ($195.63 in chips)
Seat 5: LolDnkaments ($92.54 in chips)
LolDnkaments: posts small blind $1
misss12: posts big blind $3
*** HOLE CARDS ***
LolDnkaments: raises $3 to $6
misss12: folds
Uncalled bet ($3) returned to LolDnkaments
LolDnkaments collected $6 from pot
LolDnkaments: doesn't show hand
*** SUMMARY ***
Total pot $6 | Rake $0
Seat 3: misss12 (big blind) folded before Flop
Seat 5: LolDnkaments (button) (small blind) collected ($6)


PokerStars Hand #156092773958:  Hold'em Limit ($3/$6 USD) - 2016/07/17 14:21:38 ET
Table 'Oriola' 6-max Seat #3 is the button
Seat 3: misss12 ($196.63 in chips)
Seat 5: LolDnkaments ($91.54 in chips)
misss12: posts small blind $1
LolDnkaments: posts big blind $3
*** HOLE CARDS ***
misss12: folds
Uncalled bet ($2) returned to LolDnkaments
LolDnkaments collected $2 from pot
LolDnkaments: doesn't show hand
*** SUMMARY ***
Total pot $2 | Rake $0
Seat 3: misss12 (button) (small blind) folded before Flop
Seat 5: LolDnkaments (big blind) collected ($2)


PokerStars Hand #156092750047:  Hold'em Limit ($3/$6 USD) - 2016/07/17 14:21:13 ET
Table 'Oriola' 6-max Seat #5 is the button
Seat 3: misss12 ($202.63 in chips)
Seat 5: LolDnkaments ($85.78 in chips)
LolDnkaments: posts small blind $1
misss12: posts big blind $3
*** HOLE CARDS ***
LolDnkaments: raises $3 to $6
misss12: calls $3
*** FLOP *** [4d Kd Ac]
misss12: checks
LolDnkaments: bets $3
misss12: folds
Uncalled bet ($3) returned to LolDnkaments
LolDnkaments collected $11.76 from pot
LolDnkaments: doesn't show hand
*** SUMMARY ***
Total pot $12 | Rake $0.24
Board [4d Kd Ac]
Seat 3: misss12 (big blind) folded on the Flop
Seat 5: LolDnkaments (button) (small blind) collected ($11.76)


PokerStars Hand #156092745796:  Hold'em Limit ($3/$6 USD) - 2016/07/17 14:21:09 ET
Table 'Oriola' 6-max Seat #3 is the button
Seat 3: misss12 ($203.63 in chips)
Seat 5: LolDnkaments ($84.78 in chips)
misss12: posts small blind $1
LolDnkaments: posts big blind $3
*** HOLE CARDS ***
misss12: folds
Uncalled bet ($2) returned to LolDnkaments
LolDnkaments collected $2 from pot
LolDnkaments: doesn't show hand
*** SUMMARY ***
Total pot $2 | Rake $0
Seat 3: misss12 (button) (small blind) folded before Flop
Seat 5: LolDnkaments (big blind) collected ($2)


PokerStars Hand #156092840262:  Hold'em Limit ($3/$6 USD) - 2016/07/17 14:22:48 ET
Table 'Oriola' 6-max Seat #3 is the button
Seat 3: misss12 ($210.13 in chips)
Seat 5: LolDnkaments ($77.54 in chips)
misss12: posts small blind $1
LolDnkaments: posts big blind $3
*** HOLE CARDS ***
misss12: raises $3 to $6
LolDnkaments: calls $3
*** FLOP *** [Js 9h Ks]
LolDnkaments: checks
misss12: bets $3
LolDnkaments: folds
Uncalled bet ($3) returned to misss12
misss12 collected $11.76 from pot
*** SUMMARY ***
Total pot $12 | Rake $0.24
Board [Js 9h Ks]
Seat 3: misss12 (button) (small blind) collected ($11.76)
Seat 5: LolDnkaments (big blind) folded on the Flop


PokerStars Hand #156092833646:  Hold'em Limit ($3/$6 USD) - 2016/07/17 14:22:41 ET
Table 'Oriola' 6-max Seat #5 is the button
Seat 3: misss12 ($213.13 in chips)
Seat 5: LolDnkaments ($74.54 in chips)
LolDnkaments: posts small blind $1
misss12: posts big blind $3
*** HOLE CARDS ***
LolDnkaments: raises $3 to $6
misss12: folds
Uncalled bet ($3) returned to LolDnkaments
LolDnkaments collected $6 from pot
LolDnkaments: doesn't show hand
*** SUMMARY ***
Total pot $6 | Rake $0
Seat 3: misss12 (big blind) folded before Flop
Seat 5: LolDnkaments (button) (small blind) collected ($6)


PokerStars Hand #156092825338:  Hold'em Limit ($3/$6 USD) - 2016/07/17 14:22:32 ET
Table 'Oriola' 6-max Seat #3 is the button
Seat 3: misss12 ($214.13 in chips)
Seat 5: LolDnkaments ($73.54 in chips)
misss12: posts small blind $1
LolDnkaments: posts big blind $3
*** HOLE CARDS ***
misss12: folds
Uncalled bet ($2) returned to LolDnkaments
LolDnkaments collected $2 from pot
LolDnkaments: doesn't show hand
*** SUMMARY ***
Total pot $2 | Rake $0
Seat 3: misss12 (button) (small blind) folded before Flop
Seat 5: LolDnkaments (big blind) collected ($2)


PokerStars Hand #156092820737:  Hold'em Limit ($3/$6 USD) - 2016/07/17 14:22:27 ET
Table 'Oriola' 6-max Seat #5 is the button
Seat 3: misss12 ($213.13 in chips)
Seat 5: LolDnkaments ($74.54 in chips)
LolDnkaments: posts small blind $1
misss12: posts big blind $3
*** HOLE CARDS ***
LolDnkaments: folds
Uncalled bet ($2) returned to misss12
misss12 collected $2 from pot
*** SUMMARY ***
Total pot $2 | Rake $0
Seat 3: misss12 (big blind) collected ($2)
Seat 5: LolDnkaments (button) (small blind) folded before Flop


PokerStars Hand #156092789438:  Hold'em Limit ($3/$6 USD) - 2016/07/17 14:21:54 ET
Table 'Oriola' 6-max Seat #3 is the button
Seat 3: misss12 ($192.63 in chips)
Seat 5: LolDnkaments ($95.54 in chips)
misss12: posts small blind $1
LolDnkaments: posts big blind $3
*** HOLE CARDS ***
misss12: raises $3 to $6
LolDnkaments: raises $3 to $9
misss12: raises $3 to $12
Betting is capped
LolDnkaments: calls $3
*** FLOP *** [4h 2c Ks]
LolDnkaments: checks
misss12: bets $3
LolDnkaments: calls $3
*** TURN *** [4h 2c Ks] [2s]
LolDnkaments: checks
misss12: checks
*** RIVER *** [4h 2c Ks 2s] [6h]
LolDnkaments: bets $6
misss12: calls $6
*** SHOW DOWN ***
LolDnkaments: shows [5s 5h] (two pair, Fives and Deuces)
misss12: shows [Jc Js] (two pair, Jacks and Deuces)
misss12 collected $41.50 from pot
*** SUMMARY ***
Total pot $42 | Rake $0.50
Board [4h 2c Ks 2s 6h]
Seat 3: misss12 (button) (small blind) showed [Jc Js] and won ($41.50) with two pair, Jacks and Deuces
Seat 5: LolDnkaments (big blind) showed [5s 5h] and lost with two pair, Fives and Deuces


PokerStars Hand #156092875487:  Hold'em Limit ($3/$6 USD) - 2016/07/17 14:23:25 ET
Table 'Oriola' 6-max Seat #3 is the button
Seat 3: misss12 ($233.39 in chips)
Seat 5: LolDnkaments ($72 in chips)
misss12: posts small blind $1
LolDnkaments: posts big blind $3
*** HOLE CARDS ***
misss12: raises $3 to $6
LolDnkaments: raises $3 to $9
misss12: calls $3
*** FLOP *** [2h Qc 8h]
LolDnkaments: bets $3
misss12: calls $3
*** TURN *** [2h Qc 8h] [6c]
LolDnkaments: bets $6
misss12: calls $6
*** RIVER *** [2h Qc 8h 6c] [5h]
LolDnkaments: checks
misss12: checks
*** SHOW DOWN ***
LolDnkaments: shows [Kc Td] (high card King)
misss12: shows [8s Ts] (a pair of Eights)
misss12 collected $35.50 from pot
*** SUMMARY ***
Total pot $36 | Rake $0.50
Board [2h Qc 8h 6c 5h]
Seat 3: misss12 (button) (small blind) showed [8s Ts] and won ($35.50) with a pair of Eights
Seat 5: LolDnkaments (big blind) showed [Kc Td] and lost with high card King


PokerStars Hand #156092851624:  Hold'em Limit ($3/$6 USD) - 2016/07/17 14:23:00 ET
Table 'Oriola' 6-max Seat #5 is the button
Seat 3: misss12 ($215.89 in chips)
Seat 5: LolDnkaments ($72 in chips)
LolDnkaments: posts small blind $1
misss12: posts big blind $3
*** HOLE CARDS ***
LolDnkaments: raises $3 to $6
misss12: raises $3 to $9
LolDnkaments: calls $3
*** FLOP *** [7c Js Ac]
rus123venom joins the table at seat #6
misss12: bets $3
LolDnkaments: calls $3
*** TURN *** [7c Js Ac] [4h]
misss12: checks
LolDnkaments: bets $6
misss12: raises $6 to $12
LolDnkaments: folds
Uncalled bet ($6) returned to misss12
misss12 collected $35.50 from pot
*** SUMMARY ***
Total pot $36 | Rake $0.50
Board [7c Js Ac 4h]
Seat 3: misss12 (big blind) collected ($35.50)
Seat 5: LolDnkaments (button) (small blind) folded on the Turn


PokerStars Hand #156096550480:  Hold'em Limit ($3/$6 USD) - 2016/07/17 15:28:26 ET
Table 'Oriola' 6-max Seat #1 is the button
Seat 1: Jigorek1989 ($296.06 in chips)
Seat 5: dappadan777 ($149.06 in chips)
Fabulous108 will be allowed to play after the button
Jigorek1989: posts small blind $1
dappadan777: posts big blind $3
*** HOLE CARDS ***
Jigorek1989: raises $3 to $6
dappadan777: raises $3 to $9
Jigorek1989: calls $3
*** FLOP *** [9h 3h Qh]
dappadan777: bets $3
Jigorek1989: raises $3 to $6
dappadan777: calls $3
*** TURN *** [9h 3h Qh] [Qs]
dappadan777: checks
Jigorek1989: bets $6
dappadan777: raises $6 to $12
Jigorek1989: calls $6
*** RIVER *** [9h 3h Qh Qs] [2d]
dappadan777: bets $6
Jigorek1989: raises $6 to $12
dappadan777: calls $6
*** SHOW DOWN ***
Jigorek1989: shows [Th 6h] (a flush, Queen high)
dappadan777: mucks hand
Jigorek1989 collected $77.50 from pot
7superpoker leaves the table
*** SUMMARY ***
Total pot $78 | Rake $0.50
Board [9h 3h Qh Qs 2d]
Seat 1: Jigorek1989 (button) (small blind) showed [Th 6h] and won ($77.50) with a flush, Queen high
Seat 5: dappadan777 (big blind) mucked


PokerStars Hand #156096656784:  Hold'em Limit ($3/$6 USD) - 2016/07/17 15:30:15 ET
Table 'Oriola' 6-max Seat #6 is the button
Seat 5: dappadan777 ($79.06 in chips)
Seat 6: Fabulous108 ($132.07 in chips)
Fabulous108: posts small blind $1
Jigorek1989: is sitting out
dappadan777: posts big blind $3
*** HOLE CARDS ***
dappadan777 said, "go ****ing die"
dappadan777 said, "u dumb russian fish"
Fabulous108: raises $3 to $6
Jigorek1989 leaves the table
dappadan777: raises $3 to $9
Fabulous108: calls $3
*** FLOP *** [8s 9h Ac]
dappadan777: bets $3
Fabulous108: calls $3
*** TURN *** [8s 9h Ac] [4c]
dappadan777: checks
Fabulous108: bets $6
YourMother66 joins the table at seat #1
dappadan777: folds
Uncalled bet ($6) returned to Fabulous108
Fabulous108 collected $23.52 from pot
Fabulous108: doesn't show hand
*** SUMMARY ***
Total pot $24 | Rake $0.48
Board [8s 9h Ac 4c]
Seat 5: dappadan777 (big blind) folded on the Turn
Seat 6: Fabulous108 (button) (small blind) collected ($23.52)


PokerStars Hand #156099541042:  Hold'em Limit ($3/$6 USD) - 2016/07/17 16:21:41 ET
Table 'Oriola' 6-max Seat #2 is the button
Seat 2: iopdjeht ($190.64 in chips)
Seat 4: belik555 ($72 in chips)
oregordog will be allowed to play after the button
iopdjeht: posts small blind $1
belik555: posts big blind $3
*** HOLE CARDS ***
iopdjeht: folds
Uncalled bet ($2) returned to belik555
belik555 collected $2 from pot
belik555: doesn't show hand
*** SUMMARY ***
Total pot $2 | Rake $0
Seat 2: iopdjeht (button) (small blind) folded before Flop
Seat 4: belik555 (big blind) collected ($2)


PokerStars Hand #156099590387:  Hold'em Limit ($3/$6 USD) - 2016/07/17 16:22:32 ET
Table 'Oriola' 6-max Seat #5 is the button
Seat 4: belik555 ($75 in chips)
Seat 5: oregordog ($134.28 in chips)
oregordog: posts small blind $1
belik555: posts big blind $3
*** HOLE CARDS ***
oregordog: raises $3 to $6
belik555: calls $3
*** FLOP *** [8s 5c 8h]
belik555: checks
oregordog: checks
*** TURN *** [8s 5c 8h] [6s]
belik555: bets $6
oregordog: folds
Uncalled bet ($6) returned to belik555
belik555 collected $11.76 from pot
belik555: doesn't show hand
*** SUMMARY ***
Total pot $12 | Rake $0.24
Board [8s 5c 8h 6s]
Seat 4: belik555 (big blind) collected ($11.76)
Seat 5: oregordog (button) (small blind) folded on the Turn


PokerStars Hand #156099583433:  Hold'em Limit ($3/$6 USD) - 2016/07/17 16:22:25 ET
Table 'Oriola' 6-max Seat #4 is the button
Seat 4: belik555 ($72 in chips)
Seat 5: oregordog ($137.28 in chips)
belik555: posts small blind $1
oregordog: posts big blind $3
*** HOLE CARDS ***
belik555: raises $3 to $6
oregordog: folds
Uncalled bet ($3) returned to belik555
belik555 collected $6 from pot
belik555: doesn't show hand
*** SUMMARY ***
Total pot $6 | Rake $0
Seat 4: belik555 (button) (small blind) collected ($6)
Seat 5: oregordog (big blind) folded before Flop


PokerStars Hand #156099572261:  Hold'em Limit ($3/$6 USD) - 2016/07/17 16:22:14 ET
Table 'Oriola' 6-max Seat #5 is the button
Seat 4: belik555 ($72 in chips)
Seat 5: oregordog ($131.52 in chips)
oregordog: posts small blind $1
belik555: posts big blind $3
*** HOLE CARDS ***
oregordog: raises $3 to $6
belik555: calls $3
*** FLOP *** [4d Qh Kc]
belik555: checks
oregordog: bets $3
belik555: folds
Uncalled bet ($3) returned to oregordog
oregordog collected $11.76 from pot
*** SUMMARY ***
Total pot $12 | Rake $0.24
Board [4d Qh Kc]
Seat 4: belik555 (big blind) folded on the Flop
Seat 5: oregordog (button) (small blind) collected ($11.76)


PokerStars Hand #156099545702:  Hold'em Limit ($3/$6 USD) - 2016/07/17 16:21:46 ET
Table 'Oriola' 6-max Seat #4 is the button
Seat 4: belik555 ($73 in chips)
Seat 5: oregordog ($120 in chips)
iopdjeht leaves the table
belik555: posts small blind $1
oregordog: posts big blind $3
*** HOLE CARDS ***
belik555: raises $3 to $6
oregordog: raises $3 to $9
belik555: calls $3
*** FLOP *** [7d Jd 4h]
oregordog: bets $3
belik555: calls $3
*** TURN *** [7d Jd 4h] [7h]
oregordog: checks
belik555: checks
*** RIVER *** [7d Jd 4h 7h] [8c]
oregordog: bets $6
belik555: folds
Uncalled bet ($6) returned to oregordog
oregordog collected $23.52 from pot
*** SUMMARY ***
Total pot $24 | Rake $0.48
Board [7d Jd 4h 7h 8c]
Seat 4: belik555 (button) (small blind) folded on the River
Seat 5: oregordog (big blind) collected ($23.52)


PokerStars Hand #156101325711:  Hold'em Limit ($3/$6 USD) - 2016/07/17 16:53:10 ET
Table 'Oriola' 6-max Seat #3 is the button
Seat 3: Acidstorm200 ($70.87 in chips)
Seat 4: belik555 ($74.76 in chips)
Acidstorm200: posts small blind $1
belik555: posts big blind $3
*** HOLE CARDS ***
Acidstorm200: raises $3 to $6
belik555: calls $3
*** FLOP *** [7c Th 4d]
belik555: bets $3
YourMother66 joins the table at seat #5
Acidstorm200: calls $3
*** TURN *** [7c Th 4d] [7s]
belik555: bets $6
Acidstorm200: calls $6
*** RIVER *** [7c Th 4d 7s] [3h]
belik555: bets $6
Acidstorm200: calls $6
*** SHOW DOWN ***
belik555: shows [7h 9d] (three of a kind, Sevens)
Acidstorm200: mucks hand
belik555 collected $41.50 from pot
*** SUMMARY ***
Total pot $42 | Rake $0.50
Board [7c Th 4d 7s 3h]
Seat 3: Acidstorm200 (button) (small blind) mucked
Seat 4: belik555 (big blind) showed [7h 9d] and won ($41.50) with three of a kind, Sevens


PokerStars Hand #156101299377:  Hold'em Limit ($3/$6 USD) - 2016/07/17 16:52:42 ET
Table 'Oriola' 6-max Seat #4 is the button
Seat 3: Acidstorm200 ($65.11 in chips)
Seat 4: belik555 ($80.76 in chips)
belik555: posts small blind $1
Acidstorm200: posts big blind $3
*** HOLE CARDS ***
belik555: raises $3 to $6
Acidstorm200: calls $3
*** FLOP *** [4s 9s 3s]
Acidstorm200: checks
belik555: checks
*** TURN *** [4s 9s 3s] [9h]
Acidstorm200: bets $6
belik555: folds
Uncalled bet ($6) returned to Acidstorm200
Acidstorm200 collected $11.76 from pot
Acidstorm200: doesn't show hand
*** SUMMARY ***
Total pot $12 | Rake $0.24
Board [4s 9s 3s 9h]
Seat 3: Acidstorm200 (big blind) collected ($11.76)
Seat 4: belik555 (button) (small blind) folded on the Turn


PokerStars Hand #156102823071:  Hold'em Limit ($3/$6 USD) - 2016/07/17 17:22:53 ET
Table 'Oriola' 6-max Seat #2 is the button
Seat 1: GRAILKO ($161.76 in chips)
Seat 2: chodzewXXL ($262.46 in chips)
chodzewXXL: posts small blind $1
Yarra56: is sitting out
GRAILKO: posts big blind $3
*** HOLE CARDS ***
Yarra56 leaves the table
chodzewXXL: folds
Uncalled bet ($2) returned to GRAILKO
GRAILKO collected $2 from pot
GRAILKO: doesn't show hand
*** SUMMARY ***
Total pot $2 | Rake $0
Seat 1: GRAILKO (big blind) collected ($2)
Seat 2: chodzewXXL (button) (small blind) folded before Flop


