PokerStars Hand #145753378512:  Hold'em Limit ($3/$6 USD) - 2015/12/22 14:37:22 ET
Table 'Oriola III' 2-max Seat #2 is the button
Seat 1: livtam ($148 in chips)
Seat 2: moladep ($133.89 in chips)
moladep: posts small blind $1
livtam: posts big blind $3
*** HOLE CARDS ***
moladep: raises $3 to $6
livtam: folds
Uncalled bet ($3) returned to moladep
moladep collected $6 from pot
moladep: doesn't show hand
*** SUMMARY ***
Total pot $6 | Rake $0
Seat 1: livtam (big blind) folded before Flop
Seat 2: moladep (button) (small blind) collected ($6)


PokerStars Hand #145753425539:  Hold'em Limit ($3/$6 USD) - 2015/12/22 14:38:10 ET
Table 'Oriola III' 2-max Seat #2 is the button
Seat 1: livtam ($71 in chips)
Seat 2: moladep ($209.89 in chips)
moladep: posts small blind $1
livtam: posts big blind $3
*** HOLE CARDS ***
moladep: raises $3 to $6
livtam: raises $3 to $9
moladep: raises $3 to $12
Betting is capped
livtam: calls $3
*** FLOP *** [7d 8s 7c]
livtam: bets $3
moladep: raises $3 to $6
livtam: raises $3 to $9
moladep: raises $3 to $12
Betting is capped
livtam: calls $3
*** TURN *** [7d 8s 7c] [6s]
livtam: bets $6
moladep: raises $6 to $12
livtam: raises $6 to $18
moladep: raises $6 to $24
Betting is capped
livtam: calls $6
*** RIVER *** [7d 8s 7c 6s] [5s]
livtam: bets $6
moladep: raises $6 to $12
livtam: raises $6 to $18
moladep: raises $6 to $24
Betting is capped
livtam: calls $5 and is all-in
Uncalled bet ($1) returned to moladep
*** SHOW DOWN ***
moladep: shows [Qs 8h] (two pair, Eights and Sevens)
livtam: shows [Ah Tc] (a pair of Sevens)
moladep collected $141.50 from pot
*** SUMMARY ***
Total pot $142 | Rake $0.50
Board [7d 8s 7c 6s 5s]
Seat 1: livtam (big blind) showed [Ah Tc] and lost with a pair of Sevens
Seat 2: moladep (button) (small blind) showed [Qs 8h] and won ($141.50) with two pair, Eights and Sevens


PokerStars Hand #145753412558:  Hold'em Limit ($3/$6 USD) - 2015/12/22 14:37:57 ET
Table 'Oriola III' 2-max Seat #1 is the button
Seat 1: livtam ($110 in chips)
Seat 2: moladep ($171.39 in chips)
livtam: posts small blind $1
moladep: posts big blind $3
*** HOLE CARDS ***
livtam: raises $3 to $6
moladep: raises $3 to $9
livtam: raises $3 to $12
Betting is capped
moladep: calls $3
*** FLOP *** [7c 4d 9c]
moladep: bets $3
livtam: raises $3 to $6
moladep: raises $3 to $9
livtam: calls $3
*** TURN *** [7c 4d 9c] [Ad]
moladep: bets $6
livtam: raises $6 to $12
moladep: raises $6 to $18
livtam: calls $6
*** RIVER *** [7c 4d 9c Ad] [Ks]
moladep: bets $6
livtam: folds
Uncalled bet ($6) returned to moladep
moladep collected $77.50 from pot
moladep: doesn't show hand
*** SUMMARY ***
Total pot $78 | Rake $0.50
Board [7c 4d 9c Ad Ks]
Seat 1: livtam (button) (small blind) folded on the River
Seat 2: moladep (big blind) collected ($77.50)


PokerStars Hand #145753400661:  Hold'em Limit ($3/$6 USD) - 2015/12/22 14:37:45 ET
Table 'Oriola III' 2-max Seat #2 is the button
Seat 1: livtam ($140 in chips)
Seat 2: moladep ($141.89 in chips)
moladep: posts small blind $1
livtam: posts big blind $3
*** HOLE CARDS ***
moladep: raises $3 to $6
livtam: raises $3 to $9
moladep: raises $3 to $12
Betting is capped
livtam: calls $3
*** FLOP *** [4d 9h Qh]
livtam: bets $3
moladep: raises $3 to $6
livtam: calls $3
*** TURN *** [4d 9h Qh] [Tc]
livtam: bets $6
moladep: raises $6 to $12
livtam: calls $6
*** RIVER *** [4d 9h Qh Tc] [Jh]
livtam: checks
moladep: bets $6
livtam: folds
Uncalled bet ($6) returned to moladep
moladep collected $59.50 from pot
moladep: doesn't show hand
*** SUMMARY ***
Total pot $60 | Rake $0.50
Board [4d 9h Qh Tc Jh]
Seat 1: livtam (big blind) folded on the River
Seat 2: moladep (button) (small blind) collected ($59.50)


PokerStars Hand #145753396056:  Hold'em Limit ($3/$6 USD) - 2015/12/22 14:37:40 ET
Table 'Oriola III' 2-max Seat #1 is the button
Seat 1: livtam ($141 in chips)
Seat 2: moladep ($140.89 in chips)
livtam: posts small blind $1
moladep: posts big blind $3
*** HOLE CARDS ***
livtam: folds
Uncalled bet ($2) returned to moladep
moladep collected $2 from pot
moladep: doesn't show hand
*** SUMMARY ***
Total pot $2 | Rake $0
Seat 1: livtam (button) (small blind) folded before Flop
Seat 2: moladep (big blind) collected ($2)


PokerStars Hand #145753389859:  Hold'em Limit ($3/$6 USD) - 2015/12/22 14:37:34 ET
Table 'Oriola III' 2-max Seat #2 is the button
Seat 1: livtam ($144 in chips)
Seat 2: moladep ($137.89 in chips)
moladep: posts small blind $1
livtam: posts big blind $3
*** HOLE CARDS ***
moladep: raises $3 to $6
livtam: folds
Uncalled bet ($3) returned to moladep
moladep collected $6 from pot
moladep: doesn't show hand
*** SUMMARY ***
Total pot $6 | Rake $0
Seat 1: livtam (big blind) folded before Flop
Seat 2: moladep (button) (small blind) collected ($6)


PokerStars Hand #145753383603:  Hold'em Limit ($3/$6 USD) - 2015/12/22 14:37:28 ET
Table 'Oriola III' 2-max Seat #1 is the button
Seat 1: livtam ($145 in chips)
Seat 2: moladep ($136.89 in chips)
livtam: posts small blind $1
moladep: posts big blind $3
*** HOLE CARDS ***
livtam: folds
Uncalled bet ($2) returned to moladep
moladep collected $2 from pot
moladep: doesn't show hand
*** SUMMARY ***
Total pot $2 | Rake $0
Seat 1: livtam (button) (small blind) folded before Flop
Seat 2: moladep (big blind) collected ($2)


