PokerStars Hand #150735645341:  Hold'em Limit ($3/$6 USD) - 2016/03/21 21:07:10 ET
Table 'Orion II' 6-max Seat #1 is the button
Seat 1: Zubasa07 ($500 in chips)
Seat 3: dariusz np ($66.34 in chips)
Zubasa07: posts small blind $1
dariusz np: posts big blind $3
*** HOLE CARDS ***
Zubasa07: folds
Uncalled bet ($2) returned to dariusz np
dariusz np collected $2 from pot
dariusz np: doesn't show hand
*** SUMMARY ***
Total pot $2 | Rake $0
Seat 1: Zubasa07 (button) (small blind) folded before Flop
Seat 3: dariusz np (big blind) collected ($2)


PokerStars Hand #150735671802:  Hold'em Limit ($3/$6 USD) - 2016/03/21 21:08:00 ET
Table 'Orion II' 6-max Seat #1 is the button
Seat 1: Zubasa07 ($472 in chips)
Seat 3: dariusz np ($93.84 in chips)
Zubasa07: posts small blind $1
dariusz np: posts big blind $3
*** HOLE CARDS ***
Zubasa07: raises $3 to $6
dariusz np: calls $3
*** FLOP *** [2d Td Ac]
dariusz np: checks
Zubasa07: bets $3
dariusz np: calls $3
*** TURN *** [2d Td Ac] [6h]
dariusz np: checks
Zubasa07: bets $6
dariusz np: calls $6
*** RIVER *** [2d Td Ac 6h] [2h]
dariusz np: checks
Zubasa07: checks
*** SHOW DOWN ***
dariusz np: shows [3s 5d] (a pair of Deuces)
Zubasa07: shows [Qs Kc] (a pair of Deuces - Ace+King kicker)
Zubasa07 collected $29.50 from pot
*** SUMMARY ***
Total pot $30 | Rake $0.50
Board [2d Td Ac 6h 2h]
Seat 1: Zubasa07 (button) (small blind) showed [Qs Kc] and won ($29.50) with a pair of Deuces
Seat 3: dariusz np (big blind) showed [3s 5d] and lost with a pair of Deuces


PokerStars Hand #150735652956:  Hold'em Limit ($3/$6 USD) - 2016/03/21 21:07:24 ET
Table 'Orion II' 6-max Seat #3 is the button
Seat 1: Zubasa07 ($499 in chips)
Seat 3: dariusz np ($67.34 in chips)
dariusz np: posts small blind $1
Zubasa07: posts big blind $3
*** HOLE CARDS ***
GoliafUa joins the table at seat #4
dariusz np: calls $2
Zubasa07: raises $3 to $6
dariusz np: calls $3
*** FLOP *** [Ad 8h 9c]
Zubasa07: bets $3
dariusz np: calls $3
*** TURN *** [Ad 8h 9c] [6h]
Zubasa07: bets $6
dariusz np: calls $6
*** RIVER *** [Ad 8h 9c 6h] [Td]
Zubasa07: bets $6
dariusz np: raises $6 to $12
Zubasa07: calls $6
*** SHOW DOWN ***
dariusz np: shows [Ac 7s] (a straight, Six to Ten)
Zubasa07: mucks hand
dariusz np collected $53.50 from pot
*** SUMMARY ***
Total pot $54 | Rake $0.50
Board [Ad 8h 9c 6h Td]
Seat 1: Zubasa07 (big blind) mucked
Seat 3: dariusz np (button) (small blind) showed [Ac 7s] and won ($53.50) with a straight, Six to Ten


PokerStars Hand #150735927174:  Hold'em Limit ($3/$6 USD) - 2016/03/21 21:16:06 ET
Table 'Orion II' 6-max Seat #6 is the button
Seat 5: ThePredator9 ($109.09 in chips)
Seat 6: MissEKAmouse ($120 in chips)
MissEKAmouse: posts small blind $1
Zubasa07: is sitting out
GoliafUa: is sitting out
ThePredator9: posts big blind $3
*** HOLE CARDS ***
Zubasa07 leaves the table
GoliafUa leaves the table
MissEKAmouse: raises $3 to $6
ThePredator9: calls $3
*** FLOP *** [Kh Ah Th]
ThePredator9: checks
MissEKAmouse: bets $3
ThePredator9: raises $3 to $6
MissEKAmouse: calls $3
*** TURN *** [Kh Ah Th] [Ts]
ThePredator9: bets $6
MissEKAmouse: calls $6
*** RIVER *** [Kh Ah Th Ts] [7c]
ThePredator9: bets $6
MissEKAmouse: calls $6
*** SHOW DOWN ***
ThePredator9: shows [6h 4s] (a pair of Tens)
MissEKAmouse: shows [Jc Ad] (two pair, Aces and Tens)
MissEKAmouse collected $47.50 from pot
*** SUMMARY ***
Total pot $48 | Rake $0.50
Board [Kh Ah Th Ts 7c]
Seat 5: ThePredator9 (big blind) showed [6h 4s] and lost with a pair of Tens
Seat 6: MissEKAmouse (button) (small blind) showed [Jc Ad] and won ($47.50) with two pair, Aces and Tens


PokerStars Hand #150735960334:  Hold'em Limit ($3/$6 USD) - 2016/03/21 21:17:10 ET
Table 'Orion II' 6-max Seat #5 is the button
Seat 5: ThePredator9 ($111.35 in chips)
Seat 6: MissEKAmouse ($120 in chips)
ThePredator9: posts small blind $1
MissEKAmouse: posts big blind $3
*** HOLE CARDS ***
ThePredator9: raises $3 to $6
MissEKAmouse: folds
Uncalled bet ($3) returned to ThePredator9
ThePredator9 collected $6 from pot
ThePredator9: doesn't show hand
*** SUMMARY ***
Total pot $6 | Rake $0
Seat 5: ThePredator9 (button) (small blind) collected ($6)
Seat 6: MissEKAmouse (big blind) folded before Flop


PokerStars Hand #150735938640:  Hold'em Limit ($3/$6 USD) - 2016/03/21 21:16:28 ET
Table 'Orion II' 6-max Seat #5 is the button
Seat 5: ThePredator9 ($85.09 in chips)
Seat 6: MissEKAmouse ($143.50 in chips)
ThePredator9: posts small blind $1
MissEKAmouse: posts big blind $3
*** HOLE CARDS ***
ThePredator9: raises $3 to $6
MissEKAmouse: calls $3
*** FLOP *** [Kh 4c 5h]
MissEKAmouse: checks
ThePredator9: bets $3
MissEKAmouse: folds
Uncalled bet ($3) returned to ThePredator9
ThePredator9 collected $11.76 from pot
ThePredator9: doesn't show hand
*** SUMMARY ***
Total pot $12 | Rake $0.24
Board [Kh 4c 5h]
Seat 5: ThePredator9 (button) (small blind) collected ($11.76)
Seat 6: MissEKAmouse (big blind) folded on the Flop


PokerStars Hand #150735951951:  Hold'em Limit ($3/$6 USD) - 2016/03/21 21:16:54 ET
Table 'Orion II' 6-max Seat #6 is the button
Seat 5: ThePredator9 ($90.85 in chips)
Seat 6: MissEKAmouse ($137.50 in chips)
MissEKAmouse: posts small blind $1
ThePredator9: posts big blind $3
*** HOLE CARDS ***
MissEKAmouse: calls $2
ThePredator9: raises $3 to $6
MissEKAmouse: calls $3
*** FLOP *** [Qs 6c Jc]
ThePredator9: bets $3
MissEKAmouse: calls $3
*** TURN *** [Qs 6c Jc] [Ah]
ThePredator9: bets $6
MissEKAmouse: calls $6
*** RIVER *** [Qs 6c Jc Ah] [Kc]
ThePredator9: bets $6
MissEKAmouse: calls $6
*** SHOW DOWN ***
ThePredator9: shows [Js Ks] (two pair, Kings and Jacks)
MissEKAmouse: mucks hand
ThePredator9 collected $41.50 from pot
*** SUMMARY ***
Total pot $42 | Rake $0.50
Board [Qs 6c Jc Ah Kc]
Seat 5: ThePredator9 (big blind) showed [Js Ks] and won ($41.50) with two pair, Kings and Jacks
Seat 6: MissEKAmouse (button) (small blind) mucked


PokerStars Hand #150735966503:  Hold'em Limit ($3/$6 USD) - 2016/03/21 21:17:22 ET
Table 'Orion II' 6-max Seat #6 is the button
Seat 5: ThePredator9 ($114.35 in chips)
Seat 6: MissEKAmouse ($120 in chips)
MissEKAmouse: posts small blind $1
ThePredator9: posts big blind $3
*** HOLE CARDS ***
MissEKAmouse: raises $3 to $6
ThePredator9: raises $3 to $9
MissEKAmouse: calls $3
*** FLOP *** [6c 4h Kd]
ThePredator9: bets $3
MissEKAmouse: calls $3
*** TURN *** [6c 4h Kd] [5h]
ThePredator9: bets $6
MissEKAmouse: raises $6 to $12
ThePredator9: calls $6
*** RIVER *** [6c 4h Kd 5h] [Td]
ThePredator9: checks
MissEKAmouse: checks
*** SHOW DOWN ***
ThePredator9: shows [8s Ks] (a pair of Kings)
MissEKAmouse: mucks hand
ThePredator9 collected $47.50 from pot
*** SUMMARY ***
Total pot $48 | Rake $0.50
Board [6c 4h Kd 5h Td]
Seat 5: ThePredator9 (big blind) showed [8s Ks] and won ($47.50) with a pair of Kings
Seat 6: MissEKAmouse (button) (small blind) mucked


PokerStars Hand #150735980094:  Hold'em Limit ($3/$6 USD) - 2016/03/21 21:17:48 ET
Table 'Orion II' 6-max Seat #5 is the button
Seat 5: ThePredator9 ($137.85 in chips)
Seat 6: MissEKAmouse ($108.41 in chips)
ThePredator9: posts small blind $1
MissEKAmouse: posts big blind $3
*** HOLE CARDS ***
ThePredator9: raises $3 to $6
MissEKAmouse: calls $3
*** FLOP *** [7s 5s 2s]
MissEKAmouse: checks
ThePredator9: bets $3
MissEKAmouse: folds
Uncalled bet ($3) returned to ThePredator9
ThePredator9 collected $11.76 from pot
ThePredator9: doesn't show hand
*** SUMMARY ***
Total pot $12 | Rake $0.24
Board [7s 5s 2s]
Seat 5: ThePredator9 (button) (small blind) collected ($11.76)
Seat 6: MissEKAmouse (big blind) folded on the Flop


PokerStars Hand #150735993119:  Hold'em Limit ($3/$6 USD) - 2016/03/21 21:18:14 ET
Table 'Orion II' 6-max Seat #6 is the button
Seat 5: ThePredator9 ($143.61 in chips)
Seat 6: MissEKAmouse ($102.41 in chips)
MissEKAmouse: posts small blind $1
ThePredator9: posts big blind $3
*** HOLE CARDS ***
MissEKAmouse: raises $3 to $6
ThePredator9: folds
Uncalled bet ($3) returned to MissEKAmouse
MissEKAmouse collected $6 from pot
MissEKAmouse: doesn't show hand
*** SUMMARY ***
Total pot $6 | Rake $0
Seat 5: ThePredator9 (big blind) folded before Flop
Seat 6: MissEKAmouse (button) (small blind) collected ($6)


PokerStars Hand #150735997221:  Hold'em Limit ($3/$6 USD) - 2016/03/21 21:18:22 ET
Table 'Orion II' 6-max Seat #5 is the button
Seat 5: ThePredator9 ($140.61 in chips)
Seat 6: MissEKAmouse ($105.41 in chips)
ThePredator9: posts small blind $1
MissEKAmouse: posts big blind $3
*** HOLE CARDS ***
ThePredator9: raises $3 to $6
MissEKAmouse: calls $3
*** FLOP *** [6h Qc 8s]
MissEKAmouse: bets $3
ThePredator9: calls $3
*** TURN *** [6h Qc 8s] [7s]
MissEKAmouse: checks
ThePredator9: checks
*** RIVER *** [6h Qc 8s 7s] [Jd]
MissEKAmouse: checks
ThePredator9: checks
*** SHOW DOWN ***
MissEKAmouse: shows [5s Ad] (high card Ace)
ThePredator9: shows [Td Ac] (high card Ace - Queen+Jack+Ten kicker)
ThePredator9 collected $17.64 from pot
*** SUMMARY ***
Total pot $18 | Rake $0.36
Board [6h Qc 8s 7s Jd]
Seat 5: ThePredator9 (button) (small blind) showed [Td Ac] and won ($17.64) with high card Ace
Seat 6: MissEKAmouse (big blind) showed [5s Ad] and lost with high card Ace


PokerStars Hand #150736027948:  Hold'em Limit ($3/$6 USD) - 2016/03/21 21:19:22 ET
Table 'Orion II' 6-max Seat #5 is the button
Seat 5: ThePredator9 ($149 in chips)
Seat 6: MissEKAmouse ($120 in chips)
ThePredator9: posts small blind $1
MissEKAmouse: posts big blind $3
*** HOLE CARDS ***
ThePredator9: folds
Uncalled bet ($2) returned to MissEKAmouse
MissEKAmouse collected $2 from pot
MissEKAmouse: doesn't show hand
*** SUMMARY ***
Total pot $2 | Rake $0
Seat 5: ThePredator9 (button) (small blind) folded before Flop
Seat 6: MissEKAmouse (big blind) collected ($2)


PokerStars Hand #150736030355:  Hold'em Limit ($3/$6 USD) - 2016/03/21 21:19:26 ET
Table 'Orion II' 6-max Seat #6 is the button
Seat 5: ThePredator9 ($148 in chips)
Seat 6: MissEKAmouse ($121 in chips)
MissEKAmouse: posts small blind $1
ThePredator9: posts big blind $3
*** HOLE CARDS ***
MissEKAmouse: raises $3 to $6
ThePredator9: folds
Uncalled bet ($3) returned to MissEKAmouse
MissEKAmouse collected $6 from pot
MissEKAmouse: doesn't show hand
*** SUMMARY ***
Total pot $6 | Rake $0
Seat 5: ThePredator9 (big blind) folded before Flop
Seat 6: MissEKAmouse (button) (small blind) collected ($6)


PokerStars Hand #150736035571:  Hold'em Limit ($3/$6 USD) - 2016/03/21 21:19:37 ET
Table 'Orion II' 6-max Seat #5 is the button
Seat 5: ThePredator9 ($145 in chips)
Seat 6: MissEKAmouse ($124 in chips)
ThePredator9: posts small blind $1
MissEKAmouse: posts big blind $3
*** HOLE CARDS ***
ThePredator9: folds
Uncalled bet ($2) returned to MissEKAmouse
MissEKAmouse collected $2 from pot
MissEKAmouse: doesn't show hand
*** SUMMARY ***
Total pot $2 | Rake $0
Seat 5: ThePredator9 (button) (small blind) folded before Flop
Seat 6: MissEKAmouse (big blind) collected ($2)


PokerStars Hand #150736038040:  Hold'em Limit ($3/$6 USD) - 2016/03/21 21:19:42 ET
Table 'Orion II' 6-max Seat #6 is the button
Seat 5: ThePredator9 ($144 in chips)
Seat 6: MissEKAmouse ($125 in chips)
MissEKAmouse: posts small blind $1
ThePredator9: posts big blind $3
*** HOLE CARDS ***
MissEKAmouse: raises $3 to $6
ThePredator9: calls $3
*** FLOP *** [5s 9s As]
ThePredator9: checks
MissEKAmouse: bets $3
ThePredator9: raises $3 to $6
MissEKAmouse: raises $3 to $9
ThePredator9: calls $3
*** TURN *** [5s 9s As] [Ts]
ThePredator9: bets $6
MissEKAmouse: calls $6
*** RIVER *** [5s 9s As Ts] [Kh]
ThePredator9: bets $6
MissEKAmouse: calls $6
*** SHOW DOWN ***
ThePredator9: shows [7s 5h] (a flush, Ace high)
MissEKAmouse: mucks hand
ThePredator9 collected $53.50 from pot
*** SUMMARY ***
Total pot $54 | Rake $0.50
Board [5s 9s As Ts Kh]
Seat 5: ThePredator9 (big blind) showed [7s 5h] and won ($53.50) with a flush, Ace high
Seat 6: MissEKAmouse (button) (small blind) mucked


PokerStars Hand #150736051387:  Hold'em Limit ($3/$6 USD) - 2016/03/21 21:20:08 ET
Table 'Orion II' 6-max Seat #5 is the button
Seat 5: ThePredator9 ($170.50 in chips)
Seat 6: MissEKAmouse ($120 in chips)
ThePredator9: posts small blind $1
MissEKAmouse: posts big blind $3
*** HOLE CARDS ***
ThePredator9: raises $3 to $6
MissEKAmouse: calls $3
*** FLOP *** [Kc Ah 8d]
MissEKAmouse: checks
ThePredator9: bets $3
MissEKAmouse: calls $3
*** TURN *** [Kc Ah 8d] [2d]
MissEKAmouse: checks
ThePredator9: bets $6
MissEKAmouse: calls $6
*** RIVER *** [Kc Ah 8d 2d] [6s]
MissEKAmouse: checks
ThePredator9: bets $6
MissEKAmouse: calls $6
*** SHOW DOWN ***
ThePredator9: shows [7h 5h] (high card Ace)
MissEKAmouse: shows [8h Qs] (a pair of Eights)
MissEKAmouse collected $41.50 from pot
*** SUMMARY ***
Total pot $42 | Rake $0.50
Board [Kc Ah 8d 2d 6s]
Seat 5: ThePredator9 (button) (small blind) showed [7h 5h] and lost with high card Ace
Seat 6: MissEKAmouse (big blind) showed [8h Qs] and won ($41.50) with a pair of Eights


PokerStars Hand #150736081677:  Hold'em Limit ($3/$6 USD) - 2016/03/21 21:21:01 ET
Table 'Orion II' 6-max Seat #5 is the button
Seat 5: ThePredator9 ($152.38 in chips)
Seat 6: MissEKAmouse ($137.50 in chips)
ThePredator9: posts small blind $1
MissEKAmouse: posts big blind $3
*** HOLE CARDS ***
ThePredator9: raises $3 to $6
MissEKAmouse: folds
Uncalled bet ($3) returned to ThePredator9
ThePredator9 collected $6 from pot
ThePredator9: doesn't show hand
*** SUMMARY ***
Total pot $6 | Rake $0
Seat 5: ThePredator9 (button) (small blind) collected ($6)
Seat 6: MissEKAmouse (big blind) folded before Flop


PokerStars Hand #150736072609:  Hold'em Limit ($3/$6 USD) - 2016/03/21 21:20:50 ET
Table 'Orion II' 6-max Seat #6 is the button
Seat 5: ThePredator9 ($149.50 in chips)
Seat 6: MissEKAmouse ($140.50 in chips)
MissEKAmouse: posts small blind $1
ThePredator9: posts big blind $3
*** HOLE CARDS ***
MissEKAmouse: calls $2
ThePredator9: checks
*** FLOP *** [5h Jh 2h]
ThePredator9: bets $3
MissEKAmouse: folds
Uncalled bet ($3) returned to ThePredator9
ThePredator9 collected $5.88 from pot
ThePredator9: doesn't show hand
*** SUMMARY ***
Total pot $6 | Rake $0.12
Board [5h Jh 2h]
Seat 5: ThePredator9 (big blind) collected ($5.88)
Seat 6: MissEKAmouse (button) (small blind) folded on the Flop


PokerStars Hand #150736068192:  Hold'em Limit ($3/$6 USD) - 2016/03/21 21:20:41 ET
Table 'Orion II' 6-max Seat #5 is the button
Seat 5: ThePredator9 ($150.50 in chips)
Seat 6: MissEKAmouse ($139.50 in chips)
ThePredator9: posts small blind $1
MissEKAmouse: posts big blind $3
*** HOLE CARDS ***
ThePredator9: folds
Uncalled bet ($2) returned to MissEKAmouse
MissEKAmouse collected $2 from pot
MissEKAmouse: doesn't show hand
*** SUMMARY ***
Total pot $2 | Rake $0
Seat 5: ThePredator9 (button) (small blind) folded before Flop
Seat 6: MissEKAmouse (big blind) collected ($2)


PokerStars Hand #150736065339:  Hold'em Limit ($3/$6 USD) - 2016/03/21 21:20:35 ET
Table 'Orion II' 6-max Seat #6 is the button
Seat 5: ThePredator9 ($149.50 in chips)
Seat 6: MissEKAmouse ($140.50 in chips)
MissEKAmouse: posts small blind $1
ThePredator9: posts big blind $3
*** HOLE CARDS ***
MissEKAmouse: folds
Uncalled bet ($2) returned to ThePredator9
ThePredator9 collected $2 from pot
ThePredator9: doesn't show hand
*** SUMMARY ***
Total pot $2 | Rake $0
Seat 5: ThePredator9 (big blind) collected ($2)
Seat 6: MissEKAmouse (button) (small blind) folded before Flop


PokerStars Hand #150736084831:  Hold'em Limit ($3/$6 USD) - 2016/03/21 21:21:08 ET
Table 'Orion II' 6-max Seat #6 is the button
Seat 5: ThePredator9 ($155.38 in chips)
Seat 6: MissEKAmouse ($134.50 in chips)
MissEKAmouse: posts small blind $1
ThePredator9: posts big blind $3
*** HOLE CARDS ***
MissEKAmouse: folds
Uncalled bet ($2) returned to ThePredator9
ThePredator9 collected $2 from pot
ThePredator9: doesn't show hand
*** SUMMARY ***
Total pot $2 | Rake $0
Seat 5: ThePredator9 (big blind) collected ($2)
Seat 6: MissEKAmouse (button) (small blind) folded before Flop


PokerStars Hand #150736096755:  Hold'em Limit ($3/$6 USD) - 2016/03/21 21:21:31 ET
Table 'Orion II' 6-max Seat #6 is the button
Seat 5: ThePredator9 ($147.38 in chips)
Seat 6: MissEKAmouse ($142.14 in chips)
MissEKAmouse: posts small blind $1
ThePredator9: posts big blind $3
*** HOLE CARDS ***
MissEKAmouse: folds
Uncalled bet ($2) returned to ThePredator9
ThePredator9 collected $2 from pot
ThePredator9: doesn't show hand
*** SUMMARY ***
Total pot $2 | Rake $0
Seat 5: ThePredator9 (big blind) collected ($2)
Seat 6: MissEKAmouse (button) (small blind) folded before Flop


PokerStars Hand #150736087756:  Hold'em Limit ($3/$6 USD) - 2016/03/21 21:21:14 ET
Table 'Orion II' 6-max Seat #5 is the button
Seat 5: ThePredator9 ($156.38 in chips)
Seat 6: MissEKAmouse ($133.50 in chips)
ThePredator9: posts small blind $1
MissEKAmouse: posts big blind $3
*** HOLE CARDS ***
ThePredator9: raises $3 to $6
MissEKAmouse: raises $3 to $9
ThePredator9: calls $3
*** FLOP *** [Ad 4s Jc]
MissEKAmouse: bets $3
ThePredator9: folds
Uncalled bet ($3) returned to MissEKAmouse
MissEKAmouse collected $17.64 from pot
MissEKAmouse: doesn't show hand
*** SUMMARY ***
Total pot $18 | Rake $0.36
Board [Ad 4s Jc]
Seat 5: ThePredator9 (button) (small blind) folded on the Flop
Seat 6: MissEKAmouse (big blind) collected ($17.64)


PokerStars Hand #150736103663:  Hold'em Limit ($3/$6 USD) - 2016/03/21 21:21:45 ET
Table 'Orion II' 6-max Seat #6 is the button
Seat 5: ThePredator9 ($147.38 in chips)
Seat 6: MissEKAmouse ($142.14 in chips)
MissEKAmouse: posts small blind $1
ThePredator9: posts big blind $3
*** HOLE CARDS ***
MissEKAmouse: raises $3 to $6
ThePredator9: raises $3 to $9
MissEKAmouse: calls $3
*** FLOP *** [Qd 7d 6h]
ThePredator9: bets $3
MissEKAmouse: calls $3
*** TURN *** [Qd 7d 6h] [Ks]
ThePredator9: bets $6
MissEKAmouse: calls $6
*** RIVER *** [Qd 7d 6h Ks] [Jh]
ThePredator9: checks
MissEKAmouse: bets $6
ThePredator9: calls $6
*** SHOW DOWN ***
MissEKAmouse: shows [Ts Ac] (a straight, Ten to Ace)
ThePredator9: mucks hand
MissEKAmouse collected $47.50 from pot
*** SUMMARY ***
Total pot $48 | Rake $0.50
Board [Qd 7d 6h Ks Jh]
Seat 5: ThePredator9 (big blind) mucked
Seat 6: MissEKAmouse (button) (small blind) showed [Ts Ac] and won ($47.50) with a straight, Ten to Ace


PokerStars Hand #150736099796:  Hold'em Limit ($3/$6 USD) - 2016/03/21 21:21:37 ET
Table 'Orion II' 6-max Seat #5 is the button
Seat 5: ThePredator9 ($148.38 in chips)
Seat 6: MissEKAmouse ($141.14 in chips)
ThePredator9: posts small blind $1
MissEKAmouse: posts big blind $3
*** HOLE CARDS ***
ThePredator9: folds
Uncalled bet ($2) returned to MissEKAmouse
MissEKAmouse collected $2 from pot
MissEKAmouse: doesn't show hand
*** SUMMARY ***
Total pot $2 | Rake $0
Seat 5: ThePredator9 (button) (small blind) folded before Flop
Seat 6: MissEKAmouse (big blind) collected ($2)


PokerStars Hand #150736127912:  Hold'em Limit ($3/$6 USD) - 2016/03/21 21:22:33 ET
Table 'Orion II' 6-max Seat #6 is the button
Seat 5: ThePredator9 ($137.88 in chips)
Seat 6: MissEKAmouse ($150.64 in chips)
MissEKAmouse: posts small blind $1
ThePredator9: posts big blind $3
*** HOLE CARDS ***
MissEKAmouse: folds
Uncalled bet ($2) returned to ThePredator9
ThePredator9 collected $2 from pot
ThePredator9: doesn't show hand
*** SUMMARY ***
Total pot $2 | Rake $0
Seat 5: ThePredator9 (big blind) collected ($2)
Seat 6: MissEKAmouse (button) (small blind) folded before Flop


PokerStars Hand #150736115873:  Hold'em Limit ($3/$6 USD) - 2016/03/21 21:22:09 ET
Table 'Orion II' 6-max Seat #5 is the button
Seat 5: ThePredator9 ($123.38 in chips)
Seat 6: MissEKAmouse ($165.64 in chips)
ThePredator9: posts small blind $1
MissEKAmouse: posts big blind $3
*** HOLE CARDS ***
ThePredator9: raises $3 to $6
MissEKAmouse: calls $3
*** FLOP *** [6h Kd 5s]
MissEKAmouse: checks
ThePredator9: bets $3
MissEKAmouse: calls $3
*** TURN *** [6h Kd 5s] [Ks]
MissEKAmouse: checks
ThePredator9: checks
*** RIVER *** [6h Kd 5s Ks] [9h]
MissEKAmouse: checks
ThePredator9: bets $6
MissEKAmouse: calls $6
*** SHOW DOWN ***
ThePredator9: shows [9c 8d] (two pair, Kings and Nines)
MissEKAmouse: mucks hand
ThePredator9 collected $29.50 from pot
*** SUMMARY ***
Total pot $30 | Rake $0.50
Board [6h Kd 5s Ks 9h]
Seat 5: ThePredator9 (button) (small blind) showed [9c 8d] and won ($29.50) with two pair, Kings and Nines
Seat 6: MissEKAmouse (big blind) mucked


PokerStars Hand #150736140866:  Hold'em Limit ($3/$6 USD) - 2016/03/21 21:22:58 ET
Table 'Orion II' 6-max Seat #6 is the button
Seat 5: ThePredator9 ($147.52 in chips)
Seat 6: MissEKAmouse ($140.64 in chips)
MissEKAmouse: posts small blind $1
ThePredator9: posts big blind $3
*** HOLE CARDS ***
MissEKAmouse: raises $3 to $6
ThePredator9: calls $3
*** FLOP *** [7h 8c Jc]
ThePredator9: checks
MissEKAmouse: bets $3
ThePredator9: calls $3
*** TURN *** [7h 8c Jc] [2s]
ThePredator9: checks
MissEKAmouse: bets $6
ThePredator9: folds
Uncalled bet ($6) returned to MissEKAmouse
MissEKAmouse collected $17.64 from pot
MissEKAmouse: doesn't show hand
*** SUMMARY ***
Total pot $18 | Rake $0.36
Board [7h 8c Jc 2s]
Seat 5: ThePredator9 (big blind) folded on the Turn
Seat 6: MissEKAmouse (button) (small blind) collected ($17.64)


PokerStars Hand #150736130678:  Hold'em Limit ($3/$6 USD) - 2016/03/21 21:22:39 ET
Table 'Orion II' 6-max Seat #5 is the button
Seat 5: ThePredator9 ($138.88 in chips)
Seat 6: MissEKAmouse ($149.64 in chips)
ThePredator9: posts small blind $1
MissEKAmouse: posts big blind $3
*** HOLE CARDS ***
ThePredator9: raises $3 to $6
MissEKAmouse: calls $3
*** FLOP *** [9s Qd 6h]
MissEKAmouse: checks
ThePredator9: bets $3
MissEKAmouse: calls $3
*** TURN *** [9s Qd 6h] [Kc]
MissEKAmouse: checks
ThePredator9: checks
*** RIVER *** [9s Qd 6h Kc] [7c]
MissEKAmouse: checks
ThePredator9: checks
*** SHOW DOWN ***
MissEKAmouse: shows [3d Ac] (high card Ace)
ThePredator9: shows [As 6c] (a pair of Sixes)
ThePredator9 collected $17.64 from pot
*** SUMMARY ***
Total pot $18 | Rake $0.36
Board [9s Qd 6h Kc 7c]
Seat 5: ThePredator9 (button) (small blind) showed [As 6c] and won ($17.64) with a pair of Sixes
Seat 6: MissEKAmouse (big blind) showed [3d Ac] and lost with high card Ace


PokerStars Hand #150736158358:  Hold'em Limit ($3/$6 USD) - 2016/03/21 21:23:33 ET
Table 'Orion II' 6-max Seat #6 is the button
Seat 5: ThePredator9 ($144.28 in chips)
Seat 6: MissEKAmouse ($143.28 in chips)
MissEKAmouse: posts small blind $1
ThePredator9: posts big blind $3
*** HOLE CARDS ***
MissEKAmouse: folds
Uncalled bet ($2) returned to ThePredator9
ThePredator9 collected $2 from pot
ThePredator9: doesn't show hand
*** SUMMARY ***
Total pot $2 | Rake $0
Seat 5: ThePredator9 (big blind) collected ($2)
Seat 6: MissEKAmouse (button) (small blind) folded before Flop


PokerStars Hand #150736152871:  Hold'em Limit ($3/$6 USD) - 2016/03/21 21:23:22 ET
Table 'Orion II' 6-max Seat #5 is the button
Seat 5: ThePredator9 ($138.52 in chips)
Seat 6: MissEKAmouse ($149.28 in chips)
ThePredator9: posts small blind $1
MissEKAmouse: posts big blind $3
*** HOLE CARDS ***
ThePredator9: raises $3 to $6
MissEKAmouse: calls $3
*** FLOP *** [4h 9s 2c]
MissEKAmouse: checks
ThePredator9: bets $3
MissEKAmouse: folds
Uncalled bet ($3) returned to ThePredator9
ThePredator9 collected $11.76 from pot
ThePredator9: doesn't show hand
*** SUMMARY ***
Total pot $12 | Rake $0.24
Board [4h 9s 2c]
Seat 5: ThePredator9 (button) (small blind) collected ($11.76)
Seat 6: MissEKAmouse (big blind) folded on the Flop


PokerStars Hand #150736173216:  Hold'em Limit ($3/$6 USD) - 2016/03/21 21:24:03 ET
Table 'Orion II' 6-max Seat #5 is the button
Seat 5: ThePredator9 ($170.78 in chips)
Seat 6: MissEKAmouse ($120 in chips)
ThePredator9: posts small blind $1
MissEKAmouse: posts big blind $3
*** HOLE CARDS ***
ThePredator9: raises $3 to $6
MissEKAmouse: calls $3
*** FLOP *** [5d Td 6h]
MissEKAmouse: checks
ThePredator9: bets $3
MissEKAmouse: calls $3
*** TURN *** [5d Td 6h] [5h]
MissEKAmouse: checks
ThePredator9: bets $6
MissEKAmouse: calls $6
*** RIVER *** [5d Td 6h 5h] [Kc]
MissEKAmouse: checks
ThePredator9: bets $6
MissEKAmouse: calls $6
*** SHOW DOWN ***
ThePredator9: shows [Th Ac] (two pair, Tens and Fives)
MissEKAmouse: mucks hand
ThePredator9 collected $41.50 from pot
*** SUMMARY ***
Total pot $42 | Rake $0.50
Board [5d Td 6h 5h Kc]
Seat 5: ThePredator9 (button) (small blind) showed [Th Ac] and won ($41.50) with two pair, Tens and Fives
Seat 6: MissEKAmouse (big blind) mucked


PokerStars Hand #150736160981:  Hold'em Limit ($3/$6 USD) - 2016/03/21 21:23:38 ET
Table 'Orion II' 6-max Seat #5 is the button
Seat 5: ThePredator9 ($145.28 in chips)
Seat 6: MissEKAmouse ($142.28 in chips)
ThePredator9: posts small blind $1
MissEKAmouse: posts big blind $3
*** HOLE CARDS ***
ThePredator9: folds
Uncalled bet ($2) returned to MissEKAmouse
MissEKAmouse collected $2 from pot
MissEKAmouse: doesn't show hand
*** SUMMARY ***
Total pot $2 | Rake $0
Seat 5: ThePredator9 (button) (small blind) folded before Flop
Seat 6: MissEKAmouse (big blind) collected ($2)


PokerStars Hand #150736163552:  Hold'em Limit ($3/$6 USD) - 2016/03/21 21:23:43 ET
Table 'Orion II' 6-max Seat #6 is the button
Seat 5: ThePredator9 ($144.28 in chips)
Seat 6: MissEKAmouse ($143.28 in chips)
MissEKAmouse: posts small blind $1
ThePredator9: posts big blind $3
*** HOLE CARDS ***
MissEKAmouse: raises $3 to $6
ThePredator9: raises $3 to $9
MissEKAmouse: calls $3
*** FLOP *** [6d Jh 7d]
ThePredator9: bets $3
MissEKAmouse: raises $3 to $6
ThePredator9: calls $3
*** TURN *** [6d Jh 7d] [Qd]
ThePredator9: checks
MissEKAmouse: bets $6
ThePredator9: raises $6 to $12
MissEKAmouse: calls $6
*** RIVER *** [6d Jh 7d Qd] [4d]
ThePredator9: bets $6
MissEKAmouse: folds
Uncalled bet ($6) returned to ThePredator9
ThePredator9 collected $53.50 from pot
ThePredator9: doesn't show hand
*** SUMMARY ***
Total pot $54 | Rake $0.50
Board [6d Jh 7d Qd 4d]
Seat 5: ThePredator9 (big blind) collected ($53.50)
Seat 6: MissEKAmouse (button) (small blind) folded on the River


PokerStars Hand #150736184668:  Hold'em Limit ($3/$6 USD) - 2016/03/21 21:24:26 ET
Table 'Orion II' 6-max Seat #6 is the button
Seat 5: ThePredator9 ($191.28 in chips)
Seat 6: MissEKAmouse ($120 in chips)
MissEKAmouse: posts small blind $1
ThePredator9: posts big blind $3
*** HOLE CARDS ***
MissEKAmouse: folds
Uncalled bet ($2) returned to ThePredator9
ThePredator9 collected $2 from pot
ThePredator9: doesn't show hand
*** SUMMARY ***
Total pot $2 | Rake $0
Seat 5: ThePredator9 (big blind) collected ($2)
Seat 6: MissEKAmouse (button) (small blind) folded before Flop


PokerStars Hand #150736188555:  Hold'em Limit ($3/$6 USD) - 2016/03/21 21:24:34 ET
Table 'Orion II' 6-max Seat #5 is the button
Seat 5: ThePredator9 ($192.28 in chips)
Seat 6: MissEKAmouse ($120 in chips)
ThePredator9: posts small blind $1
MissEKAmouse: posts big blind $3
*** HOLE CARDS ***
ThePredator9: raises $3 to $6
MissEKAmouse: raises $3 to $9
ThePredator9: calls $3
*** FLOP *** [5c 8d 8c]
MissEKAmouse: bets $3
ThePredator9: folds
Uncalled bet ($3) returned to MissEKAmouse
MissEKAmouse collected $17.64 from pot
MissEKAmouse: doesn't show hand
*** SUMMARY ***
Total pot $18 | Rake $0.36
Board [5c 8d 8c]
Seat 5: ThePredator9 (button) (small blind) folded on the Flop
Seat 6: MissEKAmouse (big blind) collected ($17.64)


PokerStars Hand #150736197015:  Hold'em Limit ($3/$6 USD) - 2016/03/21 21:24:50 ET
Table 'Orion II' 6-max Seat #6 is the button
Seat 5: ThePredator9 ($183.28 in chips)
Seat 6: MissEKAmouse ($128.64 in chips)
MissEKAmouse: posts small blind $1
ThePredator9: posts big blind $3
*** HOLE CARDS ***
MissEKAmouse: raises $3 to $6
ThePredator9: calls $3
*** FLOP *** [2c Tc Jh]
ThePredator9: checks
MissEKAmouse: bets $3
ThePredator9: calls $3
*** TURN *** [2c Tc Jh] [9h]
ThePredator9: checks
MissEKAmouse: checks
*** RIVER *** [2c Tc Jh 9h] [8s]
ThePredator9: checks
MissEKAmouse: checks
*** SHOW DOWN ***
ThePredator9: shows [2s Kd] (a pair of Deuces)
MissEKAmouse: shows [8d 6h] (a pair of Eights)
MissEKAmouse collected $17.64 from pot
*** SUMMARY ***
Total pot $18 | Rake $0.36
Board [2c Tc Jh 9h 8s]
Seat 5: ThePredator9 (big blind) showed [2s Kd] and lost with a pair of Deuces
Seat 6: MissEKAmouse (button) (small blind) showed [8d 6h] and won ($17.64) with a pair of Eights


PokerStars Hand #150736223967:  Hold'em Limit ($3/$6 USD) - 2016/03/21 21:25:45 ET
Table 'Orion II' 6-max Seat #5 is the button
Seat 5: ThePredator9 ($174.28 in chips)
Seat 6: MissEKAmouse ($137.28 in chips)
ThePredator9: posts small blind $1
MissEKAmouse: posts big blind $3
*** HOLE CARDS ***
ThePredator9: raises $3 to $6
MissEKAmouse: calls $3
*** FLOP *** [4c 6c 6h]
MissEKAmouse: checks
ThePredator9: bets $3
MissEKAmouse: calls $3
*** TURN *** [4c 6c 6h] [8c]
MissEKAmouse: checks
ThePredator9: bets $6
MissEKAmouse: raises $6 to $12
ThePredator9: calls $6
*** RIVER *** [4c 6c 6h 8c] [Ah]
MissEKAmouse: bets $6
ThePredator9: calls $6
*** SHOW DOWN ***
MissEKAmouse: shows [Qc 2c] (a flush, Queen high)
ThePredator9: mucks hand
MissEKAmouse collected $53.50 from pot
*** SUMMARY ***
Total pot $54 | Rake $0.50
Board [4c 6c 6h 8c Ah]
Seat 5: ThePredator9 (button) (small blind) mucked
Seat 6: MissEKAmouse (big blind) showed [Qc 2c] and won ($53.50) with a flush, Queen high


PokerStars Hand #150736239886:  Hold'em Limit ($3/$6 USD) - 2016/03/21 21:26:17 ET
Table 'Orion II' 6-max Seat #6 is the button
Seat 5: ThePredator9 ($147.28 in chips)
Seat 6: MissEKAmouse ($163.78 in chips)
MissEKAmouse: posts small blind $1
ThePredator9: posts big blind $3
*** HOLE CARDS ***
MissEKAmouse: calls $2
ThePredator9: checks
*** FLOP *** [7c Kd 5h]
ThePredator9: checks
MissEKAmouse: bets $3
ThePredator9: folds
Uncalled bet ($3) returned to MissEKAmouse
MissEKAmouse collected $5.88 from pot
MissEKAmouse: doesn't show hand
*** SUMMARY ***
Total pot $6 | Rake $0.12
Board [7c Kd 5h]
Seat 5: ThePredator9 (big blind) folded on the Flop
Seat 6: MissEKAmouse (button) (small blind) collected ($5.88)


PokerStars Hand #150736246333:  Hold'em Limit ($3/$6 USD) - 2016/03/21 21:26:30 ET
Table 'Orion II' 6-max Seat #5 is the button
Seat 5: ThePredator9 ($144.28 in chips)
Seat 6: MissEKAmouse ($166.66 in chips)
ThePredator9: posts small blind $1
MissEKAmouse: posts big blind $3
*** HOLE CARDS ***
ThePredator9: raises $3 to $6
MissEKAmouse: calls $3
*** FLOP *** [3s 5h 6h]
MissEKAmouse: bets $3
ThePredator9: calls $3
*** TURN *** [3s 5h 6h] [8s]
MissEKAmouse: bets $6
ThePredator9: raises $6 to $12
MissEKAmouse: calls $6
*** RIVER *** [3s 5h 6h 8s] [6c]
MissEKAmouse: checks
ThePredator9: checks
*** SHOW DOWN ***
MissEKAmouse: shows [3c 4c] (two pair, Sixes and Threes)
ThePredator9: shows [Ad 8d] (two pair, Eights and Sixes)
ThePredator9 collected $41.50 from pot
*** SUMMARY ***
Total pot $42 | Rake $0.50
Board [3s 5h 6h 8s 6c]
Seat 5: ThePredator9 (button) (small blind) showed [Ad 8d] and won ($41.50) with two pair, Eights and Sixes
Seat 6: MissEKAmouse (big blind) showed [3c 4c] and lost with two pair, Sixes and Threes


PokerStars Hand #150736257558:  Hold'em Limit ($3/$6 USD) - 2016/03/21 21:26:53 ET
Table 'Orion II' 6-max Seat #6 is the button
Seat 5: ThePredator9 ($164.78 in chips)
Seat 6: MissEKAmouse ($145.66 in chips)
MissEKAmouse: posts small blind $1
ThePredator9: posts big blind $3
*** HOLE CARDS ***
MissEKAmouse: calls $2
ThePredator9: raises $3 to $6
MissEKAmouse: calls $3
*** FLOP *** [7h 9c 5c]
ThePredator9: bets $3
MissEKAmouse: calls $3
*** TURN *** [7h 9c 5c] [6h]
ThePredator9: bets $6
MissEKAmouse: raises $6 to $12
ThePredator9: calls $6
*** RIVER *** [7h 9c 5c 6h] [Tc]
ThePredator9: checks
MissEKAmouse: checks
*** SHOW DOWN ***
ThePredator9: shows [8h Kd] (a straight, Six to Ten)
MissEKAmouse: mucks hand
ThePredator9 collected $41.50 from pot
*** SUMMARY ***
Total pot $42 | Rake $0.50
Board [7h 9c 5c 6h Tc]
Seat 5: ThePredator9 (big blind) showed [8h Kd] and won ($41.50) with a straight, Six to Ten
Seat 6: MissEKAmouse (button) (small blind) mucked


PokerStars Hand #150736269572:  Hold'em Limit ($3/$6 USD) - 2016/03/21 21:27:17 ET
Table 'Orion II' 6-max Seat #5 is the button
Seat 5: ThePredator9 ($185.28 in chips)
Seat 6: MissEKAmouse ($124.66 in chips)
ThePredator9: posts small blind $1
MissEKAmouse: posts big blind $3
*** HOLE CARDS ***
ThePredator9: raises $3 to $6
MissEKAmouse: calls $3
*** FLOP *** [Kd 3h Kc]
MissEKAmouse: checks
ThePredator9: bets $3
MissEKAmouse: raises $3 to $6
ThePredator9: folds
Uncalled bet ($3) returned to MissEKAmouse
MissEKAmouse collected $17.64 from pot
MissEKAmouse: doesn't show hand
*** SUMMARY ***
Total pot $18 | Rake $0.36
Board [Kd 3h Kc]
Seat 5: ThePredator9 (button) (small blind) folded on the Flop
Seat 6: MissEKAmouse (big blind) collected ($17.64)


PokerStars Hand #150736289835:  Hold'em Limit ($3/$6 USD) - 2016/03/21 21:27:58 ET
Table 'Orion II' 6-max Seat #5 is the button
Seat 5: ThePredator9 ($211.78 in chips)
Seat 6: MissEKAmouse ($120 in chips)
ThePredator9: posts small blind $1
MissEKAmouse: posts big blind $3
*** HOLE CARDS ***
ThePredator9: raises $3 to $6
MissEKAmouse: calls $3
*** FLOP *** [Ad Kd 3d]
MissEKAmouse: checks
ThePredator9: bets $3
MissEKAmouse: raises $3 to $6
ThePredator9: folds
Uncalled bet ($3) returned to MissEKAmouse
MissEKAmouse collected $17.64 from pot
MissEKAmouse: doesn't show hand
*** SUMMARY ***
Total pot $18 | Rake $0.36
Board [Ad Kd 3d]
Seat 5: ThePredator9 (button) (small blind) folded on the Flop
Seat 6: MissEKAmouse (big blind) collected ($17.64)


PokerStars Hand #150736277123:  Hold'em Limit ($3/$6 USD) - 2016/03/21 21:27:32 ET
Table 'Orion II' 6-max Seat #6 is the button
Seat 5: ThePredator9 ($176.28 in chips)
Seat 6: MissEKAmouse ($133.30 in chips)
MissEKAmouse: posts small blind $1
ThePredator9: posts big blind $3
*** HOLE CARDS ***
MissEKAmouse: raises $3 to $6
ThePredator9: calls $3
*** FLOP *** [4d 3s 6s]
ThePredator9: checks
MissEKAmouse: bets $3
ThePredator9: raises $3 to $6
MissEKAmouse: calls $3
*** TURN *** [4d 3s 6s] [Kc]
ThePredator9: bets $6
MissEKAmouse: raises $6 to $12
ThePredator9: raises $6 to $18
MissEKAmouse: calls $6
*** RIVER *** [4d 3s 6s Kc] [Qd]
ThePredator9: bets $6
MissEKAmouse: calls $6
*** SHOW DOWN ***
ThePredator9: shows [5s 2s] (a straight, Deuce to Six)
MissEKAmouse: mucks hand
ThePredator9 collected $71.50 from pot
*** SUMMARY ***
Total pot $72 | Rake $0.50
Board [4d 3s 6s Kc Qd]
Seat 5: ThePredator9 (big blind) showed [5s 2s] and won ($71.50) with a straight, Deuce to Six
Seat 6: MissEKAmouse (button) (small blind) mucked


PokerStars Hand #150736297754:  Hold'em Limit ($3/$6 USD) - 2016/03/21 21:28:14 ET
Table 'Orion II' 6-max Seat #6 is the button
Seat 5: ThePredator9 ($202.78 in chips)
Seat 6: MissEKAmouse ($128.64 in chips)
MissEKAmouse: posts small blind $1
ThePredator9: posts big blind $3
*** HOLE CARDS ***
MissEKAmouse: raises $3 to $6
ThePredator9: raises $3 to $9
MissEKAmouse: calls $3
*** FLOP *** [2d 7d Qc]
ThePredator9: bets $3
MissEKAmouse: calls $3
*** TURN *** [2d 7d Qc] [Qh]
ThePredator9: bets $6
MissEKAmouse: raises $6 to $12
ThePredator9: calls $6
*** RIVER *** [2d 7d Qc Qh] [7h]
ThePredator9: checks
MissEKAmouse: checks
*** SHOW DOWN ***
ThePredator9: shows [Th Jd] (two pair, Queens and Sevens)
MissEKAmouse: shows [Ad 4c] (two pair, Queens and Sevens - Ace kicker)
MissEKAmouse collected $47.50 from pot
*** SUMMARY ***
Total pot $48 | Rake $0.50
Board [2d 7d Qc Qh 7h]
Seat 5: ThePredator9 (big blind) showed [Th Jd] and lost with two pair, Queens and Sevens
Seat 6: MissEKAmouse (button) (small blind) showed [Ad 4c] and won ($47.50) with two pair, Queens and Sevens


PokerStars Hand #150736320699:  Hold'em Limit ($3/$6 USD) - 2016/03/21 21:29:01 ET
Table 'Orion II' 6-max Seat #5 is the button
Seat 5: ThePredator9 ($157.78 in chips)
Seat 6: MissEKAmouse ($172.64 in chips)
ThePredator9: posts small blind $1
MissEKAmouse: posts big blind $3
*** HOLE CARDS ***
ThePredator9: raises $3 to $6
MissEKAmouse: calls $3
*** FLOP *** [6d 5d 3c]
MissEKAmouse: checks
ThePredator9: bets $3
MissEKAmouse: calls $3
*** TURN *** [6d 5d 3c] [Jd]
MissEKAmouse: checks
ThePredator9: bets $6
MissEKAmouse: raises $6 to $12
ThePredator9: raises $6 to $18
MissEKAmouse: calls $6
*** RIVER *** [6d 5d 3c Jd] [Ks]
MissEKAmouse: checks
ThePredator9: bets $6
MissEKAmouse: calls $6
*** SHOW DOWN ***
ThePredator9: shows [3d 7d] (a flush, Jack high)
MissEKAmouse: mucks hand
ThePredator9 collected $65.50 from pot
*** SUMMARY ***
Total pot $66 | Rake $0.50
Board [6d 5d 3c Jd Ks]
Seat 5: ThePredator9 (button) (small blind) showed [3d 7d] and won ($65.50) with a flush, Jack high
Seat 6: MissEKAmouse (big blind) mucked


PokerStars Hand #150736312703:  Hold'em Limit ($3/$6 USD) - 2016/03/21 21:28:44 ET
Table 'Orion II' 6-max Seat #6 is the button
Seat 5: ThePredator9 ($181.78 in chips)
Seat 6: MissEKAmouse ($149.14 in chips)
MissEKAmouse: posts small blind $1
ThePredator9: posts big blind $3
*** HOLE CARDS ***
MissEKAmouse: raises $3 to $6
ThePredator9: calls $3
*** FLOP *** [8h 6h Js]
ThePredator9: checks
MissEKAmouse: bets $3
ThePredator9: raises $3 to $6
MissEKAmouse: calls $3
*** TURN *** [8h 6h Js] [7d]
ThePredator9: bets $6
MissEKAmouse: calls $6
*** RIVER *** [8h 6h Js 7d] [9d]
ThePredator9: bets $6
MissEKAmouse: calls $6
*** SHOW DOWN ***
ThePredator9: shows [8s 4s] (a pair of Eights)
MissEKAmouse: shows [8d Kh] (a pair of Eights - King kicker)
MissEKAmouse collected $47.50 from pot
*** SUMMARY ***
Total pot $48 | Rake $0.50
Board [8h 6h Js 7d 9d]
Seat 5: ThePredator9 (big blind) showed [8s 4s] and lost with a pair of Eights
Seat 6: MissEKAmouse (button) (small blind) showed [8d Kh] and won ($47.50) with a pair of Eights


PokerStars Hand #150736309900:  Hold'em Limit ($3/$6 USD) - 2016/03/21 21:28:39 ET
Table 'Orion II' 6-max Seat #5 is the button
Seat 5: ThePredator9 ($178.78 in chips)
Seat 6: MissEKAmouse ($152.14 in chips)
ThePredator9: posts small blind $1
MissEKAmouse: posts big blind $3
*** HOLE CARDS ***
ThePredator9: raises $3 to $6
MissEKAmouse: folds
Uncalled bet ($3) returned to ThePredator9
ThePredator9 collected $6 from pot
ThePredator9: doesn't show hand
*** SUMMARY ***
Total pot $6 | Rake $0
Seat 5: ThePredator9 (button) (small blind) collected ($6)
Seat 6: MissEKAmouse (big blind) folded before Flop


PokerStars Hand #150736342542:  Hold'em Limit ($3/$6 USD) - 2016/03/21 21:29:44 ET
Table 'Orion II' 6-max Seat #5 is the button
Seat 5: ThePredator9 ($166.28 in chips)
Seat 6: MissEKAmouse ($163.14 in chips)
ThePredator9: posts small blind $1
MissEKAmouse: posts big blind $3
*** HOLE CARDS ***
ThePredator9: raises $3 to $6
MissEKAmouse: calls $3
*** FLOP *** [4c Js 7d]
MissEKAmouse: checks
ThePredator9: bets $3
MissEKAmouse: calls $3
*** TURN *** [4c Js 7d] [Td]
MissEKAmouse: checks
ThePredator9: checks
*** RIVER *** [4c Js 7d Td] [7c]
MissEKAmouse: bets $6
ThePredator9: calls $6
*** SHOW DOWN ***
MissEKAmouse: shows [Ah Qc] (a pair of Sevens)
ThePredator9: mucks hand
MissEKAmouse collected $29.50 from pot
aless284 joins the table at seat #1
*** SUMMARY ***
Total pot $30 | Rake $0.50
Board [4c Js 7d Td 7c]
Seat 5: ThePredator9 (button) (small blind) mucked
Seat 6: MissEKAmouse (big blind) showed [Ah Qc] and won ($29.50) with a pair of Sevens


PokerStars Hand #150736331245:  Hold'em Limit ($3/$6 USD) - 2016/03/21 21:29:23 ET
Table 'Orion II' 6-max Seat #6 is the button
Seat 5: ThePredator9 ($190.28 in chips)
Seat 6: MissEKAmouse ($139.64 in chips)
MissEKAmouse: posts small blind $1
ThePredator9: posts big blind $3
*** HOLE CARDS ***
MissEKAmouse: raises $3 to $6
ThePredator9: raises $3 to $9
MissEKAmouse: calls $3
*** FLOP *** [6c 8s Td]
ThePredator9: bets $3
MissEKAmouse: calls $3
*** TURN *** [6c 8s Td] [4d]
ThePredator9: bets $6
MissEKAmouse: raises $6 to $12
ThePredator9: calls $6
*** RIVER *** [6c 8s Td 4d] [4h]
ThePredator9: checks
MissEKAmouse: checks
*** SHOW DOWN ***
ThePredator9: shows [Ah Kd] (a pair of Fours)
MissEKAmouse: shows [3c 3d] (two pair, Fours and Threes)
MissEKAmouse collected $47.50 from pot
*** SUMMARY ***
Total pot $48 | Rake $0.50
Board [6c 8s Td 4d 4h]
Seat 5: ThePredator9 (big blind) showed [Ah Kd] and lost with a pair of Fours
Seat 6: MissEKAmouse (button) (small blind) showed [3c 3d] and won ($47.50) with two pair, Fours and Threes


PokerStars Hand #150739124004:  Hold'em Limit ($3/$6 USD) - 2016/03/21 23:21:19 ET
Table 'Orion II' 6-max Seat #5 is the button
Seat 2: Randers14 ($202.63 in chips)
Seat 5: Chrisgalo33 ($15 in chips)
Chrisgalo33: posts small blind $1
Randers14: posts big blind $3
*** HOLE CARDS ***
Chrisgalo33: folds
Uncalled bet ($2) returned to Randers14
Randers14 collected $2 from pot
Randers14: doesn't show hand
*** SUMMARY ***
Total pot $2 | Rake $0
Seat 2: Randers14 (big blind) collected ($2)
Seat 5: Chrisgalo33 (button) (small blind) folded before Flop


PokerStars Hand #150739126097:  Hold'em Limit ($3/$6 USD) - 2016/03/21 23:21:25 ET
Table 'Orion II' 6-max Seat #2 is the button
Seat 2: Randers14 ($203.63 in chips)
Seat 5: Chrisgalo33 ($14 in chips)
Randers14: posts small blind $1
Chrisgalo33: posts big blind $3
*** HOLE CARDS ***
Randers14: folds
Uncalled bet ($2) returned to Chrisgalo33
Chrisgalo33 collected $2 from pot
Chrisgalo33: doesn't show hand
*** SUMMARY ***
Total pot $2 | Rake $0
Seat 2: Randers14 (button) (small blind) folded before Flop
Seat 5: Chrisgalo33 (big blind) collected ($2)


PokerStars Hand #150739128273:  Hold'em Limit ($3/$6 USD) - 2016/03/21 23:21:31 ET
Table 'Orion II' 6-max Seat #5 is the button
Seat 2: Randers14 ($202.63 in chips)
Seat 5: Chrisgalo33 ($15 in chips)
Chrisgalo33: posts small blind $1
Randers14: posts big blind $3
*** HOLE CARDS ***
Chrisgalo33: calls $2
Randers14: checks
*** FLOP *** [5s 6s 6d]
Randers14: checks
Chrisgalo33: bets $3
Randers14: calls $3
*** TURN *** [5s 6s 6d] [7s]
Randers14: checks
Chrisgalo33: bets $6
Randers14: calls $6
*** RIVER *** [5s 6s 6d 7s] [2s]
Randers14: checks
Chrisgalo33: bets $3 and is all-in
Randers14: calls $3
*** SHOW DOWN ***
Chrisgalo33: shows [3s Ks] (a flush, King high)
Randers14: shows [7h 8c] (two pair, Sevens and Sixes)
Chrisgalo33 collected $29.50 from pot
*** SUMMARY ***
Total pot $30 | Rake $0.50
Board [5s 6s 6d 7s 2s]
Seat 2: Randers14 (big blind) showed [7h 8c] and lost with two pair, Sevens and Sixes
Seat 5: Chrisgalo33 (button) (small blind) showed [3s Ks] and won ($29.50) with a flush, King high


PokerStars Hand #150739142053:  Hold'em Limit ($3/$6 USD) - 2016/03/21 23:22:12 ET
Table 'Orion II' 6-max Seat #5 is the button
Seat 2: Randers14 ($184.63 in chips)
Seat 5: Chrisgalo33 ($32.38 in chips)
Chrisgalo33: posts small blind $1
Randers14: posts big blind $3
*** HOLE CARDS ***
Chrisgalo33: folds
Uncalled bet ($2) returned to Randers14
Randers14 collected $2 from pot
Randers14: doesn't show hand
*** SUMMARY ***
Total pot $2 | Rake $0
Seat 2: Randers14 (big blind) collected ($2)
Seat 5: Chrisgalo33 (button) (small blind) folded before Flop


PokerStars Hand #150739137439:  Hold'em Limit ($3/$6 USD) - 2016/03/21 23:21:58 ET
Table 'Orion II' 6-max Seat #2 is the button
Seat 2: Randers14 ($187.63 in chips)
Seat 5: Chrisgalo33 ($29.50 in chips)
Randers14: posts small blind $1
Chrisgalo33: posts big blind $3
*** HOLE CARDS ***
Randers14: calls $2
Chrisgalo33: checks
*** FLOP *** [3d Jh 8d]
Chrisgalo33: bets $3
Randers14: folds
Uncalled bet ($3) returned to Chrisgalo33
Chrisgalo33 collected $5.88 from pot
Chrisgalo33: doesn't show hand
*** SUMMARY ***
Total pot $6 | Rake $0.12
Board [3d Jh 8d]
Seat 2: Randers14 (button) (small blind) folded on the Flop
Seat 5: Chrisgalo33 (big blind) collected ($5.88)


