PokerStars Hand #157777357125:  Hold'em Limit ($3/$6 USD) - 2016/08/26 17:04:36 ET
Table 'Oriola' 6-max Seat #2 is the button
Seat 1: Velbor107 ($293 in chips)
Seat 2: Holla-eller? ($126.64 in chips)
Holla-eller?: posts small blind $1
Velbor107: posts big blind $3
*** HOLE CARDS ***
Holla-eller?: folds
Uncalled bet ($2) returned to Velbor107
Velbor107 collected $2 from pot
*** SUMMARY ***
Total pot $2 | Rake $0
Seat 1: Velbor107 (big blind) collected ($2)
Seat 2: Holla-eller? (button) (small blind) folded before Flop


PokerStars Hand #157777353426:  Hold'em Limit ($3/$6 USD) - 2016/08/26 17:04:31 ET
Table 'Oriola' 6-max Seat #1 is the button
Seat 1: Velbor107 ($294 in chips)
Seat 2: Holla-eller? ($125.64 in chips)
Velbor107: posts small blind $1
Holla-eller?: posts big blind $3
*** HOLE CARDS ***
Velbor107: folds
Uncalled bet ($2) returned to Holla-eller?
Holla-eller? collected $2 from pot
Holla-eller?: doesn't show hand
*** SUMMARY ***
Total pot $2 | Rake $0
Seat 1: Velbor107 (button) (small blind) folded before Flop
Seat 2: Holla-eller? (big blind) collected ($2)


PokerStars Hand #157777325736:  Hold'em Limit ($3/$6 USD) - 2016/08/26 17:03:54 ET
Table 'Oriola' 6-max Seat #2 is the button
Seat 1: Velbor107 ($303 in chips)
Seat 2: Holla-eller? ($117 in chips)
Holla-eller?: posts small blind $1
Velbor107: posts big blind $3
*** HOLE CARDS ***
Holla-eller?: raises $3 to $6
Velbor107: calls $3
*** FLOP *** [5s 2h Tc]
Velbor107: checks
Holla-eller?: bets $3
Velbor107: calls $3
*** TURN *** [5s 2h Tc] [9d]
Velbor107: checks
Holla-eller?: bets $6
Velbor107: folds
Uncalled bet ($6) returned to Holla-eller?
Holla-eller? collected $17.64 from pot
Holla-eller?: doesn't show hand
*** SUMMARY ***
Total pot $18 | Rake $0.36
Board [5s 2h Tc 9d]
Seat 1: Velbor107 (big blind) folded on the Turn
Seat 2: Holla-eller? (button) (small blind) collected ($17.64)


PokerStars Hand #157777399286:  Hold'em Limit ($3/$6 USD) - 2016/08/26 17:05:31 ET
Table 'Oriola' 6-max Seat #2 is the button
Seat 1: Velbor107 ($305.52 in chips)
Seat 2: Holla-eller? ($113.64 in chips)
Holla-eller?: posts small blind $1
Velbor107: posts big blind $3
*** HOLE CARDS ***
Holla-eller?: raises $3 to $6
Velbor107: calls $3
*** FLOP *** [5h 9c 9d]
Velbor107: checks
Holla-eller?: bets $3
Velbor107: folds
Uncalled bet ($3) returned to Holla-eller?
Holla-eller? collected $11.76 from pot
Holla-eller?: doesn't show hand
*** SUMMARY ***
Total pot $12 | Rake $0.24
Board [5h 9c 9d]
Seat 1: Velbor107 (big blind) folded on the Flop
Seat 2: Holla-eller? (button) (small blind) collected ($11.76)


PokerStars Hand #157777360794:  Hold'em Limit ($3/$6 USD) - 2016/08/26 17:04:41 ET
Table 'Oriola' 6-max Seat #1 is the button
Seat 1: Velbor107 ($294 in chips)
Seat 2: Holla-eller? ($125.64 in chips)
Velbor107: posts small blind $1
Holla-eller?: posts big blind $3
*** HOLE CARDS ***
Velbor107: raises $3 to $6
Holla-eller?: raises $3 to $9
Velbor107: calls $3
*** FLOP *** [3h 6d 9h]
Holla-eller?: bets $3
Velbor107: calls $3
*** TURN *** [3h 6d 9h] [Th]
Holla-eller?: checks
Velbor107: bets $6
Holla-eller?: folds
Uncalled bet ($6) returned to Velbor107
Velbor107 collected $23.52 from pot
*** SUMMARY ***
Total pot $24 | Rake $0.48
Board [3h 6d 9h Th]
Seat 1: Velbor107 (button) (small blind) collected ($23.52)
Seat 2: Holla-eller? (big blind) folded on the Turn


PokerStars Hand #157777437213:  Hold'em Limit ($3/$6 USD) - 2016/08/26 17:06:22 ET
Table 'Oriola' 6-max Seat #2 is the button
Seat 1: Velbor107 ($290.52 in chips)
Seat 2: Holla-eller? ($128.04 in chips)
Holla-eller?: posts small blind $1
Velbor107: posts big blind $3
*** HOLE CARDS ***
Holla-eller?: raises $3 to $6
Velbor107: raises $3 to $9
Holla-eller?: raises $3 to $12
Betting is capped
Velbor107: calls $3
*** FLOP *** [7h 5d 2h]
Velbor107: checks
Holla-eller?: bets $3
Velbor107: raises $3 to $6
Holla-eller?: raises $3 to $9
Velbor107: raises $3 to $12
Betting is capped
Holla-eller?: calls $3
*** TURN *** [7h 5d 2h] [Kh]
Velbor107: bets $6
Holla-eller?: calls $6
*** RIVER *** [7h 5d 2h Kh] [9c]
Velbor107: bets $6
Holla-eller?: calls $6
*** SHOW DOWN ***
Velbor107: shows [5s As] (a pair of Fives)
Holla-eller?: shows [Qc Qs] (a pair of Queens)
Holla-eller? collected $71.50 from pot
*** SUMMARY ***
Total pot $72 | Rake $0.50
Board [7h 5d 2h Kh 9c]
Seat 1: Velbor107 (big blind) showed [5s As] and lost with a pair of Fives
Seat 2: Holla-eller? (button) (small blind) showed [Qc Qs] and won ($71.50) with a pair of Queens


PokerStars Hand #157777418434:  Hold'em Limit ($3/$6 USD) - 2016/08/26 17:05:57 ET
Table 'Oriola' 6-max Seat #1 is the button
Seat 1: Velbor107 ($299.52 in chips)
Seat 2: Holla-eller? ($119.40 in chips)
Velbor107: posts small blind $1
Holla-eller?: posts big blind $3
*** HOLE CARDS ***
Velbor107: raises $3 to $6
Holla-eller?: raises $3 to $9
Velbor107: calls $3
*** FLOP *** [Th Qs 4s]
Holla-eller?: bets $3
Velbor107: folds
Uncalled bet ($3) returned to Holla-eller?
Holla-eller? collected $17.64 from pot
Holla-eller?: doesn't show hand
*** SUMMARY ***
Total pot $18 | Rake $0.36
Board [Th Qs 4s]
Seat 1: Velbor107 (button) (small blind) folded on the Flop
Seat 2: Holla-eller? (big blind) collected ($17.64)


PokerStars Hand #157777514052:  Hold'em Limit ($3/$6 USD) - 2016/08/26 17:08:05 ET
Table 'Oriola' 6-max Seat #2 is the button
Seat 1: Velbor107 ($252.28 in chips)
Seat 2: Holla-eller? ($165.18 in chips)
Holla-eller?: posts small blind $1
Velbor107: posts big blind $3
*** HOLE CARDS ***
Holla-eller?: folds
Uncalled bet ($2) returned to Velbor107
Velbor107 collected $2 from pot
*** SUMMARY ***
Total pot $2 | Rake $0
Seat 1: Velbor107 (big blind) collected ($2)
Seat 2: Holla-eller? (button) (small blind) folded before Flop


PokerStars Hand #157777493850:  Hold'em Limit ($3/$6 USD) - 2016/08/26 17:07:38 ET
Table 'Oriola' 6-max Seat #1 is the button
Seat 1: Velbor107 ($261.28 in chips)
Seat 2: Holla-eller? ($156.54 in chips)
Velbor107: posts small blind $1
Holla-eller?: posts big blind $3
*** HOLE CARDS ***
Velbor107: raises $3 to $6
Holla-eller?: raises $3 to $9
Velbor107: calls $3
*** FLOP *** [5c Ad 3d]
Holla-eller?: bets $3
Velbor107: folds
Uncalled bet ($3) returned to Holla-eller?
Holla-eller? collected $17.64 from pot
Holla-eller?: doesn't show hand
*** SUMMARY ***
Total pot $18 | Rake $0.36
Board [5c Ad 3d]
Seat 1: Velbor107 (button) (small blind) folded on the Flop
Seat 2: Holla-eller? (big blind) collected ($17.64)


PokerStars Hand #157777517577:  Hold'em Limit ($3/$6 USD) - 2016/08/26 17:08:10 ET
Table 'Oriola' 6-max Seat #1 is the button
Seat 1: Velbor107 ($253.28 in chips)
Seat 2: Holla-eller? ($164.18 in chips)
Velbor107: posts small blind $1
Holla-eller?: posts big blind $3
*** HOLE CARDS ***
Velbor107: folds
Uncalled bet ($2) returned to Holla-eller?
Holla-eller? collected $2 from pot
Holla-eller?: doesn't show hand
*** SUMMARY ***
Total pot $2 | Rake $0
Seat 1: Velbor107 (button) (small blind) folded before Flop
Seat 2: Holla-eller? (big blind) collected ($2)


PokerStars Hand #157777487161:  Hold'em Limit ($3/$6 USD) - 2016/08/26 17:07:29 ET
Table 'Oriola' 6-max Seat #2 is the button
Seat 1: Velbor107 ($260.28 in chips)
Seat 2: Holla-eller? ($157.54 in chips)
Holla-eller?: posts small blind $1
Velbor107: posts big blind $3
*** HOLE CARDS ***
Holla-eller?: folds
Uncalled bet ($2) returned to Velbor107
Velbor107 collected $2 from pot
*** SUMMARY ***
Total pot $2 | Rake $0
Seat 1: Velbor107 (big blind) collected ($2)
Seat 2: Holla-eller? (button) (small blind) folded before Flop


PokerStars Hand #157777471686:  Hold'em Limit ($3/$6 USD) - 2016/08/26 17:07:08 ET
Table 'Oriola' 6-max Seat #1 is the button
Seat 1: Velbor107 ($254.52 in chips)
Seat 2: Holla-eller? ($163.54 in chips)
Velbor107: posts small blind $1
Holla-eller?: posts big blind $3
*** HOLE CARDS ***
Velbor107: raises $3 to $6
Holla-eller?: calls $3
*** FLOP *** [8c Kc Kd]
Holla-eller?: checks
Velbor107: bets $3
Holla-eller?: folds
Uncalled bet ($3) returned to Velbor107
Velbor107 collected $11.76 from pot
*** SUMMARY ***
Total pot $12 | Rake $0.24
Board [8c Kc Kd]
Seat 1: Velbor107 (button) (small blind) collected ($11.76)
Seat 2: Holla-eller? (big blind) folded on the Flop


PokerStars Hand #157777521371:  Hold'em Limit ($3/$6 USD) - 2016/08/26 17:08:15 ET
Table 'Oriola' 6-max Seat #2 is the button
Seat 1: Velbor107 ($252.28 in chips)
Seat 2: Holla-eller? ($165.18 in chips)
Holla-eller?: posts small blind $1
Velbor107: posts big blind $3
*** HOLE CARDS ***
Holla-eller?: raises $3 to $6
Velbor107: calls $3
*** FLOP *** [Ac Kd 9s]
Velbor107: checks
Holla-eller?: bets $3
Velbor107: folds
Uncalled bet ($3) returned to Holla-eller?
Holla-eller? collected $11.76 from pot
Holla-eller?: doesn't show hand
*** SUMMARY ***
Total pot $12 | Rake $0.24
Board [Ac Kd 9s]
Seat 1: Velbor107 (big blind) folded on the Flop
Seat 2: Holla-eller? (button) (small blind) collected ($11.76)


PokerStars Hand #157777539516:  Hold'em Limit ($3/$6 USD) - 2016/08/26 17:08:39 ET
Table 'Oriola' 6-max Seat #1 is the button
Seat 1: Velbor107 ($246.28 in chips)
Seat 2: Holla-eller? ($170.94 in chips)
Velbor107: posts small blind $1
Holla-eller?: posts big blind $3
*** HOLE CARDS ***
Velbor107: folds
Uncalled bet ($2) returned to Holla-eller?
Holla-eller? collected $2 from pot
Holla-eller?: doesn't show hand
*** SUMMARY ***
Total pot $2 | Rake $0
Seat 1: Velbor107 (button) (small blind) folded before Flop
Seat 2: Holla-eller? (big blind) collected ($2)


PokerStars Hand #157777586799:  Hold'em Limit ($3/$6 USD) - 2016/08/26 17:09:44 ET
Table 'Oriola' 6-max Seat #1 is the button
Seat 1: Velbor107 ($259.78 in chips)
Seat 2: Holla-eller? ($156.94 in chips)
Velbor107: posts small blind $1
Holla-eller?: posts big blind $3
*** HOLE CARDS ***
Velbor107: raises $3 to $6
Holla-eller?: folds
Uncalled bet ($3) returned to Velbor107
Velbor107 collected $6 from pot
*** SUMMARY ***
Total pot $6 | Rake $0
Seat 1: Velbor107 (button) (small blind) collected ($6)
Seat 2: Holla-eller? (big blind) folded before Flop


PokerStars Hand #157777543489:  Hold'em Limit ($3/$6 USD) - 2016/08/26 17:08:45 ET
Table 'Oriola' 6-max Seat #2 is the button
Seat 1: Velbor107 ($245.28 in chips)
Seat 2: Holla-eller? ($171.94 in chips)
Holla-eller?: posts small blind $1
Velbor107: posts big blind $3
*** HOLE CARDS ***
Holla-eller?: raises $3 to $6
Velbor107: calls $3
*** FLOP *** [2h Jd 9s]
Velbor107: checks
Holla-eller?: bets $3
Velbor107: calls $3
*** TURN *** [2h Jd 9s] [4c]
Velbor107: checks
Holla-eller?: checks
*** RIVER *** [2h Jd 9s 4c] [5h]
Velbor107: bets $6
Holla-eller?: calls $6
*** SHOW DOWN ***
Velbor107: shows [Td 4d] (a pair of Fours)
Holla-eller?: mucks hand
Velbor107 collected $29.50 from pot
*** SUMMARY ***
Total pot $30 | Rake $0.50
Board [2h Jd 9s 4c 5h]
Seat 1: Velbor107 (big blind) showed [Td 4d] and won ($29.50) with a pair of Fours
Seat 2: Holla-eller? (button) (small blind) mucked


PokerStars Hand #157777646559:  Hold'em Limit ($3/$6 USD) - 2016/08/26 17:11:05 ET
Table 'Oriola' 6-max Seat #1 is the button
Seat 1: Velbor107 ($264.42 in chips)
Seat 2: Holla-eller? ($151.70 in chips)
Velbor107: posts small blind $1
Holla-eller?: posts big blind $3
*** HOLE CARDS ***
Velbor107: folds
Uncalled bet ($2) returned to Holla-eller?
Holla-eller? collected $2 from pot
Holla-eller?: doesn't show hand
*** SUMMARY ***
Total pot $2 | Rake $0
Seat 1: Velbor107 (button) (small blind) folded before Flop
Seat 2: Holla-eller? (big blind) collected ($2)


PokerStars Hand #157777617682:  Hold'em Limit ($3/$6 USD) - 2016/08/26 17:10:25 ET
Table 'Oriola' 6-max Seat #1 is the button
Seat 1: Velbor107 ($271.42 in chips)
Seat 2: Holla-eller? ($144.94 in chips)
Velbor107: posts small blind $1
Holla-eller?: posts big blind $3
*** HOLE CARDS ***
Velbor107: folds
Uncalled bet ($2) returned to Holla-eller?
Holla-eller? collected $2 from pot
Holla-eller?: doesn't show hand
*** SUMMARY ***
Total pot $2 | Rake $0
Seat 1: Velbor107 (button) (small blind) folded before Flop
Seat 2: Holla-eller? (big blind) collected ($2)


PokerStars Hand #157777624521:  Hold'em Limit ($3/$6 USD) - 2016/08/26 17:10:35 ET
Table 'Oriola' 6-max Seat #2 is the button
Seat 1: Velbor107 ($270.42 in chips)
Seat 2: Holla-eller? ($145.94 in chips)
Holla-eller?: posts small blind $1
Velbor107: posts big blind $3
*** HOLE CARDS ***
Holla-eller?: raises $3 to $6
Velbor107: calls $3
*** FLOP *** [Ts Qh Ks]
Velbor107: checks
Holla-eller?: bets $3
Velbor107: folds
Uncalled bet ($3) returned to Holla-eller?
Holla-eller? collected $11.76 from pot
Holla-eller?: doesn't show hand
*** SUMMARY ***
Total pot $12 | Rake $0.24
Board [Ts Qh Ks]
Seat 1: Velbor107 (big blind) folded on the Flop
Seat 2: Holla-eller? (button) (small blind) collected ($11.76)


PokerStars Hand #157777594151:  Hold'em Limit ($3/$6 USD) - 2016/08/26 17:09:54 ET
Table 'Oriola' 6-max Seat #2 is the button
Seat 1: Velbor107 ($262.78 in chips)
Seat 2: Holla-eller? ($153.94 in chips)
Holla-eller?: posts small blind $1
Velbor107: posts big blind $3
*** HOLE CARDS ***
Holla-eller?: raises $3 to $6
Velbor107: calls $3
*** FLOP *** [4d 8h 6d]
Velbor107: checks
Holla-eller?: bets $3
Velbor107: calls $3
*** TURN *** [4d 8h 6d] [2c]
Velbor107: checks
Holla-eller?: checks
*** RIVER *** [4d 8h 6d 2c] [3c]
Velbor107: bets $6
Holla-eller?: folds
Uncalled bet ($6) returned to Velbor107
Velbor107 collected $17.64 from pot
*** SUMMARY ***
Total pot $18 | Rake $0.36
Board [4d 8h 6d 2c 3c]
Seat 1: Velbor107 (big blind) collected ($17.64)
Seat 2: Holla-eller? (button) (small blind) folded on the River


PokerStars Hand #157777653435:  Hold'em Limit ($3/$6 USD) - 2016/08/26 17:11:14 ET
Table 'Oriola' 6-max Seat #2 is the button
Seat 1: Velbor107 ($263.42 in chips)
Seat 2: Holla-eller? ($152.70 in chips)
Holla-eller?: posts small blind $1
Velbor107: posts big blind $3
*** HOLE CARDS ***
Holla-eller?: raises $3 to $6
Velbor107: raises $3 to $9
Holla-eller?: raises $3 to $12
Betting is capped
Velbor107: calls $3
*** FLOP *** [2d 4h Tc]
Velbor107: checks
Holla-eller?: bets $3
Velbor107: calls $3
*** TURN *** [2d 4h Tc] [Jc]
Velbor107: checks
Holla-eller?: bets $6
Velbor107: calls $6
*** RIVER *** [2d 4h Tc Jc] [3c]
Velbor107: checks
Holla-eller?: checks
*** SHOW DOWN ***
Velbor107: shows [Ad Qc] (high card Ace)
Holla-eller?: shows [7d 7s] (a pair of Sevens)
Holla-eller? collected $41.50 from pot
*** SUMMARY ***
Total pot $42 | Rake $0.50
Board [2d 4h Tc Jc 3c]
Seat 1: Velbor107 (big blind) showed [Ad Qc] and lost with high card Ace
Seat 2: Holla-eller? (button) (small blind) showed [7d 7s] and won ($41.50) with a pair of Sevens


PokerStars Hand #157777735413:  Hold'em Limit ($3/$6 USD) - 2016/08/26 17:13:06 ET
Table 'Oriola' 6-max Seat #1 is the button
Seat 1: Velbor107 ($262.92 in chips)
Seat 2: Holla-eller? ($152.20 in chips)
Velbor107: posts small blind $1
Holla-eller?: posts big blind $3
*** HOLE CARDS ***
Velbor107: raises $3 to $6
Holla-eller?: folds
Uncalled bet ($3) returned to Velbor107
Velbor107 collected $6 from pot
*** SUMMARY ***
Total pot $6 | Rake $0
Seat 1: Velbor107 (button) (small blind) collected ($6)
Seat 2: Holla-eller? (big blind) folded before Flop


PokerStars Hand #157777727442:  Hold'em Limit ($3/$6 USD) - 2016/08/26 17:12:55 ET
Table 'Oriola' 6-max Seat #2 is the button
Seat 1: Velbor107 ($265.92 in chips)
Seat 2: Holla-eller? ($149.20 in chips)
Holla-eller?: posts small blind $1
Velbor107: posts big blind $3
*** HOLE CARDS ***
Hannibal2211 joins the table at seat #3
Holla-eller?: raises $3 to $6
Velbor107: folds
Uncalled bet ($3) returned to Holla-eller?
Holla-eller? collected $6 from pot
Holla-eller?: doesn't show hand
*** SUMMARY ***
Total pot $6 | Rake $0
Seat 1: Velbor107 (big blind) folded before Flop
Seat 2: Holla-eller? (button) (small blind) collected ($6)


PokerStars Hand #157777723524:  Hold'em Limit ($3/$6 USD) - 2016/08/26 17:12:49 ET
Table 'Oriola' 6-max Seat #1 is the button
Seat 1: Velbor107 ($266.92 in chips)
Seat 2: Holla-eller? ($148.20 in chips)
Velbor107: posts small blind $1
Holla-eller?: posts big blind $3
*** HOLE CARDS ***
Velbor107: folds
Uncalled bet ($2) returned to Holla-eller?
Holla-eller? collected $2 from pot
Holla-eller?: doesn't show hand
*** SUMMARY ***
Total pot $2 | Rake $0
Seat 1: Velbor107 (button) (small blind) folded before Flop
Seat 2: Holla-eller? (big blind) collected ($2)


PokerStars Hand #157777718146:  Hold'em Limit ($3/$6 USD) - 2016/08/26 17:12:42 ET
Table 'Oriola' 6-max Seat #2 is the button
Seat 1: Velbor107 ($265.92 in chips)
Seat 2: Holla-eller? ($149.20 in chips)
Holla-eller?: posts small blind $1
Velbor107: posts big blind $3
*** HOLE CARDS ***
Holla-eller?: folds
Uncalled bet ($2) returned to Velbor107
Velbor107 collected $2 from pot
*** SUMMARY ***
Total pot $2 | Rake $0
Seat 1: Velbor107 (big blind) collected ($2)
Seat 2: Holla-eller? (button) (small blind) folded before Flop


PokerStars Hand #157777711655:  Hold'em Limit ($3/$6 USD) - 2016/08/26 17:12:33 ET
Table 'Oriola' 6-max Seat #1 is the button
Seat 1: Velbor107 ($266.92 in chips)
Seat 2: Holla-eller? ($148.20 in chips)
Velbor107: posts small blind $1
Holla-eller?: posts big blind $3
*** HOLE CARDS ***
Velbor107: folds
Uncalled bet ($2) returned to Holla-eller?
Holla-eller? collected $2 from pot
Holla-eller?: doesn't show hand
*** SUMMARY ***
Total pot $2 | Rake $0
Seat 1: Velbor107 (button) (small blind) folded before Flop
Seat 2: Holla-eller? (big blind) collected ($2)


PokerStars Hand #157777707939:  Hold'em Limit ($3/$6 USD) - 2016/08/26 17:12:28 ET
Table 'Oriola' 6-max Seat #2 is the button
Seat 1: Velbor107 ($265.92 in chips)
Seat 2: Holla-eller? ($149.20 in chips)
Holla-eller?: posts small blind $1
Velbor107: posts big blind $3
*** HOLE CARDS ***
Holla-eller?: folds
Uncalled bet ($2) returned to Velbor107
Velbor107 collected $2 from pot
*** SUMMARY ***
Total pot $2 | Rake $0
Seat 1: Velbor107 (big blind) collected ($2)
Seat 2: Holla-eller? (button) (small blind) folded before Flop


PokerStars Hand #157777686838:  Hold'em Limit ($3/$6 USD) - 2016/08/26 17:11:59 ET
Table 'Oriola' 6-max Seat #1 is the button
Seat 1: Velbor107 ($242.42 in chips)
Seat 2: Holla-eller? ($173.20 in chips)
Velbor107: posts small blind $1
Holla-eller?: posts big blind $3
*** HOLE CARDS ***
Velbor107: raises $3 to $6
Holla-eller?: calls $3
*** FLOP *** [Kd Qc Qs]
Holla-eller?: checks
Velbor107: bets $3
Holla-eller?: raises $3 to $6
Velbor107: calls $3
*** TURN *** [Kd Qc Qs] [7c]
Holla-eller?: bets $6
Velbor107: calls $6
*** RIVER *** [Kd Qc Qs 7c] [7d]
Holla-eller?: bets $6
Velbor107: calls $6
*** SHOW DOWN ***
Holla-eller?: shows [4d Ks] (two pair, Kings and Queens)
Velbor107: shows [8s Kc] (two pair, Kings and Queens - Eight kicker)
Velbor107 collected $47.50 from pot
*** SUMMARY ***
Total pot $48 | Rake $0.50
Board [Kd Qc Qs 7c 7d]
Seat 1: Velbor107 (button) (small blind) showed [8s Kc] and won ($47.50) with two pair, Kings and Queens
Seat 2: Holla-eller? (big blind) showed [4d Ks] and lost with two pair, Kings and Queens


PokerStars Hand #157781902113:  Hold'em Limit ($3/$6 USD) - 2016/08/26 18:56:58 ET
Table 'Oriola' 6-max Seat #2 is the button
Seat 2: threeeyejack ($159.23 in chips)
Seat 6: RaisemyNut$ ($67.26 in chips)
threeeyejack: posts small blind $1
FinDeSiecle: is sitting out
RaisemyNut$: posts big blind $3
*** HOLE CARDS ***
threeeyejack: folds
Uncalled bet ($2) returned to RaisemyNut$
RaisemyNut$ collected $2 from pot
RaisemyNut$: doesn't show hand
*** SUMMARY ***
Total pot $2 | Rake $0
Seat 2: threeeyejack (button) (small blind) folded before Flop
Seat 6: RaisemyNut$ (big blind) collected ($2)


