PokerStars Hand #153163753433:  Hold'em Limit ($3/$6 USD) - 2016/05/11 12:10:56 ET
Table 'Orion' 10-max Seat #4 is the button
Seat 4: Muhamed999 ($30 in chips)
Seat 8: Pandakey ($120 in chips)
Muhamed999: posts small blind $1
Pandakey: posts big blind $3
*** HOLE CARDS ***
Muhamed999: calls $2
Pandakey: raises $3 to $6
kolaz03 joins the table at seat #5
Muhamed999: calls $3
*** FLOP *** [Th 9s Ah]
Pandakey: bets $3
Muhamed999: calls $3
*** TURN *** [Th 9s Ah] [9d]
Pandakey: checks
Muhamed999: bets $6
Pandakey: calls $6
*** RIVER *** [Th 9s Ah 9d] [Ad]
Pandakey: bets $6
Muhamed999: calls $6
*** SHOW DOWN ***
Pandakey: shows [5h 5s] (two pair, Aces and Nines)
Muhamed999: shows [8h Ts] (two pair, Aces and Tens)
Muhamed999 collected $41.50 from pot
*** SUMMARY ***
Total pot $42 | Rake $0.50
Board [Th 9s Ah 9d Ad]
Seat 4: Muhamed999 (button) (small blind) showed [8h Ts] and won ($41.50) with two pair, Aces and Tens
Seat 8: Pandakey (big blind) showed [5h 5s] and lost with two pair, Aces and Nines


PokerStars Hand #153163770210:  Hold'em Limit ($3/$6 USD) - 2016/05/11 12:11:15 ET
Table 'Orion' 10-max Seat #8 is the button
Seat 4: Muhamed999 ($50.50 in chips)
Seat 8: Pandakey ($99 in chips)
Pandakey: posts small blind $1
Muhamed999: posts big blind $3
*** HOLE CARDS ***
Pandakey: raises $3 to $6
Muhamed999: folds
Uncalled bet ($3) returned to Pandakey
Pandakey collected $6 from pot
Pandakey: doesn't show hand
*** SUMMARY ***
Total pot $6 | Rake $0
Seat 4: Muhamed999 (big blind) folded before Flop
Seat 8: Pandakey (button) (small blind) collected ($6)


PokerStars Hand #153164367181:  Hold'em Limit ($3/$6 USD) - 2016/05/11 12:25:05 ET
Table 'Orion' 10-max Seat #5 is the button
Seat 4: Muhamed999 ($60.87 in chips)
Seat 5: kolaz03 ($72 in chips)
kolaz03: posts small blind $1
Muhamed999: posts big blind $3
*** HOLE CARDS ***
kolaz03: folds
Uncalled bet ($2) returned to Muhamed999
Muhamed999 collected $2 from pot
Muhamed999: doesn't show hand
*** SUMMARY ***
Total pot $2 | Rake $0
Seat 4: Muhamed999 (big blind) collected ($2)
Seat 5: kolaz03 (button) (small blind) folded before Flop


PokerStars Hand #153164360844:  Hold'em Limit ($3/$6 USD) - 2016/05/11 12:24:56 ET
Table 'Orion' 10-max Seat #4 is the button
Seat 4: Muhamed999 ($55.11 in chips)
Seat 5: kolaz03 ($75 in chips)
Muhamed999: posts small blind $1
kolaz03: posts big blind $3
*** HOLE CARDS ***
Muhamed999: raises $3 to $6
kolaz03: calls $3
*** FLOP *** [3s Qc 3d]
kolaz03: checks
Muhamed999: bets $3
kolaz03: folds
Uncalled bet ($3) returned to Muhamed999
Muhamed999 collected $11.76 from pot
Muhamed999: doesn't show hand
*** SUMMARY ***
Total pot $12 | Rake $0.24
Board [3s Qc 3d]
Seat 4: Muhamed999 (button) (small blind) collected ($11.76)
Seat 5: kolaz03 (big blind) folded on the Flop


PokerStars Hand #153164355773:  Hold'em Limit ($3/$6 USD) - 2016/05/11 12:24:49 ET
Table 'Orion' 10-max Seat #5 is the button
Seat 4: Muhamed999 ($58.11 in chips)
Seat 5: kolaz03 ($72 in chips)
kolaz03: posts small blind $1
Pandakey: is sitting out
Muhamed999: posts big blind $3
*** HOLE CARDS ***
kolaz03: raises $3 to $6
Muhamed999: folds
Uncalled bet ($3) returned to kolaz03
kolaz03 collected $6 from pot
kolaz03: doesn't show hand
Pandakey leaves the table
*** SUMMARY ***
Total pot $6 | Rake $0
Seat 4: Muhamed999 (big blind) folded before Flop
Seat 5: kolaz03 (button) (small blind) collected ($6)


PokerStars Hand #153164381086:  Hold'em Limit ($3/$6 USD) - 2016/05/11 12:25:24 ET
Table 'Orion' 10-max Seat #5 is the button
Seat 4: Muhamed999 ($40.87 in chips)
Seat 5: kolaz03 ($92.50 in chips)
kolaz03: posts small blind $1
Muhamed999: posts big blind $3
*** HOLE CARDS ***
kolaz03: folds
Uncalled bet ($2) returned to Muhamed999
Muhamed999 collected $2 from pot
Muhamed999: doesn't show hand
*** SUMMARY ***
Total pot $2 | Rake $0
Seat 4: Muhamed999 (big blind) collected ($2)
Seat 5: kolaz03 (button) (small blind) folded before Flop


PokerStars Hand #153164370052:  Hold'em Limit ($3/$6 USD) - 2016/05/11 12:25:09 ET
Table 'Orion' 10-max Seat #4 is the button
Seat 4: Muhamed999 ($61.87 in chips)
Seat 5: kolaz03 ($72 in chips)
Muhamed999: posts small blind $1
kolaz03: posts big blind $3
*** HOLE CARDS ***
Muhamed999: raises $3 to $6
kolaz03: calls $3
*** FLOP *** [2s Tc 5d]
kolaz03: checks
Muhamed999: bets $3
kolaz03: raises $3 to $6
Muhamed999: raises $3 to $9
kolaz03: calls $3
*** TURN *** [2s Tc 5d] [Qs]
kolaz03: checks
Muhamed999: checks
*** RIVER *** [2s Tc 5d Qs] [3c]
kolaz03: bets $6
Muhamed999: calls $6
*** SHOW DOWN ***
kolaz03: shows [Th 6c] (a pair of Tens)
Muhamed999: mucks hand
kolaz03 collected $41.50 from pot
*** SUMMARY ***
Total pot $42 | Rake $0.50
Board [2s Tc 5d Qs 3c]
Seat 4: Muhamed999 (button) (small blind) mucked
Seat 5: kolaz03 (big blind) showed [Th 6c] and won ($41.50) with a pair of Tens


PokerStars Hand #153164391804:  Hold'em Limit ($3/$6 USD) - 2016/05/11 12:25:39 ET
Table 'Orion' 10-max Seat #4 is the button
Seat 4: Muhamed999 ($41.87 in chips)
Seat 5: kolaz03 ($91.50 in chips)
Muhamed999: posts small blind $1
kolaz03: posts big blind $3
*** HOLE CARDS ***
Muhamed999: folds
Uncalled bet ($2) returned to kolaz03
kolaz03 collected $2 from pot
kolaz03: doesn't show hand
*** SUMMARY ***
Total pot $2 | Rake $0
Seat 4: Muhamed999 (button) (small blind) folded before Flop
Seat 5: kolaz03 (big blind) collected ($2)


PokerStars Hand #153164388436:  Hold'em Limit ($3/$6 USD) - 2016/05/11 12:25:34 ET
Table 'Orion' 10-max Seat #5 is the button
Seat 4: Muhamed999 ($40.87 in chips)
Seat 5: kolaz03 ($92.50 in chips)
kolaz03: posts small blind $1
Muhamed999: posts big blind $3
*** HOLE CARDS ***
kolaz03: folds
Uncalled bet ($2) returned to Muhamed999
Muhamed999 collected $2 from pot
Muhamed999: doesn't show hand
*** SUMMARY ***
Total pot $2 | Rake $0
Seat 4: Muhamed999 (big blind) collected ($2)
Seat 5: kolaz03 (button) (small blind) folded before Flop


PokerStars Hand #153164384616:  Hold'em Limit ($3/$6 USD) - 2016/05/11 12:25:29 ET
Table 'Orion' 10-max Seat #4 is the button
Seat 4: Muhamed999 ($41.87 in chips)
Seat 5: kolaz03 ($91.50 in chips)
Muhamed999: posts small blind $1
kolaz03: posts big blind $3
*** HOLE CARDS ***
Muhamed999: folds
Uncalled bet ($2) returned to kolaz03
kolaz03 collected $2 from pot
kolaz03: doesn't show hand
*** SUMMARY ***
Total pot $2 | Rake $0
Seat 4: Muhamed999 (button) (small blind) folded before Flop
Seat 5: kolaz03 (big blind) collected ($2)


PokerStars Hand #153164395751:  Hold'em Limit ($3/$6 USD) - 2016/05/11 12:25:44 ET
Table 'Orion' 10-max Seat #5 is the button
Seat 4: Muhamed999 ($40.87 in chips)
Seat 5: kolaz03 ($92.50 in chips)
kolaz03: posts small blind $1
Muhamed999: posts big blind $3
*** HOLE CARDS ***
kolaz03: raises $3 to $6
Muhamed999: calls $3
*** FLOP *** [Kh Ac 7s]
Muhamed999: checks
kolaz03: bets $3
Muhamed999: calls $3
*** TURN *** [Kh Ac 7s] [9c]
Muhamed999: checks
kolaz03: checks
*** RIVER *** [Kh Ac 7s 9c] [2s]
Muhamed999: checks
kolaz03: bets $6
Muhamed999: folds
Uncalled bet ($6) returned to kolaz03
kolaz03 collected $17.64 from pot
kolaz03: doesn't show hand
*** SUMMARY ***
Total pot $18 | Rake $0.36
Board [Kh Ac 7s 9c 2s]
Seat 4: Muhamed999 (big blind) folded on the River
Seat 5: kolaz03 (button) (small blind) collected ($17.64)


PokerStars Hand #153164422547:  Hold'em Limit ($3/$6 USD) - 2016/05/11 12:26:21 ET
Table 'Orion' 10-max Seat #5 is the button
Seat 4: Muhamed999 ($40.51 in chips)
Seat 5: kolaz03 ($92.14 in chips)
kolaz03: posts small blind $1
Muhamed999: posts big blind $3
*** HOLE CARDS ***
kolaz03: folds
Uncalled bet ($2) returned to Muhamed999
Muhamed999 collected $2 from pot
Muhamed999: doesn't show hand
*** SUMMARY ***
Total pot $2 | Rake $0
Seat 4: Muhamed999 (big blind) collected ($2)
Seat 5: kolaz03 (button) (small blind) folded before Flop


PokerStars Hand #153164431015:  Hold'em Limit ($3/$6 USD) - 2016/05/11 12:26:33 ET
Table 'Orion' 10-max Seat #4 is the button
Seat 4: Muhamed999 ($41.51 in chips)
Seat 5: kolaz03 ($91.14 in chips)
Muhamed999: posts small blind $1
kolaz03: posts big blind $3
*** HOLE CARDS ***
Muhamed999: raises $3 to $6
kolaz03: folds
Uncalled bet ($3) returned to Muhamed999
Muhamed999 collected $6 from pot
Muhamed999: doesn't show hand
*** SUMMARY ***
Total pot $6 | Rake $0
Seat 4: Muhamed999 (button) (small blind) collected ($6)
Seat 5: kolaz03 (big blind) folded before Flop


PokerStars Hand #153164407797:  Hold'em Limit ($3/$6 USD) - 2016/05/11 12:26:01 ET
Table 'Orion' 10-max Seat #4 is the button
Seat 4: Muhamed999 ($31.87 in chips)
Seat 5: kolaz03 ($101.14 in chips)
Muhamed999: posts small blind $1
kolaz03: posts big blind $3
*** HOLE CARDS ***
Muhamed999: raises $3 to $6
kolaz03: calls $3
*** FLOP *** [9d 6s 8s]
kolaz03: checks
Muhamed999: bets $3
kolaz03: calls $3
*** TURN *** [9d 6s 8s] [Ts]
kolaz03: checks
Muhamed999: bets $6
kolaz03: folds
Uncalled bet ($6) returned to Muhamed999
Muhamed999 collected $17.64 from pot
Muhamed999: doesn't show hand
*** SUMMARY ***
Total pot $18 | Rake $0.36
Board [9d 6s 8s Ts]
Seat 4: Muhamed999 (button) (small blind) collected ($17.64)
Seat 5: kolaz03 (big blind) folded on the Turn


PokerStars Hand #153164470313:  Hold'em Limit ($3/$6 USD) - 2016/05/11 12:27:27 ET
Table 'Orion' 10-max Seat #5 is the button
Seat 4: Muhamed999 ($58.01 in chips)
Seat 5: kolaz03 ($74.14 in chips)
kolaz03: posts small blind $1
Muhamed999: posts big blind $3
*** HOLE CARDS ***
kolaz03: folds
Uncalled bet ($2) returned to Muhamed999
Muhamed999 collected $2 from pot
Muhamed999: doesn't show hand
*** SUMMARY ***
Total pot $2 | Rake $0
Seat 4: Muhamed999 (big blind) collected ($2)
Seat 5: kolaz03 (button) (small blind) folded before Flop


PokerStars Hand #153164466710:  Hold'em Limit ($3/$6 USD) - 2016/05/11 12:27:22 ET
Table 'Orion' 10-max Seat #4 is the button
Seat 4: Muhamed999 ($59.01 in chips)
Seat 5: kolaz03 ($73.14 in chips)
Muhamed999: posts small blind $1
kolaz03: posts big blind $3
*** HOLE CARDS ***
Muhamed999: folds
Uncalled bet ($2) returned to kolaz03
kolaz03 collected $2 from pot
kolaz03: doesn't show hand
*** SUMMARY ***
Total pot $2 | Rake $0
Seat 4: Muhamed999 (button) (small blind) folded before Flop
Seat 5: kolaz03 (big blind) collected ($2)


PokerStars Hand #153164437950:  Hold'em Limit ($3/$6 USD) - 2016/05/11 12:26:42 ET
Table 'Orion' 10-max Seat #5 is the button
Seat 4: Muhamed999 ($44.51 in chips)
Seat 5: kolaz03 ($88.14 in chips)
kolaz03: posts small blind $1
Muhamed999: posts big blind $3
*** HOLE CARDS ***
Punkyfee leaves the table
kolaz03: raises $3 to $6
Muhamed999: calls $3
*** FLOP *** [Qs 2c 6c]
Muhamed999: checks
kolaz03: bets $3
Muhamed999: calls $3
*** TURN *** [Qs 2c 6c] [5s]
Muhamed999: checks
kolaz03: checks
*** RIVER *** [Qs 2c 6c 5s] [2h]
Muhamed999: bets $6
kolaz03: calls $6
*** SHOW DOWN ***
Muhamed999: shows [Jd Qc] (two pair, Queens and Deuces)
kolaz03: mucks hand
Muhamed999 collected $29.50 from pot
*** SUMMARY ***
Total pot $30 | Rake $0.50
Board [Qs 2c 6c 5s 2h]
Seat 4: Muhamed999 (big blind) showed [Jd Qc] and won ($29.50) with two pair, Queens and Deuces
Seat 5: kolaz03 (button) (small blind) mucked


PokerStars Hand #153164492064:  Hold'em Limit ($3/$6 USD) - 2016/05/11 12:27:56 ET
Table 'Orion' 10-max Seat #4 is the button
Seat 4: Muhamed999 ($61.65 in chips)
Seat 5: kolaz03 ($77.76 in chips)
Muhamed999: posts small blind $1
kolaz03: posts big blind $3
*** HOLE CARDS ***
Muhamed999: raises $3 to $6
kolaz03: folds
Uncalled bet ($3) returned to Muhamed999
Muhamed999 collected $6 from pot
Muhamed999: doesn't show hand
*** SUMMARY ***
Total pot $6 | Rake $0
Seat 4: Muhamed999 (button) (small blind) collected ($6)
Seat 5: kolaz03 (big blind) folded before Flop


PokerStars Hand #153164476296:  Hold'em Limit ($3/$6 USD) - 2016/05/11 12:27:35 ET
Table 'Orion' 10-max Seat #4 is the button
Seat 4: Muhamed999 ($59.01 in chips)
Seat 5: kolaz03 ($73.14 in chips)
Muhamed999: posts small blind $1
kolaz03: posts big blind $3
*** HOLE CARDS ***
Muhamed999: raises $3 to $6
kolaz03: calls $3
*** FLOP *** [Kh Jd Qh]
kolaz03: checks
Muhamed999: bets $3
kolaz03: calls $3
*** TURN *** [Kh Jd Qh] [2c]
kolaz03: checks
Muhamed999: bets $6
kolaz03: folds
Uncalled bet ($6) returned to Muhamed999
Muhamed999 collected $17.64 from pot
Muhamed999: doesn't show hand
*** SUMMARY ***
Total pot $18 | Rake $0.36
Board [Kh Jd Qh 2c]
Seat 4: Muhamed999 (button) (small blind) collected ($17.64)
Seat 5: kolaz03 (big blind) folded on the Turn


PokerStars Hand #153164485251:  Hold'em Limit ($3/$6 USD) - 2016/05/11 12:27:47 ET
Table 'Orion' 10-max Seat #5 is the button
Seat 4: Muhamed999 ($67.65 in chips)
Seat 5: kolaz03 ($72 in chips)
kolaz03: posts small blind $1
Muhamed999: posts big blind $3
*** HOLE CARDS ***
kolaz03: raises $3 to $6
Muhamed999: calls $3
*** FLOP *** [7h Ac Qh]
Muhamed999: checks
kolaz03: bets $3
Muhamed999: folds
Uncalled bet ($3) returned to kolaz03
kolaz03 collected $11.76 from pot
kolaz03: doesn't show hand
*** SUMMARY ***
Total pot $12 | Rake $0.24
Board [7h Ac Qh]
Seat 4: Muhamed999 (big blind) folded on the Flop
Seat 5: kolaz03 (button) (small blind) collected ($11.76)


PokerStars Hand #153164509630:  Hold'em Limit ($3/$6 USD) - 2016/05/11 12:28:21 ET
Table 'Orion' 10-max Seat #4 is the button
Seat 4: Muhamed999 ($65.65 in chips)
Seat 5: kolaz03 ($73.76 in chips)
Muhamed999: posts small blind $1
kolaz03: posts big blind $3
*** HOLE CARDS ***
Muhamed999: folds
Uncalled bet ($2) returned to kolaz03
kolaz03 collected $2 from pot
kolaz03: doesn't show hand
*** SUMMARY ***
Total pot $2 | Rake $0
Seat 4: Muhamed999 (button) (small blind) folded before Flop
Seat 5: kolaz03 (big blind) collected ($2)


PokerStars Hand #153164506466:  Hold'em Limit ($3/$6 USD) - 2016/05/11 12:28:16 ET
Table 'Orion' 10-max Seat #5 is the button
Seat 4: Muhamed999 ($64.65 in chips)
Seat 5: kolaz03 ($74.76 in chips)
kolaz03: posts small blind $1
Muhamed999: posts big blind $3
*** HOLE CARDS ***
kolaz03: folds
Uncalled bet ($2) returned to Muhamed999
Muhamed999 collected $2 from pot
Muhamed999: doesn't show hand
*** SUMMARY ***
Total pot $2 | Rake $0
Seat 4: Muhamed999 (big blind) collected ($2)
Seat 5: kolaz03 (button) (small blind) folded before Flop


PokerStars Hand #153164502734:  Hold'em Limit ($3/$6 USD) - 2016/05/11 12:28:11 ET
Table 'Orion' 10-max Seat #4 is the button
Seat 4: Muhamed999 ($65.65 in chips)
Seat 5: kolaz03 ($73.76 in chips)
Muhamed999: posts small blind $1
kolaz03: posts big blind $3
*** HOLE CARDS ***
Muhamed999: folds
Uncalled bet ($2) returned to kolaz03
kolaz03 collected $2 from pot
kolaz03: doesn't show hand
*** SUMMARY ***
Total pot $2 | Rake $0
Seat 4: Muhamed999 (button) (small blind) folded before Flop
Seat 5: kolaz03 (big blind) collected ($2)


PokerStars Hand #153164498661:  Hold'em Limit ($3/$6 USD) - 2016/05/11 12:28:05 ET
Table 'Orion' 10-max Seat #5 is the button
Seat 4: Muhamed999 ($64.65 in chips)
Seat 5: kolaz03 ($74.76 in chips)
kolaz03: posts small blind $1
Muhamed999: posts big blind $3
*** HOLE CARDS ***
kolaz03: folds
Uncalled bet ($2) returned to Muhamed999
Muhamed999 collected $2 from pot
Muhamed999: doesn't show hand
*** SUMMARY ***
Total pot $2 | Rake $0
Seat 4: Muhamed999 (big blind) collected ($2)
Seat 5: kolaz03 (button) (small blind) folded before Flop


PokerStars Hand #153164533516:  Hold'em Limit ($3/$6 USD) - 2016/05/11 12:28:54 ET
Table 'Orion' 10-max Seat #4 is the button
Seat 4: Muhamed999 ($88.15 in chips)
Seat 5: kolaz03 ($72 in chips)
Muhamed999: posts small blind $1
kolaz03: posts big blind $3
*** HOLE CARDS ***
Muhamed999: raises $3 to $6
kolaz03: raises $3 to $9
Muhamed999: calls $3
*** FLOP *** [2h 5c 6s]
kolaz03: bets $3
Muhamed999: folds
Uncalled bet ($3) returned to kolaz03
kolaz03 collected $17.64 from pot
kolaz03: doesn't show hand
*** SUMMARY ***
Total pot $18 | Rake $0.36
Board [2h 5c 6s]
Seat 4: Muhamed999 (button) (small blind) folded on the Flop
Seat 5: kolaz03 (big blind) collected ($17.64)


PokerStars Hand #153164513550:  Hold'em Limit ($3/$6 USD) - 2016/05/11 12:28:26 ET
Table 'Orion' 10-max Seat #5 is the button
Seat 4: Muhamed999 ($64.65 in chips)
Seat 5: kolaz03 ($74.76 in chips)
kolaz03: posts small blind $1
Muhamed999: posts big blind $3
*** HOLE CARDS ***
kolaz03: raises $3 to $6
Muhamed999: raises $3 to $9
kolaz03: calls $3
*** FLOP *** [4c 2s 3s]
Muhamed999: bets $3
kolaz03: calls $3
*** TURN *** [4c 2s 3s] [6h]
Muhamed999: bets $6
kolaz03: calls $6
*** RIVER *** [4c 2s 3s 6h] [7d]
Muhamed999: bets $6
kolaz03: calls $6
*** SHOW DOWN ***
Muhamed999: shows [Ks Kh] (a pair of Kings)
kolaz03: mucks hand
Muhamed999 collected $47.50 from pot
*** SUMMARY ***
Total pot $48 | Rake $0.50
Board [4c 2s 3s 6h 7d]
Seat 4: Muhamed999 (big blind) showed [Ks Kh] and won ($47.50) with a pair of Kings
Seat 5: kolaz03 (button) (small blind) mucked


PokerStars Hand #153164567283:  Hold'em Limit ($3/$6 USD) - 2016/05/11 12:29:40 ET
Table 'Orion' 10-max Seat #5 is the button
Seat 4: Muhamed999 ($69.15 in chips)
Seat 5: kolaz03 ($90.28 in chips)
kolaz03: posts small blind $1
Muhamed999: posts big blind $3
*** HOLE CARDS ***
kolaz03: raises $3 to $6
Muhamed999: raises $3 to $9
kolaz03: calls $3
*** FLOP *** [Tc As Ks]
Muhamed999: bets $3
kolaz03: calls $3
*** TURN *** [Tc As Ks] [4d]
Muhamed999: bets $6
kolaz03: calls $6
*** RIVER *** [Tc As Ks 4d] [2s]
Muhamed999: bets $6
kolaz03: raises $6 to $12
Muhamed999: calls $6
*** SHOW DOWN ***
kolaz03: shows [9s Qs] (a flush, Ace high)
Muhamed999: mucks hand
kolaz03 collected $59.50 from pot
*** SUMMARY ***
Total pot $60 | Rake $0.50
Board [Tc As Ks 4d 2s]
Seat 4: Muhamed999 (big blind) mucked
Seat 5: kolaz03 (button) (small blind) showed [9s Qs] and won ($59.50) with a flush, Ace high


PokerStars Hand #153164578478:  Hold'em Limit ($3/$6 USD) - 2016/05/11 12:29:55 ET
Table 'Orion' 10-max Seat #4 is the button
Seat 4: Muhamed999 ($39.15 in chips)
Seat 5: kolaz03 ($119.78 in chips)
Muhamed999: posts small blind $1
kolaz03: posts big blind $3
*** HOLE CARDS ***
Muhamed999: raises $3 to $6
kolaz03: folds
Uncalled bet ($3) returned to Muhamed999
Muhamed999 collected $6 from pot
Muhamed999: doesn't show hand
*** SUMMARY ***
Total pot $6 | Rake $0
Seat 4: Muhamed999 (button) (small blind) collected ($6)
Seat 5: kolaz03 (big blind) folded before Flop


PokerStars Hand #153164540590:  Hold'em Limit ($3/$6 USD) - 2016/05/11 12:29:03 ET
Table 'Orion' 10-max Seat #5 is the button
Seat 4: Muhamed999 ($79.15 in chips)
Seat 5: kolaz03 ($80.64 in chips)
kolaz03: posts small blind $1
Muhamed999: posts big blind $3
*** HOLE CARDS ***
kolaz03: raises $3 to $6
Muhamed999: calls $3
*** FLOP *** [9c 7s Ac]
Muhamed999: checks
kolaz03: bets $3
Muhamed999: calls $3
*** TURN *** [9c 7s Ac] [Ks]
Muhamed999: checks
kolaz03: bets $6
Muhamed999: folds
Uncalled bet ($6) returned to kolaz03
kolaz03 collected $17.64 from pot
kolaz03: doesn't show hand
*** SUMMARY ***
Total pot $18 | Rake $0.36
Board [9c 7s Ac Ks]
Seat 4: Muhamed999 (big blind) folded on the Turn
Seat 5: kolaz03 (button) (small blind) collected ($17.64)


PokerStars Hand #153164585062:  Hold'em Limit ($3/$6 USD) - 2016/05/11 12:30:04 ET
Table 'Orion' 10-max Seat #5 is the button
Seat 4: Muhamed999 ($42.15 in chips)
Seat 5: kolaz03 ($116.78 in chips)
kolaz03: posts small blind $1
Muhamed999: posts big blind $3
*** HOLE CARDS ***
kolaz03: raises $3 to $6
Muhamed999: calls $3
*** FLOP *** [6c 4c 9s]
Muhamed999: checks
kolaz03: bets $3
Muhamed999: calls $3
*** TURN *** [6c 4c 9s] [Qc]
Muhamed999: checks
kolaz03: bets $6
Muhamed999: calls $6
*** RIVER *** [6c 4c 9s Qc] [2d]
Muhamed999: checks
kolaz03: bets $6
Muhamed999: folds
Uncalled bet ($6) returned to kolaz03
kolaz03 collected $29.50 from pot
kolaz03: doesn't show hand
*** SUMMARY ***
Total pot $30 | Rake $0.50
Board [6c 4c 9s Qc 2d]
Seat 4: Muhamed999 (big blind) folded on the River
Seat 5: kolaz03 (button) (small blind) collected ($29.50)


