PokerStars Hand #175125174281:  Hold'em Limit ($3/$6 USD) - 2017/09/02 17:56:12 ET
Table 'Oriola' 6-max Seat #6 is the button
Seat 3: xxPSRxx ($72.28 in chips)
Seat 6: Carl1891 ($156.70 in chips)
Carl1891: posts small blind $1
xxPSRxx: posts big blind $3
*** HOLE CARDS ***
Carl1891: folds
Uncalled bet ($2) returned to xxPSRxx
xxPSRxx collected $2 from pot
xxPSRxx: doesn't show hand
*** SUMMARY ***
Total pot $2 | Rake $0
Seat 3: xxPSRxx (big blind) collected ($2)
Seat 6: Carl1891 (button) (small blind) folded before Flop


PokerStars Hand #175125160710:  Hold'em Limit ($3/$6 USD) - 2017/09/02 17:55:47 ET
Table 'Oriola' 6-max Seat #3 is the button
Seat 3: xxPSRxx ($93.28 in chips)
Seat 6: Carl1891 ($136.20 in chips)
xxPSRxx: posts small blind $1
Carl1891: posts big blind $3
*** HOLE CARDS ***
xxPSRxx: raises $3 to $6
Carl1891: calls $3
*** FLOP *** [4c Th 3c]
Carl1891: checks
xxPSRxx: bets $3
Carl1891: raises $3 to $6
xxPSRxx: raises $3 to $9
Carl1891: calls $3
*** TURN *** [4c Th 3c] [Qc]
Carl1891: checks
xxPSRxx: checks
*** RIVER *** [4c Th 3c Qc] [4s]
Carl1891: bets $6
xxPSRxx: calls $6
*** SHOW DOWN ***
Carl1891: shows [Jc 4d] (three of a kind, Fours)
xxPSRxx: mucks hand
Carl1891 collected $41.50 from pot
*** SUMMARY ***
Total pot $42 | Rake $0.50
Board [4c Th 3c Qc 4s]
Seat 3: xxPSRxx (button) (small blind) mucked
Seat 6: Carl1891 (big blind) showed [Jc 4d] and won ($41.50) with three of a kind, Fours


PokerStars Hand #175125156667:  Hold'em Limit ($3/$6 USD) - 2017/09/02 17:55:40 ET
Table 'Oriola' 6-max Seat #6 is the button
Seat 3: xxPSRxx ($92.28 in chips)
Seat 6: Carl1891 ($137.20 in chips)
Carl1891: posts small blind $1
xxPSRxx: posts big blind $3
*** HOLE CARDS ***
Carl1891: folds
Uncalled bet ($2) returned to xxPSRxx
xxPSRxx collected $2 from pot
xxPSRxx: doesn't show hand
*** SUMMARY ***
Total pot $2 | Rake $0
Seat 3: xxPSRxx (big blind) collected ($2)
Seat 6: Carl1891 (button) (small blind) folded before Flop


PokerStars Hand #175125152834:  Hold'em Limit ($3/$6 USD) - 2017/09/02 17:55:33 ET
Table 'Oriola' 6-max Seat #3 is the button
Seat 3: xxPSRxx ($89.28 in chips)
Seat 6: Carl1891 ($140.20 in chips)
xxPSRxx: posts small blind $1
Carl1891: posts big blind $3
*** HOLE CARDS ***
xxPSRxx: raises $3 to $6
Carl1891: folds
Uncalled bet ($3) returned to xxPSRxx
xxPSRxx collected $6 from pot
xxPSRxx: doesn't show hand
*** SUMMARY ***
Total pot $6 | Rake $0
Seat 3: xxPSRxx (button) (small blind) collected ($6)
Seat 6: Carl1891 (big blind) folded before Flop


PokerStars Hand #175125142676:  Hold'em Limit ($3/$6 USD) - 2017/09/02 17:55:15 ET
Table 'Oriola' 6-max Seat #6 is the button
Seat 3: xxPSRxx ($77.76 in chips)
Seat 6: Carl1891 ($152.20 in chips)
Carl1891: posts small blind $1
xxPSRxx: posts big blind $3
*** HOLE CARDS ***
Carl1891: raises $3 to $6
xxPSRxx: raises $3 to $9
Carl1891: calls $3
*** FLOP *** [7h 2d 6h]
xxPSRxx: bets $3
Carl1891: calls $3
*** TURN *** [7h 2d 6h] [3s]
xxPSRxx: checks
Carl1891: checks
*** RIVER *** [7h 2d 6h 3s] [Kc]
xxPSRxx: bets $6
Carl1891: folds
Uncalled bet ($6) returned to xxPSRxx
xxPSRxx collected $23.52 from pot
xxPSRxx: doesn't show hand
*** SUMMARY ***
Total pot $24 | Rake $0.48
Board [7h 2d 6h 3s Kc]
Seat 3: xxPSRxx (big blind) collected ($23.52)
Seat 6: Carl1891 (button) (small blind) folded on the River


