PokerStars Hand #170345962158:  Hold'em Limit ($3/$6 USD) - 2017/05/13 2:13:16 ET
Table 'Orion' 6-max Seat #1 is the button
Seat 1: LifeisagameX ($84 in chips)
Seat 4: Gl0balR1zing ($143.50 in chips)
LifeisagameX: posts small blind $1
Gl0balR1zing: posts big blind $3
*** HOLE CARDS ***
LifeisagameX: raises $3 to $6
Gl0balR1zing: folds
Uncalled bet ($3) returned to LifeisagameX
LifeisagameX collected $6 from pot
LifeisagameX: doesn't show hand
*** SUMMARY ***
Total pot $6 | Rake $0
Seat 1: LifeisagameX (button) (small blind) collected ($6)
Seat 4: Gl0balR1zing (big blind) folded before Flop


PokerStars Hand #170345955717:  Hold'em Limit ($3/$6 USD) - 2017/05/13 2:12:53 ET
Table 'Orion' 6-max Seat #4 is the button
Seat 1: LifeisagameX ($87 in chips)
Seat 4: Gl0balR1zing ($117 in chips)
Gl0balR1zing: posts small blind $1
LifeisagameX: posts big blind $3
*** HOLE CARDS ***
Gl0balR1zing: raises $3 to $6
LifeisagameX: raises $3 to $9
Gl0balR1zing: raises $3 to $12
Betting is capped
LifeisagameX: calls $3
*** FLOP *** [6h 4h 7d]
MTails joins the table at seat #6
LifeisagameX: bets $3
Gl0balR1zing: calls $3
*** TURN *** [6h 4h 7d] [2c]
LifeisagameX: bets $6
Gl0balR1zing: calls $6
*** RIVER *** [6h 4h 7d 2c] [3d]
LifeisagameX: bets $6
Gl0balR1zing: calls $6
*** SHOW DOWN ***
LifeisagameX: shows [9s 7s] (a pair of Sevens)
Gl0balR1zing: shows [Ts Td] (a pair of Tens)
Gl0balR1zing collected $53.50 from pot
*** SUMMARY ***
Total pot $54 | Rake $0.50
Board [6h 4h 7d 2c 3d]
Seat 1: LifeisagameX (big blind) showed [9s 7s] and lost with a pair of Sevens
Seat 4: Gl0balR1zing (button) (small blind) showed [Ts Td] and won ($53.50) with a pair of Tens


PokerStars Hand #170345988417:  Hold'em Limit ($3/$6 USD) - 2017/05/13 2:14:47 ET
Table 'Orion' 6-max Seat #6 is the button
Seat 4: Gl0balR1zing ($119.50 in chips)
Seat 6: MTails ($171.12 in chips)
Agrotait will be allowed to play after the button
MTails: posts small blind $1
Gl0balR1zing: posts big blind $3
*** HOLE CARDS ***
MTails: raises $3 to $6
Gl0balR1zing: calls $3
*** FLOP *** [Qh As 2c]
Gl0balR1zing: checks
MTails: bets $3
Gl0balR1zing: calls $3
*** TURN *** [Qh As 2c] [Kh]
Gl0balR1zing: bets $6
MTails: folds
Uncalled bet ($6) returned to Gl0balR1zing
Gl0balR1zing collected $17.64 from pot
Gl0balR1zing: doesn't show hand
*** SUMMARY ***
Total pot $18 | Rake $0.36
Board [Qh As 2c Kh]
Seat 4: Gl0balR1zing (big blind) collected ($17.64)
Seat 6: MTails (button) (small blind) folded on the Turn


PokerStars Hand #170346998740:  Hold'em Limit ($3/$6 USD) - 2017/05/13 3:11:49 ET
Table 'Orion' 6-max Seat #3 is the button
Seat 2: MilPopov ($83.37 in chips)
Seat 3: snakeybaby ($222.92 in chips)
snakeybaby: posts small blind $1
VolkovDmitri: is sitting out
Agrotait: is sitting out
Korish9506 was removed from the table for failing to post
MilPopov: posts big blind $3
*** HOLE CARDS ***
snakeybaby: raises $3 to $6
MilPopov: raises $3 to $9
snakeybaby: raises $3 to $12
Betting is capped
MilPopov: calls $3
*** FLOP *** [8c Js 7c]
snuddercub joins the table at seat #6
VolkovDmitri leaves the table
MilPopov: bets $3
snakeybaby: calls $3
*** TURN *** [8c Js 7c] [Qs]
MilPopov: bets $6
snakeybaby: folds
Uncalled bet ($6) returned to MilPopov
MilPopov collected $29.50 from pot
MilPopov: doesn't show hand
*** SUMMARY ***
Total pot $30 | Rake $0.50
Board [8c Js 7c Qs]
Seat 2: MilPopov (big blind) collected ($29.50)
Seat 3: snakeybaby (button) (small blind) folded on the Turn


PokerStars Hand #170347003476:  Hold'em Limit ($3/$6 USD) - 2017/05/13 3:12:05 ET
Table 'Orion' 6-max Seat #2 is the button
Seat 2: MilPopov ($97.87 in chips)
Seat 3: snakeybaby ($207.92 in chips)
MilPopov: posts small blind $1
snakeybaby: posts big blind $3
*** HOLE CARDS ***
MilPopov: raises $3 to $6
snakeybaby: raises $3 to $9
MilPopov: raises $3 to $12
Betting is capped
snakeybaby: calls $3
*** FLOP *** [Kh 6d As]
Agrotait leaves the table
snakeybaby: bets $3
MilPopov: raises $3 to $6
snakeybaby: calls $3
*** TURN *** [Kh 6d As] [9s]
snakeybaby: checks
Agrotait joins the table at seat #1
MilPopov: bets $6
snakeybaby: raises $6 to $12
MilPopov: folds
Uncalled bet ($6) returned to snakeybaby
snakeybaby collected $47.50 from pot
snakeybaby: doesn't show hand
*** SUMMARY ***
Total pot $48 | Rake $0.50
Board [Kh 6d As 9s]
Seat 2: MilPopov (button) (small blind) folded on the Turn
Seat 3: snakeybaby (big blind) collected ($47.50)


PokerStars Hand #170347603350:  Hold'em Limit ($3/$6 USD) - 2017/05/13 3:43:52 ET
Table 'Orion' 6-max Seat #3 is the button
Seat 3: snakeybaby ($121.16 in chips)
Seat 5: HAL9QQQ ($305.81 in chips)
snakeybaby: posts small blind $1
Homasapien: is sitting out
HAL9QQQ: posts big blind $3
*** HOLE CARDS ***
snakeybaby: raises $3 to $6
HAL9QQQ: calls $3
*** FLOP *** [4h Jh 3h]
HAL9QQQ: checks
snakeybaby: bets $3
HAL9QQQ: folds
Uncalled bet ($3) returned to snakeybaby
snakeybaby collected $11.76 from pot
snakeybaby: doesn't show hand
*** SUMMARY ***
Total pot $12 | Rake $0.24
Board [4h Jh 3h]
Seat 3: snakeybaby (button) (small blind) collected ($11.76)
Seat 5: HAL9QQQ (big blind) folded on the Flop


PokerStars Hand #170347607362:  Hold'em Limit ($3/$6 USD) - 2017/05/13 3:44:04 ET
Table 'Orion' 6-max Seat #5 is the button
Seat 3: snakeybaby ($126.92 in chips)
Seat 5: HAL9QQQ ($299.81 in chips)
HAL9QQQ: posts small blind $1
snakeybaby: posts big blind $3
*** HOLE CARDS ***
HAL9QQQ: raises $3 to $6
snakeybaby: raises $3 to $9
HAL9QQQ: calls $3
*** FLOP *** [Kc 3s 8d]
snakeybaby: bets $3
HAL9QQQ: calls $3
*** TURN *** [Kc 3s 8d] [Ks]
snakeybaby: bets $6
HAL9QQQ: calls $6
*** RIVER *** [Kc 3s 8d Ks] [Qc]
snakeybaby: bets $6
HAL9QQQ: calls $6
*** SHOW DOWN ***
snakeybaby: shows [4h Ad] (a pair of Kings)
HAL9QQQ: shows [Ts Qh] (two pair, Kings and Queens)
HAL9QQQ collected $47.50 from pot
*** SUMMARY ***
Total pot $48 | Rake $0.50
Board [Kc 3s 8d Ks Qc]
Seat 3: snakeybaby (big blind) showed [4h Ad] and lost with a pair of Kings
Seat 5: HAL9QQQ (button) (small blind) showed [Ts Qh] and won ($47.50) with two pair, Kings and Queens


