PokerStars Hand #168587056698:  Hold'em Limit ($3/$6 USD) - 2017/04/04 18:27:51 ET
Table 'Orion' 6-max Seat #2 is the button
Seat 1: Auge72 ($104.34 in chips)
Seat 2: MellivoraSto ($196.87 in chips)
MellivoraSto: posts small blind $1
Auge72: posts big blind $3
*** HOLE CARDS ***
MellivoraSto: raises $3 to $6
Auge72: calls $3
*** FLOP *** [Qs 7h Jh]
Auge72: checks
MellivoraSto: bets $3
Auge72: folds
Uncalled bet ($3) returned to MellivoraSto
MellivoraSto collected $11.76 from pot
MellivoraSto: doesn't show hand
*** SUMMARY ***
Total pot $12 | Rake $0.24
Board [Qs 7h Jh]
Seat 1: Auge72 (big blind) folded on the Flop
Seat 2: MellivoraSto (button) (small blind) collected ($11.76)


PokerStars Hand #168587053430:  Hold'em Limit ($3/$6 USD) - 2017/04/04 18:27:46 ET
Table 'Orion' 6-max Seat #1 is the button
Seat 1: Auge72 ($105.34 in chips)
Seat 2: MellivoraSto ($195.87 in chips)
Auge72: posts small blind $1
MellivoraSto: posts big blind $3
*** HOLE CARDS ***
Auge72: folds
Uncalled bet ($2) returned to MellivoraSto
MellivoraSto collected $2 from pot
MellivoraSto: doesn't show hand
*** SUMMARY ***
Total pot $2 | Rake $0
Seat 1: Auge72 (button) (small blind) folded before Flop
Seat 2: MellivoraSto (big blind) collected ($2)


PokerStars Hand #168587049963:  Hold'em Limit ($3/$6 USD) - 2017/04/04 18:27:42 ET
Table 'Orion' 6-max Seat #2 is the button
Seat 1: Auge72 ($104.34 in chips)
Seat 2: MellivoraSto ($196.87 in chips)
MellivoraSto: posts small blind $1
Auge72: posts big blind $3
*** HOLE CARDS ***
MellivoraSto: folds
Uncalled bet ($2) returned to Auge72
Auge72 collected $2 from pot
*** SUMMARY ***
Total pot $2 | Rake $0
Seat 1: Auge72 (big blind) collected ($2)
Seat 2: MellivoraSto (button) (small blind) folded before Flop


PokerStars Hand #168587045575:  Hold'em Limit ($3/$6 USD) - 2017/04/04 18:27:36 ET
Table 'Orion' 6-max Seat #1 is the button
Seat 1: Auge72 ($105.34 in chips)
Seat 2: MellivoraSto ($195.87 in chips)
Auge72: posts small blind $1
MellivoraSto: posts big blind $3
*** HOLE CARDS ***
Auge72: folds
Uncalled bet ($2) returned to MellivoraSto
MellivoraSto collected $2 from pot
MellivoraSto: doesn't show hand
*** SUMMARY ***
Total pot $2 | Rake $0
Seat 1: Auge72 (button) (small blind) folded before Flop
Seat 2: MellivoraSto (big blind) collected ($2)


PokerStars Hand #168587030462:  Hold'em Limit ($3/$6 USD) - 2017/04/04 18:27:15 ET
Table 'Orion' 6-max Seat #2 is the button
Seat 1: Auge72 ($96.70 in chips)
Seat 2: MellivoraSto ($204.87 in chips)
MellivoraSto: posts small blind $1
Auge72: posts big blind $3
*** HOLE CARDS ***
MellivoraSto: raises $3 to $6
Auge72: calls $3
*** FLOP *** [4s 4d 3s]
Auge72: checks
MellivoraSto: bets $3
Auge72: calls $3
*** TURN *** [4s 4d 3s] [2h]
Auge72: checks
MellivoraSto: checks
*** RIVER *** [4s 4d 3s 2h] [5h]
Auge72: bets $6
MellivoraSto: folds
Uncalled bet ($6) returned to Auge72
Auge72 collected $17.64 from pot
Auge72: doesn't show hand
*** SUMMARY ***
Total pot $18 | Rake $0.36
Board [4s 4d 3s 2h 5h]
Seat 1: Auge72 (big blind) collected ($17.64)
Seat 2: MellivoraSto (button) (small blind) folded on the River


PokerStars Hand #168587084171:  Hold'em Limit ($3/$6 USD) - 2017/04/04 18:28:29 ET
Table 'Orion' 6-max Seat #1 is the button
Seat 1: Auge72 ($131.84 in chips)
Seat 2: MellivoraSto ($168.63 in chips)
Auge72: posts small blind $1
MellivoraSto: posts big blind $3
*** HOLE CARDS ***
Auge72: raises $3 to $6
MellivoraSto: folds
Uncalled bet ($3) returned to Auge72
Auge72 collected $6 from pot
Auge72: doesn't show hand
*** SUMMARY ***
Total pot $6 | Rake $0
Seat 1: Auge72 (button) (small blind) collected ($6)
Seat 2: MellivoraSto (big blind) folded before Flop


PokerStars Hand #168587080927:  Hold'em Limit ($3/$6 USD) - 2017/04/04 18:28:24 ET
Table 'Orion' 6-max Seat #2 is the button
Seat 1: Auge72 ($130.84 in chips)
Seat 2: MellivoraSto ($169.63 in chips)
MellivoraSto: posts small blind $1
Auge72: posts big blind $3
*** HOLE CARDS ***
MellivoraSto: folds
Uncalled bet ($2) returned to Auge72
Auge72 collected $2 from pot
*** SUMMARY ***
Total pot $2 | Rake $0
Seat 1: Auge72 (big blind) collected ($2)
Seat 2: MellivoraSto (button) (small blind) folded before Flop


PokerStars Hand #168587064428:  Hold'em Limit ($3/$6 USD) - 2017/04/04 18:28:01 ET
Table 'Orion' 6-max Seat #1 is the button
Seat 1: Auge72 ($98.34 in chips)
Seat 2: MellivoraSto ($202.63 in chips)
Auge72: posts small blind $1
MellivoraSto: posts big blind $3
*** HOLE CARDS ***
Auge72: raises $3 to $6
MellivoraSto: calls $3
*** FLOP *** [6s 5d Td]
MellivoraSto: checks
Auge72: bets $3
MellivoraSto: calls $3
*** TURN *** [6s 5d Td] [5c]
MellivoraSto: checks
Auge72: bets $6
nimzon joins the table at seat #6
MellivoraSto: raises $6 to $12
Auge72: raises $6 to $18
nimzon leaves the table
MellivoraSto: calls $6
*** RIVER *** [6s 5d Td 5c] [Js]
MellivoraSto: checks
Auge72: bets $6
MellivoraSto: calls $6
*** SHOW DOWN ***
Auge72: shows [2h 5h] (three of a kind, Fives)
MellivoraSto: mucks hand
Auge72 collected $65.50 from pot
*** SUMMARY ***
Total pot $66 | Rake $0.50
Board [6s 5d Td 5c Js]
Seat 1: Auge72 (button) (small blind) showed [2h 5h] and won ($65.50) with three of a kind, Fives
Seat 2: MellivoraSto (big blind) mucked


PokerStars Hand #168587095323:  Hold'em Limit ($3/$6 USD) - 2017/04/04 18:28:44 ET
Table 'Orion' 6-max Seat #2 is the button
Seat 1: Auge72 ($134.84 in chips)
Seat 2: MellivoraSto ($165.63 in chips)
MellivoraSto: posts small blind $1
Auge72: posts big blind $3
*** HOLE CARDS ***
MellivoraSto: raises $3 to $6
Auge72: calls $3
*** FLOP *** [3c 3d Qc]
Auge72: checks
Benko505 leaves the table
MellivoraSto: bets $3
Auge72: folds
Uncalled bet ($3) returned to MellivoraSto
MellivoraSto collected $11.76 from pot
MellivoraSto: doesn't show hand
*** SUMMARY ***
Total pot $12 | Rake $0.24
Board [3c 3d Qc]
Seat 1: Auge72 (big blind) folded on the Flop
Seat 2: MellivoraSto (button) (small blind) collected ($11.76)


PokerStars Hand #168587091880:  Hold'em Limit ($3/$6 USD) - 2017/04/04 18:28:39 ET
Table 'Orion' 6-max Seat #1 is the button
Seat 1: Auge72 ($135.84 in chips)
Seat 2: MellivoraSto ($164.63 in chips)
Auge72: posts small blind $1
MellivoraSto: posts big blind $3
*** HOLE CARDS ***
Auge72: folds
Uncalled bet ($2) returned to MellivoraSto
MellivoraSto collected $2 from pot
MellivoraSto: doesn't show hand
*** SUMMARY ***
Total pot $2 | Rake $0
Seat 1: Auge72 (button) (small blind) folded before Flop
Seat 2: MellivoraSto (big blind) collected ($2)


PokerStars Hand #168587088479:  Hold'em Limit ($3/$6 USD) - 2017/04/04 18:28:35 ET
Table 'Orion' 6-max Seat #2 is the button
Seat 1: Auge72 ($134.84 in chips)
Seat 2: MellivoraSto ($165.63 in chips)
Benko505 joins the table at seat #4
MellivoraSto: posts small blind $1
Auge72: posts big blind $3
*** HOLE CARDS ***
MellivoraSto: folds
Uncalled bet ($2) returned to Auge72
Auge72 collected $2 from pot
*** SUMMARY ***
Total pot $2 | Rake $0
Seat 1: Auge72 (big blind) collected ($2)
Seat 2: MellivoraSto (button) (small blind) folded before Flop


PokerStars Hand #168587128458:  Hold'em Limit ($3/$6 USD) - 2017/04/04 18:29:30 ET
Table 'Orion' 6-max Seat #2 is the button
Seat 1: Auge72 ($116.84 in chips)
Seat 2: MellivoraSto ($182.91 in chips)
MellivoraSto: posts small blind $1
Auge72: posts big blind $3
*** HOLE CARDS ***
MellivoraSto: folds
Uncalled bet ($2) returned to Auge72
Auge72 collected $2 from pot
Auge72: doesn't show hand
*** SUMMARY ***
Total pot $2 | Rake $0
Seat 1: Auge72 (big blind) collected ($2)
Seat 2: MellivoraSto (button) (small blind) folded before Flop


PokerStars Hand #168587108459:  Hold'em Limit ($3/$6 USD) - 2017/04/04 18:29:02 ET
Table 'Orion' 6-max Seat #1 is the button
Seat 1: Auge72 ($128.84 in chips)
Seat 2: MellivoraSto ($171.39 in chips)
Auge72: posts small blind $1
MellivoraSto: posts big blind $3
*** HOLE CARDS ***
Auge72: raises $3 to $6
MellivoraSto: raises $3 to $9
Auge72: calls $3
*** FLOP *** [Th 2s 9h]
MellivoraSto: bets $3
Auge72: calls $3
*** TURN *** [Th 2s 9h] [5s]
MellivoraSto: bets $6
Auge72: folds
Uncalled bet ($6) returned to MellivoraSto
MellivoraSto collected $23.52 from pot
MellivoraSto: doesn't show hand
*** SUMMARY ***
Total pot $24 | Rake $0.48
Board [Th 2s 9h 5s]
Seat 1: Auge72 (button) (small blind) folded on the Turn
Seat 2: MellivoraSto (big blind) collected ($23.52)


PokerStars Hand #168587136379:  Hold'em Limit ($3/$6 USD) - 2017/04/04 18:29:41 ET
Table 'Orion' 6-max Seat #2 is the button
Seat 1: Auge72 ($116.84 in chips)
Seat 2: MellivoraSto ($182.91 in chips)
MellivoraSto: posts small blind $1
Auge72: posts big blind $3
*** HOLE CARDS ***
MellivoraSto: raises $3 to $6
Auge72: calls $3
*** FLOP *** [6c 9c 9s]
ToDaFelt joins the table at seat #4
Auge72: checks
MellivoraSto: bets $3
Auge72: raises $3 to $6
MellivoraSto: calls $3
*** TURN *** [6c 9c 9s] [Ks]
Auge72: bets $6
MellivoraSto: raises $6 to $12
Auge72: raises $6 to $18
MellivoraSto: calls $6
*** RIVER *** [6c 9c 9s Ks] [5d]
Auge72: bets $6
MellivoraSto: calls $6
*** SHOW DOWN ***
Auge72: shows [Js Kd] (two pair, Kings and Nines)
MellivoraSto: shows [9d Jc] (three of a kind, Nines)
MellivoraSto collected $71.50 from pot
*** SUMMARY ***
Total pot $72 | Rake $0.50
Board [6c 9c 9s Ks 5d]
Seat 1: Auge72 (big blind) showed [Js Kd] and lost with two pair, Kings and Nines
Seat 2: MellivoraSto (button) (small blind) showed [9d Jc] and won ($71.50) with three of a kind, Nines


PokerStars Hand #168587133013:  Hold'em Limit ($3/$6 USD) - 2017/04/04 18:29:36 ET
Table 'Orion' 6-max Seat #1 is the button
Seat 1: Auge72 ($117.84 in chips)
Seat 2: MellivoraSto ($181.91 in chips)
Auge72: posts small blind $1
MellivoraSto: posts big blind $3
*** HOLE CARDS ***
Auge72: folds
Uncalled bet ($2) returned to MellivoraSto
MellivoraSto collected $2 from pot
MellivoraSto: doesn't show hand
*** SUMMARY ***
Total pot $2 | Rake $0
Seat 1: Auge72 (button) (small blind) folded before Flop
Seat 2: MellivoraSto (big blind) collected ($2)


PokerStars Hand #168587152697:  Hold'em Limit ($3/$6 USD) - 2017/04/04 18:30:03 ET
Table 'Orion' 6-max Seat #1 is the button
Seat 1: Auge72 ($80.84 in chips)
Seat 2: MellivoraSto ($218.41 in chips)
Auge72: posts small blind $1
MellivoraSto: posts big blind $3
*** HOLE CARDS ***
Auge72: raises $3 to $6
MellivoraSto: calls $3
*** FLOP *** [4s 9c 4c]
MellivoraSto: checks
Auge72: bets $3
MellivoraSto: calls $3
*** TURN *** [4s 9c 4c] [9d]
MellivoraSto: checks
Auge72: bets $6
MellivoraSto: raises $6 to $12
Auge72: calls $6
*** RIVER *** [4s 9c 4c 9d] [8h]
MellivoraSto: bets $6
Auge72: folds
Uncalled bet ($6) returned to MellivoraSto
MellivoraSto collected $41.50 from pot
MellivoraSto: doesn't show hand
*** SUMMARY ***
Total pot $42 | Rake $0.50
Board [4s 9c 4c 9d 8h]
Seat 1: Auge72 (button) (small blind) folded on the River
Seat 2: MellivoraSto (big blind) collected ($41.50)


PokerStars Hand #168587639645:  Hold'em Limit ($3/$6 USD) - 2017/04/04 18:41:28 ET
Table 'Orion' 6-max Seat #5 is the button
Seat 4: ToDaFelt ($104.62 in chips)
Seat 5: rascal_319 ($198.84 in chips)
rascal_319: posts small blind $1
MellivoraSto: is sitting out
ToDaFelt: posts big blind $3
*** HOLE CARDS ***
MellivoraSto leaves the table
rascal_319: raises $3 to $6
ToDaFelt: raises $3 to $9
rascal_319: calls $3
*** FLOP *** [5d 2c 4s]
ToDaFelt: bets $3
rascal_319: folds
Uncalled bet ($3) returned to ToDaFelt
ToDaFelt collected $17.64 from pot
ToDaFelt: doesn't show hand
*** SUMMARY ***
Total pot $18 | Rake $0.36
Board [5d 2c 4s]
Seat 4: ToDaFelt (big blind) collected ($17.64)
Seat 5: rascal_319 (button) (small blind) folded on the Flop


