PokerStars Hand #152876815899:  Hold'em Limit ($3/$6 USD) - 2016/05/05 5:21:46 ET
Table 'Ornamenta II' 6-max Seat #4 is the button
Seat 3: edenrose41 ($61.51 in chips)
Seat 4: kolaz03 ($72 in chips)
kolaz03: posts small blind $1
SmellyToes4u: is sitting out
edenrose41: posts big blind $3
*** HOLE CARDS ***
kolaz03: folds
Uncalled bet ($2) returned to edenrose41
edenrose41 collected $2 from pot
*** SUMMARY ***
Total pot $2 | Rake $0
Seat 3: edenrose41 (big blind) collected ($2)
Seat 4: kolaz03 (button) (small blind) folded before Flop


PokerStars Hand #152876821154:  Hold'em Limit ($3/$6 USD) - 2016/05/05 5:21:59 ET
Table 'Ornamenta II' 6-max Seat #3 is the button
Seat 3: edenrose41 ($62.51 in chips)
Seat 4: kolaz03 ($72 in chips)
edenrose41: posts small blind $1
kolaz03: posts big blind $3
*** HOLE CARDS ***
edenrose41: raises $3 to $6
kolaz03: calls $3
*** FLOP *** [9s 8h 5h]
kolaz03: checks
edenrose41: checks
*** TURN *** [9s 8h 5h] [Ah]
kolaz03: bets $6
edenrose41: raises $6 to $12
kolaz03: calls $6
*** RIVER *** [9s 8h 5h Ah] [5c]
kolaz03: checks
edenrose41: bets $6
kolaz03: calls $6
*** SHOW DOWN ***
edenrose41: shows [Ad As] (a full house, Aces full of Fives)
kolaz03: mucks hand
edenrose41 collected $47.50 from pot
*** SUMMARY ***
Total pot $48 | Rake $0.50
Board [9s 8h 5h Ah 5c]
Seat 3: edenrose41 (button) (small blind) showed [Ad As] and won ($47.50) with a full house, Aces full of Fives
Seat 4: kolaz03 (big blind) mucked


PokerStars Hand #152876828256:  Hold'em Limit ($3/$6 USD) - 2016/05/05 5:22:17 ET
Table 'Ornamenta II' 6-max Seat #4 is the button
Seat 3: edenrose41 ($86.01 in chips)
Seat 4: kolaz03 ($72 in chips)
kolaz03: posts small blind $1
edenrose41: posts big blind $3
*** HOLE CARDS ***
kolaz03: raises $3 to $6
edenrose41: raises $3 to $9
kolaz03: calls $3
*** FLOP *** [Kd Ks 4c]
edenrose41: bets $3
kolaz03: folds
Uncalled bet ($3) returned to edenrose41
edenrose41 collected $17.64 from pot
*** SUMMARY ***
Total pot $18 | Rake $0.36
Board [Kd Ks 4c]
Seat 3: edenrose41 (big blind) collected ($17.64)
Seat 4: kolaz03 (button) (small blind) folded on the Flop


PokerStars Hand #152876847482:  Hold'em Limit ($3/$6 USD) - 2016/05/05 5:23:06 ET
Table 'Ornamenta II' 6-max Seat #4 is the button
Seat 3: edenrose41 ($78.65 in chips)
Seat 4: kolaz03 ($87.52 in chips)
kolaz03: posts small blind $1
edenrose41: posts big blind $3
*** HOLE CARDS ***
kolaz03: raises $3 to $6
edenrose41: calls $3
*** FLOP *** [Td As 5c]
edenrose41: bets $3
ChawkDee joins the table at seat #2
kolaz03: calls $3
*** TURN *** [Td As 5c] [7c]
edenrose41: bets $6
kolaz03: calls $6
*** RIVER *** [Td As 5c 7c] [5h]
edenrose41: checks
kolaz03: checks
*** SHOW DOWN ***
edenrose41: shows [7d Kh] (two pair, Sevens and Fives)
kolaz03: mucks hand
edenrose41 collected $29.50 from pot
*** SUMMARY ***
Total pot $30 | Rake $0.50
Board [Td As 5c 7c 5h]
Seat 3: edenrose41 (big blind) showed [7d Kh] and won ($29.50) with two pair, Sevens and Fives
Seat 4: kolaz03 (button) (small blind) mucked


PokerStars Hand #152876833964:  Hold'em Limit ($3/$6 USD) - 2016/05/05 5:22:32 ET
Table 'Ornamenta II' 6-max Seat #4 is the button
Seat 3: edenrose41 ($93.65 in chips)
Seat 4: kolaz03 ($73 in chips)
kolaz03: posts small blind $1
edenrose41: posts big blind $3
*** HOLE CARDS ***
kolaz03: raises $3 to $6
edenrose41: folds
Uncalled bet ($3) returned to kolaz03
kolaz03 collected $6 from pot
kolaz03: doesn't show hand
*** SUMMARY ***
Total pot $6 | Rake $0
Seat 3: edenrose41 (big blind) folded before Flop
Seat 4: kolaz03 (button) (small blind) collected ($6)


PokerStars Hand #152876832049:  Hold'em Limit ($3/$6 USD) - 2016/05/05 5:22:27 ET
Table 'Ornamenta II' 6-max Seat #3 is the button
Seat 3: edenrose41 ($94.65 in chips)
Seat 4: kolaz03 ($72 in chips)
edenrose41: posts small blind $1
kolaz03: posts big blind $3
*** HOLE CARDS ***
edenrose41: folds
Uncalled bet ($2) returned to kolaz03
kolaz03 collected $2 from pot
kolaz03: doesn't show hand
*** SUMMARY ***
Total pot $2 | Rake $0
Seat 3: edenrose41 (button) (small blind) folded before Flop
Seat 4: kolaz03 (big blind) collected ($2)


PokerStars Hand #152876836302:  Hold'em Limit ($3/$6 USD) - 2016/05/05 5:22:38 ET
Table 'Ornamenta II' 6-max Seat #3 is the button
Seat 3: edenrose41 ($90.65 in chips)
Seat 4: kolaz03 ($76 in chips)
edenrose41: posts small blind $1
kolaz03: posts big blind $3
*** HOLE CARDS ***
edenrose41: raises $3 to $6
kolaz03: calls $3
*** FLOP *** [9s Td 9h]
kolaz03: checks
edenrose41: bets $3
kolaz03: raises $3 to $6
edenrose41: calls $3
*** TURN *** [9s Td 9h] [2c]
kolaz03: bets $6
edenrose41: folds
Uncalled bet ($6) returned to kolaz03
kolaz03 collected $23.52 from pot
kolaz03: doesn't show hand
*** SUMMARY ***
Total pot $24 | Rake $0.48
Board [9s Td 9h 2c]
Seat 3: edenrose41 (button) (small blind) folded on the Turn
Seat 4: kolaz03 (big blind) collected ($23.52)


PokerStars Hand #152876854558:  Hold'em Limit ($3/$6 USD) - 2016/05/05 5:23:23 ET
Table 'Ornamenta II' 6-max Seat #3 is the button
Seat 3: edenrose41 ($93.15 in chips)
Seat 4: kolaz03 ($72.52 in chips)
edenrose41: posts small blind $1
kolaz03: posts big blind $3
*** HOLE CARDS ***
edenrose41: raises $3 to $6
kolaz03: calls $3
*** FLOP *** [8h 3h Qd]
kolaz03: checks
edenrose41: checks
*** TURN *** [8h 3h Qd] [Td]
kolaz03: checks
edenrose41: checks
*** RIVER *** [8h 3h Qd Td] [7d]
kolaz03: checks
edenrose41: checks
*** SHOW DOWN ***
kolaz03: shows [5c Kd] (high card King)
edenrose41: shows [9h Kc] (high card King - Queen+Ten+Nine kicker)
edenrose41 collected $11.76 from pot
*** SUMMARY ***
Total pot $12 | Rake $0.24
Board [8h 3h Qd Td 7d]
Seat 3: edenrose41 (button) (small blind) showed [9h Kc] and won ($11.76) with high card King
Seat 4: kolaz03 (big blind) showed [5c Kd] and lost with high card King


PokerStars Hand #152877440786:  Hold'em Limit ($3/$6 USD) - 2016/05/05 5:47:27 ET
Table 'Ornamenta II' 6-max Seat #2 is the button
Seat 2: ChawkDee ($91.27 in chips)
Seat 5: ABATAPP ($130.82 in chips)
ChawkDee: posts small blind $1
ABATAPP: posts big blind $3
*** HOLE CARDS ***
ChawkDee: folds
Uncalled bet ($2) returned to ABATAPP
ABATAPP collected $2 from pot
ABATAPP: doesn't show hand
*** SUMMARY ***
Total pot $2 | Rake $0
Seat 2: ChawkDee (button) (small blind) folded before Flop
Seat 5: ABATAPP (big blind) collected ($2)


PokerStars Hand #152877443196:  Hold'em Limit ($3/$6 USD) - 2016/05/05 5:47:33 ET
Table 'Ornamenta II' 6-max Seat #5 is the button
Seat 2: ChawkDee ($90.27 in chips)
Seat 5: ABATAPP ($131.82 in chips)
ABATAPP: posts small blind $1
ChawkDee: posts big blind $3
*** HOLE CARDS ***
edenrose41 leaves the table
ABATAPP: raises $3 to $6
ChawkDee: raises $3 to $9
ABATAPP: calls $3
*** FLOP *** [8c 4h As]
ChawkDee: bets $3
ABATAPP: calls $3
*** TURN *** [8c 4h As] [3d]
ChawkDee: bets $6
ABATAPP: folds
Uncalled bet ($6) returned to ChawkDee
ChawkDee collected $23.52 from pot
ChawkDee: doesn't show hand
*** SUMMARY ***
Total pot $24 | Rake $0.48
Board [8c 4h As 3d]
Seat 2: ChawkDee (big blind) collected ($23.52)
Seat 5: ABATAPP (button) (small blind) folded on the Turn


