PokerStars Hand #169621818288:  Hold'em Limit ($3/$6 USD) - 2017/04/27 7:53:40 ET
Table 'Ornamenta II' 6-max Seat #6 is the button
Seat 2: sim5sim5 ($72 in chips)
Seat 6: frgt\10river ($120 in chips)
frgt\10river: posts small blind $1
sim5sim5: posts big blind $3
*** HOLE CARDS ***
frgt\10river: folds
Uncalled bet ($2) returned to sim5sim5
sim5sim5 collected $2 from pot
sim5sim5: doesn't show hand
*** SUMMARY ***
Total pot $2 | Rake $0
Seat 2: sim5sim5 (big blind) collected ($2)
Seat 6: frgt\10river (button) (small blind) folded before Flop


PokerStars Hand #169621830089:  Hold'em Limit ($3/$6 USD) - 2017/04/27 7:54:05 ET
Table 'Ornamenta II' 6-max Seat #6 is the button
Seat 2: sim5sim5 ($80 in chips)
Seat 6: frgt\10river ($131.03 in chips)
frgt\10river: posts small blind $1
sim5sim5: posts big blind $3
*** HOLE CARDS ***
frgt\10river: folds
Uncalled bet ($2) returned to sim5sim5
sim5sim5 collected $2 from pot
sim5sim5: doesn't show hand
*** SUMMARY ***
Total pot $2 | Rake $0
Seat 2: sim5sim5 (big blind) collected ($2)
Seat 6: frgt\10river (button) (small blind) folded before Flop


PokerStars Hand #169621832145:  Hold'em Limit ($3/$6 USD) - 2017/04/27 7:54:09 ET
Table 'Ornamenta II' 6-max Seat #2 is the button
Seat 2: sim5sim5 ($81 in chips)
Seat 6: frgt\10river ($130.03 in chips)
sim5sim5: posts small blind $1
frgt\10river: posts big blind $3
*** HOLE CARDS ***
sim5sim5: raises $3 to $6
frgt\10river: raises $3 to $9
sim5sim5: calls $3
*** FLOP *** [6h Jh Ad]
frgt\10river: bets $3
sim5sim5: raises $3 to $6
Fabulous108 joins the table at seat #3
frgt\10river: folds
Uncalled bet ($3) returned to sim5sim5
sim5sim5 collected $23.52 from pot
sim5sim5: doesn't show hand
*** SUMMARY ***
Total pot $24 | Rake $0.48
Board [6h Jh Ad]
Seat 2: sim5sim5 (button) (small blind) collected ($23.52)
Seat 6: frgt\10river (big blind) folded on the Flop


PokerStars Hand #169621838618:  Hold'em Limit ($3/$6 USD) - 2017/04/27 7:54:23 ET
Table 'Ornamenta II' 6-max Seat #6 is the button
Seat 2: sim5sim5 ($92.52 in chips)
Seat 6: frgt\10river ($118.03 in chips)
frgt\10river: posts small blind $1
sim5sim5: posts big blind $3
*** HOLE CARDS ***
frgt\10river: raises $3 to $6
sim5sim5: calls $3
*** FLOP *** [Ac 6s 9h]
sim5sim5: checks
frgt\10river: bets $3
sim5sim5: folds
Uncalled bet ($3) returned to frgt\10river
frgt\10river collected $11.76 from pot
frgt\10river: doesn't show hand
*** SUMMARY ***
Total pot $12 | Rake $0.24
Board [Ac 6s 9h]
Seat 2: sim5sim5 (big blind) folded on the Flop
Seat 6: frgt\10river (button) (small blind) collected ($11.76)


PokerStars Hand #169621824423:  Hold'em Limit ($3/$6 USD) - 2017/04/27 7:53:53 ET
Table 'Ornamenta II' 6-max Seat #6 is the button
Seat 2: sim5sim5 ($76 in chips)
Seat 6: frgt\10river ($116 in chips)
frgt\10river: posts small blind $1
sim5sim5: posts big blind $3
*** HOLE CARDS ***
frgt\10river: folds
Uncalled bet ($2) returned to sim5sim5
sim5sim5 collected $2 from pot
sim5sim5: doesn't show hand
*** SUMMARY ***
Total pot $2 | Rake $0
Seat 2: sim5sim5 (big blind) collected ($2)
Seat 6: frgt\10river (button) (small blind) folded before Flop


PokerStars Hand #169621821732:  Hold'em Limit ($3/$6 USD) - 2017/04/27 7:53:47 ET
Table 'Ornamenta II' 6-max Seat #2 is the button
Seat 2: sim5sim5 ($73 in chips)
Seat 6: frgt\10river ($119 in chips)
sim5sim5: posts small blind $1
frgt\10river: posts big blind $3
*** HOLE CARDS ***
sim5sim5: raises $3 to $6
frgt\10river: folds
Uncalled bet ($3) returned to sim5sim5
sim5sim5 collected $6 from pot
sim5sim5: doesn't show hand
*** SUMMARY ***
Total pot $6 | Rake $0
Seat 2: sim5sim5 (button) (small blind) collected ($6)
Seat 6: frgt\10river (big blind) folded before Flop


PokerStars Hand #169621826719:  Hold'em Limit ($3/$6 USD) - 2017/04/27 7:53:57 ET
Table 'Ornamenta II' 6-max Seat #2 is the button
Seat 2: sim5sim5 ($77 in chips)
Seat 6: frgt\10river ($134.03 in chips)
sim5sim5: posts small blind $1
frgt\10river: posts big blind $3
*** HOLE CARDS ***
sim5sim5: raises $3 to $6
frgt\10river: folds
Uncalled bet ($3) returned to sim5sim5
sim5sim5 collected $6 from pot
sim5sim5: doesn't show hand
*** SUMMARY ***
Total pot $6 | Rake $0
Seat 2: sim5sim5 (button) (small blind) collected ($6)
Seat 6: frgt\10river (big blind) folded before Flop


