PokerStars Hand #149807994093:  Hold'em Limit ($3/$6 USD) - 2016/03/04 1:53:14 ET
Table 'Ornamenta' 6-max Seat #4 is the button
Seat 3: tweemeterzes ($105 in chips)
Seat 4: Agrotait ($86.50 in chips)
Agrotait: posts small blind $1
tweemeterzes: posts big blind $3
*** HOLE CARDS ***
Agrotait: raises $3 to $6
tweemeterzes: calls $3
*** FLOP *** [Jc 4s 8d]
tweemeterzes: bets $3
Agrotait: calls $3
*** TURN *** [Jc 4s 8d] [Qd]
tweemeterzes: checks
Agrotait: checks
*** RIVER *** [Jc 4s 8d Qd] [6d]
tweemeterzes: checks
Agrotait: checks
*** SHOW DOWN ***
tweemeterzes: shows [7h 7c] (a pair of Sevens)
Agrotait: mucks hand
tweemeterzes collected $17.64 from pot
*** SUMMARY ***
Total pot $18 | Rake $0.36
Board [Jc 4s 8d Qd 6d]
Seat 3: tweemeterzes (big blind) showed [7h 7c] and won ($17.64) with a pair of Sevens
Seat 4: Agrotait (button) (small blind) mucked


PokerStars Hand #149807975854:  Hold'em Limit ($3/$6 USD) - 2016/03/04 1:52:10 ET
Table 'Ornamenta' 6-max Seat #3 is the button
Seat 3: tweemeterzes ($120 in chips)
Seat 4: Agrotait ($72 in chips)
tweemeterzes: posts small blind $1
Agrotait: posts big blind $3
*** HOLE CARDS ***
tweemeterzes: calls $2
Agrotait: raises $3 to $6
tweemeterzes: calls $3
*** FLOP *** [2h 4c 5c]
Agrotait: bets $3
tweemeterzes: calls $3
*** TURN *** [2h 4c 5c] [Qd]
Agrotait: bets $6
tweemeterzes: calls $6
*** RIVER *** [2h 4c 5c Qd] [7h]
Agrotait: bets $6
tweemeterzes: folds
Uncalled bet ($6) returned to Agrotait
Agrotait collected $29.50 from pot
Agrotait: doesn't show hand
*** SUMMARY ***
Total pot $30 | Rake $0.50
Board [2h 4c 5c Qd 7h]
Seat 3: tweemeterzes (button) (small blind) folded on the River
Seat 4: Agrotait (big blind) collected ($29.50)


PokerStars Hand #149808013270:  Hold'em Limit ($3/$6 USD) - 2016/03/04 1:54:22 ET
Table 'Ornamenta' 6-max Seat #3 is the button
Seat 3: tweemeterzes ($109.52 in chips)
Seat 4: Agrotait ($81.50 in chips)
tweemeterzes: posts small blind $1
Agrotait: posts big blind $3
*** HOLE CARDS ***
tweemeterzes: folds
Uncalled bet ($2) returned to Agrotait
Agrotait collected $2 from pot
Agrotait: doesn't show hand
*** SUMMARY ***
Total pot $2 | Rake $0
Seat 3: tweemeterzes (button) (small blind) folded before Flop
Seat 4: Agrotait (big blind) collected ($2)


PokerStars Hand #149808010970:  Hold'em Limit ($3/$6 USD) - 2016/03/04 1:54:14 ET
Table 'Ornamenta' 6-max Seat #4 is the button
Seat 3: tweemeterzes ($112.52 in chips)
Seat 4: Agrotait ($78.50 in chips)
Agrotait: posts small blind $1
tweemeterzes: posts big blind $3
*** HOLE CARDS ***
Agrotait: raises $3 to $6
tweemeterzes: folds
Uncalled bet ($3) returned to Agrotait
Agrotait collected $6 from pot
Agrotait: doesn't show hand
*** SUMMARY ***
Total pot $6 | Rake $0
Seat 3: tweemeterzes (big blind) folded before Flop
Seat 4: Agrotait (button) (small blind) collected ($6)


PokerStars Hand #149808006368:  Hold'em Limit ($3/$6 USD) - 2016/03/04 1:53:58 ET
Table 'Ornamenta' 6-max Seat #3 is the button
Seat 3: tweemeterzes ($109.64 in chips)
Seat 4: Agrotait ($81.50 in chips)
tweemeterzes: posts small blind $1
Agrotait: posts big blind $3
*** HOLE CARDS ***
tweemeterzes: calls $2
Agrotait: checks
*** FLOP *** [Jh 8h Td]
Agrotait: checks
tweemeterzes: bets $3
Agrotait: folds
Uncalled bet ($3) returned to tweemeterzes
tweemeterzes collected $5.88 from pot
tweemeterzes: doesn't show hand
*** SUMMARY ***
Total pot $6 | Rake $0.12
Board [Jh 8h Td]
Seat 3: tweemeterzes (button) (small blind) collected ($5.88)
Seat 4: Agrotait (big blind) folded on the Flop


PokerStars Hand #149808004364:  Hold'em Limit ($3/$6 USD) - 2016/03/04 1:53:51 ET
Table 'Ornamenta' 6-max Seat #4 is the button
Seat 3: tweemeterzes ($112.64 in chips)
Seat 4: Agrotait ($78.50 in chips)
Agrotait: posts small blind $1
tweemeterzes: posts big blind $3
*** HOLE CARDS ***
Agrotait: raises $3 to $6
tweemeterzes: folds
Uncalled bet ($3) returned to Agrotait
Agrotait collected $6 from pot
Agrotait: doesn't show hand
*** SUMMARY ***
Total pot $6 | Rake $0
Seat 3: tweemeterzes (big blind) folded before Flop
Seat 4: Agrotait (button) (small blind) collected ($6)


PokerStars Hand #149808002201:  Hold'em Limit ($3/$6 USD) - 2016/03/04 1:53:43 ET
Table 'Ornamenta' 6-max Seat #3 is the button
Seat 3: tweemeterzes ($113.64 in chips)
Seat 4: Agrotait ($77.50 in chips)
tweemeterzes: posts small blind $1
Agrotait: posts big blind $3
*** HOLE CARDS ***
tweemeterzes: folds
Uncalled bet ($2) returned to Agrotait
Agrotait collected $2 from pot
Agrotait: doesn't show hand
*** SUMMARY ***
Total pot $2 | Rake $0
Seat 3: tweemeterzes (button) (small blind) folded before Flop
Seat 4: Agrotait (big blind) collected ($2)


PokerStars Hand #149808030009:  Hold'em Limit ($3/$6 USD) - 2016/03/04 1:55:23 ET
Table 'Ornamenta' 6-max Seat #4 is the button
Seat 3: tweemeterzes ($114.04 in chips)
Seat 4: Agrotait ($76.26 in chips)
Agrotait: posts small blind $1
tweemeterzes: posts big blind $3
*** HOLE CARDS ***
Agrotait: folds
Uncalled bet ($2) returned to tweemeterzes
tweemeterzes collected $2 from pot
tweemeterzes: doesn't show hand
*** SUMMARY ***
Total pot $2 | Rake $0
Seat 3: tweemeterzes (big blind) collected ($2)
Seat 4: Agrotait (button) (small blind) folded before Flop


PokerStars Hand #149808020799:  Hold'em Limit ($3/$6 USD) - 2016/03/04 1:54:49 ET
Table 'Ornamenta' 6-max Seat #3 is the button
Seat 3: tweemeterzes ($102.52 in chips)
Seat 4: Agrotait ($88.26 in chips)
tweemeterzes: posts small blind $1
Agrotait: posts big blind $3
*** HOLE CARDS ***
tweemeterzes: calls $2
Agrotait: raises $3 to $6
tweemeterzes: calls $3
*** FLOP *** [Qd 4h 7h]
Agrotait: bets $3
tweemeterzes: raises $3 to $6
Agrotait: calls $3
*** TURN *** [Qd 4h 7h] [9h]
Agrotait: checks
tweemeterzes: checks
*** RIVER *** [Qd 4h 7h 9h] [8d]
Agrotait: checks
tweemeterzes: bets $6
Agrotait: folds
Uncalled bet ($6) returned to tweemeterzes
tweemeterzes collected $23.52 from pot
tweemeterzes: doesn't show hand
*** SUMMARY ***
Total pot $24 | Rake $0.48
Board [Qd 4h 7h 9h 8d]
Seat 3: tweemeterzes (button) (small blind) collected ($23.52)
Seat 4: Agrotait (big blind) folded on the River


PokerStars Hand #149808016720:  Hold'em Limit ($3/$6 USD) - 2016/03/04 1:54:34 ET
Table 'Ornamenta' 6-max Seat #4 is the button
Seat 3: tweemeterzes ($108.52 in chips)
Seat 4: Agrotait ($82.50 in chips)
Agrotait: posts small blind $1
tweemeterzes: posts big blind $3
*** HOLE CARDS ***
Agrotait: raises $3 to $6
tweemeterzes: calls $3
*** FLOP *** [Tc 7h 9h]
tweemeterzes: checks
Agrotait: bets $3
tweemeterzes: folds
Uncalled bet ($3) returned to Agrotait
Agrotait collected $11.76 from pot
Agrotait: doesn't show hand
*** SUMMARY ***
Total pot $12 | Rake $0.24
Board [Tc 7h 9h]
Seat 3: tweemeterzes (big blind) folded on the Flop
Seat 4: Agrotait (button) (small blind) collected ($11.76)


PokerStars Hand #149808041672:  Hold'em Limit ($3/$6 USD) - 2016/03/04 1:56:11 ET
Table 'Ornamenta' 6-max Seat #4 is the button
Seat 3: tweemeterzes ($103.04 in chips)
Seat 4: Agrotait ($86.78 in chips)
Agrotait: posts small blind $1
tweemeterzes: posts big blind $3
*** HOLE CARDS ***
Agrotait: folds
Uncalled bet ($2) returned to tweemeterzes
tweemeterzes collected $2 from pot
tweemeterzes: doesn't show hand
*** SUMMARY ***
Total pot $2 | Rake $0
Seat 3: tweemeterzes (big blind) collected ($2)
Seat 4: Agrotait (button) (small blind) folded before Flop


PokerStars Hand #149808031072:  Hold'em Limit ($3/$6 USD) - 2016/03/04 1:55:28 ET
Table 'Ornamenta' 6-max Seat #3 is the button
Seat 3: tweemeterzes ($115.04 in chips)
Seat 4: Agrotait ($75.26 in chips)
tweemeterzes: posts small blind $1
Agrotait: posts big blind $3
*** HOLE CARDS ***
tweemeterzes: calls $2
Agrotait: checks
*** FLOP *** [8h 6d 9s]
Agrotait: bets $3
tweemeterzes: calls $3
*** TURN *** [8h 6d 9s] [8s]
Agrotait: bets $6
tweemeterzes: calls $6
*** RIVER *** [8h 6d 9s 8s] [6c]
Agrotait: bets $6
tweemeterzes: folds
Uncalled bet ($6) returned to Agrotait
Agrotait collected $23.52 from pot
Agrotait: doesn't show hand
*** SUMMARY ***
Total pot $24 | Rake $0.48
Board [8h 6d 9s 8s 6c]
Seat 3: tweemeterzes (button) (small blind) folded on the River
Seat 4: Agrotait (big blind) collected ($23.52)


PokerStars Hand #149808052169:  Hold'em Limit ($3/$6 USD) - 2016/03/04 1:56:53 ET
Table 'Ornamenta' 6-max Seat #4 is the button
Seat 3: tweemeterzes ($109.80 in chips)
Seat 4: Agrotait ($79.78 in chips)
Agrotait: posts small blind $1
tweemeterzes: posts big blind $3
*** HOLE CARDS ***
Agrotait: raises $3 to $6
tweemeterzes: folds
Uncalled bet ($3) returned to Agrotait
Agrotait collected $6 from pot
Agrotait: doesn't show hand
*** SUMMARY ***
Total pot $6 | Rake $0
Seat 3: tweemeterzes (big blind) folded before Flop
Seat 4: Agrotait (button) (small blind) collected ($6)


PokerStars Hand #149808043211:  Hold'em Limit ($3/$6 USD) - 2016/03/04 1:56:17 ET
Table 'Ornamenta' 6-max Seat #3 is the button
Seat 3: tweemeterzes ($104.04 in chips)
Seat 4: Agrotait ($85.78 in chips)
tweemeterzes: posts small blind $1
Agrotait: posts big blind $3
*** HOLE CARDS ***
tweemeterzes: calls $2
Agrotait: raises $3 to $6
tweemeterzes: calls $3
*** FLOP *** [4d 7s 8s]
Agrotait: checks
tweemeterzes: bets $3
Agrotait: folds
Uncalled bet ($3) returned to tweemeterzes
tweemeterzes collected $11.76 from pot
tweemeterzes: doesn't show hand
*** SUMMARY ***
Total pot $12 | Rake $0.24
Board [4d 7s 8s]
Seat 3: tweemeterzes (button) (small blind) collected ($11.76)
Seat 4: Agrotait (big blind) folded on the Flop


PokerStars Hand #149808069830:  Hold'em Limit ($3/$6 USD) - 2016/03/04 1:58:03 ET
Table 'Ornamenta' 6-max Seat #3 is the button
Seat 3: tweemeterzes ($82.80 in chips)
Seat 4: Agrotait ($106.28 in chips)
tweemeterzes: posts small blind $1
Agrotait: posts big blind $3
*** HOLE CARDS ***
tweemeterzes: calls $2
Agrotait: raises $3 to $6
tweemeterzes: calls $3
*** FLOP *** [Kd 8c 2c]
Agrotait: bets $3
tweemeterzes: raises $3 to $6
Agrotait: folds
Uncalled bet ($3) returned to tweemeterzes
tweemeterzes collected $17.64 from pot
tweemeterzes: doesn't show hand
*** SUMMARY ***
Total pot $18 | Rake $0.36
Board [Kd 8c 2c]
Seat 3: tweemeterzes (button) (small blind) collected ($17.64)
Seat 4: Agrotait (big blind) folded on the Flop


PokerStars Hand #149808067632:  Hold'em Limit ($3/$6 USD) - 2016/03/04 1:57:55 ET
Table 'Ornamenta' 6-max Seat #4 is the button
Seat 3: tweemeterzes ($85.80 in chips)
Seat 4: Agrotait ($103.28 in chips)
Agrotait: posts small blind $1
tweemeterzes: posts big blind $3
*** HOLE CARDS ***
Agrotait: raises $3 to $6
tweemeterzes: folds
Uncalled bet ($3) returned to Agrotait
Agrotait collected $6 from pot
Agrotait: doesn't show hand
*** SUMMARY ***
Total pot $6 | Rake $0
Seat 3: tweemeterzes (big blind) folded before Flop
Seat 4: Agrotait (button) (small blind) collected ($6)


PokerStars Hand #149808055152:  Hold'em Limit ($3/$6 USD) - 2016/03/04 1:57:05 ET
Table 'Ornamenta' 6-max Seat #3 is the button
Seat 3: tweemeterzes ($106.80 in chips)
Seat 4: Agrotait ($82.78 in chips)
tweemeterzes: posts small blind $1
Agrotait: posts big blind $3
*** HOLE CARDS ***
tweemeterzes: raises $3 to $6
Agrotait: calls $3
*** FLOP *** [5h 6s 7s]
Agrotait: checks
tweemeterzes: bets $3
Agrotait: calls $3
*** TURN *** [5h 6s 7s] [6h]
Agrotait: checks
tweemeterzes: bets $6
Agrotait: calls $6
*** RIVER *** [5h 6s 7s 6h] [Ac]
Agrotait: checks
tweemeterzes: bets $6
Agrotait: calls $6
*** SHOW DOWN ***
tweemeterzes: shows [Qc 4c] (a pair of Sixes)
Agrotait: shows [Jc 5d] (two pair, Sixes and Fives)
Agrotait collected $41.50 from pot
*** SUMMARY ***
Total pot $42 | Rake $0.50
Board [5h 6s 7s 6h Ac]
Seat 3: tweemeterzes (button) (small blind) showed [Qc 4c] and lost with a pair of Sixes
Seat 4: Agrotait (big blind) showed [Jc 5d] and won ($41.50) with two pair, Sixes and Fives


PokerStars Hand #149808083357:  Hold'em Limit ($3/$6 USD) - 2016/03/04 1:58:57 ET
Table 'Ornamenta' 6-max Seat #4 is the button
Seat 3: tweemeterzes ($78.44 in chips)
Seat 4: Agrotait ($109.80 in chips)
Agrotait: posts small blind $1
tweemeterzes: posts big blind $3
*** HOLE CARDS ***
Agrotait: raises $3 to $6
tweemeterzes: calls $3
*** FLOP *** [Kd 4d Ac]
tweemeterzes: checks
Agrotait: bets $3
tweemeterzes: folds
Uncalled bet ($3) returned to Agrotait
Agrotait collected $11.76 from pot
Agrotait: doesn't show hand
*** SUMMARY ***
Total pot $12 | Rake $0.24
Board [Kd 4d Ac]
Seat 3: tweemeterzes (big blind) folded on the Flop
Seat 4: Agrotait (button) (small blind) collected ($11.76)


PokerStars Hand #149808081897:  Hold'em Limit ($3/$6 USD) - 2016/03/04 1:58:51 ET
Table 'Ornamenta' 6-max Seat #3 is the button
Seat 3: tweemeterzes ($79.44 in chips)
Seat 4: Agrotait ($108.80 in chips)
tweemeterzes: posts small blind $1
Agrotait: posts big blind $3
*** HOLE CARDS ***
tweemeterzes: folds
Uncalled bet ($2) returned to Agrotait
Agrotait collected $2 from pot
Agrotait: doesn't show hand
*** SUMMARY ***
Total pot $2 | Rake $0
Seat 3: tweemeterzes (button) (small blind) folded before Flop
Seat 4: Agrotait (big blind) collected ($2)


PokerStars Hand #149808074937:  Hold'em Limit ($3/$6 USD) - 2016/03/04 1:58:23 ET
Table 'Ornamenta' 6-max Seat #4 is the button
Seat 3: tweemeterzes ($91.44 in chips)
Seat 4: Agrotait ($97.28 in chips)
Agrotait: posts small blind $1
tweemeterzes: posts big blind $3
*** HOLE CARDS ***
Agrotait: raises $3 to $6
tweemeterzes: calls $3
*** FLOP *** [Jc 8c Qs]
tweemeterzes: checks
Agrotait: checks
*** TURN *** [Jc 8c Qs] [Ah]
tweemeterzes: bets $6
Agrotait: calls $6
*** RIVER *** [Jc 8c Qs Ah] [8d]
tweemeterzes: checks
Agrotait: checks
*** SHOW DOWN ***
tweemeterzes: shows [6h Kh] (a pair of Eights)
Agrotait: shows [3c Jh] (two pair, Jacks and Eights)
Agrotait collected $23.52 from pot
*** SUMMARY ***
Total pot $24 | Rake $0.48
Board [Jc 8c Qs Ah 8d]
Seat 3: tweemeterzes (big blind) showed [6h Kh] and lost with a pair of Eights
Seat 4: Agrotait (button) (small blind) showed [3c Jh] and won ($23.52) with two pair, Jacks and Eights


PokerStars Hand #149808098980:  Hold'em Limit ($3/$6 USD) - 2016/03/04 1:59:59 ET
Table 'Ornamenta' 6-max Seat #4 is the button
Seat 3: tweemeterzes ($54.44 in chips)
Seat 4: Agrotait ($133.06 in chips)
Agrotait: posts small blind $1
tweemeterzes: posts big blind $3
*** HOLE CARDS ***
Agrotait: raises $3 to $6
tweemeterzes: calls $3
*** FLOP *** [5s Kd Kc]
tweemeterzes: checks
Agrotait: bets $3
tweemeterzes: calls $3
*** TURN *** [5s Kd Kc] [Ah]
tweemeterzes: checks
Agrotait: checks
*** RIVER *** [5s Kd Kc Ah] [4d]
tweemeterzes: bets $6
Agrotait: folds
Uncalled bet ($6) returned to tweemeterzes
tweemeterzes collected $17.64 from pot
tweemeterzes: doesn't show hand
*** SUMMARY ***
Total pot $18 | Rake $0.36
Board [5s Kd Kc Ah 4d]
Seat 3: tweemeterzes (big blind) collected ($17.64)
Seat 4: Agrotait (button) (small blind) folded on the River


PokerStars Hand #149808086188:  Hold'em Limit ($3/$6 USD) - 2016/03/04 1:59:09 ET
Table 'Ornamenta' 6-max Seat #3 is the button
Seat 3: tweemeterzes ($72.44 in chips)
Seat 4: Agrotait ($115.56 in chips)
tweemeterzes: posts small blind $1
Agrotait: posts big blind $3
*** HOLE CARDS ***
tweemeterzes: calls $2
Agrotait: checks
*** FLOP *** [8s 6s 6d]
Agrotait: checks
tweemeterzes: bets $3
Agrotait: calls $3
*** TURN *** [8s 6s 6d] [3d]
Agrotait: checks
tweemeterzes: bets $6
Agrotait: raises $6 to $12
tweemeterzes: calls $6
*** RIVER *** [8s 6s 6d 3d] [Tc]
Agrotait: bets $6
tweemeterzes: folds
Uncalled bet ($6) returned to Agrotait
Agrotait collected $35.50 from pot
Agrotait: doesn't show hand
*** SUMMARY ***
Total pot $36 | Rake $0.50
Board [8s 6s 6d 3d Tc]
Seat 3: tweemeterzes (button) (small blind) folded on the River
Seat 4: Agrotait (big blind) collected ($35.50)


