PokerStars Hand #149086621083:  Hold'em Limit ($3/$6 USD) - 2016/02/19 17:21:32 ET
Table 'Ornamenta' 6-max Seat #4 is the button
Seat 2: HaekJiu ($80 in chips)
Seat 4: Pandakey ($159.26 in chips)
Pandakey: posts small blind $1
HaekJiu: posts big blind $3
*** HOLE CARDS ***
Pandakey: raises $3 to $6
HaekJiu: calls $3
*** FLOP *** [2d Jh 5s]
HaekJiu: checks
Pandakey: bets $3
HaekJiu: folds
Uncalled bet ($3) returned to Pandakey
Pandakey collected $11.76 from pot
Pandakey: doesn't show hand
*** SUMMARY ***
Total pot $12 | Rake $0.24
Board [2d Jh 5s]
Seat 2: HaekJiu (big blind) folded on the Flop
Seat 4: Pandakey (button) (small blind) collected ($11.76)


PokerStars Hand #149086675215:  Hold'em Limit ($3/$6 USD) - 2016/02/19 17:22:29 ET
Table 'Ornamenta' 6-max Seat #2 is the button
Seat 2: HaekJiu ($87.14 in chips)
Seat 4: Pandakey ($150.52 in chips)
HaekJiu: posts small blind $1
Pandakey: posts big blind $3
*** HOLE CARDS ***
HaekJiu: raises $3 to $6
Pandakey: calls $3
*** FLOP *** [8s 9c 2c]
Pandakey: checks
HaekJiu: bets $3
Pandakey: raises $3 to $6
HaekJiu: calls $3
*** TURN *** [8s 9c 2c] [Td]
Pandakey: bets $6
HaekJiu: raises $6 to $12
Pandakey: calls $6
*** RIVER *** [8s 9c 2c Td] [Ks]
Pandakey: checks
HaekJiu: bets $6
Pandakey: calls $6
*** SHOW DOWN ***
HaekJiu: shows [4c Jc] (high card King)
Pandakey: shows [9h 7c] (a pair of Nines)
Pandakey collected $59.50 from pot
*** SUMMARY ***
Total pot $60 | Rake $0.50
Board [8s 9c 2c Td Ks]
Seat 2: HaekJiu (button) (small blind) showed [4c Jc] and lost with high card King
Seat 4: Pandakey (big blind) showed [9h 7c] and won ($59.50) with a pair of Nines


PokerStars Hand #149086659373:  Hold'em Limit ($3/$6 USD) - 2016/02/19 17:22:12 ET
Table 'Ornamenta' 6-max Seat #4 is the button
Seat 2: HaekJiu ($63.64 in chips)
Seat 4: Pandakey ($174.52 in chips)
Pandakey: posts small blind $1
HaekJiu: posts big blind $3
*** HOLE CARDS ***
Pandakey: raises $3 to $6
HaekJiu: raises $3 to $9
Pandakey: calls $3
*** FLOP *** [9h 2h 8d]
HaekJiu: bets $3
Pandakey: calls $3
*** TURN *** [9h 2h 8d] [5d]
HaekJiu: bets $6
Pandakey: raises $6 to $12
HaekJiu: calls $6
*** RIVER *** [9h 2h 8d 5d] [6h]
HaekJiu: checks
Pandakey: checks
*** SHOW DOWN ***
HaekJiu: shows [Th Ah] (a flush, Ace high)
Pandakey: mucks hand
HaekJiu collected $47.50 from pot
*** SUMMARY ***
Total pot $48 | Rake $0.50
Board [9h 2h 8d 5d 6h]
Seat 2: HaekJiu (big blind) showed [Th Ah] and won ($47.50) with a flush, Ace high
Seat 4: Pandakey (button) (small blind) mucked


PokerStars Hand #149086654693:  Hold'em Limit ($3/$6 USD) - 2016/02/19 17:22:07 ET
Table 'Ornamenta' 6-max Seat #2 is the button
Seat 2: HaekJiu ($64.64 in chips)
Seat 4: Pandakey ($173.52 in chips)
HaekJiu: posts small blind $1
Pandakey: posts big blind $3
*** HOLE CARDS ***
HaekJiu: folds
Uncalled bet ($2) returned to Pandakey
Pandakey collected $2 from pot
Pandakey: doesn't show hand
*** SUMMARY ***
Total pot $2 | Rake $0
Seat 2: HaekJiu (button) (small blind) folded before Flop
Seat 4: Pandakey (big blind) collected ($2)


PokerStars Hand #149086641221:  Hold'em Limit ($3/$6 USD) - 2016/02/19 17:21:53 ET
Table 'Ornamenta' 6-max Seat #4 is the button
Seat 2: HaekJiu ($56 in chips)
Seat 4: Pandakey ($182.52 in chips)
Pandakey: posts small blind $1
HaekJiu: posts big blind $3
*** HOLE CARDS ***
Pandakey: raises $3 to $6
HaekJiu: calls $3
*** FLOP *** [Kd 6s 2d]
HaekJiu: checks
Pandakey: bets $3
HaekJiu: calls $3
*** TURN *** [Kd 6s 2d] [Jh]
HaekJiu: checks
Pandakey: checks
*** RIVER *** [Kd 6s 2d Jh] [8d]
HaekJiu: bets $6
Pandakey: folds
Uncalled bet ($6) returned to HaekJiu
HaekJiu collected $17.64 from pot
HaekJiu: doesn't show hand
*** SUMMARY ***
Total pot $18 | Rake $0.36
Board [Kd 6s 2d Jh 8d]
Seat 2: HaekJiu (big blind) collected ($17.64)
Seat 4: Pandakey (button) (small blind) folded on the River


PokerStars Hand #149086629215:  Hold'em Limit ($3/$6 USD) - 2016/02/19 17:21:40 ET
Table 'Ornamenta' 6-max Seat #2 is the button
Seat 2: HaekJiu ($74 in chips)
Seat 4: Pandakey ($165.02 in chips)
HaekJiu: posts small blind $1
Pandakey: posts big blind $3
*** HOLE CARDS ***
HaekJiu: raises $3 to $6
Pandakey: calls $3
*** FLOP *** [2c 6s Th]
Pandakey: checks
HaekJiu: checks
*** TURN *** [2c 6s Th] [4s]
Pandakey: bets $6
HaekJiu: calls $6
*** RIVER *** [2c 6s Th 4s] [9d]
Pandakey: bets $6
HaekJiu: calls $6
*** SHOW DOWN ***
Pandakey: shows [7s 9c] (a pair of Nines)
HaekJiu: mucks hand
Pandakey collected $35.50 from pot
*** SUMMARY ***
Total pot $36 | Rake $0.50
Board [2c 6s Th 4s 9d]
Seat 2: HaekJiu (button) (small blind) mucked
Seat 4: Pandakey (big blind) showed [7s 9c] and won ($35.50) with a pair of Nines


PokerStars Hand #149086727960:  Hold'em Limit ($3/$6 USD) - 2016/02/19 17:23:24 ET
Table 'Ornamenta' 6-max Seat #2 is the button
Seat 2: HaekJiu ($45.90 in chips)
Seat 4: Pandakey ($190.52 in chips)
HaekJiu: posts small blind $1
Pandakey: posts big blind $3
*** HOLE CARDS ***
HaekJiu: raises $3 to $6
Pandakey: folds
Uncalled bet ($3) returned to HaekJiu
HaekJiu collected $6 from pot
HaekJiu: doesn't show hand
*** SUMMARY ***
Total pot $6 | Rake $0
Seat 2: HaekJiu (button) (small blind) collected ($6)
Seat 4: Pandakey (big blind) folded before Flop


PokerStars Hand #149086716413:  Hold'em Limit ($3/$6 USD) - 2016/02/19 17:23:12 ET
Table 'Ornamenta' 6-max Seat #4 is the button
Seat 2: HaekJiu ($63.90 in chips)
Seat 4: Pandakey ($173.02 in chips)
Pandakey: posts small blind $1
HaekJiu: posts big blind $3
*** HOLE CARDS ***
Pandakey: raises $3 to $6
HaekJiu: calls $3
*** FLOP *** [4d Ad 5d]
HaekJiu: checks
Pandakey: checks
*** TURN *** [4d Ad 5d] [Th]
HaekJiu: bets $6
Pandakey: calls $6
*** RIVER *** [4d Ad 5d Th] [9s]
HaekJiu: bets $6
Pandakey: calls $6
*** SHOW DOWN ***
HaekJiu: shows [4h 3h] (a pair of Fours)
Pandakey: shows [Jc 5h] (a pair of Fives)
Pandakey collected $35.50 from pot
*** SUMMARY ***
Total pot $36 | Rake $0.50
Board [4d Ad 5d Th 9s]
Seat 2: HaekJiu (big blind) showed [4h 3h] and lost with a pair of Fours
Seat 4: Pandakey (button) (small blind) showed [Jc 5h] and won ($35.50) with a pair of Fives


PokerStars Hand #149086705464:  Hold'em Limit ($3/$6 USD) - 2016/02/19 17:23:00 ET
Table 'Ornamenta' 6-max Seat #2 is the button
Seat 2: HaekJiu ($58.14 in chips)
Seat 4: Pandakey ($179.02 in chips)
HaekJiu: posts small blind $1
Pandakey: posts big blind $3
*** HOLE CARDS ***
HaekJiu: raises $3 to $6
Pandakey: calls $3
*** FLOP *** [8d Qs 4d]
Pandakey: checks
HaekJiu: bets $3
Pandakey: folds
Uncalled bet ($3) returned to HaekJiu
HaekJiu collected $11.76 from pot
HaekJiu: doesn't show hand
*** SUMMARY ***
Total pot $12 | Rake $0.24
Board [8d Qs 4d]
Seat 2: HaekJiu (button) (small blind) collected ($11.76)
Seat 4: Pandakey (big blind) folded on the Flop


PokerStars Hand #149086700900:  Hold'em Limit ($3/$6 USD) - 2016/02/19 17:22:56 ET
Table 'Ornamenta' 6-max Seat #4 is the button
Seat 2: HaekJiu ($57.14 in chips)
Seat 4: Pandakey ($180.02 in chips)
Pandakey: posts small blind $1
HaekJiu: posts big blind $3
*** HOLE CARDS ***
Pandakey: folds
Uncalled bet ($2) returned to HaekJiu
HaekJiu collected $2 from pot
HaekJiu: doesn't show hand
*** SUMMARY ***
Total pot $2 | Rake $0
Seat 2: HaekJiu (big blind) collected ($2)
Seat 4: Pandakey (button) (small blind) folded before Flop


PokerStars Hand #149086696251:  Hold'em Limit ($3/$6 USD) - 2016/02/19 17:22:51 ET
Table 'Ornamenta' 6-max Seat #2 is the button
Seat 2: HaekJiu ($58.14 in chips)
Seat 4: Pandakey ($179.02 in chips)
HaekJiu: posts small blind $1
Pandakey: posts big blind $3
*** HOLE CARDS ***
HaekJiu: folds
Uncalled bet ($2) returned to Pandakey
Pandakey collected $2 from pot
Pandakey: doesn't show hand
*** SUMMARY ***
Total pot $2 | Rake $0
Seat 2: HaekJiu (button) (small blind) folded before Flop
Seat 4: Pandakey (big blind) collected ($2)


PokerStars Hand #149086692045:  Hold'em Limit ($3/$6 USD) - 2016/02/19 17:22:46 ET
Table 'Ornamenta' 6-max Seat #4 is the button
Seat 2: HaekJiu ($57.14 in chips)
Seat 4: Pandakey ($180.02 in chips)
Pandakey: posts small blind $1
HaekJiu: posts big blind $3
*** HOLE CARDS ***
Pandakey: folds
Uncalled bet ($2) returned to HaekJiu
HaekJiu collected $2 from pot
HaekJiu: doesn't show hand
*** SUMMARY ***
Total pot $2 | Rake $0
Seat 2: HaekJiu (big blind) collected ($2)
Seat 4: Pandakey (button) (small blind) folded before Flop


PokerStars Hand #149086763710:  Hold'em Limit ($3/$6 USD) - 2016/02/19 17:24:02 ET
Table 'Ornamenta' 6-max Seat #4 is the button
Seat 2: HaekJiu ($60.54 in chips)
Seat 4: Pandakey ($175.52 in chips)
Pandakey: posts small blind $1
HaekJiu: posts big blind $3
*** HOLE CARDS ***
Pandakey: raises $3 to $6
HaekJiu: raises $3 to $9
A_dutchY_A joins the table at seat #5
Pandakey: calls $3
*** FLOP *** [4d 3d 8s]
HaekJiu: bets $3
Pandakey: calls $3
*** TURN *** [4d 3d 8s] [Kc]
HaekJiu: bets $6
Pandakey: folds
Uncalled bet ($6) returned to HaekJiu
HaekJiu collected $23.52 from pot
HaekJiu: doesn't show hand
*** SUMMARY ***
Total pot $24 | Rake $0.48
Board [4d 3d 8s Kc]
Seat 2: HaekJiu (big blind) collected ($23.52)
Seat 4: Pandakey (button) (small blind) folded on the Turn


PokerStars Hand #149086756461:  Hold'em Limit ($3/$6 USD) - 2016/02/19 17:23:54 ET
Table 'Ornamenta' 6-max Seat #2 is the button
Seat 2: HaekJiu ($57.54 in chips)
Seat 4: Pandakey ($178.52 in chips)
HaekJiu: posts small blind $1
Pandakey: posts big blind $3
*** HOLE CARDS ***
HaekJiu: raises $3 to $6
killerfurbel joins the table at seat #3
Pandakey: folds
Uncalled bet ($3) returned to HaekJiu
HaekJiu collected $6 from pot
HaekJiu: doesn't show hand
*** SUMMARY ***
Total pot $6 | Rake $0
Seat 2: HaekJiu (button) (small blind) collected ($6)
Seat 4: Pandakey (big blind) folded before Flop


PokerStars Hand #149086733175:  Hold'em Limit ($3/$6 USD) - 2016/02/19 17:23:30 ET
Table 'Ornamenta' 6-max Seat #4 is the button
Seat 2: HaekJiu ($48.90 in chips)
Seat 4: Pandakey ($187.52 in chips)
Pandakey: posts small blind $1
HaekJiu: posts big blind $3
*** HOLE CARDS ***
Pandakey: raises $3 to $6
HaekJiu: calls $3
*** FLOP *** [8d 3c Jh]
HaekJiu: checks
Pandakey: bets $3
HaekJiu: raises $3 to $6
Pandakey: folds
Uncalled bet ($3) returned to HaekJiu
HaekJiu collected $17.64 from pot
HaekJiu: doesn't show hand
*** SUMMARY ***
Total pot $18 | Rake $0.36
Board [8d 3c Jh]
Seat 2: HaekJiu (big blind) collected ($17.64)
Seat 4: Pandakey (button) (small blind) folded on the Flop


