PokerStars Hand #147057289032:  Hold'em Limit ($3/$6 USD) - 2016/01/14 21:22:14 ET
Table 'Ornamenta IV' 2-max Seat #1 is the button
Seat 1: permafrost07 ($74.57 in chips)
Seat 2: Crspy Bacon ($143.50 in chips)
permafrost07: posts small blind $1
Crspy Bacon: posts big blind $3
*** HOLE CARDS ***
permafrost07: calls $2
Crspy Bacon: raises $3 to $6
permafrost07: calls $3
*** FLOP *** [8h 4s Jh]
Crspy Bacon: bets $3
permafrost07: calls $3
*** TURN *** [8h 4s Jh] [6s]
Crspy Bacon: bets $6
permafrost07: calls $6
*** RIVER *** [8h 4s Jh 6s] [3c]
Crspy Bacon: bets $6
permafrost07: folds
Uncalled bet ($6) returned to Crspy Bacon
Crspy Bacon collected $29.50 from pot
Crspy Bacon: doesn't show hand
*** SUMMARY ***
Total pot $30 | Rake $0.50
Board [8h 4s Jh 6s 3c]
Seat 1: permafrost07 (button) (small blind) folded on the River
Seat 2: Crspy Bacon (big blind) collected ($29.50)


PokerStars Hand #147057298033:  Hold'em Limit ($3/$6 USD) - 2016/01/14 21:22:33 ET
Table 'Ornamenta IV' 2-max Seat #2 is the button
Seat 1: permafrost07 ($59.57 in chips)
Seat 2: Crspy Bacon ($158 in chips)
Crspy Bacon: posts small blind $1
permafrost07: posts big blind $3
*** HOLE CARDS ***
Crspy Bacon: raises $3 to $6
permafrost07: calls $3
*** FLOP *** [Js 7c Qs]
permafrost07: bets $3
Crspy Bacon: calls $3
*** TURN *** [Js 7c Qs] [Jc]
permafrost07: bets $6
Crspy Bacon: calls $6
*** RIVER *** [Js 7c Qs Jc] [Td]
permafrost07: bets $6
Crspy Bacon: calls $6
*** SHOW DOWN ***
permafrost07: shows [9c Qd] (two pair, Queens and Jacks)
Crspy Bacon: mucks hand
permafrost07 collected $41.50 from pot
*** SUMMARY ***
Total pot $42 | Rake $0.50
Board [Js 7c Qs Jc Td]
Seat 1: permafrost07 (big blind) showed [9c Qd] and won ($41.50) with two pair, Queens and Jacks
Seat 2: Crspy Bacon (button) (small blind) mucked


PokerStars Hand #147057307164:  Hold'em Limit ($3/$6 USD) - 2016/01/14 21:22:52 ET
Table 'Ornamenta IV' 2-max Seat #1 is the button
Seat 1: permafrost07 ($80.07 in chips)
Seat 2: Crspy Bacon ($137 in chips)
permafrost07: posts small blind $1
Crspy Bacon: posts big blind $3
*** HOLE CARDS ***
permafrost07: folds
Uncalled bet ($2) returned to Crspy Bacon
Crspy Bacon collected $2 from pot
Crspy Bacon: doesn't show hand
*** SUMMARY ***
Total pot $2 | Rake $0
Seat 1: permafrost07 (button) (small blind) folded before Flop
Seat 2: Crspy Bacon (big blind) collected ($2)


PokerStars Hand #147057332084:  Hold'em Limit ($3/$6 USD) - 2016/01/14 21:23:45 ET
Table 'Ornamenta IV' 2-max Seat #1 is the button
Seat 1: permafrost07 ($51.07 in chips)
Seat 2: Crspy Bacon ($165.14 in chips)
permafrost07: posts small blind $1
Crspy Bacon: posts big blind $3
*** HOLE CARDS ***
permafrost07: folds
Uncalled bet ($2) returned to Crspy Bacon
Crspy Bacon collected $2 from pot
Crspy Bacon: doesn't show hand
*** SUMMARY ***
Total pot $2 | Rake $0
Seat 1: permafrost07 (button) (small blind) folded before Flop
Seat 2: Crspy Bacon (big blind) collected ($2)


PokerStars Hand #147057323869:  Hold'em Limit ($3/$6 USD) - 2016/01/14 21:23:27 ET
Table 'Ornamenta IV' 2-max Seat #2 is the button
Seat 1: permafrost07 ($60.07 in chips)
Seat 2: Crspy Bacon ($156.50 in chips)
Crspy Bacon: posts small blind $1
permafrost07: posts big blind $3
*** HOLE CARDS ***
Crspy Bacon: raises $3 to $6
permafrost07: calls $3
*** FLOP *** [2h 5c 3s]
permafrost07: bets $3
Crspy Bacon: calls $3
*** TURN *** [2h 5c 3s] [Kc]
permafrost07: checks
Crspy Bacon: bets $6
permafrost07: folds
Uncalled bet ($6) returned to Crspy Bacon
Crspy Bacon collected $17.64 from pot
Crspy Bacon: doesn't show hand
*** SUMMARY ***
Total pot $18 | Rake $0.36
Board [2h 5c 3s Kc]
Seat 1: permafrost07 (big blind) folded on the Turn
Seat 2: Crspy Bacon (button) (small blind) collected ($17.64)


PokerStars Hand #147057321365:  Hold'em Limit ($3/$6 USD) - 2016/01/14 21:23:22 ET
Table 'Ornamenta IV' 2-max Seat #1 is the button
Seat 1: permafrost07 ($61.07 in chips)
Seat 2: Crspy Bacon ($155.50 in chips)
permafrost07: posts small blind $1
Crspy Bacon: posts big blind $3
*** HOLE CARDS ***
permafrost07: folds
Uncalled bet ($2) returned to Crspy Bacon
Crspy Bacon collected $2 from pot
Crspy Bacon: doesn't show hand
*** SUMMARY ***
Total pot $2 | Rake $0
Seat 1: permafrost07 (button) (small blind) folded before Flop
Seat 2: Crspy Bacon (big blind) collected ($2)


PokerStars Hand #147057310044:  Hold'em Limit ($3/$6 USD) - 2016/01/14 21:22:58 ET
Table 'Ornamenta IV' 2-max Seat #2 is the button
Seat 1: permafrost07 ($79.07 in chips)
Seat 2: Crspy Bacon ($138 in chips)
Crspy Bacon: posts small blind $1
permafrost07: posts big blind $3
*** HOLE CARDS ***
Crspy Bacon: raises $3 to $6
permafrost07: raises $3 to $9
Crspy Bacon: calls $3
*** FLOP *** [4h 4s 2s]
permafrost07: bets $3
Crspy Bacon: calls $3
*** TURN *** [4h 4s 2s] [Qd]
permafrost07: checks
Crspy Bacon: checks
*** RIVER *** [4h 4s 2s Qd] [8h]
permafrost07: checks
Crspy Bacon: bets $6
permafrost07: calls $6
*** SHOW DOWN ***
Crspy Bacon: shows [7d 8s] (two pair, Eights and Fours)
permafrost07: mucks hand
Crspy Bacon collected $35.50 from pot
*** SUMMARY ***
Total pot $36 | Rake $0.50
Board [4h 4s 2s Qd 8h]
Seat 1: permafrost07 (big blind) mucked
Seat 2: Crspy Bacon (button) (small blind) showed [7d 8s] and won ($35.50) with two pair, Eights and Fours


PokerStars Hand #147057348321:  Hold'em Limit ($3/$6 USD) - 2016/01/14 21:24:19 ET
Table 'Ornamenta IV' 2-max Seat #2 is the button
Seat 1: permafrost07 ($76.33 in chips)
Seat 2: Crspy Bacon ($139.14 in chips)
Crspy Bacon: posts small blind $1
permafrost07: posts big blind $3
*** HOLE CARDS ***
Crspy Bacon: raises $3 to $6
permafrost07: raises $3 to $9
Crspy Bacon: calls $3
*** FLOP *** [6s 5h 8c]
permafrost07: checks
Crspy Bacon: bets $3
permafrost07: calls $3
*** TURN *** [6s 5h 8c] [Ks]
permafrost07: bets $6
Crspy Bacon: calls $6
*** RIVER *** [6s 5h 8c Ks] [Qs]
permafrost07: bets $6
Crspy Bacon: raises $6 to $12
permafrost07: calls $6
*** SHOW DOWN ***
Crspy Bacon: shows [6d Qh] (two pair, Queens and Sixes)
permafrost07: mucks hand
Crspy Bacon collected $59.50 from pot
*** SUMMARY ***
Total pot $60 | Rake $0.50
Board [6s 5h 8c Ks Qs]
Seat 1: permafrost07 (big blind) mucked
Seat 2: Crspy Bacon (button) (small blind) showed [6d Qh] and won ($59.50) with two pair, Queens and Sixes


PokerStars Hand #147057342272:  Hold'em Limit ($3/$6 USD) - 2016/01/14 21:24:06 ET
Table 'Ornamenta IV' 2-max Seat #1 is the button
Seat 1: permafrost07 ($70.57 in chips)
Seat 2: Crspy Bacon ($145.14 in chips)
permafrost07: posts small blind $1
Crspy Bacon: posts big blind $3
*** HOLE CARDS ***
permafrost07: raises $3 to $6
Crspy Bacon: calls $3
*** FLOP *** [Jh 9s 5c]
Crspy Bacon: checks
permafrost07: bets $3
Crspy Bacon: folds
Uncalled bet ($3) returned to permafrost07
permafrost07 collected $11.76 from pot
permafrost07: doesn't show hand
*** SUMMARY ***
Total pot $12 | Rake $0.24
Board [Jh 9s 5c]
Seat 1: permafrost07 (button) (small blind) collected ($11.76)
Seat 2: Crspy Bacon (big blind) folded on the Flop


PokerStars Hand #147057334470:  Hold'em Limit ($3/$6 USD) - 2016/01/14 21:23:50 ET
Table 'Ornamenta IV' 2-max Seat #2 is the button
Seat 1: permafrost07 ($50.07 in chips)
Seat 2: Crspy Bacon ($166.14 in chips)
Crspy Bacon: posts small blind $1
permafrost07: posts big blind $3
*** HOLE CARDS ***
Crspy Bacon: raises $3 to $6
permafrost07: calls $3
*** FLOP *** [9d Ts 5d]
permafrost07: bets $3
Crspy Bacon: calls $3
*** TURN *** [9d Ts 5d] [Qd]
permafrost07: checks
Crspy Bacon: bets $6
permafrost07: calls $6
*** RIVER *** [9d Ts 5d Qd] [5c]
permafrost07: bets $6
Crspy Bacon: calls $6
*** SHOW DOWN ***
permafrost07: shows [As 5h] (three of a kind, Fives)
Crspy Bacon: mucks hand
permafrost07 collected $41.50 from pot
*** SUMMARY ***
Total pot $42 | Rake $0.50
Board [9d Ts 5d Qd 5c]
Seat 1: permafrost07 (big blind) showed [As 5h] and won ($41.50) with three of a kind, Fives
Seat 2: Crspy Bacon (button) (small blind) mucked


PokerStars Hand #147057391900:  Hold'em Limit ($3/$6 USD) - 2016/01/14 21:25:52 ET
Table 'Ornamenta IV' 2-max Seat #2 is the button
Seat 1: permafrost07 ($18.09 in chips)
Seat 2: Crspy Bacon ($195.78 in chips)
Crspy Bacon: posts small blind $1
permafrost07: posts big blind $3
*** HOLE CARDS ***
Crspy Bacon: raises $3 to $6
permafrost07: calls $3
*** FLOP *** [Ts Kc Kd]
permafrost07: checks
Crspy Bacon: bets $3
permafrost07: folds
Uncalled bet ($3) returned to Crspy Bacon
Crspy Bacon collected $11.76 from pot
Crspy Bacon: doesn't show hand
*** SUMMARY ***
Total pot $12 | Rake $0.24
Board [Ts Kc Kd]
Seat 1: permafrost07 (big blind) folded on the Flop
Seat 2: Crspy Bacon (button) (small blind) collected ($11.76)


PokerStars Hand #147057389547:  Hold'em Limit ($3/$6 USD) - 2016/01/14 21:25:47 ET
Table 'Ornamenta IV' 2-max Seat #1 is the button
Seat 1: permafrost07 ($19.09 in chips)
Seat 2: Crspy Bacon ($194.78 in chips)
permafrost07: posts small blind $1
Crspy Bacon: posts big blind $3
*** HOLE CARDS ***
permafrost07: folds
Uncalled bet ($2) returned to Crspy Bacon
Crspy Bacon collected $2 from pot
Crspy Bacon: doesn't show hand
*** SUMMARY ***
Total pot $2 | Rake $0
Seat 1: permafrost07 (button) (small blind) folded before Flop
Seat 2: Crspy Bacon (big blind) collected ($2)


PokerStars Hand #147057383983:  Hold'em Limit ($3/$6 USD) - 2016/01/14 21:25:35 ET
Table 'Ornamenta IV' 2-max Seat #2 is the button
Seat 1: permafrost07 ($28.09 in chips)
Seat 2: Crspy Bacon ($186.14 in chips)
Crspy Bacon: posts small blind $1
permafrost07: posts big blind $3
*** HOLE CARDS ***
Crspy Bacon: raises $3 to $6
permafrost07: calls $3
*** FLOP *** [8h 4h 3s]
permafrost07: bets $3
Crspy Bacon: calls $3
*** TURN *** [8h 4h 3s] [Td]
permafrost07: checks
Crspy Bacon: bets $6
permafrost07: folds
Uncalled bet ($6) returned to Crspy Bacon
Crspy Bacon collected $17.64 from pot
Crspy Bacon: doesn't show hand
*** SUMMARY ***
Total pot $18 | Rake $0.36
Board [8h 4h 3s Td]
Seat 1: permafrost07 (big blind) folded on the Turn
Seat 2: Crspy Bacon (button) (small blind) collected ($17.64)


PokerStars Hand #147057380361:  Hold'em Limit ($3/$6 USD) - 2016/01/14 21:25:27 ET
Table 'Ornamenta IV' 2-max Seat #1 is the button
Seat 1: permafrost07 ($25.09 in chips)
Seat 2: Crspy Bacon ($189.14 in chips)
permafrost07: posts small blind $1
Crspy Bacon: posts big blind $3
*** HOLE CARDS ***
permafrost07: raises $3 to $6
Crspy Bacon: folds
Uncalled bet ($3) returned to permafrost07
permafrost07 collected $6 from pot
permafrost07: doesn't show hand
*** SUMMARY ***
Total pot $6 | Rake $0
Seat 1: permafrost07 (button) (small blind) collected ($6)
Seat 2: Crspy Bacon (big blind) folded before Flop


PokerStars Hand #147057369513:  Hold'em Limit ($3/$6 USD) - 2016/01/14 21:25:04 ET
Table 'Ornamenta IV' 2-max Seat #2 is the button
Seat 1: permafrost07 ($52.09 in chips)
Seat 2: Crspy Bacon ($162.64 in chips)
Crspy Bacon: posts small blind $1
permafrost07: posts big blind $3
*** HOLE CARDS ***
Crspy Bacon: raises $3 to $6
permafrost07: calls $3
*** FLOP *** [Jc 6s Kd]
permafrost07: bets $3
Crspy Bacon: calls $3
*** TURN *** [Jc 6s Kd] [Kh]
permafrost07: bets $6
Crspy Bacon: raises $6 to $12
permafrost07: calls $6
*** RIVER *** [Jc 6s Kd Kh] [9h]
permafrost07: checks
Crspy Bacon: bets $6
permafrost07: calls $6
*** SHOW DOWN ***
Crspy Bacon: shows [Kc Qh] (three of a kind, Kings)
permafrost07: mucks hand
Crspy Bacon collected $53.50 from pot
*** SUMMARY ***
Total pot $54 | Rake $0.50
Board [Jc 6s Kd Kh 9h]
Seat 1: permafrost07 (big blind) mucked
Seat 2: Crspy Bacon (button) (small blind) showed [Kc Qh] and won ($53.50) with three of a kind, Kings


PokerStars Hand #147057364153:  Hold'em Limit ($3/$6 USD) - 2016/01/14 21:24:53 ET
Table 'Ornamenta IV' 2-max Seat #1 is the button
Seat 1: permafrost07 ($46.33 in chips)
Seat 2: Crspy Bacon ($168.64 in chips)
permafrost07: posts small blind $1
Crspy Bacon: posts big blind $3
*** HOLE CARDS ***
permafrost07: raises $3 to $6
Crspy Bacon: calls $3
*** FLOP *** [8s Ad 8c]
Crspy Bacon: checks
permafrost07: bets $3
Crspy Bacon: folds
Uncalled bet ($3) returned to permafrost07
permafrost07 collected $11.76 from pot
permafrost07: doesn't show hand
*** SUMMARY ***
Total pot $12 | Rake $0.24
Board [8s Ad 8c]
Seat 1: permafrost07 (button) (small blind) collected ($11.76)
Seat 2: Crspy Bacon (big blind) folded on the Flop


PokerStars Hand #147057396347:  Hold'em Limit ($3/$6 USD) - 2016/01/14 21:26:01 ET
Table 'Ornamenta IV' 2-max Seat #1 is the button
Seat 1: permafrost07 ($12.09 in chips)
Seat 2: Crspy Bacon ($201.54 in chips)
permafrost07: posts small blind $1
Crspy Bacon: posts big blind $3
*** HOLE CARDS ***
permafrost07: raises $3 to $6
Crspy Bacon: raises $3 to $9
permafrost07: raises $3 to $12
Betting is capped
Crspy Bacon: calls $3
*** FLOP *** [8c Kh 3c]
Crspy Bacon: checks
permafrost07: bets $0.09 and is all-in
Crspy Bacon: calls $0.09
*** TURN *** [8c Kh 3c] [Kd]
*** RIVER *** [8c Kh 3c Kd] [7s]
*** SHOW DOWN ***
Crspy Bacon: shows [3h Ac] (two pair, Kings and Threes)
permafrost07: shows [5h As] (a pair of Kings)
Crspy Bacon collected $23.70 from pot
*** SUMMARY ***
Total pot $24.18 | Rake $0.48
Board [8c Kh 3c Kd 7s]
Seat 1: permafrost07 (button) (small blind) showed [5h As] and lost with a pair of Kings
Seat 2: Crspy Bacon (big blind) showed [3h Ac] and won ($23.70) with two pair, Kings and Threes


PokerStars Hand #147057464365:  Hold'em Limit ($3/$6 USD) - 2016/01/14 21:28:28 ET
Table 'Ornamenta IV' 2-max Seat #1 is the button
Seat 1: permafrost07 ($112.75 in chips)
Seat 2: Crspy Bacon ($218.91 in chips)
permafrost07: posts small blind $1
Crspy Bacon: posts big blind $3
*** HOLE CARDS ***
permafrost07: calls $2
Crspy Bacon: checks
*** FLOP *** [Ts As 6s]
Crspy Bacon: bets $3
permafrost07: raises $3 to $6
Crspy Bacon: folds
Uncalled bet ($3) returned to permafrost07
permafrost07 collected $11.76 from pot
permafrost07: doesn't show hand
*** SUMMARY ***
Total pot $12 | Rake $0.24
Board [Ts As 6s]
Seat 1: permafrost07 (button) (small blind) collected ($11.76)
Seat 2: Crspy Bacon (big blind) folded on the Flop


PokerStars Hand #147057457797:  Hold'em Limit ($3/$6 USD) - 2016/01/14 21:28:14 ET
Table 'Ornamenta IV' 2-max Seat #2 is the button
Seat 1: permafrost07 ($118.75 in chips)
Seat 2: Crspy Bacon ($213.15 in chips)
Crspy Bacon: posts small blind $1
permafrost07: posts big blind $3
*** HOLE CARDS ***
Crspy Bacon: raises $3 to $6
permafrost07: calls $3
*** FLOP *** [Kh Jc 8d]
permafrost07: checks
Crspy Bacon: bets $3
permafrost07: folds
Uncalled bet ($3) returned to Crspy Bacon
Crspy Bacon collected $11.76 from pot
Crspy Bacon: doesn't show hand
*** SUMMARY ***
Total pot $12 | Rake $0.24
Board [Kh Jc 8d]
Seat 1: permafrost07 (big blind) folded on the Flop
Seat 2: Crspy Bacon (button) (small blind) collected ($11.76)


PokerStars Hand #147057493625:  Hold'em Limit ($3/$6 USD) - 2016/01/14 21:29:33 ET
Table 'Ornamenta IV' 2-max Seat #1 is the button
Seat 1: permafrost07 ($88.51 in chips)
Seat 2: Crspy Bacon ($242.17 in chips)
permafrost07: posts small blind $1
Crspy Bacon: posts big blind $3
*** HOLE CARDS ***
permafrost07: raises $3 to $6
Crspy Bacon: raises $3 to $9
permafrost07: calls $3
*** FLOP *** [Js Qd 3c]
Crspy Bacon: bets $3
permafrost07: raises $3 to $6
Crspy Bacon: raises $3 to $9
permafrost07: calls $3
*** TURN *** [Js Qd 3c] [5h]
Crspy Bacon: bets $6
permafrost07: calls $6
*** RIVER *** [Js Qd 3c 5h] [7c]
Crspy Bacon: bets $6
permafrost07: calls $6
*** SHOW DOWN ***
Crspy Bacon: shows [Kd Qh] (a pair of Queens)
permafrost07: mucks hand
Crspy Bacon collected $59.50 from pot
*** SUMMARY ***
Total pot $60 | Rake $0.50
Board [Js Qd 3c 5h 7c]
Seat 1: permafrost07 (button) (small blind) mucked
Seat 2: Crspy Bacon (big blind) showed [Kd Qh] and won ($59.50) with a pair of Queens


PokerStars Hand #147057484695:  Hold'em Limit ($3/$6 USD) - 2016/01/14 21:29:13 ET
Table 'Ornamenta IV' 2-max Seat #2 is the button
Seat 1: permafrost07 ($115.51 in chips)
Seat 2: Crspy Bacon ($215.67 in chips)
Crspy Bacon: posts small blind $1
permafrost07: posts big blind $3
*** HOLE CARDS ***
Crspy Bacon: raises $3 to $6
permafrost07: calls $3
*** FLOP *** [9c 8c Jh]
permafrost07: bets $3
Crspy Bacon: calls $3
*** TURN *** [9c 8c Jh] [Ac]
permafrost07: bets $6
Crspy Bacon: raises $6 to $12
permafrost07: calls $6
*** RIVER *** [9c 8c Jh Ac] [Jd]
permafrost07: bets $6
Crspy Bacon: calls $6
*** SHOW DOWN ***
permafrost07: shows [7c 2h] (a pair of Jacks)
Crspy Bacon: shows [5d As] (two pair, Aces and Jacks)
Crspy Bacon collected $53.50 from pot
*** SUMMARY ***
Total pot $54 | Rake $0.50
Board [9c 8c Jh Ac Jd]
Seat 1: permafrost07 (big blind) showed [7c 2h] and lost with a pair of Jacks
Seat 2: Crspy Bacon (button) (small blind) showed [5d As] and won ($53.50) with two pair, Aces and Jacks


PokerStars Hand #147057482089:  Hold'em Limit ($3/$6 USD) - 2016/01/14 21:29:07 ET
Table 'Ornamenta IV' 2-max Seat #1 is the button
Seat 1: permafrost07 ($112.51 in chips)
Seat 2: Crspy Bacon ($218.67 in chips)
permafrost07: posts small blind $1
Crspy Bacon: posts big blind $3
*** HOLE CARDS ***
permafrost07: raises $3 to $6
Crspy Bacon: folds
Uncalled bet ($3) returned to permafrost07
permafrost07 collected $6 from pot
permafrost07: doesn't show hand
*** SUMMARY ***
Total pot $6 | Rake $0
Seat 1: permafrost07 (button) (small blind) collected ($6)
Seat 2: Crspy Bacon (big blind) folded before Flop


PokerStars Hand #147057471689:  Hold'em Limit ($3/$6 USD) - 2016/01/14 21:28:44 ET
Table 'Ornamenta IV' 2-max Seat #2 is the button
Seat 1: permafrost07 ($118.51 in chips)
Seat 2: Crspy Bacon ($212.91 in chips)
Crspy Bacon: posts small blind $1
permafrost07: posts big blind $3
*** HOLE CARDS ***
Crspy Bacon: raises $3 to $6
permafrost07: calls $3
*** FLOP *** [Qh 6s Ac]
permafrost07: checks
Crspy Bacon: bets $3
permafrost07: folds
Uncalled bet ($3) returned to Crspy Bacon
Crspy Bacon collected $11.76 from pot
Crspy Bacon: doesn't show hand
*** SUMMARY ***
Total pot $12 | Rake $0.24
Board [Qh 6s Ac]
Seat 1: permafrost07 (big blind) folded on the Flop
Seat 2: Crspy Bacon (button) (small blind) collected ($11.76)


PokerStars Hand #147057509041:  Hold'em Limit ($3/$6 USD) - 2016/01/14 21:30:06 ET
Table 'Ornamenta IV' 2-max Seat #1 is the button
Seat 1: permafrost07 ($67.15 in chips)
Seat 2: Crspy Bacon ($262.67 in chips)
permafrost07: posts small blind $1
Crspy Bacon: posts big blind $3
*** HOLE CARDS ***
permafrost07: folds
Uncalled bet ($2) returned to Crspy Bacon
Crspy Bacon collected $2 from pot
Crspy Bacon: doesn't show hand
*** SUMMARY ***
Total pot $2 | Rake $0
Seat 1: permafrost07 (button) (small blind) folded before Flop
Seat 2: Crspy Bacon (big blind) collected ($2)


PokerStars Hand #147057500996:  Hold'em Limit ($3/$6 USD) - 2016/01/14 21:29:49 ET
Table 'Ornamenta IV' 2-max Seat #2 is the button
Seat 1: permafrost07 ($58.51 in chips)
Seat 2: Crspy Bacon ($271.67 in chips)
Crspy Bacon: posts small blind $1
permafrost07: posts big blind $3
*** HOLE CARDS ***
Crspy Bacon: raises $3 to $6
permafrost07: calls $3
*** FLOP *** [Jc Ad 9s]
permafrost07: checks
Crspy Bacon: bets $3
permafrost07: calls $3
*** TURN *** [Jc Ad 9s] [3s]
permafrost07: checks
Crspy Bacon: checks
*** RIVER *** [Jc Ad 9s 3s] [4s]
permafrost07: checks
Crspy Bacon: checks
*** SHOW DOWN ***
permafrost07: shows [2d Td] (high card Ace)
Crspy Bacon: mucks hand
permafrost07 collected $17.64 from pot
*** SUMMARY ***
Total pot $18 | Rake $0.36
Board [Jc Ad 9s 3s 4s]
Seat 1: permafrost07 (big blind) showed [2d Td] and won ($17.64) with high card Ace
Seat 2: Crspy Bacon (button) (small blind) mucked


PokerStars Hand #147057529228:  Hold'em Limit ($3/$6 USD) - 2016/01/14 21:30:50 ET
Table 'Ornamenta IV' 2-max Seat #2 is the button
Seat 1: permafrost07 ($54.15 in chips)
Seat 2: Crspy Bacon ($275.19 in chips)
Crspy Bacon: posts small blind $1
permafrost07: posts big blind $3
*** HOLE CARDS ***
Crspy Bacon: raises $3 to $6
permafrost07: raises $3 to $9
Crspy Bacon: calls $3
*** FLOP *** [Kd 8d 7c]
permafrost07: bets $3
Crspy Bacon: folds
Uncalled bet ($3) returned to permafrost07
permafrost07 collected $17.64 from pot
permafrost07: doesn't show hand
*** SUMMARY ***
Total pot $18 | Rake $0.36
Board [Kd 8d 7c]
Seat 1: permafrost07 (big blind) collected ($17.64)
Seat 2: Crspy Bacon (button) (small blind) folded on the Flop


PokerStars Hand #147057526017:  Hold'em Limit ($3/$6 USD) - 2016/01/14 21:30:43 ET
Table 'Ornamenta IV' 2-max Seat #1 is the button
Seat 1: permafrost07 ($51.15 in chips)
Seat 2: Crspy Bacon ($278.19 in chips)
permafrost07: posts small blind $1
Crspy Bacon: posts big blind $3
*** HOLE CARDS ***
permafrost07: raises $3 to $6
Crspy Bacon: folds
Uncalled bet ($3) returned to permafrost07
permafrost07 collected $6 from pot
permafrost07: doesn't show hand
*** SUMMARY ***
Total pot $6 | Rake $0
Seat 1: permafrost07 (button) (small blind) collected ($6)
Seat 2: Crspy Bacon (big blind) folded before Flop


PokerStars Hand #147057523568:  Hold'em Limit ($3/$6 USD) - 2016/01/14 21:30:38 ET
Table 'Ornamenta IV' 2-max Seat #2 is the button
Seat 1: permafrost07 ($54.15 in chips)
Seat 2: Crspy Bacon ($275.19 in chips)
Crspy Bacon: posts small blind $1
permafrost07: posts big blind $3
*** HOLE CARDS ***
Crspy Bacon: raises $3 to $6
permafrost07: folds
Uncalled bet ($3) returned to Crspy Bacon
Crspy Bacon collected $6 from pot
Crspy Bacon: doesn't show hand
*** SUMMARY ***
Total pot $6 | Rake $0
Seat 1: permafrost07 (big blind) folded before Flop
Seat 2: Crspy Bacon (button) (small blind) collected ($6)


PokerStars Hand #147057516304:  Hold'em Limit ($3/$6 USD) - 2016/01/14 21:30:22 ET
Table 'Ornamenta IV' 2-max Seat #1 is the button
Seat 1: permafrost07 ($60.15 in chips)
Seat 2: Crspy Bacon ($269.43 in chips)
permafrost07: posts small blind $1
Crspy Bacon: posts big blind $3
*** HOLE CARDS ***
permafrost07: calls $2
Crspy Bacon: raises $3 to $6
permafrost07: calls $3
*** FLOP *** [6d 7h Ac]
Crspy Bacon: bets $3
permafrost07: folds
Uncalled bet ($3) returned to Crspy Bacon
Crspy Bacon collected $11.76 from pot
Crspy Bacon: doesn't show hand
*** SUMMARY ***
Total pot $12 | Rake $0.24
Board [6d 7h Ac]
Seat 1: permafrost07 (button) (small blind) folded on the Flop
Seat 2: Crspy Bacon (big blind) collected ($11.76)


PokerStars Hand #147057511515:  Hold'em Limit ($3/$6 USD) - 2016/01/14 21:30:12 ET
Table 'Ornamenta IV' 2-max Seat #2 is the button
Seat 1: permafrost07 ($66.15 in chips)
Seat 2: Crspy Bacon ($263.67 in chips)
Crspy Bacon: posts small blind $1
permafrost07: posts big blind $3
*** HOLE CARDS ***
Crspy Bacon: raises $3 to $6
permafrost07: calls $3
*** FLOP *** [8h 8d 5s]
permafrost07: checks
Crspy Bacon: bets $3
permafrost07: folds
Uncalled bet ($3) returned to Crspy Bacon
Crspy Bacon collected $11.76 from pot
Crspy Bacon: doesn't show hand
*** SUMMARY ***
Total pot $12 | Rake $0.24
Board [8h 8d 5s]
Seat 1: permafrost07 (big blind) folded on the Flop
Seat 2: Crspy Bacon (button) (small blind) collected ($11.76)


PokerStars Hand #147057533220:  Hold'em Limit ($3/$6 USD) - 2016/01/14 21:30:59 ET
Table 'Ornamenta IV' 2-max Seat #1 is the button
Seat 1: permafrost07 ($62.79 in chips)
Seat 2: Crspy Bacon ($266.19 in chips)
permafrost07: posts small blind $1
Crspy Bacon: posts big blind $3
*** HOLE CARDS ***
permafrost07: raises $3 to $6
Crspy Bacon: raises $3 to $9
permafrost07: calls $3
*** FLOP *** [7d Jd 3s]
Crspy Bacon: bets $3
permafrost07: calls $3
*** TURN *** [7d Jd 3s] [8d]
Crspy Bacon: bets $6
permafrost07: calls $6
*** RIVER *** [7d Jd 3s 8d] [2h]
Crspy Bacon: bets $6
permafrost07: folds
Uncalled bet ($6) returned to Crspy Bacon
Crspy Bacon collected $35.50 from pot
Crspy Bacon: doesn't show hand
*** SUMMARY ***
Total pot $36 | Rake $0.50
Board [7d Jd 3s 8d 2h]
Seat 1: permafrost07 (button) (small blind) folded on the River
Seat 2: Crspy Bacon (big blind) collected ($35.50)


PokerStars Hand #147057541138:  Hold'em Limit ($3/$6 USD) - 2016/01/14 21:31:16 ET
Table 'Ornamenta IV' 2-max Seat #2 is the button
Seat 1: permafrost07 ($44.79 in chips)
Seat 2: Crspy Bacon ($283.69 in chips)
Crspy Bacon: posts small blind $1
permafrost07: posts big blind $3
*** HOLE CARDS ***
Crspy Bacon: raises $3 to $6
permafrost07: calls $3
*** FLOP *** [Jh 9d Td]
permafrost07: checks
Crspy Bacon: bets $3
permafrost07: calls $3
*** TURN *** [Jh 9d Td] [Js]
permafrost07: checks
Crspy Bacon: bets $6
permafrost07: folds
Uncalled bet ($6) returned to Crspy Bacon
Crspy Bacon collected $17.64 from pot
Crspy Bacon: doesn't show hand
*** SUMMARY ***
Total pot $18 | Rake $0.36
Board [Jh 9d Td Js]
Seat 1: permafrost07 (big blind) folded on the Turn
Seat 2: Crspy Bacon (button) (small blind) collected ($17.64)


PokerStars Hand #147057583885:  Hold'em Limit ($3/$6 USD) - 2016/01/14 21:32:50 ET
Table 'Ornamenta IV' 2-max Seat #2 is the button
Seat 1: permafrost07 ($55.92 in chips)
Seat 2: Crspy Bacon ($271.08 in chips)
Crspy Bacon: posts small blind $1
permafrost07: posts big blind $3
*** HOLE CARDS ***
Crspy Bacon: raises $3 to $6
permafrost07: calls $3
*** FLOP *** [4s Kc Ac]
permafrost07: bets $3
Crspy Bacon: folds
Uncalled bet ($3) returned to permafrost07
permafrost07 collected $11.76 from pot
permafrost07: doesn't show hand
*** SUMMARY ***
Total pot $12 | Rake $0.24
Board [4s Kc Ac]
Seat 1: permafrost07 (big blind) collected ($11.76)
Seat 2: Crspy Bacon (button) (small blind) folded on the Flop


PokerStars Hand #147057575078:  Hold'em Limit ($3/$6 USD) - 2016/01/14 21:32:31 ET
Table 'Ornamenta IV' 2-max Seat #1 is the button
Seat 1: permafrost07 ($38.42 in chips)
Seat 2: Crspy Bacon ($289.08 in chips)
permafrost07: posts small blind $1
Crspy Bacon: posts big blind $3
*** HOLE CARDS ***
permafrost07: raises $3 to $6
Crspy Bacon: raises $3 to $9
permafrost07: calls $3
*** FLOP *** [8c 3s 7d]
Crspy Bacon: bets $3
permafrost07: calls $3
*** TURN *** [8c 3s 7d] [2d]
Crspy Bacon: bets $6
permafrost07: calls $6
*** RIVER *** [8c 3s 7d 2d] [4s]
Crspy Bacon: checks
permafrost07: checks
*** SHOW DOWN ***
Crspy Bacon: shows [Jd Tc] (high card Jack)
permafrost07: shows [6h 2h] (a pair of Deuces)
permafrost07 collected $35.50 from pot
*** SUMMARY ***
Total pot $36 | Rake $0.50
Board [8c 3s 7d 2d 4s]
Seat 1: permafrost07 (button) (small blind) showed [6h 2h] and won ($35.50) with a pair of Deuces
Seat 2: Crspy Bacon (big blind) showed [Jd Tc] and lost with high card Jack


PokerStars Hand #147057564189:  Hold'em Limit ($3/$6 USD) - 2016/01/14 21:32:07 ET
Table 'Ornamenta IV' 2-max Seat #2 is the button
Seat 1: permafrost07 ($38.67 in chips)
Seat 2: Crspy Bacon ($289.33 in chips)
Crspy Bacon: posts small blind $1
permafrost07: posts big blind $3
*** HOLE CARDS ***
Crspy Bacon: raises $3 to $6
permafrost07: calls $3
*** FLOP *** [Js 2c 8s]
permafrost07: bets $3
Crspy Bacon: calls $3
*** TURN *** [Js 2c 8s] [2h]
permafrost07: bets $6
Crspy Bacon: calls $6
*** RIVER *** [Js 2c 8s 2h] [Ks]
permafrost07: checks
Crspy Bacon: bets $6
permafrost07: calls $6
*** SHOW DOWN ***
Crspy Bacon: shows [Jc 3c] (two pair, Jacks and Deuces)
permafrost07: shows [5d Jd] (two pair, Jacks and Deuces)
permafrost07 collected $20.75 from pot
Crspy Bacon collected $20.75 from pot
*** SUMMARY ***
Total pot $42 | Rake $0.50
Board [Js 2c 8s 2h Ks]
Seat 1: permafrost07 (big blind) showed [5d Jd] and won ($20.75) with two pair, Jacks and Deuces
Seat 2: Crspy Bacon (button) (small blind) showed [Jc 3c] and won ($20.75) with two pair, Jacks and Deuces


PokerStars Hand #147057605446:  Hold'em Limit ($3/$6 USD) - 2016/01/14 21:33:38 ET
Table 'Ornamenta IV' 2-max Seat #1 is the button
Seat 1: permafrost07 ($25.68 in chips)
Seat 2: Crspy Bacon ($300.34 in chips)
permafrost07: posts small blind $1
Crspy Bacon: posts big blind $3
*** HOLE CARDS ***
permafrost07: calls $2
Crspy Bacon: raises $3 to $6
permafrost07: calls $3
*** FLOP *** [4c Ks Kh]
Crspy Bacon: bets $3
permafrost07: raises $3 to $6
Crspy Bacon: calls $3
*** TURN *** [4c Ks Kh] [Js]
Crspy Bacon: checks
permafrost07: bets $6
Crspy Bacon: folds
Uncalled bet ($6) returned to permafrost07
permafrost07 collected $23.52 from pot
permafrost07: doesn't show hand
*** SUMMARY ***
Total pot $24 | Rake $0.48
Board [4c Ks Kh Js]
Seat 1: permafrost07 (button) (small blind) collected ($23.52)
Seat 2: Crspy Bacon (big blind) folded on the Turn


PokerStars Hand #147057600826:  Hold'em Limit ($3/$6 USD) - 2016/01/14 21:33:28 ET
Table 'Ornamenta IV' 2-max Seat #2 is the button
Seat 1: permafrost07 ($31.68 in chips)
Seat 2: Crspy Bacon ($294.58 in chips)
Crspy Bacon: posts small blind $1
permafrost07: posts big blind $3
*** HOLE CARDS ***
Crspy Bacon: raises $3 to $6
permafrost07: calls $3
*** FLOP *** [2c 2h Qs]
permafrost07: checks
Crspy Bacon: bets $3
permafrost07: folds
Uncalled bet ($3) returned to Crspy Bacon
Crspy Bacon collected $11.76 from pot
Crspy Bacon: doesn't show hand
*** SUMMARY ***
Total pot $12 | Rake $0.24
Board [2c 2h Qs]
Seat 1: permafrost07 (big blind) folded on the Flop
Seat 2: Crspy Bacon (button) (small blind) collected ($11.76)


PokerStars Hand #147057588963:  Hold'em Limit ($3/$6 USD) - 2016/01/14 21:33:02 ET
Table 'Ornamenta IV' 2-max Seat #1 is the button
Seat 1: permafrost07 ($61.68 in chips)
Seat 2: Crspy Bacon ($265.08 in chips)
permafrost07: posts small blind $1
Crspy Bacon: posts big blind $3
*** HOLE CARDS ***
permafrost07: raises $3 to $6
Crspy Bacon: raises $3 to $9
permafrost07: raises $3 to $12
Betting is capped
Crspy Bacon: calls $3
*** FLOP *** [4d 5c 6h]
Crspy Bacon: checks
permafrost07: bets $3
Crspy Bacon: raises $3 to $6
permafrost07: calls $3
*** TURN *** [4d 5c 6h] [8c]
Crspy Bacon: bets $6
permafrost07: calls $6
*** RIVER *** [4d 5c 6h 8c] [Kc]
Crspy Bacon: bets $6
permafrost07: calls $6
*** SHOW DOWN ***
Crspy Bacon: shows [Th Td] (a pair of Tens)
permafrost07: mucks hand
Crspy Bacon collected $59.50 from pot
*** SUMMARY ***
Total pot $60 | Rake $0.50
Board [4d 5c 6h 8c Kc]
Seat 1: permafrost07 (button) (small blind) mucked
Seat 2: Crspy Bacon (big blind) showed [Th Td] and won ($59.50) with a pair of Tens


PokerStars Hand #147057633024:  Hold'em Limit ($3/$6 USD) - 2016/01/14 21:34:39 ET
Table 'Ornamenta IV' 2-max Seat #1 is the button
Seat 1: permafrost07 ($73.22 in chips)
Seat 2: Crspy Bacon ($251.34 in chips)
permafrost07: posts small blind $1
Crspy Bacon: posts big blind $3
*** HOLE CARDS ***
permafrost07: raises $3 to $6
Crspy Bacon: calls $3
*** FLOP *** [7d Kd 4s]
Crspy Bacon: checks
permafrost07: bets $3
Crspy Bacon: folds
Uncalled bet ($3) returned to permafrost07
permafrost07 collected $11.76 from pot
permafrost07: doesn't show hand
*** SUMMARY ***
Total pot $12 | Rake $0.24
Board [7d Kd 4s]
Seat 1: permafrost07 (button) (small blind) collected ($11.76)
Seat 2: Crspy Bacon (big blind) folded on the Flop


PokerStars Hand #147057630841:  Hold'em Limit ($3/$6 USD) - 2016/01/14 21:34:35 ET
Table 'Ornamenta IV' 2-max Seat #2 is the button
Seat 1: permafrost07 ($72.22 in chips)
Seat 2: Crspy Bacon ($252.34 in chips)
Crspy Bacon: posts small blind $1
permafrost07: posts big blind $3
*** HOLE CARDS ***
Crspy Bacon: folds
Uncalled bet ($2) returned to permafrost07
permafrost07 collected $2 from pot
permafrost07: doesn't show hand
*** SUMMARY ***
Total pot $2 | Rake $0
Seat 1: permafrost07 (big blind) collected ($2)
Seat 2: Crspy Bacon (button) (small blind) folded before Flop


PokerStars Hand #147057624031:  Hold'em Limit ($3/$6 USD) - 2016/01/14 21:34:19 ET
Table 'Ornamenta IV' 2-max Seat #1 is the button
Seat 1: permafrost07 ($48.72 in chips)
Seat 2: Crspy Bacon ($276.34 in chips)
permafrost07: posts small blind $1
Crspy Bacon: posts big blind $3
*** HOLE CARDS ***
permafrost07: raises $3 to $6
Crspy Bacon: calls $3
*** FLOP *** [Kc 2h Kh]
Crspy Bacon: checks
permafrost07: bets $3
Crspy Bacon: raises $3 to $6
permafrost07: calls $3
*** TURN *** [Kc 2h Kh] [Jh]
Crspy Bacon: bets $6
permafrost07: calls $6
*** RIVER *** [Kc 2h Kh Jh] [Kd]
Crspy Bacon: bets $6
permafrost07: calls $6
*** SHOW DOWN ***
Crspy Bacon: shows [Qd 2s] (a full house, Kings full of Deuces)
permafrost07: shows [Jc 5c] (a full house, Kings full of Jacks)
permafrost07 collected $47.50 from pot
*** SUMMARY ***
Total pot $48 | Rake $0.50
Board [Kc 2h Kh Jh Kd]
Seat 1: permafrost07 (button) (small blind) showed [Jc 5c] and won ($47.50) with a full house, Kings full of Jacks
Seat 2: Crspy Bacon (big blind) showed [Qd 2s] and lost with a full house, Kings full of Deuces


PokerStars Hand #147057616471:  Hold'em Limit ($3/$6 USD) - 2016/01/14 21:34:02 ET
Table 'Ornamenta IV' 2-max Seat #2 is the button
Seat 1: permafrost07 ($37.20 in chips)
Seat 2: Crspy Bacon ($288.34 in chips)
Crspy Bacon: posts small blind $1
permafrost07: posts big blind $3
*** HOLE CARDS ***
Crspy Bacon: raises $3 to $6
permafrost07: raises $3 to $9
Crspy Bacon: calls $3
*** FLOP *** [2d 2c Tc]
permafrost07: bets $3
Crspy Bacon: calls $3
*** TURN *** [2d 2c Tc] [As]
permafrost07: checks
Crspy Bacon: checks
*** RIVER *** [2d 2c Tc As] [3c]
permafrost07: checks
Crspy Bacon: checks
*** SHOW DOWN ***
permafrost07: shows [4s 4d] (two pair, Fours and Deuces)
Crspy Bacon: mucks hand
permafrost07 collected $23.52 from pot
*** SUMMARY ***
Total pot $24 | Rake $0.48
Board [2d 2c Tc As 3c]
Seat 1: permafrost07 (big blind) showed [4s 4d] and won ($23.52) with two pair, Fours and Deuces
Seat 2: Crspy Bacon (button) (small blind) mucked


PokerStars Hand #147057668042:  Hold'em Limit ($3/$6 USD) - 2016/01/14 21:35:57 ET
Table 'Ornamenta IV' 2-max Seat #1 is the button
Seat 1: permafrost07 ($9.98 in chips)
Seat 2: Crspy Bacon ($312.74 in chips)
permafrost07: posts small blind $1
Crspy Bacon: posts big blind $3
*** HOLE CARDS ***
permafrost07: folds
Uncalled bet ($2) returned to Crspy Bacon
Crspy Bacon collected $2 from pot
Crspy Bacon: doesn't show hand
*** SUMMARY ***
Total pot $2 | Rake $0
Seat 1: permafrost07 (button) (small blind) folded before Flop
Seat 2: Crspy Bacon (big blind) collected ($2)


PokerStars Hand #147057661521:  Hold'em Limit ($3/$6 USD) - 2016/01/14 21:35:43 ET
Table 'Ornamenta IV' 2-max Seat #2 is the button
Seat 1: permafrost07 ($18.98 in chips)
Seat 2: Crspy Bacon ($304.10 in chips)
Crspy Bacon: posts small blind $1
permafrost07: posts big blind $3
*** HOLE CARDS ***
Crspy Bacon: raises $3 to $6
permafrost07: calls $3
*** FLOP *** [8d 5h Ah]
permafrost07: checks
Crspy Bacon: bets $3
permafrost07: calls $3
*** TURN *** [8d 5h Ah] [Qd]
permafrost07: checks
Crspy Bacon: bets $6
permafrost07: folds
Uncalled bet ($6) returned to Crspy Bacon
Crspy Bacon collected $17.64 from pot
Crspy Bacon: doesn't show hand
*** SUMMARY ***
Total pot $18 | Rake $0.36
Board [8d 5h Ah Qd]
Seat 1: permafrost07 (big blind) folded on the Turn
Seat 2: Crspy Bacon (button) (small blind) collected ($17.64)


PokerStars Hand #147057656773:  Hold'em Limit ($3/$6 USD) - 2016/01/14 21:35:32 ET
Table 'Ornamenta IV' 2-max Seat #1 is the button
Seat 1: permafrost07 ($24.98 in chips)
Seat 2: Crspy Bacon ($298.34 in chips)
permafrost07: posts small blind $1
Crspy Bacon: posts big blind $3
*** HOLE CARDS ***
permafrost07: calls $2
Crspy Bacon: raises $3 to $6
permafrost07: calls $3
*** FLOP *** [9h Kc 2c]
Crspy Bacon: bets $3
permafrost07: folds
Uncalled bet ($3) returned to Crspy Bacon
Crspy Bacon collected $11.76 from pot
Crspy Bacon: doesn't show hand
*** SUMMARY ***
Total pot $12 | Rake $0.24
Board [9h Kc 2c]
Seat 1: permafrost07 (button) (small blind) folded on the Flop
Seat 2: Crspy Bacon (big blind) collected ($11.76)


PokerStars Hand #147057654240:  Hold'em Limit ($3/$6 USD) - 2016/01/14 21:35:27 ET
Table 'Ornamenta IV' 2-max Seat #2 is the button
Seat 1: permafrost07 ($27.98 in chips)
Seat 2: Crspy Bacon ($295.34 in chips)
Crspy Bacon: posts small blind $1
permafrost07: posts big blind $3
*** HOLE CARDS ***
Crspy Bacon: raises $3 to $6
permafrost07: folds
Uncalled bet ($3) returned to Crspy Bacon
Crspy Bacon collected $6 from pot
Crspy Bacon: doesn't show hand
*** SUMMARY ***
Total pot $6 | Rake $0
Seat 1: permafrost07 (big blind) folded before Flop
Seat 2: Crspy Bacon (button) (small blind) collected ($6)


PokerStars Hand #147057647664:  Hold'em Limit ($3/$6 USD) - 2016/01/14 21:35:12 ET
Table 'Ornamenta IV' 2-max Seat #1 is the button
Seat 1: permafrost07 ($51.98 in chips)
Seat 2: Crspy Bacon ($271.84 in chips)
permafrost07: posts small blind $1
Crspy Bacon: posts big blind $3
*** HOLE CARDS ***
permafrost07: raises $3 to $6
Crspy Bacon: raises $3 to $9
permafrost07: calls $3
*** FLOP *** [8c 3s Kd]
Crspy Bacon: bets $3
permafrost07: calls $3
*** TURN *** [8c 3s Kd] [Th]
Crspy Bacon: bets $6
permafrost07: calls $6
*** RIVER *** [8c 3s Kd Th] [4d]
Crspy Bacon: bets $6
permafrost07: calls $6
*** SHOW DOWN ***
Crspy Bacon: shows [Td Ah] (a pair of Tens)
permafrost07: mucks hand
Crspy Bacon collected $47.50 from pot
*** SUMMARY ***
Total pot $48 | Rake $0.50
Board [8c 3s Kd Th 4d]
Seat 1: permafrost07 (button) (small blind) mucked
Seat 2: Crspy Bacon (big blind) showed [Td Ah] and won ($47.50) with a pair of Tens


PokerStars Hand #147057637506:  Hold'em Limit ($3/$6 USD) - 2016/01/14 21:34:49 ET
Table 'Ornamenta IV' 2-max Seat #2 is the button
Seat 1: permafrost07 ($78.98 in chips)
Seat 2: Crspy Bacon ($245.34 in chips)
Crspy Bacon: posts small blind $1
permafrost07: posts big blind $3
*** HOLE CARDS ***
Crspy Bacon: raises $3 to $6
permafrost07: raises $3 to $9
Crspy Bacon: raises $3 to $12
Betting is capped
permafrost07: calls $3
*** FLOP *** [Ks 8d 9h]
permafrost07: checks
Crspy Bacon: bets $3
permafrost07: calls $3
*** TURN *** [Ks 8d 9h] [As]
permafrost07: checks
Crspy Bacon: bets $6
permafrost07: calls $6
*** RIVER *** [Ks 8d 9h As] [2s]
permafrost07: checks
Crspy Bacon: bets $6
permafrost07: calls $6
*** SHOW DOWN ***
Crspy Bacon: shows [Kd Ah] (two pair, Aces and Kings)
permafrost07: mucks hand
Crspy Bacon collected $53.50 from pot
*** SUMMARY ***
Total pot $54 | Rake $0.50
Board [Ks 8d 9h As 2s]
Seat 1: permafrost07 (big blind) mucked
Seat 2: Crspy Bacon (button) (small blind) showed [Kd Ah] and won ($53.50) with two pair, Aces and Kings


PokerStars Hand #147057670741:  Hold'em Limit ($3/$6 USD) - 2016/01/14 21:36:03 ET
Table 'Ornamenta IV' 2-max Seat #2 is the button
Seat 1: permafrost07 ($8.98 in chips)
Seat 2: Crspy Bacon ($313.74 in chips)
Crspy Bacon: posts small blind $1
permafrost07: posts big blind $3
*** HOLE CARDS ***
Crspy Bacon: calls $2
permafrost07: checks
*** FLOP *** [Th 9h 2c]
permafrost07: bets $3
Crspy Bacon: raises $3 to $6
permafrost07: calls $2.98 and is all-in
Uncalled bet ($0.02) returned to Crspy Bacon
*** TURN *** [Th 9h 2c] [Ac]
*** RIVER *** [Th 9h 2c Ac] [Kh]
*** SHOW DOWN ***
permafrost07: shows [Tc Js] (a pair of Tens)
Crspy Bacon: shows [3h 5h] (a flush, King high)
Crspy Bacon collected $17.60 from pot
*** SUMMARY ***
Total pot $17.96 | Rake $0.36
Board [Th 9h 2c Ac Kh]
Seat 1: permafrost07 (big blind) showed [Tc Js] and lost with a pair of Tens
Seat 2: Crspy Bacon (button) (small blind) showed [3h 5h] and won ($17.60) with a flush, King high


