PokerStars Hand #149748579419:  Hold'em Limit ($3/$6 USD) - 2016/03/02 19:50:08 ET
Table 'Ornamenta' 6-max Seat #1 is the button
Seat 1: costakis28 ($57.39 in chips)
Seat 5: Pandakey ($125.04 in chips)
costakis28: posts small blind $1
Pandakey: posts big blind $3
*** HOLE CARDS ***
costakis28: folds
Uncalled bet ($2) returned to Pandakey
Pandakey collected $2 from pot
Pandakey: doesn't show hand
*** SUMMARY ***
Total pot $2 | Rake $0
Seat 1: costakis28 (button) (small blind) folded before Flop
Seat 5: Pandakey (big blind) collected ($2)


PokerStars Hand #149748576595:  Hold'em Limit ($3/$6 USD) - 2016/03/02 19:50:03 ET
Table 'Ornamenta' 6-max Seat #5 is the button
Seat 1: costakis28 ($56.39 in chips)
Seat 5: Pandakey ($126.04 in chips)
Pandakey: posts small blind $1
costakis28: posts big blind $3
*** HOLE CARDS ***
Pandakey: folds
Uncalled bet ($2) returned to costakis28
costakis28 collected $2 from pot
costakis28: doesn't show hand
*** SUMMARY ***
Total pot $2 | Rake $0
Seat 1: costakis28 (big blind) collected ($2)
Seat 5: Pandakey (button) (small blind) folded before Flop


PokerStars Hand #149748574098:  Hold'em Limit ($3/$6 USD) - 2016/03/02 19:49:58 ET
Table 'Ornamenta' 6-max Seat #1 is the button
Seat 1: costakis28 ($57.39 in chips)
Seat 5: Pandakey ($125.04 in chips)
costakis28: posts small blind $1
Pandakey: posts big blind $3
*** HOLE CARDS ***
costakis28: folds
Uncalled bet ($2) returned to Pandakey
Pandakey collected $2 from pot
Pandakey: doesn't show hand
*** SUMMARY ***
Total pot $2 | Rake $0
Seat 1: costakis28 (button) (small blind) folded before Flop
Seat 5: Pandakey (big blind) collected ($2)


PokerStars Hand #149748567949:  Hold'em Limit ($3/$6 USD) - 2016/03/02 19:49:47 ET
Table 'Ornamenta' 6-max Seat #5 is the button
Seat 1: costakis28 ($63.39 in chips)
Seat 5: Pandakey ($119.28 in chips)
Pandakey: posts small blind $1
costakis28: posts big blind $3
*** HOLE CARDS ***
Pandakey: raises $3 to $6
costakis28: calls $3
*** FLOP *** [6c 2s Jh]
costakis28: checks
Pandakey: bets $3
costakis28: folds
Uncalled bet ($3) returned to Pandakey
Pandakey collected $11.76 from pot
Pandakey: doesn't show hand
*** SUMMARY ***
Total pot $12 | Rake $0.24
Board [6c 2s Jh]
Seat 1: costakis28 (big blind) folded on the Flop
Seat 5: Pandakey (button) (small blind) collected ($11.76)


PokerStars Hand #149748556744:  Hold'em Limit ($3/$6 USD) - 2016/03/02 19:49:27 ET
Table 'Ornamenta' 6-max Seat #1 is the button
Seat 1: costakis28 ($45.89 in chips)
Seat 5: Pandakey ($137.28 in chips)
costakis28: posts small blind $1
Pandakey: posts big blind $3
*** HOLE CARDS ***
costakis28: raises $3 to $6
Pandakey: raises $3 to $9
costakis28: calls $3
*** FLOP *** [Qh Qc 8d]
Pandakey: bets $3
costakis28: calls $3
*** TURN *** [Qh Qc 8d] [4s]
Pandakey: checks
costakis28: checks
*** RIVER *** [Qh Qc 8d 4s] [Ah]
Pandakey: bets $6
costakis28: raises $6 to $12
Pandakey: folds
Uncalled bet ($6) returned to costakis28
costakis28 collected $35.50 from pot
costakis28: doesn't show hand
*** SUMMARY ***
Total pot $36 | Rake $0.50
Board [Qh Qc 8d 4s Ah]
Seat 1: costakis28 (button) (small blind) collected ($35.50)
Seat 5: Pandakey (big blind) folded on the River


PokerStars Hand #149748546658:  Hold'em Limit ($3/$6 USD) - 2016/03/02 19:49:09 ET
Table 'Ornamenta' 6-max Seat #5 is the button
Seat 1: costakis28 ($51.89 in chips)
Seat 5: Pandakey ($131.52 in chips)
Pandakey: posts small blind $1
costakis28: posts big blind $3
*** HOLE CARDS ***
Pandakey: raises $3 to $6
costakis28: calls $3
*** FLOP *** [Kc 2c 5d]
costakis28: checks
Pandakey: bets $3
costakis28: folds
Uncalled bet ($3) returned to Pandakey
Pandakey collected $11.76 from pot
Pandakey: doesn't show hand
*** SUMMARY ***
Total pot $12 | Rake $0.24
Board [Kc 2c 5d]
Seat 1: costakis28 (big blind) folded on the Flop
Seat 5: Pandakey (button) (small blind) collected ($11.76)


PokerStars Hand #149748616629:  Hold'em Limit ($3/$6 USD) - 2016/03/02 19:51:15 ET
Table 'Ornamenta' 6-max Seat #5 is the button
Seat 1: costakis28 ($84.39 in chips)
Seat 5: Pandakey ($96.54 in chips)
Pandakey: posts small blind $1
costakis28: posts big blind $3
*** HOLE CARDS ***
Pandakey: raises $3 to $6
costakis28: folds
Uncalled bet ($3) returned to Pandakey
Pandakey collected $6 from pot
Pandakey: doesn't show hand
*** SUMMARY ***
Total pot $6 | Rake $0
Seat 1: costakis28 (big blind) folded before Flop
Seat 5: Pandakey (button) (small blind) collected ($6)


PokerStars Hand #149748613808:  Hold'em Limit ($3/$6 USD) - 2016/03/02 19:51:09 ET
Table 'Ornamenta' 6-max Seat #1 is the button
Seat 1: costakis28 ($85.39 in chips)
Seat 5: Pandakey ($95.54 in chips)
costakis28: posts small blind $1
Pandakey: posts big blind $3
*** HOLE CARDS ***
costakis28: folds
Uncalled bet ($2) returned to Pandakey
Pandakey collected $2 from pot
Pandakey: doesn't show hand
*** SUMMARY ***
Total pot $2 | Rake $0
Seat 1: costakis28 (button) (small blind) folded before Flop
Seat 5: Pandakey (big blind) collected ($2)


PokerStars Hand #149748600951:  Hold'em Limit ($3/$6 USD) - 2016/03/02 19:50:47 ET
Table 'Ornamenta' 6-max Seat #5 is the button
Seat 1: costakis28 ($100.39 in chips)
Seat 5: Pandakey ($81.04 in chips)
Pandakey: posts small blind $1
costakis28: posts big blind $3
*** HOLE CARDS ***
Pandakey: raises $3 to $6
costakis28: calls $3
*** FLOP *** [As 4s 8s]
costakis28: checks
Pandakey: bets $3
costakis28: calls $3
*** TURN *** [As 4s 8s] [7c]
costakis28: checks
Pandakey: checks
*** RIVER *** [As 4s 8s 7c] [Jh]
costakis28: bets $6
Pandakey: calls $6
*** SHOW DOWN ***
costakis28: shows [5c 8c] (a pair of Eights)
Pandakey: shows [Qh 8d] (a pair of Eights - Ace+Queen kicker)
Pandakey collected $29.50 from pot
*** SUMMARY ***
Total pot $30 | Rake $0.50
Board [As 4s 8s 7c Jh]
Seat 1: costakis28 (big blind) showed [5c 8c] and lost with a pair of Eights
Seat 5: Pandakey (button) (small blind) showed [Qh 8d] and won ($29.50) with a pair of Eights


PokerStars Hand #149748591209:  Hold'em Limit ($3/$6 USD) - 2016/03/02 19:50:29 ET
Table 'Ornamenta' 6-max Seat #1 is the button
Seat 1: costakis28 ($70.89 in chips)
Seat 5: Pandakey ($111.04 in chips)
costakis28: posts small blind $1
Pandakey: posts big blind $3
*** HOLE CARDS ***
costakis28: raises $3 to $6
Pandakey: raises $3 to $9
costakis28: calls $3
*** FLOP *** [Jc 3d 6s]
Pandakey: bets $3
costakis28: calls $3
*** TURN *** [Jc 3d 6s] [2d]
Pandakey: bets $6
costakis28: raises $6 to $12
Pandakey: calls $6
*** RIVER *** [Jc 3d 6s 2d] [2h]
Pandakey: checks
costakis28: bets $6
Pandakey: calls $6
*** SHOW DOWN ***
costakis28: shows [Jh Qh] (two pair, Jacks and Deuces)
Pandakey: mucks hand
costakis28 collected $59.50 from pot
*** SUMMARY ***
Total pot $60 | Rake $0.50
Board [Jc 3d 6s 2d 2h]
Seat 1: costakis28 (button) (small blind) showed [Jh Qh] and won ($59.50) with two pair, Jacks and Deuces
Seat 5: Pandakey (big blind) mucked


PokerStars Hand #149748581913:  Hold'em Limit ($3/$6 USD) - 2016/03/02 19:50:12 ET
Table 'Ornamenta' 6-max Seat #5 is the button
Seat 1: costakis28 ($56.39 in chips)
Seat 5: Pandakey ($126.04 in chips)
Pandakey: posts small blind $1
costakis28: posts big blind $3
*** HOLE CARDS ***
Pandakey: raises $3 to $6
costakis28: calls $3
*** FLOP *** [Th 3h 7h]
costakis28: checks
Pandakey: bets $3
costakis28: calls $3
*** TURN *** [Th 3h 7h] [Jd]
costakis28: checks
Pandakey: checks
*** RIVER *** [Th 3h 7h Jd] [9s]
costakis28: bets $6
Pandakey: calls $6
*** SHOW DOWN ***
costakis28: shows [Kh 8d] (a straight, Seven to Jack)
Pandakey: mucks hand
costakis28 collected $29.50 from pot
*** SUMMARY ***
Total pot $30 | Rake $0.50
Board [Th 3h 7h Jd 9s]
Seat 1: costakis28 (big blind) showed [Kh 8d] and won ($29.50) with a straight, Seven to Jack
Seat 5: Pandakey (button) (small blind) mucked


PokerStars Hand #149748651253:  Hold'em Limit ($3/$6 USD) - 2016/03/02 19:52:16 ET
Table 'Ornamenta' 6-max Seat #5 is the button
Seat 1: costakis28 ($91.89 in chips)
Seat 5: Pandakey ($88.54 in chips)
Pandakey: posts small blind $1
costakis28: posts big blind $3
*** HOLE CARDS ***
Pandakey: folds
Uncalled bet ($2) returned to costakis28
costakis28 collected $2 from pot
costakis28: doesn't show hand
*** SUMMARY ***
Total pot $2 | Rake $0
Seat 1: costakis28 (big blind) collected ($2)
Seat 5: Pandakey (button) (small blind) folded before Flop


PokerStars Hand #149748630958:  Hold'em Limit ($3/$6 USD) - 2016/03/02 19:51:40 ET
Table 'Ornamenta' 6-max Seat #1 is the button
Seat 1: costakis28 ($77.39 in chips)
Seat 5: Pandakey ($103.54 in chips)
costakis28: posts small blind $1
Pandakey: posts big blind $3
*** HOLE CARDS ***
costakis28: raises $3 to $6
Pandakey: calls $3
*** FLOP *** [8s 8d Kc]
Pandakey: checks
costakis28: bets $3
Hi Im Alexey joins the table at seat #2
Pandakey: calls $3
*** TURN *** [8s 8d Kc] [6d]
Pandakey: checks
costakis28: checks
*** RIVER *** [8s 8d Kc 6d] [7h]
Pandakey: bets $6
costakis28: calls $6
*** SHOW DOWN ***
Pandakey: shows [As 6c] (two pair, Eights and Sixes)
costakis28: shows [7d Qc] (two pair, Eights and Sevens)
costakis28 collected $29.50 from pot
*** SUMMARY ***
Total pot $30 | Rake $0.50
Board [8s 8d Kc 6d 7h]
Seat 1: costakis28 (button) (small blind) showed [7d Qc] and won ($29.50) with two pair, Eights and Sevens
Seat 5: Pandakey (big blind) showed [As 6c] and lost with two pair, Eights and Sixes


PokerStars Hand #149748624594:  Hold'em Limit ($3/$6 USD) - 2016/03/02 19:51:29 ET
Table 'Ornamenta' 6-max Seat #5 is the button
Seat 1: costakis28 ($80.39 in chips)
Seat 5: Pandakey ($100.54 in chips)
Pandakey: posts small blind $1
costakis28: posts big blind $3
*** HOLE CARDS ***
Pandakey: raises $3 to $6
costakis28: folds
Uncalled bet ($3) returned to Pandakey
Pandakey collected $6 from pot
Pandakey: doesn't show hand
*** SUMMARY ***
Total pot $6 | Rake $0
Seat 1: costakis28 (big blind) folded before Flop
Seat 5: Pandakey (button) (small blind) collected ($6)


PokerStars Hand #149748621872:  Hold'em Limit ($3/$6 USD) - 2016/03/02 19:51:24 ET
Table 'Ornamenta' 6-max Seat #1 is the button
Seat 1: costakis28 ($81.39 in chips)
Seat 5: Pandakey ($99.54 in chips)
costakis28: posts small blind $1
Pandakey: posts big blind $3
*** HOLE CARDS ***
costakis28: folds
Uncalled bet ($2) returned to Pandakey
Pandakey collected $2 from pot
Pandakey: doesn't show hand
*** SUMMARY ***
Total pot $2 | Rake $0
Seat 1: costakis28 (button) (small blind) folded before Flop
Seat 5: Pandakey (big blind) collected ($2)


PokerStars Hand #149748678493:  Hold'em Limit ($3/$6 USD) - 2016/03/02 19:53:05 ET
Table 'Ornamenta' 6-max Seat #5 is the button
Seat 1: costakis28 ($56.89 in chips)
Seat 5: Pandakey ($123.04 in chips)
Pandakey: posts small blind $1
costakis28: posts big blind $3
*** HOLE CARDS ***
Pandakey: raises $3 to $6
costakis28: calls $3
*** FLOP *** [Js Th 7s]
costakis28: checks
Pandakey: checks
*** TURN *** [Js Th 7s] [6s]
costakis28: bets $6
Pandakey: calls $6
*** RIVER *** [Js Th 7s 6s] [Jh]
costakis28: bets $6
Pandakey: folds
Uncalled bet ($6) returned to costakis28
costakis28 collected $23.52 from pot
costakis28: doesn't show hand
*** SUMMARY ***
Total pot $24 | Rake $0.48
Board [Js Th 7s 6s Jh]
Seat 1: costakis28 (big blind) collected ($23.52)
Seat 5: Pandakey (button) (small blind) folded on the River


PokerStars Hand #149748675796:  Hold'em Limit ($3/$6 USD) - 2016/03/02 19:53:00 ET
Table 'Ornamenta' 6-max Seat #1 is the button
Seat 1: costakis28 ($57.89 in chips)
Seat 5: Pandakey ($122.04 in chips)
costakis28: posts small blind $1
Pandakey: posts big blind $3
*** HOLE CARDS ***
costakis28: folds
Uncalled bet ($2) returned to Pandakey
Pandakey collected $2 from pot
Pandakey: doesn't show hand
*** SUMMARY ***
Total pot $2 | Rake $0
Seat 1: costakis28 (button) (small blind) folded before Flop
Seat 5: Pandakey (big blind) collected ($2)


PokerStars Hand #149748673193:  Hold'em Limit ($3/$6 USD) - 2016/03/02 19:52:55 ET
Table 'Ornamenta' 6-max Seat #5 is the button
Seat 1: costakis28 ($56.89 in chips)
Seat 5: Pandakey ($123.04 in chips)
Pandakey: posts small blind $1
costakis28: posts big blind $3
*** HOLE CARDS ***
Pandakey: folds
Uncalled bet ($2) returned to costakis28
costakis28 collected $2 from pot
costakis28: doesn't show hand
*** SUMMARY ***
Total pot $2 | Rake $0
Seat 1: costakis28 (big blind) collected ($2)
Seat 5: Pandakey (button) (small blind) folded before Flop


PokerStars Hand #149748660886:  Hold'em Limit ($3/$6 USD) - 2016/03/02 19:52:33 ET
Table 'Ornamenta' 6-max Seat #1 is the button
Seat 1: costakis28 ($92.89 in chips)
Seat 5: Pandakey ($87.54 in chips)
costakis28: posts small blind $1
Pandakey: posts big blind $3
*** HOLE CARDS ***
costakis28: raises $3 to $6
Pandakey: raises $3 to $9
costakis28: calls $3
*** FLOP *** [Qs 4d Jd]
Pandakey: bets $3
costakis28: calls $3
*** TURN *** [Qs 4d Jd] [3s]
Pandakey: bets $6
costakis28: raises $6 to $12
Pandakey: raises $6 to $18
costakis28: calls $6
*** RIVER *** [Qs 4d Jd 3s] [8c]
Pandakey: bets $6
costakis28: calls $6
*** SHOW DOWN ***
Pandakey: shows [Kc Kd] (a pair of Kings)
costakis28: mucks hand
Pandakey collected $71.50 from pot
*** SUMMARY ***
Total pot $72 | Rake $0.50
Board [Qs 4d Jd 3s 8c]
Seat 1: costakis28 (button) (small blind) mucked
Seat 5: Pandakey (big blind) showed [Kc Kd] and won ($71.50) with a pair of Kings


PokerStars Hand #149748657647:  Hold'em Limit ($3/$6 USD) - 2016/03/02 19:52:28 ET
Table 'Ornamenta' 6-max Seat #5 is the button
Seat 1: costakis28 ($91.89 in chips)
Seat 5: Pandakey ($88.54 in chips)
Pandakey: posts small blind $1
costakis28: posts big blind $3
*** HOLE CARDS ***
Pandakey: folds
Uncalled bet ($2) returned to costakis28
costakis28 collected $2 from pot
costakis28: doesn't show hand
*** SUMMARY ***
Total pot $2 | Rake $0
Seat 1: costakis28 (big blind) collected ($2)
Seat 5: Pandakey (button) (small blind) folded before Flop


PokerStars Hand #149748654394:  Hold'em Limit ($3/$6 USD) - 2016/03/02 19:52:22 ET
Table 'Ornamenta' 6-max Seat #1 is the button
Seat 1: costakis28 ($92.89 in chips)
Seat 5: Pandakey ($87.54 in chips)
costakis28: posts small blind $1
Pandakey: posts big blind $3
*** HOLE CARDS ***
costakis28: folds
Uncalled bet ($2) returned to Pandakey
Pandakey collected $2 from pot
Pandakey: doesn't show hand
*** SUMMARY ***
Total pot $2 | Rake $0
Seat 1: costakis28 (button) (small blind) folded before Flop
Seat 5: Pandakey (big blind) collected ($2)


PokerStars Hand #149748704129:  Hold'em Limit ($3/$6 USD) - 2016/03/02 19:53:51 ET
Table 'Ornamenta' 6-max Seat #1 is the button
Seat 1: costakis28 ($47.17 in chips)
Seat 5: Pandakey ($131.54 in chips)
costakis28: posts small blind $1
Pandakey: posts big blind $3
*** HOLE CARDS ***
costakis28: raises $3 to $6
Pandakey: calls $3
*** FLOP *** [9c 9s Th]
Pandakey: checks
costakis28: bets $3
Pandakey: folds
Uncalled bet ($3) returned to costakis28
costakis28 collected $11.76 from pot
costakis28: doesn't show hand
*** SUMMARY ***
Total pot $12 | Rake $0.24
Board [9c 9s Th]
Seat 1: costakis28 (button) (small blind) collected ($11.76)
Seat 5: Pandakey (big blind) folded on the Flop


PokerStars Hand #149748692750:  Hold'em Limit ($3/$6 USD) - 2016/03/02 19:53:31 ET
Table 'Ornamenta' 6-max Seat #5 is the button
Seat 1: costakis28 ($74.17 in chips)
Seat 5: Pandakey ($105.04 in chips)
Pandakey: posts small blind $1
costakis28: posts big blind $3
*** HOLE CARDS ***
Pandakey: raises $3 to $6
costakis28: calls $3
*** FLOP *** [6h 2c Ah]
costakis28: checks
Pandakey: bets $3
costakis28: calls $3
*** TURN *** [6h 2c Ah] [Ac]
costakis28: checks
Pandakey: bets $6
costakis28: calls $6
*** RIVER *** [6h 2c Ah Ac] [2s]
costakis28: bets $6
Pandakey: raises $6 to $12
costakis28: calls $6
*** SHOW DOWN ***
Pandakey: shows [9h Ad] (a full house, Aces full of Deuces)
costakis28: mucks hand
Pandakey collected $53.50 from pot
*** SUMMARY ***
Total pot $54 | Rake $0.50
Board [6h 2c Ah Ac 2s]
Seat 1: costakis28 (big blind) mucked
Seat 5: Pandakey (button) (small blind) showed [9h Ad] and won ($53.50) with a full house, Aces full of Deuces


PokerStars Hand #149748687118:  Hold'em Limit ($3/$6 USD) - 2016/03/02 19:53:20 ET
Table 'Ornamenta' 6-max Seat #1 is the button
Seat 1: costakis28 ($68.41 in chips)
Seat 5: Pandakey ($111.04 in chips)
costakis28: posts small blind $1
Pandakey: posts big blind $3
*** HOLE CARDS ***
costakis28: raises $3 to $6
Pandakey: calls $3
*** FLOP *** [Kd Tc 2d]
Pandakey: checks
costakis28: bets $3
Pandakey: folds
Uncalled bet ($3) returned to costakis28
costakis28 collected $11.76 from pot
costakis28: doesn't show hand
*** SUMMARY ***
Total pot $12 | Rake $0.24
Board [Kd Tc 2d]
Seat 1: costakis28 (button) (small blind) collected ($11.76)
Seat 5: Pandakey (big blind) folded on the Flop


PokerStars Hand #149748752094:  Hold'em Limit ($3/$6 USD) - 2016/03/02 19:55:21 ET
Table 'Ornamenta' 6-max Seat #5 is the button
Seat 1: costakis28 ($59.19 in chips)
Seat 5: Pandakey ($118.04 in chips)
Pandakey: posts small blind $1
costakis28: posts big blind $3
*** HOLE CARDS ***
Pandakey: raises $3 to $6
costakis28: folds
Uncalled bet ($3) returned to Pandakey
Pandakey collected $6 from pot
Pandakey: doesn't show hand
*** SUMMARY ***
Total pot $6 | Rake $0
Seat 1: costakis28 (big blind) folded before Flop
Seat 5: Pandakey (button) (small blind) collected ($6)


PokerStars Hand #149748749991:  Hold'em Limit ($3/$6 USD) - 2016/03/02 19:55:16 ET
Table 'Ornamenta' 6-max Seat #1 is the button
Seat 1: costakis28 ($60.19 in chips)
Seat 5: Pandakey ($117.04 in chips)
costakis28: posts small blind $1
Pandakey: posts big blind $3
*** HOLE CARDS ***
costakis28: folds
Uncalled bet ($2) returned to Pandakey
Pandakey collected $2 from pot
Pandakey: doesn't show hand
*** SUMMARY ***
Total pot $2 | Rake $0
Seat 1: costakis28 (button) (small blind) folded before Flop
Seat 5: Pandakey (big blind) collected ($2)


PokerStars Hand #149748747358:  Hold'em Limit ($3/$6 USD) - 2016/03/02 19:55:10 ET
Table 'Ornamenta' 6-max Seat #5 is the button
Seat 1: costakis28 ($59.19 in chips)
Seat 5: Pandakey ($118.04 in chips)
Pandakey: posts small blind $1
costakis28: posts big blind $3
*** HOLE CARDS ***
Pandakey: folds
Uncalled bet ($2) returned to costakis28
costakis28 collected $2 from pot
costakis28: doesn't show hand
*** SUMMARY ***
Total pot $2 | Rake $0
Seat 1: costakis28 (big blind) collected ($2)
Seat 5: Pandakey (button) (small blind) folded before Flop


PokerStars Hand #149748742896:  Hold'em Limit ($3/$6 USD) - 2016/03/02 19:55:01 ET
Table 'Ornamenta' 6-max Seat #1 is the button
Seat 1: costakis28 ($53.43 in chips)
Seat 5: Pandakey ($124.04 in chips)
costakis28: posts small blind $1
Pandakey: posts big blind $3
*** HOLE CARDS ***
costakis28: raises $3 to $6
Pandakey: calls $3
*** FLOP *** [7s 9h Qc]
Pandakey: checks
costakis28: bets $3
Pandakey: folds
Uncalled bet ($3) returned to costakis28
costakis28 collected $11.76 from pot
costakis28: doesn't show hand
*** SUMMARY ***
Total pot $12 | Rake $0.24
Board [7s 9h Qc]
Seat 1: costakis28 (button) (small blind) collected ($11.76)
Seat 5: Pandakey (big blind) folded on the Flop


PokerStars Hand #149748739477:  Hold'em Limit ($3/$6 USD) - 2016/03/02 19:54:55 ET
Table 'Ornamenta' 6-max Seat #5 is the button
Seat 1: costakis28 ($52.43 in chips)
Seat 5: Pandakey ($125.04 in chips)
Pandakey: posts small blind $1
costakis28: posts big blind $3
*** HOLE CARDS ***
Pandakey: folds
Uncalled bet ($2) returned to costakis28
costakis28 collected $2 from pot
costakis28: doesn't show hand
*** SUMMARY ***
Total pot $2 | Rake $0
Seat 1: costakis28 (big blind) collected ($2)
Seat 5: Pandakey (button) (small blind) folded before Flop


PokerStars Hand #149748727852:  Hold'em Limit ($3/$6 USD) - 2016/03/02 19:54:34 ET
Table 'Ornamenta' 6-max Seat #1 is the button
Seat 1: costakis28 ($76.43 in chips)
Seat 5: Pandakey ($101.54 in chips)
costakis28: posts small blind $1
Pandakey: posts big blind $3
*** HOLE CARDS ***
costakis28: raises $3 to $6
Pandakey: calls $3
*** FLOP *** [9s Ks 7c]
Pandakey: checks
costakis28: bets $3
Pandakey: raises $3 to $6
costakis28: calls $3
*** TURN *** [9s Ks 7c] [6h]
Pandakey: bets $6
costakis28: calls $6
*** RIVER *** [9s Ks 7c 6h] [Qs]
Pandakey: bets $6
costakis28: calls $6
*** SHOW DOWN ***
Pandakey: shows [Kd Ts] (a pair of Kings)
costakis28: mucks hand
Pandakey collected $47.50 from pot
*** SUMMARY ***
Total pot $48 | Rake $0.50
Board [9s Ks 7c 6h Qs]
Seat 1: costakis28 (button) (small blind) mucked
Seat 5: Pandakey (big blind) showed [Kd Ts] and won ($47.50) with a pair of Kings


PokerStars Hand #149748709971:  Hold'em Limit ($3/$6 USD) - 2016/03/02 19:54:02 ET
Table 'Ornamenta' 6-max Seat #5 is the button
Seat 1: costakis28 ($52.93 in chips)
Seat 5: Pandakey ($125.54 in chips)
Pandakey: posts small blind $1
costakis28: posts big blind $3
*** HOLE CARDS ***
Pandakey: raises $3 to $6
costakis28: calls $3
*** FLOP *** [Qh 3c 7c]
costakis28: checks
Pandakey: bets $3
costakis28: raises $3 to $6
Pandakey: calls $3
*** TURN *** [Qh 3c 7c] [Qd]
costakis28: bets $6
Pandakey: raises $6 to $12
costakis28: calls $6
*** RIVER *** [Qh 3c 7c Qd] [4s]
costakis28: checks
Pandakey: checks
*** SHOW DOWN ***
costakis28: shows [5c 7d] (two pair, Queens and Sevens)
Pandakey: mucks hand
costakis28 collected $47.50 from pot
*** SUMMARY ***
Total pot $48 | Rake $0.50
Board [Qh 3c 7c Qd 4s]
Seat 1: costakis28 (big blind) showed [5c 7d] and won ($47.50) with two pair, Queens and Sevens
Seat 5: Pandakey (button) (small blind) mucked


PokerStars Hand #149748768911:  Hold'em Limit ($3/$6 USD) - 2016/03/02 19:55:58 ET
Table 'Ornamenta' 6-max Seat #1 is the button
Seat 1: costakis28 ($76.69 in chips)
Seat 5: Pandakey ($99.68 in chips)
costakis28: posts small blind $1
Pandakey: posts big blind $3
*** HOLE CARDS ***
costakis28: raises $3 to $6
Pandakey: calls $3
*** FLOP *** [Kc 2c Th]
Pandakey: checks
costakis28: bets $3
Pandakey: calls $3
*** TURN *** [Kc 2c Th] [6h]
Pandakey: checks
costakis28: bets $6
Pandakey: raises $6 to $12
costakis28: calls $6
*** RIVER *** [Kc 2c Th 6h] [Kd]
Pandakey: bets $6
costakis28: calls $6
*** SHOW DOWN ***
Pandakey: shows [Ts 6s] (two pair, Kings and Tens)
costakis28: mucks hand
Pandakey collected $53.50 from pot
*** SUMMARY ***
Total pot $54 | Rake $0.50
Board [Kc 2c Th 6h Kd]
Seat 1: costakis28 (button) (small blind) mucked
Seat 5: Pandakey (big blind) showed [Ts 6s] and won ($53.50) with two pair, Kings and Tens


PokerStars Hand #149748759309:  Hold'em Limit ($3/$6 USD) - 2016/03/02 19:55:37 ET
Table 'Ornamenta' 6-max Seat #5 is the button
Seat 1: costakis28 ($47.19 in chips)
Seat 5: Pandakey ($129.68 in chips)
Pandakey: posts small blind $1
costakis28: posts big blind $3
*** HOLE CARDS ***
Pandakey: raises $3 to $6
costakis28: raises $3 to $9
Pandakey: calls $3
*** FLOP *** [5c Jd Js]
costakis28: bets $3
Pandakey: calls $3
*** TURN *** [5c Jd Js] [2d]
costakis28: bets $6
Pandakey: raises $6 to $12
costakis28: calls $6
*** RIVER *** [5c Jd Js 2d] [5s]
costakis28: checks
Pandakey: bets $6
costakis28: calls $6
*** SHOW DOWN ***
Pandakey: shows [Td 7d] (two pair, Jacks and Fives)
costakis28: shows [7c As] (two pair, Jacks and Fives - Ace kicker)
costakis28 collected $59.50 from pot
*** SUMMARY ***
Total pot $60 | Rake $0.50
Board [5c Jd Js 2d 5s]
Seat 1: costakis28 (big blind) showed [7c As] and won ($59.50) with two pair, Jacks and Fives
Seat 5: Pandakey (button) (small blind) showed [Td 7d] and lost with two pair, Jacks and Fives


PokerStars Hand #149748754782:  Hold'em Limit ($3/$6 USD) - 2016/03/02 19:55:27 ET
Table 'Ornamenta' 6-max Seat #1 is the button
Seat 1: costakis28 ($56.19 in chips)
Seat 5: Pandakey ($121.04 in chips)
costakis28: posts small blind $1
Pandakey: posts big blind $3
*** HOLE CARDS ***
costakis28: raises $3 to $6
Pandakey: raises $3 to $9
costakis28: calls $3
*** FLOP *** [Jh Kd 2d]
Pandakey: bets $3
costakis28: folds
Uncalled bet ($3) returned to Pandakey
Pandakey collected $17.64 from pot
Pandakey: doesn't show hand
*** SUMMARY ***
Total pot $18 | Rake $0.36
Board [Jh Kd 2d]
Seat 1: costakis28 (button) (small blind) folded on the Flop
Seat 5: Pandakey (big blind) collected ($17.64)


PokerStars Hand #149748777365:  Hold'em Limit ($3/$6 USD) - 2016/03/02 19:56:16 ET
Table 'Ornamenta' 6-max Seat #5 is the button
Seat 1: costakis28 ($49.69 in chips)
Seat 5: Pandakey ($126.18 in chips)
Pandakey: posts small blind $1
costakis28: posts big blind $3
*** HOLE CARDS ***
Pandakey: raises $3 to $6
costakis28: raises $3 to $9
Pandakey: calls $3
*** FLOP *** [4c 6c 6s]
costakis28: bets $3
Pandakey: calls $3
*** TURN *** [4c 6c 6s] [8d]
costakis28: bets $6
Pandakey: folds
Uncalled bet ($6) returned to costakis28
costakis28 collected $23.52 from pot
costakis28: doesn't show hand
*** SUMMARY ***
Total pot $24 | Rake $0.48
Board [4c 6c 6s 8d]
Seat 1: costakis28 (big blind) collected ($23.52)
Seat 5: Pandakey (button) (small blind) folded on the Turn


PokerStars Hand #149749599736:  Hold'em Limit ($3/$6 USD) - 2016/03/02 20:23:10 ET
Table 'Ornamenta' 6-max Seat #6 is the button
Seat 4: TinaTurner72 ($53.23 in chips)
Seat 6: gazzzzzza ($106.51 in chips)
gazzzzzza: posts small blind $1
TinaTurner72: posts big blind $3
*** HOLE CARDS ***
gazzzzzza: raises $3 to $6
TinaTurner72: folds
Uncalled bet ($3) returned to gazzzzzza
gazzzzzza collected $6 from pot
*** SUMMARY ***
Total pot $6 | Rake $0
Seat 4: TinaTurner72 (big blind) folded before Flop
Seat 6: gazzzzzza (button) (small blind) collected ($6)


PokerStars Hand #149749581655:  Hold'em Limit ($3/$6 USD) - 2016/03/02 20:22:34 ET
Table 'Ornamenta' 6-max Seat #4 is the button
Seat 4: TinaTurner72 ($59.23 in chips)
Seat 6: gazzzzzza ($100.75 in chips)
TinaTurner72: posts small blind $1
gazzzzzza: posts big blind $3
*** HOLE CARDS ***
Hi Im Alexey leaves the table
TinaTurner72: raises $3 to $6
gazzzzzza: calls $3
*** FLOP *** [8h 2s 3c]
gazzzzzza: checks
TinaTurner72: checks
*** TURN *** [8h 2s 3c] [Jc]
gazzzzzza: checks
TinaTurner72: checks
*** RIVER *** [8h 2s 3c Jc] [6h]
gazzzzzza: checks
TinaTurner72: checks
*** SHOW DOWN ***
gazzzzzza: shows [7s Ks] (high card King)
TinaTurner72: mucks hand
gazzzzzza collected $11.76 from pot
*** SUMMARY ***
Total pot $12 | Rake $0.24
Board [8h 2s 3c Jc 6h]
Seat 4: TinaTurner72 (button) (small blind) mucked
Seat 6: gazzzzzza (big blind) showed [7s Ks] and won ($11.76) with high card King


