PokerStars Hand #163064095249:  Hold'em Limit ($3/$6 USD) - 2016/12/16 22:19:56 ET
Table 'Ornamenta' 6-max Seat #6 is the button
Seat 1: LifeisagameX ($84 in chips)
Seat 6: HL520 ($32.45 in chips)
HL520: posts small blind $1
LifeisagameX: posts big blind $3
*** HOLE CARDS ***
HL520: raises $3 to $6
LifeisagameX: raises $3 to $9
HL520: calls $3
*** FLOP *** [Kd 3s 2s]
LifeisagameX: bets $3
HL520: folds
Uncalled bet ($3) returned to LifeisagameX
LifeisagameX collected $17.64 from pot
LifeisagameX: doesn't show hand
*** SUMMARY ***
Total pot $18 | Rake $0.36
Board [Kd 3s 2s]
Seat 1: LifeisagameX (big blind) collected ($17.64)
Seat 6: HL520 (button) (small blind) folded on the Flop


PokerStars Hand #163064110077:  Hold'em Limit ($3/$6 USD) - 2016/12/16 22:20:32 ET
Table 'Ornamenta' 6-max Seat #1 is the button
Seat 1: LifeisagameX ($92.64 in chips)
Seat 6: HL520 ($23.45 in chips)
LifeisagameX: posts small blind $1
HL520: posts big blind $3
*** HOLE CARDS ***
LifeisagameX: raises $3 to $6
HL520: calls $3
*** FLOP *** [2d 9s 5h]
HL520: checks
LifeisagameX: checks
*** TURN *** [2d 9s 5h] [Tc]
ToDaFelt joins the table at seat #2
HL520: checks
LifeisagameX: checks
*** RIVER *** [2d 9s 5h Tc] [8s]
HL520: checks
LifeisagameX: checks
*** SHOW DOWN ***
HL520: shows [Ks 4c] (high card King)
LifeisagameX: shows [3d Ah] (high card Ace)
LifeisagameX collected $11.76 from pot
*** SUMMARY ***
Total pot $12 | Rake $0.24
Board [2d 9s 5h Tc 8s]
Seat 1: LifeisagameX (button) (small blind) showed [3d Ah] and won ($11.76) with high card Ace
Seat 6: HL520 (big blind) showed [Ks 4c] and lost with high card King


PokerStars Hand #163064131496:  Hold'em Limit ($3/$6 USD) - 2016/12/16 22:21:25 ET
Table 'Ornamenta' 6-max Seat #6 is the button
Seat 1: LifeisagameX ($98.40 in chips)
Seat 6: HL520 ($17.45 in chips)
HL520: posts small blind $1
LifeisagameX: posts big blind $3
*** HOLE CARDS ***
HL520: raises $3 to $6
LifeisagameX: calls $3
*** FLOP *** [7h As 8d]
LifeisagameX: checks
HL520: bets $3
LifeisagameX: raises $3 to $6
HL520: folds
Uncalled bet ($3) returned to LifeisagameX
LifeisagameX collected $17.64 from pot
LifeisagameX: doesn't show hand
*** SUMMARY ***
Total pot $18 | Rake $0.36
Board [7h As 8d]
Seat 1: LifeisagameX (big blind) collected ($17.64)
Seat 6: HL520 (button) (small blind) folded on the Flop


PokerStars Hand #163064154707:  Hold'em Limit ($3/$6 USD) - 2016/12/16 22:22:23 ET
Table 'Ornamenta' 6-max Seat #2 is the button
Seat 2: ToDaFelt ($121 in chips)
Seat 6: HL520 ($8.45 in chips)
ToDaFelt: posts small blind $1
HL520: posts big blind $3
*** HOLE CARDS ***
ToDaFelt: raises $3 to $6
HL520: calls $3
*** FLOP *** [3h 6d 7s]
HL520: bets $2.45 and is all-in
ToDaFelt: calls $2.45
*** TURN *** [3h 6d 7s] [Jc]
*** RIVER *** [3h 6d 7s Jc] [Qc]
*** SHOW DOWN ***
HL520: shows [5d Kd] (high card King)
ToDaFelt: shows [Td Th] (a pair of Tens)
ToDaFelt collected $16.56 from pot
*** SUMMARY ***
Total pot $16.90 | Rake $0.34
Board [3h 6d 7s Jc Qc]
Seat 2: ToDaFelt (button) (small blind) showed [Td Th] and won ($16.56) with a pair of Tens
Seat 6: HL520 (big blind) showed [5d Kd] and lost with high card King


