PokerStars Hand #160312493632:  Hold'em Limit ($3/$6 USD) - 2016/10/23 2:45:22 ET
Table 'Orsilocus' 6-max Seat #6 is the button
Seat 1: LifeisagameX ($84 in chips)
Seat 6: vitamin168 ($75.40 in chips)
vitamin168: posts small blind $1
LifeisagameX: posts big blind $3
*** HOLE CARDS ***
vitamin168: raises $3 to $6
LifeisagameX: calls $3
*** FLOP *** [5s 7s Js]
LifeisagameX: checks
vitamin168: bets $3
LifeisagameX: calls $3
*** TURN *** [5s 7s Js] [Qc]
LifeisagameX: bets $6
vitamin168: folds
Uncalled bet ($6) returned to LifeisagameX
LifeisagameX collected $17.64 from pot
LifeisagameX: doesn't show hand
*** SUMMARY ***
Total pot $18 | Rake $0.36
Board [5s 7s Js Qc]
Seat 1: LifeisagameX (big blind) collected ($17.64)
Seat 6: vitamin168 (button) (small blind) folded on the Turn


PokerStars Hand #160312516694:  Hold'em Limit ($3/$6 USD) - 2016/10/23 2:46:52 ET
Table 'Orsilocus' 6-max Seat #6 is the button
Seat 1: LifeisagameX ($98.40 in chips)
Seat 6: vitamin168 ($60.40 in chips)
vitamin168: posts small blind $1
LifeisagameX: posts big blind $3
*** HOLE CARDS ***
vitamin168: folds
Uncalled bet ($2) returned to LifeisagameX
LifeisagameX collected $2 from pot
LifeisagameX: doesn't show hand
*** SUMMARY ***
Total pot $2 | Rake $0
Seat 1: LifeisagameX (big blind) collected ($2)
Seat 6: vitamin168 (button) (small blind) folded before Flop


PokerStars Hand #160312506538:  Hold'em Limit ($3/$6 USD) - 2016/10/23 2:46:12 ET
Table 'Orsilocus' 6-max Seat #1 is the button
Seat 1: LifeisagameX ($92.64 in chips)
Seat 6: vitamin168 ($66.40 in chips)
LifeisagameX: posts small blind $1
vitamin168: posts big blind $3
*** HOLE CARDS ***
LifeisagameX: raises $3 to $6
vitamin168: calls $3
*** FLOP *** [9h 3c Jh]
vitamin168: checks
LifeisagameX: bets $3
vitamin168: folds
Uncalled bet ($3) returned to LifeisagameX
LifeisagameX collected $11.76 from pot
LifeisagameX: doesn't show hand
*** SUMMARY ***
Total pot $12 | Rake $0.24
Board [9h 3c Jh]
Seat 1: LifeisagameX (button) (small blind) collected ($11.76)
Seat 6: vitamin168 (big blind) folded on the Flop


PokerStars Hand #160312510593:  Hold'em Limit ($3/$6 USD) - 2016/10/23 2:46:29 ET
Table 'Orsilocus' 6-max Seat #6 is the button
Seat 1: LifeisagameX ($98.40 in chips)
Seat 6: vitamin168 ($60.40 in chips)
vitamin168: posts small blind $1
LifeisagameX: posts big blind $3
*** HOLE CARDS ***
vitamin168: raises $3 to $6
LifeisagameX: folds
Uncalled bet ($3) returned to vitamin168
vitamin168 collected $6 from pot
*** SUMMARY ***
Total pot $6 | Rake $0
Seat 1: LifeisagameX (big blind) folded before Flop
Seat 6: vitamin168 (button) (small blind) collected ($6)


PokerStars Hand #160312513097:  Hold'em Limit ($3/$6 USD) - 2016/10/23 2:46:38 ET
Table 'Orsilocus' 6-max Seat #1 is the button
Seat 1: LifeisagameX ($95.40 in chips)
Seat 6: vitamin168 ($63.40 in chips)
LifeisagameX: posts small blind $1
vitamin168: posts big blind $3
*** HOLE CARDS ***
LifeisagameX: raises $3 to $6
vitamin168: folds
Uncalled bet ($3) returned to LifeisagameX
LifeisagameX collected $6 from pot
LifeisagameX: doesn't show hand
*** SUMMARY ***
Total pot $6 | Rake $0
Seat 1: LifeisagameX (button) (small blind) collected ($6)
Seat 6: vitamin168 (big blind) folded before Flop


PokerStars Hand #160312528865:  Hold'em Limit ($3/$6 USD) - 2016/10/23 2:47:41 ET
Table 'Orsilocus' 6-max Seat #6 is the button
Seat 1: LifeisagameX ($84.40 in chips)
Seat 6: vitamin168 ($73.90 in chips)
vitamin168: posts small blind $1
LifeisagameX: posts big blind $3
*** HOLE CARDS ***
vitamin168: raises $3 to $6
LifeisagameX: folds
Uncalled bet ($3) returned to vitamin168
vitamin168 collected $6 from pot
vitamin168: doesn't show hand
*** SUMMARY ***
Total pot $6 | Rake $0
Seat 1: LifeisagameX (big blind) folded before Flop
Seat 6: vitamin168 (button) (small blind) collected ($6)


PokerStars Hand #160312531842:  Hold'em Limit ($3/$6 USD) - 2016/10/23 2:47:52 ET
Table 'Orsilocus' 6-max Seat #1 is the button
Seat 1: LifeisagameX ($84 in chips)
Seat 6: vitamin168 ($76.90 in chips)
LifeisagameX: posts small blind $1
vitamin168: posts big blind $3
*** HOLE CARDS ***
LifeisagameX: raises $3 to $6
vitamin168: calls $3
*** FLOP *** [9h Js 9c]
vitamin168: checks
LifeisagameX: bets $3
vitamin168: calls $3
*** TURN *** [9h Js 9c] [Tc]
vitamin168: checks
LifeisagameX: checks
*** RIVER *** [9h Js 9c Tc] [Jc]
vitamin168: checks
LifeisagameX: checks
*** SHOW DOWN ***
vitamin168: shows [3s Kh] (two pair, Jacks and Nines)
LifeisagameX: mucks hand
vitamin168 collected $17.64 from pot
*** SUMMARY ***
Total pot $18 | Rake $0.36
Board [9h Js 9c Tc Jc]
Seat 1: LifeisagameX (button) (small blind) mucked
Seat 6: vitamin168 (big blind) showed [3s Kh] and won ($17.64) with two pair, Jacks and Nines


PokerStars Hand #160312555316:  Hold'em Limit ($3/$6 USD) - 2016/10/23 2:49:24 ET
Table 'Orsilocus' 6-max Seat #1 is the button
Seat 1: LifeisagameX ($84 in chips)
Seat 6: vitamin168 ($97.06 in chips)
LifeisagameX: posts small blind $1
vitamin168: posts big blind $3
*** HOLE CARDS ***
LifeisagameX: raises $3 to $6
vitamin168: calls $3
*** FLOP *** [Tc 4s 3h]
vitamin168: checks
LifeisagameX: bets $3
vitamin168: calls $3
*** TURN *** [Tc 4s 3h] [6c]
vitamin168: checks
LifeisagameX: bets $6
vitamin168: folds
Uncalled bet ($6) returned to LifeisagameX
LifeisagameX collected $17.64 from pot
LifeisagameX: doesn't show hand
*** SUMMARY ***
Total pot $18 | Rake $0.36
Board [Tc 4s 3h 6c]
Seat 1: LifeisagameX (button) (small blind) collected ($17.64)
Seat 6: vitamin168 (big blind) folded on the Turn


PokerStars Hand #160312543112:  Hold'em Limit ($3/$6 USD) - 2016/10/23 2:48:37 ET
Table 'Orsilocus' 6-max Seat #6 is the button
Seat 1: LifeisagameX ($84 in chips)
Seat 6: vitamin168 ($85.54 in chips)
vitamin168: posts small blind $1
LifeisagameX: posts big blind $3
*** HOLE CARDS ***
vitamin168: raises $3 to $6
LifeisagameX: calls $3
*** FLOP *** [4d Ad Jc]
LifeisagameX: checks
vitamin168: checks
*** TURN *** [4d Ad Jc] [2h]
LifeisagameX: bets $6
vitamin168: calls $6
*** RIVER *** [4d Ad Jc 2h] [As]
LifeisagameX: checks
vitamin168: bets $6
LifeisagameX: folds
Uncalled bet ($6) returned to vitamin168
vitamin168 collected $23.52 from pot
*** SUMMARY ***
Total pot $24 | Rake $0.48
Board [4d Ad Jc 2h As]
Seat 1: LifeisagameX (big blind) folded on the River
Seat 6: vitamin168 (button) (small blind) collected ($23.52)


PokerStars Hand #160312564511:  Hold'em Limit ($3/$6 USD) - 2016/10/23 2:50:00 ET
Table 'Orsilocus' 6-max Seat #6 is the button
Seat 1: LifeisagameX ($92.64 in chips)
Seat 6: vitamin168 ($88.06 in chips)
vitamin168: posts small blind $1
LifeisagameX: posts big blind $3
*** HOLE CARDS ***
vitamin168: raises $3 to $6
LifeisagameX: calls $3
*** FLOP *** [5c Td 5h]
LifeisagameX: checks
vitamin168: bets $3
LifeisagameX: raises $3 to $6
vitamin168: raises $3 to $9
LifeisagameX: calls $3
*** TURN *** [5c Td 5h] [3d]
LifeisagameX: checks
vitamin168: bets $6
LifeisagameX: calls $6
*** RIVER *** [5c Td 5h 3d] [5d]
LifeisagameX: checks
vitamin168: checks
*** SHOW DOWN ***
LifeisagameX: shows [Th 9d] (a full house, Fives full of Tens)
vitamin168: mucks hand
LifeisagameX collected $41.50 from pot
*** SUMMARY ***
Total pot $42 | Rake $0.50
Board [5c Td 5h 3d 5d]
Seat 1: LifeisagameX (big blind) showed [Th 9d] and won ($41.50) with a full house, Fives full of Tens
Seat 6: vitamin168 (button) (small blind) mucked


PokerStars Hand #160312575405:  Hold'em Limit ($3/$6 USD) - 2016/10/23 2:50:42 ET
Table 'Orsilocus' 6-max Seat #1 is the button
Seat 1: LifeisagameX ($113.14 in chips)
Seat 6: vitamin168 ($67.06 in chips)
LifeisagameX: posts small blind $1
vitamin168: posts big blind $3
*** HOLE CARDS ***
LifeisagameX: raises $3 to $6
vitamin168: calls $3
*** FLOP *** [Ad 9d Ah]
vitamin168: checks
LifeisagameX: bets $3
vitamin168: raises $3 to $6
LifeisagameX: calls $3
*** TURN *** [Ad 9d Ah] [Kd]
LifeisagameX is disconnected
vitamin168: bets $6
LifeisagameX is connected
LifeisagameX has timed out
LifeisagameX: folds
Uncalled bet ($6) returned to vitamin168
vitamin168 collected $23.52 from pot
vitamin168: doesn't show hand
*** SUMMARY ***
Total pot $24 | Rake $0.48
Board [Ad 9d Ah Kd]
Seat 1: LifeisagameX (button) (small blind) folded on the Turn
Seat 6: vitamin168 (big blind) collected ($23.52)


