PokerStars Hand #152269253387:  Hold'em Limit ($3/$6 USD) - 2016/04/22 4:14:09 ET
Table 'Orsilocus II' 6-max Seat #3 is the button
Seat 3: agentbond007 ($120 in chips)
Seat 4: Agrotait ($72 in chips)
agentbond007: posts small blind $1
beng_51 joins the table at seat #5
Agrotait: posts big blind $3
*** HOLE CARDS ***
agentbond007: raises $3 to $6
Agrotait: calls $3
*** FLOP *** [9c Ks 6d]
Agrotait: checks
agentbond007: bets $3
Agrotait: calls $3
*** TURN *** [9c Ks 6d] [Jh]
Agrotait: checks
agentbond007: bets $6
Agrotait: folds
Uncalled bet ($6) returned to agentbond007
agentbond007 collected $17.64 from pot
agentbond007: doesn't show hand
*** SUMMARY ***
Total pot $18 | Rake $0.36
Board [9c Ks 6d Jh]
Seat 3: agentbond007 (button) (small blind) collected ($17.64)
Seat 4: Agrotait (big blind) folded on the Turn


PokerStars Hand #152269378787:  Hold'em Limit ($3/$6 USD) - 2016/04/22 4:20:33 ET
Table 'Orsilocus II' 6-max Seat #4 is the button
Seat 4: Agrotait ($131.48 in chips)
Seat 6: MissEKAmouse ($120 in chips)
Agrotait: posts small blind $1
beng_51: is sitting out
MissEKAmouse: posts big blind $3
*** HOLE CARDS ***
agentbond007 leaves the table
beng_51 leaves the table
Agrotait: raises $3 to $6
MissEKAmouse: calls $3
*** FLOP *** [Jd 9d 7s]
Velbor107 leaves the table
MissEKAmouse: bets $3
Agrotait: calls $3
*** TURN *** [Jd 9d 7s] [Ah]
MissEKAmouse: bets $6
Agrotait: folds
Uncalled bet ($6) returned to MissEKAmouse
MissEKAmouse collected $17.64 from pot
MissEKAmouse: doesn't show hand
*** SUMMARY ***
Total pot $18 | Rake $0.36
Board [Jd 9d 7s Ah]
Seat 4: Agrotait (button) (small blind) folded on the Turn
Seat 6: MissEKAmouse (big blind) collected ($17.64)


