PokerStars Hand #173033624043:  Hold'em Limit ($3/$6 USD) - 2017/07/14 16:33:16 ET
Table 'Orsilocus' 6-max Seat #1 is the button
Seat 1: DeKirov ($134.56 in chips)
Seat 6: scorpio04 ($191.49 in chips)
DeKirov: posts small blind $1
vestimokrec: is sitting out
Mr Darkpoker: is sitting out
scorpio04: posts big blind $3
*** HOLE CARDS ***
DeKirov: folds
Uncalled bet ($2) returned to scorpio04
scorpio04 collected $2 from pot
scorpio04: doesn't show hand
Mr Darkpoker leaves the table
*** SUMMARY ***
Total pot $2 | Rake $0
Seat 1: DeKirov (button) (small blind) folded before Flop
Seat 6: scorpio04 (big blind) collected ($2)


PokerStars Hand #173033665328:  Hold'em Limit ($3/$6 USD) - 2017/07/14 16:34:11 ET
Table 'Orsilocus' 6-max Seat #6 is the button
Seat 1: DeKirov ($115.56 in chips)
Seat 6: scorpio04 ($209.77 in chips)
scorpio04: posts small blind $1
DeKirov: posts big blind $3
*** HOLE CARDS ***
scorpio04: raises $3 to $6
DeKirov: folds
Uncalled bet ($3) returned to scorpio04
scorpio04 collected $6 from pot
scorpio04: doesn't show hand
*** SUMMARY ***
Total pot $6 | Rake $0
Seat 1: DeKirov (big blind) folded before Flop
Seat 6: scorpio04 (button) (small blind) collected ($6)


PokerStars Hand #173033642512:  Hold'em Limit ($3/$6 USD) - 2017/07/14 16:33:41 ET
Table 'Orsilocus' 6-max Seat #1 is the button
Seat 1: DeKirov ($124.56 in chips)
Seat 6: scorpio04 ($201.13 in chips)
DeKirov: posts small blind $1
scorpio04: posts big blind $3
*** HOLE CARDS ***
DeKirov: raises $3 to $6
scorpio04: calls $3
*** FLOP *** [Th Kd 4s]
scorpio04: checks
DeKirov: bets $3
scorpio04: raises $3 to $6
DeKirov: folds
Uncalled bet ($3) returned to scorpio04
scorpio04 collected $17.64 from pot
scorpio04: doesn't show hand
*** SUMMARY ***
Total pot $18 | Rake $0.36
Board [Th Kd 4s]
Seat 1: DeKirov (button) (small blind) folded on the Flop
Seat 6: scorpio04 (big blind) collected ($17.64)


PokerStars Hand #173033712494:  Hold'em Limit ($3/$6 USD) - 2017/07/14 16:35:13 ET
Table 'Orsilocus' 6-max Seat #6 is the button
Seat 1: DeKirov ($149.70 in chips)
Seat 6: scorpio04 ($174.77 in chips)
scorpio04: posts small blind $1
DeKirov: posts big blind $3
*** HOLE CARDS ***
scorpio04: raises $3 to $6
DeKirov: calls $3
*** FLOP *** [8c Qh 4d]
DeKirov: checks
scorpio04: bets $3
DeKirov: calls $3
*** TURN *** [8c Qh 4d] [Js]
DeKirov: checks
scorpio04: checks
*** RIVER *** [8c Qh 4d Js] [Jh]
DeKirov: checks
scorpio04: checks
*** SHOW DOWN ***
DeKirov: shows [Ac 2s] (a pair of Jacks)
scorpio04: mucks hand
DeKirov collected $17.64 from pot
*** SUMMARY ***
Total pot $18 | Rake $0.36
Board [8c Qh 4d Js Jh]
Seat 1: DeKirov (big blind) showed [Ac 2s] and won ($17.64) with a pair of Jacks
Seat 6: scorpio04 (button) (small blind) mucked


PokerStars Hand #173033708161:  Hold'em Limit ($3/$6 USD) - 2017/07/14 16:35:07 ET
Table 'Orsilocus' 6-max Seat #1 is the button
Seat 1: DeKirov ($150.70 in chips)
Seat 6: scorpio04 ($173.77 in chips)
DeKirov: posts small blind $1
scorpio04: posts big blind $3
*** HOLE CARDS ***
DeKirov: folds
Uncalled bet ($2) returned to scorpio04
scorpio04 collected $2 from pot
scorpio04: doesn't show hand
*** SUMMARY ***
Total pot $2 | Rake $0
Seat 1: DeKirov (button) (small blind) folded before Flop
Seat 6: scorpio04 (big blind) collected ($2)


PokerStars Hand #173033696848:  Hold'em Limit ($3/$6 USD) - 2017/07/14 16:34:52 ET
Table 'Orsilocus' 6-max Seat #6 is the button
Seat 1: DeKirov ($142.06 in chips)
Seat 6: scorpio04 ($182.77 in chips)
scorpio04: posts small blind $1
DeKirov: posts big blind $3
*** HOLE CARDS ***
scorpio04: raises $3 to $6
DeKirov: calls $3
*** FLOP *** [Kc 9h Td]
DeKirov: checks
scorpio04: bets $3
DeKirov: calls $3
*** TURN *** [Kc 9h Td] [8c]
DeKirov: checks
scorpio04: checks
*** RIVER *** [Kc 9h Td 8c] [4c]
DeKirov: checks
scorpio04: checks
*** SHOW DOWN ***
DeKirov: shows [9s Qd] (a pair of Nines)
scorpio04: mucks hand
DeKirov collected $17.64 from pot
*** SUMMARY ***
Total pot $18 | Rake $0.36
Board [Kc 9h Td 8c 4c]
Seat 1: DeKirov (big blind) showed [9s Qd] and won ($17.64) with a pair of Nines
Seat 6: scorpio04 (button) (small blind) mucked


PokerStars Hand #173033671803:  Hold'em Limit ($3/$6 USD) - 2017/07/14 16:34:19 ET
Table 'Orsilocus' 6-max Seat #1 is the button
Seat 1: DeKirov ($112.56 in chips)
Seat 6: scorpio04 ($212.77 in chips)
DeKirov: posts small blind $1
scorpio04: posts big blind $3
*** HOLE CARDS ***
DeKirov: raises $3 to $6
scorpio04: calls $3
*** FLOP *** [Qh Kh Jc]
scorpio04: checks
DeKirov: bets $3
scorpio04: raises $3 to $6
DeKirov: raises $3 to $9
scorpio04: raises $3 to $12
Betting is capped
DeKirov: calls $3
*** TURN *** [Qh Kh Jc] [6d]
scorpio04: checks
DeKirov: bets $6
scorpio04: calls $6
*** RIVER *** [Qh Kh Jc 6d] [Qc]
scorpio04: checks
DeKirov: bets $6
scorpio04: calls $6
*** SHOW DOWN ***
DeKirov: shows [Kd 3h] (two pair, Kings and Queens)
scorpio04: mucks hand
DeKirov collected $59.50 from pot
*** SUMMARY ***
Total pot $60 | Rake $0.50
Board [Qh Kh Jc 6d Qc]
Seat 1: DeKirov (button) (small blind) showed [Kd 3h] and won ($59.50) with two pair, Kings and Queens
Seat 6: scorpio04 (big blind) mucked


PokerStars Hand #173033763703:  Hold'em Limit ($3/$6 USD) - 2017/07/14 16:36:20 ET
Table 'Orsilocus' 6-max Seat #1 is the button
Seat 1: DeKirov ($152.34 in chips)
Seat 6: scorpio04 ($171.65 in chips)
DeKirov: posts small blind $1
scorpio04: posts big blind $3
*** HOLE CARDS ***
DeKirov: raises $3 to $6
scorpio04: raises $3 to $9
DeKirov: folds
Uncalled bet ($3) returned to scorpio04
scorpio04 collected $12 from pot
scorpio04: doesn't show hand
*** SUMMARY ***
Total pot $12 | Rake $0
Seat 1: DeKirov (button) (small blind) folded before Flop
Seat 6: scorpio04 (big blind) collected ($12)


PokerStars Hand #173033751380:  Hold'em Limit ($3/$6 USD) - 2017/07/14 16:36:04 ET
Table 'Orsilocus' 6-max Seat #6 is the button
Seat 1: DeKirov ($155.34 in chips)
Seat 6: scorpio04 ($168.65 in chips)
scorpio04: posts small blind $1
DeKirov: posts big blind $3
*** HOLE CARDS ***
scorpio04: raises $3 to $6
DeKirov: folds
Uncalled bet ($3) returned to scorpio04
scorpio04 collected $6 from pot
scorpio04: doesn't show hand
*** SUMMARY ***
Total pot $6 | Rake $0
Seat 1: DeKirov (big blind) folded before Flop
Seat 6: scorpio04 (button) (small blind) collected ($6)


PokerStars Hand #173033731649:  Hold'em Limit ($3/$6 USD) - 2017/07/14 16:35:38 ET
Table 'Orsilocus' 6-max Seat #1 is the button
Seat 1: DeKirov ($158.34 in chips)
Seat 6: scorpio04 ($165.77 in chips)
DeKirov: posts small blind $1
scorpio04: posts big blind $3
*** HOLE CARDS ***
DeKirov: calls $2
scorpio04: checks
*** FLOP *** [4d Kc 2c]
scorpio04: checks
DeKirov: checks
*** TURN *** [4d Kc 2c] [Ac]
scorpio04: bets $6
DeKirov: folds
Uncalled bet ($6) returned to scorpio04
scorpio04 collected $5.88 from pot
scorpio04: doesn't show hand
*** SUMMARY ***
Total pot $6 | Rake $0.12
Board [4d Kc 2c Ac]
Seat 1: DeKirov (button) (small blind) folded on the Turn
Seat 6: scorpio04 (big blind) collected ($5.88)


PokerStars Hand #173033802541:  Hold'em Limit ($3/$6 USD) - 2017/07/14 16:37:11 ET
Table 'Orsilocus' 6-max Seat #1 is the button
Seat 1: DeKirov ($134.34 in chips)
Seat 6: scorpio04 ($189.17 in chips)
DeKirov: posts small blind $1
scorpio04: posts big blind $3
*** HOLE CARDS ***
DeKirov: raises $3 to $6
scorpio04: calls $3
*** FLOP *** [Tc 2d 8s]
scorpio04: checks
Hannibal2211 joins the table at seat #3
DeKirov: checks
*** TURN *** [Tc 2d 8s] [6h]
scorpio04: bets $6
DeKirov: folds
Uncalled bet ($6) returned to scorpio04
scorpio04 collected $11.76 from pot
scorpio04: doesn't show hand
*** SUMMARY ***
Total pot $12 | Rake $0.24
Board [Tc 2d 8s 6h]
Seat 1: DeKirov (button) (small blind) folded on the Turn
Seat 6: scorpio04 (big blind) collected ($11.76)


PokerStars Hand #173033782043:  Hold'em Limit ($3/$6 USD) - 2017/07/14 16:36:44 ET
Table 'Orsilocus' 6-max Seat #6 is the button
Seat 1: DeKirov ($146.34 in chips)
Seat 6: scorpio04 ($177.65 in chips)
scorpio04: posts small blind $1
DeKirov: posts big blind $3
*** HOLE CARDS ***
scorpio04: raises $3 to $6
DeKirov: raises $3 to $9
scorpio04: calls $3
*** FLOP *** [3s 5c 9d]
DeKirov: checks
scorpio04: bets $3
DeKirov: calls $3
*** TURN *** [3s 5c 9d] [Js]
DeKirov: checks
scorpio04: bets $6
DeKirov: folds
Uncalled bet ($6) returned to scorpio04
scorpio04 collected $23.52 from pot
scorpio04: doesn't show hand
*** SUMMARY ***
Total pot $24 | Rake $0.48
Board [3s 5c 9d Js]
Seat 1: DeKirov (big blind) folded on the Turn
Seat 6: scorpio04 (button) (small blind) collected ($23.52)


PokerStars Hand #173033815147:  Hold'em Limit ($3/$6 USD) - 2017/07/14 16:37:27 ET
Table 'Orsilocus' 6-max Seat #6 is the button
Seat 1: DeKirov ($128.34 in chips)
Seat 6: scorpio04 ($194.93 in chips)
scorpio04: posts small blind $1
DeKirov: posts big blind $3
*** HOLE CARDS ***
scorpio04: raises $3 to $6
DeKirov: calls $3
*** FLOP *** [4d 6h 3s]
DeKirov: checks
scorpio04: bets $3
DeKirov: calls $3
*** TURN *** [4d 6h 3s] [Ks]
DeKirov: checks
scorpio04: bets $6
DeKirov: calls $6
*** RIVER *** [4d 6h 3s Ks] [9h]
DeKirov: checks
scorpio04: bets $6
DeKirov: folds
Uncalled bet ($6) returned to scorpio04
scorpio04 collected $29.50 from pot
scorpio04: doesn't show hand
*** SUMMARY ***
Total pot $30 | Rake $0.50
Board [4d 6h 3s Ks 9h]
Seat 1: DeKirov (big blind) folded on the River
Seat 6: scorpio04 (button) (small blind) collected ($29.50)


PokerStars Hand #173036499829:  Hold'em Limit ($3/$6 USD) - 2017/07/14 17:38:18 ET
Table 'Orsilocus' 6-max Seat #3 is the button
Seat 2: UNABELIEVE ($50 in chips)
Seat 3: AzureCaper ($74.19 in chips)
AzureCaper: posts small blind $1
scorpio04: is sitting out
craaa: is sitting out
UNABELIEVE: posts big blind $3
*** HOLE CARDS ***
scorpio04 leaves the table
AzureCaper: folds
Uncalled bet ($2) returned to UNABELIEVE
UNABELIEVE collected $2 from pot
*** SUMMARY ***
Total pot $2 | Rake $0
Seat 2: UNABELIEVE (big blind) collected ($2)
Seat 3: AzureCaper (button) (small blind) folded before Flop


PokerStars Hand #173036561068:  Hold'em Limit ($3/$6 USD) - 2017/07/14 17:39:42 ET
Table 'Orsilocus' 6-max Seat #3 is the button
Seat 2: UNABELIEVE ($46.76 in chips)
Seat 3: AzureCaper ($76.69 in chips)
AzureCaper: posts small blind $1
nedo1414 was removed from the table for failing to post
UNABELIEVE: posts big blind $3
*** HOLE CARDS ***
AzureCaper: folds
Uncalled bet ($2) returned to UNABELIEVE
UNABELIEVE collected $2 from pot
*** SUMMARY ***
Total pot $2 | Rake $0
Seat 2: UNABELIEVE (big blind) collected ($2)
Seat 3: AzureCaper (button) (small blind) folded before Flop


PokerStars Hand #173036553751:  Hold'em Limit ($3/$6 USD) - 2017/07/14 17:39:32 ET
Table 'Orsilocus' 6-max Seat #2 is the button
Seat 2: UNABELIEVE ($43.76 in chips)
Seat 3: AzureCaper ($79.69 in chips)
UNABELIEVE: posts small blind $1
AzureCaper: posts big blind $3
*** HOLE CARDS ***
UNABELIEVE: raises $3 to $6
AzureCaper: folds
Uncalled bet ($3) returned to UNABELIEVE
UNABELIEVE collected $6 from pot
*** SUMMARY ***
Total pot $6 | Rake $0
Seat 2: UNABELIEVE (button) (small blind) collected ($6)
Seat 3: AzureCaper (big blind) folded before Flop


PokerStars Hand #173036550242:  Hold'em Limit ($3/$6 USD) - 2017/07/14 17:39:27 ET
Table 'Orsilocus' 6-max Seat #3 is the button
Seat 2: UNABELIEVE ($42.76 in chips)
Seat 3: AzureCaper ($80.69 in chips)
AzureCaper: posts small blind $1
UNABELIEVE: posts big blind $3
*** HOLE CARDS ***
AzureCaper: folds
Uncalled bet ($2) returned to UNABELIEVE
UNABELIEVE collected $2 from pot
*** SUMMARY ***
Total pot $2 | Rake $0
Seat 2: UNABELIEVE (big blind) collected ($2)
Seat 3: AzureCaper (button) (small blind) folded before Flop


PokerStars Hand #173036538015:  Hold'em Limit ($3/$6 USD) - 2017/07/14 17:39:10 ET
Table 'Orsilocus' 6-max Seat #2 is the button
Seat 2: UNABELIEVE ($37 in chips)
Seat 3: AzureCaper ($86.69 in chips)
UNABELIEVE: posts small blind $1
AzureCaper: posts big blind $3
*** HOLE CARDS ***
UNABELIEVE: raises $3 to $6
AzureCaper: calls $3
*** FLOP *** [3s 8s Ks]
AzureCaper: checks
UNABELIEVE: bets $3
AzureCaper: folds
Uncalled bet ($3) returned to UNABELIEVE
UNABELIEVE collected $11.76 from pot
*** SUMMARY ***
Total pot $12 | Rake $0.24
Board [3s 8s Ks]
Seat 2: UNABELIEVE (button) (small blind) collected ($11.76)
Seat 3: AzureCaper (big blind) folded on the Flop


PokerStars Hand #173036533196:  Hold'em Limit ($3/$6 USD) - 2017/07/14 17:39:03 ET
Table 'Orsilocus' 6-max Seat #3 is the button
Seat 2: UNABELIEVE ($36 in chips)
Seat 3: AzureCaper ($87.69 in chips)
AzureCaper: posts small blind $1
UNABELIEVE: posts big blind $3
*** HOLE CARDS ***
AzureCaper: folds
Uncalled bet ($2) returned to UNABELIEVE
UNABELIEVE collected $2 from pot
*** SUMMARY ***
Total pot $2 | Rake $0
Seat 2: UNABELIEVE (big blind) collected ($2)
Seat 3: AzureCaper (button) (small blind) folded before Flop


PokerStars Hand #173036528632:  Hold'em Limit ($3/$6 USD) - 2017/07/14 17:38:57 ET
Table 'Orsilocus' 6-max Seat #2 is the button
Seat 2: UNABELIEVE ($37 in chips)
Seat 3: AzureCaper ($86.69 in chips)
UNABELIEVE: posts small blind $1
AzureCaper: posts big blind $3
*** HOLE CARDS ***
UNABELIEVE: folds
Uncalled bet ($2) returned to AzureCaper
AzureCaper collected $2 from pot
AzureCaper: doesn't show hand
*** SUMMARY ***
Total pot $2 | Rake $0
Seat 2: UNABELIEVE (button) (small blind) folded before Flop
Seat 3: AzureCaper (big blind) collected ($2)


PokerStars Hand #173036525410:  Hold'em Limit ($3/$6 USD) - 2017/07/14 17:38:53 ET
Table 'Orsilocus' 6-max Seat #3 is the button
Seat 2: UNABELIEVE ($36 in chips)
Seat 3: AzureCaper ($87.69 in chips)
AzureCaper: posts small blind $1
UNABELIEVE: posts big blind $3
*** HOLE CARDS ***
AzureCaper: folds
Uncalled bet ($2) returned to UNABELIEVE
UNABELIEVE collected $2 from pot
*** SUMMARY ***
Total pot $2 | Rake $0
Seat 2: UNABELIEVE (big blind) collected ($2)
Seat 3: AzureCaper (button) (small blind) folded before Flop


PokerStars Hand #173036505277:  Hold'em Limit ($3/$6 USD) - 2017/07/14 17:38:25 ET
Table 'Orsilocus' 6-max Seat #2 is the button
Seat 2: UNABELIEVE ($51 in chips)
Seat 3: AzureCaper ($73.19 in chips)
UNABELIEVE: posts small blind $1
AzureCaper: posts big blind $3
*** HOLE CARDS ***
UNABELIEVE: raises $3 to $6
AzureCaper: calls $3
*** FLOP *** [7c 4d 6s]
AzureCaper: checks
UNABELIEVE: bets $3
AzureCaper: calls $3
*** TURN *** [7c 4d 6s] [Jh]
AzureCaper: bets $6
UNABELIEVE: calls $6
*** RIVER *** [7c 4d 6s Jh] [4c]
AzureCaper: bets $6
UNABELIEVE: folds
Uncalled bet ($6) returned to AzureCaper
AzureCaper collected $29.50 from pot
AzureCaper: doesn't show hand
*** SUMMARY ***
Total pot $30 | Rake $0.50
Board [7c 4d 6s Jh 4c]
Seat 2: UNABELIEVE (button) (small blind) folded on the River
Seat 3: AzureCaper (big blind) collected ($29.50)


PokerStars Hand #173036604116:  Hold'em Limit ($3/$6 USD) - 2017/07/14 17:40:41 ET
Table 'Orsilocus' 6-max Seat #2 is the button
Seat 2: UNABELIEVE ($29.76 in chips)
Seat 3: AzureCaper ($93.50 in chips)
UNABELIEVE: posts small blind $1
AzureCaper: posts big blind $3
*** HOLE CARDS ***
UNABELIEVE: raises $3 to $6
AzureCaper: folds
Uncalled bet ($3) returned to UNABELIEVE
UNABELIEVE collected $6 from pot
*** SUMMARY ***
Total pot $6 | Rake $0
Seat 2: UNABELIEVE (button) (small blind) collected ($6)
Seat 3: AzureCaper (big blind) folded before Flop


PokerStars Hand #173036580038:  Hold'em Limit ($3/$6 USD) - 2017/07/14 17:40:08 ET
Table 'Orsilocus' 6-max Seat #3 is the button
Seat 2: UNABELIEVE ($50.76 in chips)
Seat 3: AzureCaper ($73 in chips)
AzureCaper: posts small blind $1
UNABELIEVE: posts big blind $3
*** HOLE CARDS ***
AzureCaper: raises $3 to $6
UNABELIEVE: calls $3
*** FLOP *** [8h Ac 7h]
UNABELIEVE: checks
AzureCaper: bets $3
UNABELIEVE: calls $3
*** TURN *** [8h Ac 7h] [9d]
UNABELIEVE: checks
AzureCaper: bets $6
UNABELIEVE: calls $6
*** RIVER *** [8h Ac 7h 9d] [4s]
UNABELIEVE: checks
AzureCaper: bets $6
UNABELIEVE: calls $6
*** SHOW DOWN ***
AzureCaper: shows [Td Jd] (a straight, Seven to Jack)
UNABELIEVE: mucks hand
AzureCaper collected $41.50 from pot
*** SUMMARY ***
Total pot $42 | Rake $0.50
Board [8h Ac 7h 9d 4s]
Seat 2: UNABELIEVE (big blind) mucked
Seat 3: AzureCaper (button) (small blind) showed [Td Jd] and won ($41.50) with a straight, Seven to Jack


PokerStars Hand #173036575863:  Hold'em Limit ($3/$6 USD) - 2017/07/14 17:40:02 ET
Table 'Orsilocus' 6-max Seat #2 is the button
Seat 2: UNABELIEVE ($51.76 in chips)
Seat 3: AzureCaper ($72 in chips)
UNABELIEVE: posts small blind $1
AzureCaper: posts big blind $3
*** HOLE CARDS ***
UNABELIEVE: folds
Uncalled bet ($2) returned to AzureCaper
AzureCaper collected $2 from pot
AzureCaper: doesn't show hand
*** SUMMARY ***
Total pot $2 | Rake $0
Seat 2: UNABELIEVE (button) (small blind) folded before Flop
Seat 3: AzureCaper (big blind) collected ($2)


PokerStars Hand #173036571581:  Hold'em Limit ($3/$6 USD) - 2017/07/14 17:39:56 ET
Table 'Orsilocus' 6-max Seat #3 is the button
Seat 2: UNABELIEVE ($50.76 in chips)
Seat 3: AzureCaper ($72.69 in chips)
AzureCaper: posts small blind $1
UNABELIEVE: posts big blind $3
*** HOLE CARDS ***
AzureCaper: folds
Uncalled bet ($2) returned to UNABELIEVE
UNABELIEVE collected $2 from pot
*** SUMMARY ***
Total pot $2 | Rake $0
Seat 2: UNABELIEVE (big blind) collected ($2)
Seat 3: AzureCaper (button) (small blind) folded before Flop


PokerStars Hand #173036566967:  Hold'em Limit ($3/$6 USD) - 2017/07/14 17:39:50 ET
Table 'Orsilocus' 6-max Seat #2 is the button
Seat 2: UNABELIEVE ($47.76 in chips)
Seat 3: AzureCaper ($75.69 in chips)
UNABELIEVE: posts small blind $1
AzureCaper: posts big blind $3
*** HOLE CARDS ***
UNABELIEVE: raises $3 to $6
AzureCaper: folds
Uncalled bet ($3) returned to UNABELIEVE
UNABELIEVE collected $6 from pot
*** SUMMARY ***
Total pot $6 | Rake $0
Seat 2: UNABELIEVE (button) (small blind) collected ($6)
Seat 3: AzureCaper (big blind) folded before Flop


PokerStars Hand #173036608728:  Hold'em Limit ($3/$6 USD) - 2017/07/14 17:40:48 ET
Table 'Orsilocus' 6-max Seat #3 is the button
Seat 2: UNABELIEVE ($32.76 in chips)
Seat 3: AzureCaper ($90.50 in chips)
AzureCaper: posts small blind $1
UNABELIEVE: posts big blind $3
*** HOLE CARDS ***
AzureCaper: raises $3 to $6
UNABELIEVE: calls $3
*** FLOP *** [8c 8d 5d]
UNABELIEVE: checks
AzureCaper: bets $3
UNABELIEVE: raises $3 to $6
AzureCaper: folds
Uncalled bet ($3) returned to UNABELIEVE
UNABELIEVE collected $17.64 from pot
*** SUMMARY ***
Total pot $18 | Rake $0.36
Board [8c 8d 5d]
Seat 2: UNABELIEVE (big blind) collected ($17.64)
Seat 3: AzureCaper (button) (small blind) folded on the Flop


PokerStars Hand #173036624702:  Hold'em Limit ($3/$6 USD) - 2017/07/14 17:41:10 ET
Table 'Orsilocus' 6-max Seat #2 is the button
Seat 2: UNABELIEVE ($41.40 in chips)
Seat 3: AzureCaper ($81.50 in chips)
UNABELIEVE: posts small blind $1
AzureCaper: posts big blind $3
*** HOLE CARDS ***
UNABELIEVE: raises $3 to $6
AzureCaper: folds
Uncalled bet ($3) returned to UNABELIEVE
UNABELIEVE collected $6 from pot
craaa leaves the table
*** SUMMARY ***
Total pot $6 | Rake $0
Seat 2: UNABELIEVE (button) (small blind) collected ($6)
Seat 3: AzureCaper (big blind) folded before Flop


PokerStars Hand #173036680272:  Hold'em Limit ($3/$6 USD) - 2017/07/14 17:42:26 ET
Table 'Orsilocus' 6-max Seat #3 is the button
Seat 2: UNABELIEVE ($73.54 in chips)
Seat 3: AzureCaper ($72 in chips)
AzureCaper: posts small blind $1
UNABELIEVE: posts big blind $3
*** HOLE CARDS ***
AzureCaper: raises $3 to $6
UNABELIEVE: calls $3
*** FLOP *** [Qh Qs 7s]
UNABELIEVE: checks
AzureCaper: bets $3
UNABELIEVE: raises $3 to $6
AzureCaper: raises $3 to $9
UNABELIEVE: calls $3
*** TURN *** [Qh Qs 7s] [Jd]
UNABELIEVE: checks
AzureCaper: checks
*** RIVER *** [Qh Qs 7s Jd] [Jc]
UNABELIEVE: bets $6
Vitalisek leaves the table
AzureCaper: calls $6
*** SHOW DOWN ***
UNABELIEVE: shows [8h Ks] (two pair, Queens and Jacks)
AzureCaper: shows [Ah 2s] (two pair, Queens and Jacks - Ace kicker)
AzureCaper collected $41.50 from pot
*** SUMMARY ***
Total pot $42 | Rake $0.50
Board [Qh Qs 7s Jd Jc]
Seat 2: UNABELIEVE (big blind) showed [8h Ks] and lost with two pair, Queens and Jacks
Seat 3: AzureCaper (button) (small blind) showed [Ah 2s] and won ($41.50) with two pair, Queens and Jacks


PokerStars Hand #173036662852:  Hold'em Limit ($3/$6 USD) - 2017/07/14 17:42:02 ET
Table 'Orsilocus' 6-max Seat #3 is the button
Seat 2: UNABELIEVE ($63.90 in chips)
Seat 3: AzureCaper ($73 in chips)
AzureCaper: posts small blind $1
UNABELIEVE: posts big blind $3
*** HOLE CARDS ***
AzureCaper: folds
Uncalled bet ($2) returned to UNABELIEVE
UNABELIEVE collected $2 from pot
*** SUMMARY ***
Total pot $2 | Rake $0
Seat 2: UNABELIEVE (big blind) collected ($2)
Seat 3: AzureCaper (button) (small blind) folded before Flop


PokerStars Hand #173036659333:  Hold'em Limit ($3/$6 USD) - 2017/07/14 17:41:57 ET
Table 'Orsilocus' 6-max Seat #2 is the button
Seat 2: UNABELIEVE ($64.90 in chips)
Seat 3: AzureCaper ($72 in chips)
UNABELIEVE: posts small blind $1
AzureCaper: posts big blind $3
*** HOLE CARDS ***
UNABELIEVE: folds
Uncalled bet ($2) returned to AzureCaper
AzureCaper collected $2 from pot
AzureCaper: doesn't show hand
*** SUMMARY ***
Total pot $2 | Rake $0
Seat 2: UNABELIEVE (button) (small blind) folded before Flop
Seat 3: AzureCaper (big blind) collected ($2)


PokerStars Hand #173036628872:  Hold'em Limit ($3/$6 USD) - 2017/07/14 17:41:16 ET
Table 'Orsilocus' 6-max Seat #3 is the button
Seat 2: UNABELIEVE ($44.40 in chips)
Seat 3: AzureCaper ($78.50 in chips)
AzureCaper: posts small blind $1
UNABELIEVE: posts big blind $3
*** HOLE CARDS ***
AzureCaper: raises $3 to $6
UNABELIEVE: calls $3
*** FLOP *** [3h Qs 5d]
UNABELIEVE: bets $3
AzureCaper: raises $3 to $6
UNABELIEVE: raises $3 to $9
AzureCaper: calls $3
*** TURN *** [3h Qs 5d] [Kc]
UNABELIEVE: bets $6
AzureCaper: calls $6
*** RIVER *** [3h Qs 5d Kc] [6d]
UNABELIEVE: bets $6
AzureCaper: folds
Uncalled bet ($6) returned to UNABELIEVE
UNABELIEVE collected $41.50 from pot
*** SUMMARY ***
Total pot $42 | Rake $0.50
Board [3h Qs 5d Kc 6d]
Seat 2: UNABELIEVE (big blind) collected ($41.50)
Seat 3: AzureCaper (button) (small blind) folded on the River


PokerStars Hand #173036667292:  Hold'em Limit ($3/$6 USD) - 2017/07/14 17:42:08 ET
Table 'Orsilocus' 6-max Seat #2 is the button
Seat 2: UNABELIEVE ($64.90 in chips)
Seat 3: AzureCaper ($72 in chips)
UNABELIEVE: posts small blind $1
AzureCaper: posts big blind $3
*** HOLE CARDS ***
UNABELIEVE: raises $3 to $6
AzureCaper: calls $3
*** FLOP *** [6c 6h 2d]
AzureCaper: checks
UNABELIEVE: bets $3
AzureCaper: calls $3
*** TURN *** [6c 6h 2d] [3s]
AzureCaper: checks
UNABELIEVE: bets $6
AzureCaper: folds
Uncalled bet ($6) returned to UNABELIEVE
UNABELIEVE collected $17.64 from pot
*** SUMMARY ***
Total pot $18 | Rake $0.36
Board [6c 6h 2d 3s]
Seat 2: UNABELIEVE (button) (small blind) collected ($17.64)
Seat 3: AzureCaper (big blind) folded on the Turn


PokerStars Hand #173036697824:  Hold'em Limit ($3/$6 USD) - 2017/07/14 17:42:51 ET
Table 'Orsilocus' 6-max Seat #2 is the button
Seat 2: UNABELIEVE ($52.54 in chips)
Seat 3: AzureCaper ($92.50 in chips)
UNABELIEVE: posts small blind $1
AzureCaper: posts big blind $3
*** HOLE CARDS ***
UNABELIEVE: folds
Uncalled bet ($2) returned to AzureCaper
AzureCaper collected $2 from pot
AzureCaper: doesn't show hand
*** SUMMARY ***
Total pot $2 | Rake $0
Seat 2: UNABELIEVE (button) (small blind) folded before Flop
Seat 3: AzureCaper (big blind) collected ($2)


PokerStars Hand #173036701684:  Hold'em Limit ($3/$6 USD) - 2017/07/14 17:42:56 ET
Table 'Orsilocus' 6-max Seat #3 is the button
Seat 2: UNABELIEVE ($51.54 in chips)
Seat 3: AzureCaper ($93.50 in chips)
AzureCaper: posts small blind $1
UNABELIEVE: posts big blind $3
*** HOLE CARDS ***
AzureCaper: raises $3 to $6
UNABELIEVE: calls $3
*** FLOP *** [7h 9c Js]
UNABELIEVE: checks
AzureCaper: checks
*** TURN *** [7h 9c Js] [6d]
UNABELIEVE: bets $6
AzureCaper: calls $6
*** RIVER *** [7h 9c Js 6d] [4h]
UNABELIEVE: bets $6
AzureCaper: calls $6
*** SHOW DOWN ***
UNABELIEVE: shows [3d 5c] (a straight, Three to Seven)
AzureCaper: mucks hand
UNABELIEVE collected $35.50 from pot
*** SUMMARY ***
Total pot $36 | Rake $0.50
Board [7h 9c Js 6d 4h]
Seat 2: UNABELIEVE (big blind) showed [3d 5c] and won ($35.50) with a straight, Three to Seven
Seat 3: AzureCaper (button) (small blind) mucked


PokerStars Hand #173036711520:  Hold'em Limit ($3/$6 USD) - 2017/07/14 17:43:10 ET
Table 'Orsilocus' 6-max Seat #2 is the button
Seat 2: UNABELIEVE ($69.04 in chips)
Seat 3: AzureCaper ($75.50 in chips)
UNABELIEVE: posts small blind $1
AzureCaper: posts big blind $3
*** HOLE CARDS ***
UNABELIEVE: raises $3 to $6
AzureCaper: raises $3 to $9
UNABELIEVE: calls $3
*** FLOP *** [As Kd Ad]
AzureCaper: bets $3
UNABELIEVE: folds
Uncalled bet ($3) returned to AzureCaper
AzureCaper collected $17.64 from pot
AzureCaper: doesn't show hand
*** SUMMARY ***
Total pot $18 | Rake $0.36
Board [As Kd Ad]
Seat 2: UNABELIEVE (button) (small blind) folded on the Flop
Seat 3: AzureCaper (big blind) collected ($17.64)


PokerStars Hand #173036717362:  Hold'em Limit ($3/$6 USD) - 2017/07/14 17:43:18 ET
Table 'Orsilocus' 6-max Seat #3 is the button
Seat 2: UNABELIEVE ($60.04 in chips)
Seat 3: AzureCaper ($84.14 in chips)
AzureCaper: posts small blind $1
UNABELIEVE: posts big blind $3
*** HOLE CARDS ***
AzureCaper: raises $3 to $6
UNABELIEVE: calls $3
*** FLOP *** [2h Qd 9h]
UNABELIEVE: checks
AzureCaper: bets $3
UNABELIEVE: raises $3 to $6
AzureCaper: raises $3 to $9
UNABELIEVE: calls $3
*** TURN *** [2h Qd 9h] [6c]
UNABELIEVE: checks
AzureCaper: bets $6
UNABELIEVE: calls $6
*** RIVER *** [2h Qd 9h 6c] [9c]
UNABELIEVE: bets $6
AzureCaper: calls $6
*** SHOW DOWN ***
UNABELIEVE: shows [4d 9s] (three of a kind, Nines)
AzureCaper: mucks hand
UNABELIEVE collected $53.50 from pot
*** SUMMARY ***
Total pot $54 | Rake $0.50
Board [2h Qd 9h 6c 9c]
Seat 2: UNABELIEVE (big blind) showed [4d 9s] and won ($53.50) with three of a kind, Nines
Seat 3: AzureCaper (button) (small blind) mucked


PokerStars Hand #173036733307:  Hold'em Limit ($3/$6 USD) - 2017/07/14 17:43:40 ET
Table 'Orsilocus' 6-max Seat #2 is the button
Seat 2: UNABELIEVE ($86.54 in chips)
Seat 3: AzureCaper ($72 in chips)
UNABELIEVE: posts small blind $1
AzureCaper: posts big blind $3
*** HOLE CARDS ***
UNABELIEVE: raises $3 to $6
AzureCaper: calls $3
*** FLOP *** [7h 3c 4c]
AzureCaper: checks
UNABELIEVE: bets $3
AzureCaper: raises $3 to $6
UNABELIEVE: calls $3
*** TURN *** [7h 3c 4c] [Jd]
AzureCaper: bets $6
UNABELIEVE: calls $6
*** RIVER *** [7h 3c 4c Jd] [2s]
AzureCaper: bets $6
UNABELIEVE: calls $6
*** SHOW DOWN ***
AzureCaper: shows [5c 6s] (a straight, Three to Seven)
UNABELIEVE: mucks hand
AzureCaper collected $47.50 from pot
*** SUMMARY ***
Total pot $48 | Rake $0.50
Board [7h 3c 4c Jd 2s]
Seat 2: UNABELIEVE (button) (small blind) mucked
Seat 3: AzureCaper (big blind) showed [5c 6s] and won ($47.50) with a straight, Three to Seven


PokerStars Hand #173036747521:  Hold'em Limit ($3/$6 USD) - 2017/07/14 17:43:59 ET
Table 'Orsilocus' 6-max Seat #3 is the button
Seat 2: UNABELIEVE ($62.54 in chips)
Seat 3: AzureCaper ($95.50 in chips)
AzureCaper: posts small blind $1
UNABELIEVE: posts big blind $3
*** HOLE CARDS ***
AzureCaper: raises $3 to $6
UNABELIEVE: calls $3
*** FLOP *** [Th 6c Kc]
UNABELIEVE: checks
AzureCaper: checks
*** TURN *** [Th 6c Kc] [3d]
UNABELIEVE: checks
AzureCaper: bets $6
UNABELIEVE: folds
Uncalled bet ($6) returned to AzureCaper
AzureCaper collected $11.76 from pot
AzureCaper: doesn't show hand
*** SUMMARY ***
Total pot $12 | Rake $0.24
Board [Th 6c Kc 3d]
Seat 2: UNABELIEVE (big blind) folded on the Turn
Seat 3: AzureCaper (button) (small blind) collected ($11.76)


PokerStars Hand #173036760406:  Hold'em Limit ($3/$6 USD) - 2017/07/14 17:44:17 ET
Table 'Orsilocus' 6-max Seat #2 is the button
Seat 2: UNABELIEVE ($56.54 in chips)
Seat 3: AzureCaper ($101.26 in chips)
UNABELIEVE: posts small blind $1
AzureCaper: posts big blind $3
*** HOLE CARDS ***
UNABELIEVE: raises $3 to $6
AzureCaper: calls $3
*** FLOP *** [7c Ac 6c]
AzureCaper: checks
UNABELIEVE: bets $3
AzureCaper: folds
Uncalled bet ($3) returned to UNABELIEVE
UNABELIEVE collected $11.76 from pot
*** SUMMARY ***
Total pot $12 | Rake $0.24
Board [7c Ac 6c]
Seat 2: UNABELIEVE (button) (small blind) collected ($11.76)
Seat 3: AzureCaper (big blind) folded on the Flop


PokerStars Hand #173036768206:  Hold'em Limit ($3/$6 USD) - 2017/07/14 17:44:27 ET
Table 'Orsilocus' 6-max Seat #3 is the button
Seat 2: UNABELIEVE ($62.30 in chips)
Seat 3: AzureCaper ($95.26 in chips)
AzureCaper: posts small blind $1
UNABELIEVE: posts big blind $3
*** HOLE CARDS ***
AzureCaper: raises $3 to $6
UNABELIEVE: calls $3
*** FLOP *** [3s Qs Td]
UNABELIEVE: checks
AzureCaper: checks
*** TURN *** [3s Qs Td] [Kd]
UNABELIEVE: checks
AzureCaper: bets $6
UNABELIEVE: folds
Uncalled bet ($6) returned to AzureCaper
AzureCaper collected $11.76 from pot
AzureCaper: doesn't show hand
*** SUMMARY ***
Total pot $12 | Rake $0.24
Board [3s Qs Td Kd]
Seat 2: UNABELIEVE (big blind) folded on the Turn
Seat 3: AzureCaper (button) (small blind) collected ($11.76)


PokerStars Hand #173036778909:  Hold'em Limit ($3/$6 USD) - 2017/07/14 17:44:42 ET
Table 'Orsilocus' 6-max Seat #2 is the button
Seat 2: UNABELIEVE ($56.30 in chips)
Seat 3: AzureCaper ($101.02 in chips)
UNABELIEVE: posts small blind $1
AzureCaper: posts big blind $3
*** HOLE CARDS ***
UNABELIEVE: raises $3 to $6
AzureCaper: calls $3
*** FLOP *** [3d Qd 2d]
AzureCaper: checks
UNABELIEVE: bets $3
AzureCaper: folds
Uncalled bet ($3) returned to UNABELIEVE
UNABELIEVE collected $11.76 from pot
*** SUMMARY ***
Total pot $12 | Rake $0.24
Board [3d Qd 2d]
Seat 2: UNABELIEVE (button) (small blind) collected ($11.76)
Seat 3: AzureCaper (big blind) folded on the Flop


PokerStars Hand #173036788881:  Hold'em Limit ($3/$6 USD) - 2017/07/14 17:44:56 ET
Table 'Orsilocus' 6-max Seat #3 is the button
Seat 2: UNABELIEVE ($62.06 in chips)
Seat 3: AzureCaper ($95.02 in chips)
AzureCaper: posts small blind $1
UNABELIEVE: posts big blind $3
*** HOLE CARDS ***
AzureCaper: folds
Uncalled bet ($2) returned to UNABELIEVE
UNABELIEVE collected $2 from pot
*** SUMMARY ***
Total pot $2 | Rake $0
Seat 2: UNABELIEVE (big blind) collected ($2)
Seat 3: AzureCaper (button) (small blind) folded before Flop


PokerStars Hand #173036794714:  Hold'em Limit ($3/$6 USD) - 2017/07/14 17:45:04 ET
Table 'Orsilocus' 6-max Seat #2 is the button
Seat 2: UNABELIEVE ($63.06 in chips)
Seat 3: AzureCaper ($94.02 in chips)
UNABELIEVE: posts small blind $1
AzureCaper: posts big blind $3
*** HOLE CARDS ***
UNABELIEVE: raises $3 to $6
AzureCaper: calls $3
*** FLOP *** [5s 2s 9h]
AzureCaper: checks
UNABELIEVE: bets $3
AzureCaper: raises $3 to $6
UNABELIEVE: calls $3
*** TURN *** [5s 2s 9h] [Th]
AzureCaper: bets $6
UNABELIEVE: calls $6
*** RIVER *** [5s 2s 9h Th] [Ac]
AzureCaper: checks
UNABELIEVE: checks
*** SHOW DOWN ***
AzureCaper: shows [8s 5d] (a pair of Fives)
UNABELIEVE: mucks hand
AzureCaper collected $35.50 from pot
*** SUMMARY ***
Total pot $36 | Rake $0.50
Board [5s 2s 9h Th Ac]
Seat 2: UNABELIEVE (button) (small blind) mucked
Seat 3: AzureCaper (big blind) showed [8s 5d] and won ($35.50) with a pair of Fives


PokerStars Hand #173036814449:  Hold'em Limit ($3/$6 USD) - 2017/07/14 17:45:31 ET
Table 'Orsilocus' 6-max Seat #3 is the button
Seat 2: UNABELIEVE ($45.06 in chips)
Seat 3: AzureCaper ($111.52 in chips)
AzureCaper: posts small blind $1
UNABELIEVE: posts big blind $3
*** HOLE CARDS ***
AzureCaper: raises $3 to $6
UNABELIEVE: raises $3 to $9
AzureCaper: calls $3
*** FLOP *** [5h 4c 3c]
UNABELIEVE: bets $3
AzureCaper: folds
Uncalled bet ($3) returned to UNABELIEVE
UNABELIEVE collected $17.64 from pot
nedo1414 joins the table at seat #4
*** SUMMARY ***
Total pot $18 | Rake $0.36
Board [5h 4c 3c]
Seat 2: UNABELIEVE (big blind) collected ($17.64)
Seat 3: AzureCaper (button) (small blind) folded on the Flop


PokerStars Hand #173036821521:  Hold'em Limit ($3/$6 USD) - 2017/07/14 17:45:41 ET
Table 'Orsilocus' 6-max Seat #2 is the button
Seat 2: UNABELIEVE ($53.70 in chips)
Seat 3: AzureCaper ($102.52 in chips)
UNABELIEVE: posts small blind $1
AzureCaper: posts big blind $3
*** HOLE CARDS ***
UNABELIEVE: raises $3 to $6
AzureCaper: calls $3
*** FLOP *** [9s 9h 2h]
AzureCaper: checks
UNABELIEVE: bets $3
AzureCaper: raises $3 to $6
UNABELIEVE: calls $3
*** TURN *** [9s 9h 2h] [Qh]
AzureCaper: bets $6
UNABELIEVE: calls $6
*** RIVER *** [9s 9h 2h Qh] [Kh]
AzureCaper: bets $6
UNABELIEVE: raises $6 to $12
AzureCaper: folds
Uncalled bet ($6) returned to UNABELIEVE
UNABELIEVE collected $47.50 from pot
*** SUMMARY ***
Total pot $48 | Rake $0.50
Board [9s 9h 2h Qh Kh]
Seat 2: UNABELIEVE (button) (small blind) collected ($47.50)
Seat 3: AzureCaper (big blind) folded on the River


PokerStars Hand #173036990850:  Hold'em Limit ($3/$6 USD) - 2017/07/14 17:49:35 ET
Table 'Orsilocus' 6-max Seat #4 is the button
Seat 3: AzureCaper ($77.17 in chips)
Seat 4: nedo1414 ($76.57 in chips)
nedo1414: posts small blind $1
AzureCaper: posts big blind $3
*** HOLE CARDS ***
nedo1414: raises $3 to $6
AzureCaper: calls $3
*** FLOP *** [8c Ad Kh]
AzureCaper: checks
nedo1414: bets $3
AzureCaper: raises $3 to $6
nedo1414: folds
Uncalled bet ($3) returned to AzureCaper
AzureCaper collected $17.64 from pot
AzureCaper: doesn't show hand
*** SUMMARY ***
Total pot $18 | Rake $0.36
Board [8c Ad Kh]
Seat 3: AzureCaper (big blind) collected ($17.64)
Seat 4: nedo1414 (button) (small blind) folded on the Flop


PokerStars Hand #173037001101:  Hold'em Limit ($3/$6 USD) - 2017/07/14 17:49:51 ET
Table 'Orsilocus' 6-max Seat #3 is the button
Seat 3: AzureCaper ($85.81 in chips)
Seat 4: nedo1414 ($67.57 in chips)
AzureCaper: posts small blind $1
nedo1414: posts big blind $3
*** HOLE CARDS ***
AzureCaper: raises $3 to $6
nedo1414: calls $3
*** FLOP *** [6d 2h Tc]
nedo1414: checks
AzureCaper: bets $3
nedo1414: folds
Uncalled bet ($3) returned to AzureCaper
AzureCaper collected $11.76 from pot
AzureCaper: doesn't show hand
*** SUMMARY ***
Total pot $12 | Rake $0.24
Board [6d 2h Tc]
Seat 3: AzureCaper (button) (small blind) collected ($11.76)
Seat 4: nedo1414 (big blind) folded on the Flop


