PokerStars Hand #166982990576:  Hold'em Limit ($3/$6 USD) - 2017/03/01 22:38:44 ET
Table 'Orthosie' 6-max Seat #1 is the button
Seat 1: LifeisagameX ($84 in chips)
Seat 2: clickmehot ($44.86 in chips)
LifeisagameX: posts small blind $1
clickmehot: posts big blind $3
*** HOLE CARDS ***
LifeisagameX: raises $3 to $6
clickmehot: calls $3
*** FLOP *** [Td 9c 7d]
clickmehot: checks
LifeisagameX: bets $3
clickmehot: folds
Uncalled bet ($3) returned to LifeisagameX
LifeisagameX collected $11.76 from pot
LifeisagameX: doesn't show hand
*** SUMMARY ***
Total pot $12 | Rake $0.24
Board [Td 9c 7d]
Seat 1: LifeisagameX (button) (small blind) collected ($11.76)
Seat 2: clickmehot (big blind) folded on the Flop


PokerStars Hand #166983003300:  Hold'em Limit ($3/$6 USD) - 2017/03/01 22:39:19 ET
Table 'Orthosie' 6-max Seat #2 is the button
Seat 1: LifeisagameX ($89.76 in chips)
Seat 2: clickmehot ($38.86 in chips)
clickmehot: posts small blind $1
LifeisagameX: posts big blind $3
*** HOLE CARDS ***
clickmehot: calls $2
LifeisagameX: checks
*** FLOP *** [Td Kc 6d]
LifeisagameX: checks
clickmehot: checks
*** TURN *** [Td Kc 6d] [7s]
LifeisagameX: checks
clickmehot: checks
*** RIVER *** [Td Kc 6d 7s] [Tc]
LifeisagameX: checks
clickmehot: bets $6
LifeisagameX: folds
Uncalled bet ($6) returned to clickmehot
clickmehot collected $5.88 from pot
clickmehot: doesn't show hand
*** SUMMARY ***
Total pot $6 | Rake $0.12
Board [Td Kc 6d 7s Tc]
Seat 1: LifeisagameX (big blind) folded on the River
Seat 2: clickmehot (button) (small blind) collected ($5.88)


PokerStars Hand #166983014101:  Hold'em Limit ($3/$6 USD) - 2017/03/01 22:39:50 ET
Table 'Orthosie' 6-max Seat #1 is the button
Seat 1: LifeisagameX ($86.76 in chips)
Seat 2: clickmehot ($41.74 in chips)
LifeisagameX: posts small blind $1
clickmehot: posts big blind $3
*** HOLE CARDS ***
LifeisagameX: raises $3 to $6
clickmehot: folds
Uncalled bet ($3) returned to LifeisagameX
LifeisagameX collected $6 from pot
LifeisagameX: doesn't show hand
*** SUMMARY ***
Total pot $6 | Rake $0
Seat 1: LifeisagameX (button) (small blind) collected ($6)
Seat 2: clickmehot (big blind) folded before Flop


PokerStars Hand #166983016909:  Hold'em Limit ($3/$6 USD) - 2017/03/01 22:39:58 ET
Table 'Orthosie' 6-max Seat #2 is the button
Seat 1: LifeisagameX ($89.76 in chips)
Seat 2: clickmehot ($38.74 in chips)
clickmehot: posts small blind $1
LifeisagameX: posts big blind $3
*** HOLE CARDS ***
clickmehot: calls $2
LifeisagameX: checks
*** FLOP *** [8c Ad 4h]
LifeisagameX: checks
clickmehot: checks
*** TURN *** [8c Ad 4h] [Ac]
LifeisagameX: checks
clickmehot: checks
*** RIVER *** [8c Ad 4h Ac] [9d]
LifeisagameX: bets $6
clickmehot: calls $6
*** SHOW DOWN ***
LifeisagameX: shows [8s Qh] (two pair, Aces and Eights)
clickmehot: shows [9c Jd] (two pair, Aces and Nines)
clickmehot collected $17.64 from pot
*** SUMMARY ***
Total pot $18 | Rake $0.36
Board [8c Ad 4h Ac 9d]
Seat 1: LifeisagameX (big blind) showed [8s Qh] and lost with two pair, Aces and Eights
Seat 2: clickmehot (button) (small blind) showed [9c Jd] and won ($17.64) with two pair, Aces and Nines


PokerStars Hand #166983038020:  Hold'em Limit ($3/$6 USD) - 2017/03/01 22:40:58 ET
Table 'Orthosie' 6-max Seat #2 is the button
Seat 1: LifeisagameX ($84 in chips)
Seat 2: clickmehot ($61.88 in chips)
clickmehot: posts small blind $1
LifeisagameX: posts big blind $3
*** HOLE CARDS ***
clickmehot: calls $2
LifeisagameX: checks
*** FLOP *** [Ks 3h 7c]
LifeisagameX: checks
clickmehot: checks
*** TURN *** [Ks 3h 7c] [7s]
LifeisagameX: checks
clickmehot: checks
*** RIVER *** [Ks 3h 7c 7s] [Ah]
LifeisagameX: checks
clickmehot: checks
*** SHOW DOWN ***
LifeisagameX: shows [Qh 4s] (a pair of Sevens)
clickmehot: shows [Qd Tc] (a pair of Sevens)
LifeisagameX collected $2.94 from pot
clickmehot collected $2.94 from pot
*** SUMMARY ***
Total pot $6 | Rake $0.12
Board [Ks 3h 7c 7s Ah]
Seat 1: LifeisagameX (big blind) showed [Qh 4s] and won ($2.94) with a pair of Sevens
Seat 2: clickmehot (button) (small blind) showed [Qd Tc] and won ($2.94) with a pair of Sevens


PokerStars Hand #166983026898:  Hold'em Limit ($3/$6 USD) - 2017/03/01 22:40:26 ET
Table 'Orthosie' 6-max Seat #1 is the button
Seat 1: LifeisagameX ($84 in chips)
Seat 2: clickmehot ($47.38 in chips)
LifeisagameX: posts small blind $1
clickmehot: posts big blind $3
*** HOLE CARDS ***
LifeisagameX: raises $3 to $6
clickmehot: calls $3
*** FLOP *** [9s 5h 7s]
clickmehot: checks
LifeisagameX: bets $3
clickmehot: calls $3
*** TURN *** [9s 5h 7s] [6c]
clickmehot: checks
LifeisagameX: checks
*** RIVER *** [9s 5h 7s 6c] [Js]
clickmehot: bets $6
LifeisagameX: calls $6
*** SHOW DOWN ***
clickmehot: shows [8d Ah] (a straight, Five to Nine)
LifeisagameX: mucks hand
clickmehot collected $29.50 from pot
*** SUMMARY ***
Total pot $30 | Rake $0.50
Board [9s 5h 7s 6c Js]
Seat 1: LifeisagameX (button) (small blind) mucked
Seat 2: clickmehot (big blind) showed [8d Ah] and won ($29.50) with a straight, Five to Nine


PokerStars Hand #166983046651:  Hold'em Limit ($3/$6 USD) - 2017/03/01 22:41:23 ET
Table 'Orthosie' 6-max Seat #1 is the button
Seat 1: LifeisagameX ($84 in chips)
Seat 2: clickmehot ($61.82 in chips)
LifeisagameX: posts small blind $1
clickmehot: posts big blind $3
*** HOLE CARDS ***
LifeisagameX: raises $3 to $6
clickmehot: folds
Uncalled bet ($3) returned to LifeisagameX
LifeisagameX collected $6 from pot
LifeisagameX: doesn't show hand
*** SUMMARY ***
Total pot $6 | Rake $0
Seat 1: LifeisagameX (button) (small blind) collected ($6)
Seat 2: clickmehot (big blind) folded before Flop


