PokerStars Hand #150379176941:  Hold'em Limit ($3/$6 USD) - 2016/03/15 4:57:02 ET
Table 'Orthos' 6-max Seat #4 is the button
Seat 2: whats money ($90.83 in chips)
Seat 4: Actionni13 ($221.95 in chips)
Actionni13: posts small blind $1
whats money: posts big blind $3
*** HOLE CARDS ***
Actionni13: raises $3 to $6
whats money: calls $3
*** FLOP *** [5d 3s 3h]
whats money: checks
Actionni13: bets $3
whats money: calls $3
*** TURN *** [5d 3s 3h] [8c]
whats money: checks
Actionni13: checks
*** RIVER *** [5d 3s 3h 8c] [4s]
whats money: bets $6
Actionni13: calls $6
*** SHOW DOWN ***
whats money: shows [6h 8h] (two pair, Eights and Threes)
Actionni13: mucks hand
whats money collected $29.50 from pot
*** SUMMARY ***
Total pot $30 | Rake $0.50
Board [5d 3s 3h 8c 4s]
Seat 2: whats money (big blind) showed [6h 8h] and won ($29.50) with two pair, Eights and Threes
Seat 4: Actionni13 (button) (small blind) mucked


PokerStars Hand #150379170753:  Hold'em Limit ($3/$6 USD) - 2016/03/15 4:56:42 ET
Table 'Orthos' 6-max Seat #2 is the button
Seat 2: whats money ($120.83 in chips)
Seat 4: Actionni13 ($192.45 in chips)
whats money: posts small blind $1
Actionni13: posts big blind $3
*** HOLE CARDS ***
whats money: raises $3 to $6
Actionni13: raises $3 to $9
whats money: calls $3
*** FLOP *** [4s Ac 5h]
Actionni13: bets $3
whats money: raises $3 to $6
Actionni13: raises $3 to $9
whats money: calls $3
*** TURN *** [4s Ac 5h] [8h]
Actionni13: bets $6
whats money: calls $6
*** RIVER *** [4s Ac 5h 8h] [3c]
Actionni13: bets $6
whats money: calls $6
*** SHOW DOWN ***
Actionni13: shows [Ad 8c] (two pair, Aces and Eights)
whats money: mucks hand
Actionni13 collected $59.50 from pot
*** SUMMARY ***
Total pot $60 | Rake $0.50
Board [4s Ac 5h 8h 3c]
Seat 2: whats money (button) (small blind) mucked
Seat 4: Actionni13 (big blind) showed [Ad 8c] and won ($59.50) with two pair, Aces and Eights


PokerStars Hand #150379215611:  Hold'em Limit ($3/$6 USD) - 2016/03/15 4:59:04 ET
Table 'Orthos' 6-max Seat #4 is the button
Seat 2: whats money ($109.59 in chips)
Seat 4: Actionni13 ($260.44 in chips)
Actionni13: posts small blind $1
whats money: posts big blind $3
*** HOLE CARDS ***
Actionni13: raises $3 to $6
whats money: folds
Uncalled bet ($3) returned to Actionni13
Actionni13 collected $6 from pot
Actionni13: doesn't show hand
*** SUMMARY ***
Total pot $6 | Rake $0
Seat 2: whats money (big blind) folded before Flop
Seat 4: Actionni13 (button) (small blind) collected ($6)


PokerStars Hand #150379217330:  Hold'em Limit ($3/$6 USD) - 2016/03/15 4:59:09 ET
Table 'Orthos' 6-max Seat #2 is the button
Seat 2: whats money ($106.59 in chips)
Seat 4: Actionni13 ($263.44 in chips)
whats money: posts small blind $1
Actionni13: posts big blind $3
*** HOLE CARDS ***
whats money: raises $3 to $6
_fayzulllo_ joins the table at seat #5
Actionni13: calls $3
*** FLOP *** [5h 2h Qc]
Actionni13: checks
whats money: bets $3
Actionni13: raises $3 to $6
whats money: raises $3 to $9
Actionni13: raises $3 to $12
Betting is capped
whats money: calls $3
*** TURN *** [5h 2h Qc] [Jh]
Actionni13: bets $6
whats money: raises $6 to $12
Actionni13: calls $6
*** RIVER *** [5h 2h Qc Jh] [6s]
Actionni13: checks
whats money: bets $6
Actionni13: calls $6
*** SHOW DOWN ***
whats money: shows [4h Qh] (a flush, Queen high)
Actionni13: mucks hand
whats money collected $71.50 from pot
*** SUMMARY ***
Total pot $72 | Rake $0.50
Board [5h 2h Qc Jh 6s]
Seat 2: whats money (button) (small blind) showed [4h Qh] and won ($71.50) with a flush, Queen high
Seat 4: Actionni13 (big blind) mucked


PokerStars Hand #150379337880:  Hold'em Limit ($3/$6 USD) - 2016/03/15 5:04:58 ET
Table 'Orthos' 6-max Seat #4 is the button
Seat 4: Actionni13 ($182.18 in chips)
Seat 5: _fayzulllo_ ($20.38 in chips)
Actionni13: posts small blind $1
_fayzulllo_: posts big blind $3
*** HOLE CARDS ***
Actionni13: raises $3 to $6
_fayzulllo_: raises $3 to $9
Actionni13: calls $3
*** FLOP *** [9d Jd 6h]
_fayzulllo_: bets $3
Actionni13: raises $3 to $6
_fayzulllo_: raises $3 to $9
Actionni13: raises $3 to $12
Betting is capped
_fayzulllo_: calls $2.38 and is all-in
Uncalled bet ($0.62) returned to Actionni13
*** TURN *** [9d Jd 6h] [5d]
*** RIVER *** [9d Jd 6h 5d] [Ac]
*** SHOW DOWN ***
_fayzulllo_: shows [2c 2h] (a pair of Deuces)
Actionni13: shows [7d Js] (a pair of Jacks)
Actionni13 collected $40.26 from pot
*** SUMMARY ***
Total pot $40.76 | Rake $0.50
Board [9d Jd 6h 5d Ac]
Seat 4: Actionni13 (button) (small blind) showed [7d Js] and won ($40.26) with a pair of Jacks
Seat 5: _fayzulllo_ (big blind) showed [2c 2h] and lost with a pair of Deuces


PokerStars Hand #150379335650:  Hold'em Limit ($3/$6 USD) - 2016/03/15 5:04:52 ET
Table 'Orthos' 6-max Seat #5 is the button
Seat 4: Actionni13 ($181.18 in chips)
Seat 5: _fayzulllo_ ($21.38 in chips)
_fayzulllo_: posts small blind $1
Actionni13: posts big blind $3
*** HOLE CARDS ***
_fayzulllo_: folds
Uncalled bet ($2) returned to Actionni13
Actionni13 collected $2 from pot
Actionni13: doesn't show hand
*** SUMMARY ***
Total pot $2 | Rake $0
Seat 4: Actionni13 (big blind) collected ($2)
Seat 5: _fayzulllo_ (button) (small blind) folded before Flop


PokerStars Hand #150379365347:  Hold'em Limit ($3/$6 USD) - 2016/03/15 5:06:12 ET
Table 'Orthos' 6-max Seat #4 is the button
Seat 2: whats money ($234.66 in chips)
Seat 4: Actionni13 ($199.06 in chips)
Actionni13: posts small blind $1
whats money: posts big blind $3
*** HOLE CARDS ***
Actionni13: folds
Uncalled bet ($2) returned to whats money
whats money collected $2 from pot
*** SUMMARY ***
Total pot $2 | Rake $0
Seat 2: whats money (big blind) collected ($2)
Seat 4: Actionni13 (button) (small blind) folded before Flop


PokerStars Hand #150379359713:  Hold'em Limit ($3/$6 USD) - 2016/03/15 5:05:57 ET
Table 'Orthos' 6-max Seat #2 is the button
Seat 2: whats money ($235.66 in chips)
Seat 4: Actionni13 ($198.06 in chips)
whats money: posts small blind $1
Actionni13: posts big blind $3
*** HOLE CARDS ***
whats money: folds
Uncalled bet ($2) returned to Actionni13
Actionni13 collected $2 from pot
Actionni13: doesn't show hand
*** SUMMARY ***
Total pot $2 | Rake $0
Seat 2: whats money (button) (small blind) folded before Flop
Seat 4: Actionni13 (big blind) collected ($2)


PokerStars Hand #150379357913:  Hold'em Limit ($3/$6 USD) - 2016/03/15 5:05:52 ET
Table 'Orthos' 6-max Seat #4 is the button
Seat 2: whats money ($234.66 in chips)
Seat 4: Actionni13 ($199.06 in chips)
Actionni13: posts small blind $1
whats money: posts big blind $3
*** HOLE CARDS ***
Actionni13: folds
Uncalled bet ($2) returned to whats money
whats money collected $2 from pot
*** SUMMARY ***
Total pot $2 | Rake $0
Seat 2: whats money (big blind) collected ($2)
Seat 4: Actionni13 (button) (small blind) folded before Flop


PokerStars Hand #150379355461:  Hold'em Limit ($3/$6 USD) - 2016/03/15 5:05:45 ET
Table 'Orthos' 6-max Seat #2 is the button
Seat 2: whats money ($231.66 in chips)
Seat 4: Actionni13 ($202.06 in chips)
whats money: posts small blind $1
Actionni13: posts big blind $3
*** HOLE CARDS ***
whats money: raises $3 to $6
Actionni13: folds
Uncalled bet ($3) returned to whats money
whats money collected $6 from pot
*** SUMMARY ***
Total pot $6 | Rake $0
Seat 2: whats money (button) (small blind) collected ($6)
Seat 4: Actionni13 (big blind) folded before Flop


PokerStars Hand #150379371992:  Hold'em Limit ($3/$6 USD) - 2016/03/15 5:06:31 ET
Table 'Orthos' 6-max Seat #2 is the button
Seat 2: whats money ($231.66 in chips)
Seat 4: Actionni13 ($202.06 in chips)
whats money: posts small blind $1
Actionni13: posts big blind $3
*** HOLE CARDS ***
whats money: folds
Uncalled bet ($2) returned to Actionni13
Actionni13 collected $2 from pot
Actionni13: doesn't show hand
*** SUMMARY ***
Total pot $2 | Rake $0
Seat 2: whats money (button) (small blind) folded before Flop
Seat 4: Actionni13 (big blind) collected ($2)


PokerStars Hand #150379368764:  Hold'em Limit ($3/$6 USD) - 2016/03/15 5:06:22 ET
Table 'Orthos' 6-max Seat #4 is the button
Seat 2: whats money ($234.66 in chips)
Seat 4: Actionni13 ($199.06 in chips)
Actionni13: posts small blind $1
whats money: posts big blind $3
*** HOLE CARDS ***
Actionni13: raises $3 to $6
whats money: folds
Uncalled bet ($3) returned to Actionni13
Actionni13 collected $6 from pot
Actionni13: doesn't show hand
*** SUMMARY ***
Total pot $6 | Rake $0
Seat 2: whats money (big blind) folded before Flop
Seat 4: Actionni13 (button) (small blind) collected ($6)


PokerStars Hand #150379367140:  Hold'em Limit ($3/$6 USD) - 2016/03/15 5:06:17 ET
Table 'Orthos' 6-max Seat #2 is the button
Seat 2: whats money ($235.66 in chips)
Seat 4: Actionni13 ($198.06 in chips)
whats money: posts small blind $1
Actionni13: posts big blind $3
*** HOLE CARDS ***
whats money: folds
Uncalled bet ($2) returned to Actionni13
Actionni13 collected $2 from pot
Actionni13: doesn't show hand
*** SUMMARY ***
Total pot $2 | Rake $0
Seat 2: whats money (button) (small blind) folded before Flop
Seat 4: Actionni13 (big blind) collected ($2)


PokerStars Hand #150379380645:  Hold'em Limit ($3/$6 USD) - 2016/03/15 5:06:54 ET
Table 'Orthos' 6-max Seat #2 is the button
Seat 2: whats money ($251.16 in chips)
Seat 4: Actionni13 ($182.06 in chips)
whats money: posts small blind $1
Actionni13: posts big blind $3
*** HOLE CARDS ***
whats money: folds
Uncalled bet ($2) returned to Actionni13
Actionni13 collected $2 from pot
Actionni13: doesn't show hand
*** SUMMARY ***
Total pot $2 | Rake $0
Seat 2: whats money (button) (small blind) folded before Flop
Seat 4: Actionni13 (big blind) collected ($2)


PokerStars Hand #150379373869:  Hold'em Limit ($3/$6 USD) - 2016/03/15 5:06:36 ET
Table 'Orthos' 6-max Seat #4 is the button
Seat 2: whats money ($230.66 in chips)
Seat 4: Actionni13 ($203.06 in chips)
Actionni13: posts small blind $1
whats money: posts big blind $3
*** HOLE CARDS ***
Actionni13: raises $3 to $6
whats money: calls $3
*** FLOP *** [Qs 5s 2s]
whats money: checks
Actionni13: bets $3
whats money: calls $3
*** TURN *** [Qs 5s 2s] [3c]
whats money: bets $6
Actionni13: calls $6
*** RIVER *** [Qs 5s 2s 3c] [7d]
whats money: bets $6
Actionni13: calls $6
*** SHOW DOWN ***
whats money: shows [4h Qd] (a pair of Queens)
Actionni13: mucks hand
whats money collected $41.50 from pot
*** SUMMARY ***
Total pot $42 | Rake $0.50
Board [Qs 5s 2s 3c 7d]
Seat 2: whats money (big blind) showed [4h Qd] and won ($41.50) with a pair of Queens
Seat 4: Actionni13 (button) (small blind) mucked


PokerStars Hand #150379389154:  Hold'em Limit ($3/$6 USD) - 2016/03/15 5:07:17 ET
Table 'Orthos' 6-max Seat #4 is the button
Seat 2: whats money ($254.04 in chips)
Seat 4: Actionni13 ($179.06 in chips)
Actionni13: posts small blind $1
whats money: posts big blind $3
*** HOLE CARDS ***
Actionni13: raises $3 to $6
whats money: folds
Uncalled bet ($3) returned to Actionni13
Actionni13 collected $6 from pot
Actionni13: doesn't show hand
Profitables joins the table at seat #3
*** SUMMARY ***
Total pot $6 | Rake $0
Seat 2: whats money (big blind) folded before Flop
Seat 4: Actionni13 (button) (small blind) collected ($6)


PokerStars Hand #150379384699:  Hold'em Limit ($3/$6 USD) - 2016/03/15 5:07:05 ET
Table 'Orthos' 6-max Seat #2 is the button
Seat 2: whats money ($251.16 in chips)
Seat 4: Actionni13 ($182.06 in chips)
whats money: posts small blind $1
Actionni13: posts big blind $3
*** HOLE CARDS ***
whats money: calls $2
Actionni13: checks
*** FLOP *** [6d Ks Jd]
Actionni13: checks
whats money: bets $3
Actionni13: folds
Uncalled bet ($3) returned to whats money
whats money collected $5.88 from pot
*** SUMMARY ***
Total pot $6 | Rake $0.12
Board [6d Ks Jd]
Seat 2: whats money (button) (small blind) collected ($5.88)
Seat 4: Actionni13 (big blind) folded on the Flop


PokerStars Hand #150379382700:  Hold'em Limit ($3/$6 USD) - 2016/03/15 5:07:00 ET
Table 'Orthos' 6-max Seat #4 is the button
Seat 2: whats money ($250.16 in chips)
Seat 4: Actionni13 ($183.06 in chips)
Actionni13: posts small blind $1
whats money: posts big blind $3
*** HOLE CARDS ***
Actionni13: folds
Uncalled bet ($2) returned to whats money
whats money collected $2 from pot
*** SUMMARY ***
Total pot $2 | Rake $0
Seat 2: whats money (big blind) collected ($2)
Seat 4: Actionni13 (button) (small blind) folded before Flop


PokerStars Hand #150379549306:  Hold'em Limit ($3/$6 USD) - 2016/03/15 5:14:25 ET
Table 'Orthos' 6-max Seat #2 is the button
Seat 2: whats money ($315.15 in chips)
Seat 4: Actionni13 ($226.52 in chips)
whats money: posts small blind $1
Actionni13: posts big blind $3
*** HOLE CARDS ***
whats money: folds
Uncalled bet ($2) returned to Actionni13
Actionni13 collected $2 from pot
Actionni13: doesn't show hand
*** SUMMARY ***
Total pot $2 | Rake $0
Seat 2: whats money (button) (small blind) folded before Flop
Seat 4: Actionni13 (big blind) collected ($2)


PokerStars Hand #150379542867:  Hold'em Limit ($3/$6 USD) - 2016/03/15 5:14:08 ET
Table 'Orthos' 6-max Seat #4 is the button
Seat 2: whats money ($318.15 in chips)
Seat 4: Actionni13 ($223.52 in chips)
Profitables said, "sure"
Actionni13: posts small blind $1
whats money: posts big blind $3
*** HOLE CARDS ***
Profitables leaves the table
Actionni13: raises $3 to $6
aade1ante leaves the table
whats money: folds
Uncalled bet ($3) returned to Actionni13
Actionni13 collected $6 from pot
Actionni13: doesn't show hand
*** SUMMARY ***
Total pot $6 | Rake $0
Seat 2: whats money (big blind) folded before Flop
Seat 4: Actionni13 (button) (small blind) collected ($6)


PokerStars Hand #150379559005:  Hold'em Limit ($3/$6 USD) - 2016/03/15 5:14:51 ET
Table 'Orthos' 6-max Seat #4 is the button
Seat 2: whats money ($314.15 in chips)
Seat 4: Actionni13 ($227.52 in chips)
Actionni13: posts small blind $1
whats money: posts big blind $3
*** HOLE CARDS ***
Actionni13: raises $3 to $6
stressed31 joins the table at seat #3
whats money: calls $3
*** FLOP *** [6d 9h 2d]
whats money: checks
Actionni13: bets $3
whats money: calls $3
*** TURN *** [6d 9h 2d] [Kc]
whats money: checks
Actionni13: bets $6
whats money: folds
Uncalled bet ($6) returned to Actionni13
Actionni13 collected $17.64 from pot
Actionni13: doesn't show hand
*** SUMMARY ***
Total pot $18 | Rake $0.36
Board [6d 9h 2d Kc]
Seat 2: whats money (big blind) folded on the Turn
Seat 4: Actionni13 (button) (small blind) collected ($17.64)


PokerStars Hand #150379556674:  Hold'em Limit ($3/$6 USD) - 2016/03/15 5:14:45 ET
Table 'Orthos' 6-max Seat #2 is the button
Seat 2: whats money ($311.15 in chips)
Seat 4: Actionni13 ($230.52 in chips)
whats money: posts small blind $1
Actionni13: posts big blind $3
*** HOLE CARDS ***
whats money: raises $3 to $6
Actionni13: folds
Uncalled bet ($3) returned to whats money
whats money collected $6 from pot
*** SUMMARY ***
Total pot $6 | Rake $0
Seat 2: whats money (button) (small blind) collected ($6)
Seat 4: Actionni13 (big blind) folded before Flop


PokerStars Hand #150379551280:  Hold'em Limit ($3/$6 USD) - 2016/03/15 5:14:31 ET
Table 'Orthos' 6-max Seat #4 is the button
Seat 2: whats money ($314.15 in chips)
Seat 4: Actionni13 ($227.52 in chips)
Actionni13: posts small blind $1
whats money: posts big blind $3
*** HOLE CARDS ***
Actionni13: raises $3 to $6
whats money: folds
Uncalled bet ($3) returned to Actionni13
Actionni13 collected $6 from pot
Actionni13: doesn't show hand
*** SUMMARY ***
Total pot $6 | Rake $0
Seat 2: whats money (big blind) folded before Flop
Seat 4: Actionni13 (button) (small blind) collected ($6)


PokerStars Hand #150384640959:  Hold'em Limit ($3/$6 USD) - 2016/03/15 8:20:23 ET
Table 'Orthos' 6-max Seat #4 is the button
Seat 1: Actionni13 ($154 in chips)
Seat 4: hasky156 ($135.96 in chips)
hasky156: posts small blind $1
Actionni13: posts big blind $3
*** HOLE CARDS ***
hasky156: folds
Uncalled bet ($2) returned to Actionni13
Actionni13 collected $2 from pot
Actionni13: doesn't show hand
*** SUMMARY ***
Total pot $2 | Rake $0
Seat 1: Actionni13 (big blind) collected ($2)
Seat 4: hasky156 (button) (small blind) folded before Flop


PokerStars Hand #150384637137:  Hold'em Limit ($3/$6 USD) - 2016/03/15 8:20:16 ET
Table 'Orthos' 6-max Seat #1 is the button
Seat 1: Actionni13 ($151 in chips)
Seat 4: hasky156 ($138.96 in chips)
Actionni13: posts small blind $1
hasky156: posts big blind $3
*** HOLE CARDS ***
Actionni13: raises $3 to $6
hasky156: folds
Uncalled bet ($3) returned to Actionni13
Actionni13 collected $6 from pot
Actionni13: doesn't show hand
*** SUMMARY ***
Total pot $6 | Rake $0
Seat 1: Actionni13 (button) (small blind) collected ($6)
Seat 4: hasky156 (big blind) folded before Flop


PokerStars Hand #150384674659:  Hold'em Limit ($3/$6 USD) - 2016/03/15 8:21:25 ET
Table 'Orthos' 6-max Seat #4 is the button
Seat 1: Actionni13 ($150 in chips)
Seat 4: hasky156 ($177.96 in chips)
hasky156: posts small blind $1
Actionni13: posts big blind $3
*** HOLE CARDS ***
_fayzulllo_ joins the table at seat #3
hasky156: folds
Uncalled bet ($2) returned to Actionni13
Actionni13 collected $2 from pot
Actionni13: doesn't show hand
*** SUMMARY ***
Total pot $2 | Rake $0
Seat 1: Actionni13 (big blind) collected ($2)
Seat 4: hasky156 (button) (small blind) folded before Flop


PokerStars Hand #150384664411:  Hold'em Limit ($3/$6 USD) - 2016/03/15 8:21:06 ET
Table 'Orthos' 6-max Seat #1 is the button
Seat 1: Actionni13 ($151 in chips)
Seat 4: hasky156 ($160.46 in chips)
Actionni13: posts small blind $1
hasky156: posts big blind $3
*** HOLE CARDS ***
Actionni13: raises $3 to $6
hasky156: calls $3
*** FLOP *** [4s 5s 8d]
hasky156: checks
Actionni13: checks
*** TURN *** [4s 5s 8d] [9c]
hasky156: bets $6
Actionni13: calls $6
*** RIVER *** [4s 5s 8d 9c] [Kd]
hasky156: bets $6
Actionni13: calls $6
*** SHOW DOWN ***
hasky156: shows [9h Js] (a pair of Nines)
Actionni13: mucks hand
hasky156 collected $35.50 from pot
*** SUMMARY ***
Total pot $36 | Rake $0.50
Board [4s 5s 8d 9c Kd]
Seat 1: Actionni13 (button) (small blind) mucked
Seat 4: hasky156 (big blind) showed [9h Js] and won ($35.50) with a pair of Nines


PokerStars Hand #150384661550:  Hold'em Limit ($3/$6 USD) - 2016/03/15 8:21:01 ET
Table 'Orthos' 6-max Seat #4 is the button
Seat 1: Actionni13 ($150 in chips)
Seat 4: hasky156 ($161.46 in chips)
hasky156: posts small blind $1
Actionni13: posts big blind $3
*** HOLE CARDS ***
hasky156: folds
Uncalled bet ($2) returned to Actionni13
Actionni13 collected $2 from pot
Actionni13: doesn't show hand
*** SUMMARY ***
Total pot $2 | Rake $0
Seat 1: Actionni13 (big blind) collected ($2)
Seat 4: hasky156 (button) (small blind) folded before Flop


PokerStars Hand #150384643712:  Hold'em Limit ($3/$6 USD) - 2016/03/15 8:20:28 ET
Table 'Orthos' 6-max Seat #1 is the button
Seat 1: Actionni13 ($155 in chips)
Seat 4: hasky156 ($134.96 in chips)
Actionni13: posts small blind $1
hasky156: posts big blind $3
*** HOLE CARDS ***
Actionni13: raises $3 to $6
hasky156: calls $3
*** FLOP *** [Js Ah 8d]
hasky156: checks
Actionni13: bets $3
hasky156: calls $3
*** TURN *** [Js Ah 8d] [Jc]
hasky156: checks
Actionni13: bets $6
hasky156: calls $6
*** RIVER *** [Js Ah 8d Jc] [Ts]
hasky156: checks
Actionni13: bets $6
hasky156: raises $6 to $12
Actionni13: calls $6
*** SHOW DOWN ***
hasky156: shows [Tc Th] (a full house, Tens full of Jacks)
Actionni13: mucks hand
hasky156 collected $53.50 from pot
*** SUMMARY ***
Total pot $54 | Rake $0.50
Board [Js Ah 8d Jc Ts]
Seat 1: Actionni13 (button) (small blind) mucked
Seat 4: hasky156 (big blind) showed [Tc Th] and won ($53.50) with a full house, Tens full of Jacks


PokerStars Hand #150385111522:  Hold'em Limit ($3/$6 USD) - 2016/03/15 8:34:47 ET
Table 'Orthos' 6-max Seat #6 is the button
Seat 5: Psynto ($94.65 in chips)
Seat 6: gazzzzzza ($57.89 in chips)
gazzzzzza: posts small blind $1
Actionni13: is sitting out
Psynto: posts big blind $3
*** HOLE CARDS ***
gazzzzzza: folds
Uncalled bet ($2) returned to Psynto
Psynto collected $2 from pot
Psynto: doesn't show hand
*** SUMMARY ***
Total pot $2 | Rake $0
Seat 5: Psynto (big blind) collected ($2)
Seat 6: gazzzzzza (button) (small blind) folded before Flop


