PokerStars Hand #147464920807:  Hold'em Limit ($3/$6 USD) - 2016/01/22 3:19:36 ET
Table 'Orthos' 6-max Seat #1 is the button
Seat 1: manly70 ($60.51 in chips)
Seat 4: Agrotait ($72 in chips)
manly70: posts small blind $1
Agrotait: posts big blind $3
*** HOLE CARDS ***
manly70: raises $3 to $6
Agrotait: folds
Uncalled bet ($3) returned to manly70
manly70 collected $6 from pot
*** SUMMARY ***
Total pot $6 | Rake $0
Seat 1: manly70 (button) (small blind) collected ($6)
Seat 4: Agrotait (big blind) folded before Flop


PokerStars Hand #147464928803:  Hold'em Limit ($3/$6 USD) - 2016/01/22 3:19:59 ET
Table 'Orthos' 6-max Seat #1 is the button
Seat 1: manly70 ($60.51 in chips)
Seat 4: Agrotait ($72 in chips)
manly70: posts small blind $1
Agrotait: posts big blind $3
*** HOLE CARDS ***
manly70: folds
Uncalled bet ($2) returned to Agrotait
Agrotait collected $2 from pot
Agrotait: doesn't show hand
*** SUMMARY ***
Total pot $2 | Rake $0
Seat 1: manly70 (button) (small blind) folded before Flop
Seat 4: Agrotait (big blind) collected ($2)


PokerStars Hand #147464926408:  Hold'em Limit ($3/$6 USD) - 2016/01/22 3:19:52 ET
Table 'Orthos' 6-max Seat #4 is the button
Seat 1: manly70 ($63.51 in chips)
Seat 4: Agrotait ($69 in chips)
Agrotait: posts small blind $1
manly70: posts big blind $3
*** HOLE CARDS ***
Agrotait: raises $3 to $6
manly70: folds
Uncalled bet ($3) returned to Agrotait
Agrotait collected $6 from pot
Agrotait: doesn't show hand
*** SUMMARY ***
Total pot $6 | Rake $0
Seat 1: manly70 (big blind) folded before Flop
Seat 4: Agrotait (button) (small blind) collected ($6)


PokerStars Hand #147464931070:  Hold'em Limit ($3/$6 USD) - 2016/01/22 3:20:06 ET
Table 'Orthos' 6-max Seat #4 is the button
Seat 1: manly70 ($59.51 in chips)
Seat 4: Agrotait ($73 in chips)
Agrotait: posts small blind $1
manly70: posts big blind $3
*** HOLE CARDS ***
Agrotait: raises $3 to $6
manly70: calls $3
*** FLOP *** [8h Qs Qc]
manly70: checks
Agrotait: bets $3
manly70: calls $3
*** TURN *** [8h Qs Qc] [5c]
manly70: checks
Agrotait: checks
*** RIVER *** [8h Qs Qc 5c] [As]
manly70: bets $6
Agrotait: raises $6 to $12
manly70: calls $6
*** SHOW DOWN ***
Agrotait: shows [6s 9h] (a pair of Queens)
manly70: shows [Tc Ad] (two pair, Aces and Queens)
manly70 collected $41.50 from pot
*** SUMMARY ***
Total pot $42 | Rake $0.50
Board [8h Qs Qc 5c As]
Seat 1: manly70 (big blind) showed [Tc Ad] and won ($41.50) with two pair, Aces and Queens
Seat 4: Agrotait (button) (small blind) showed [6s 9h] and lost with a pair of Queens


PokerStars Hand #147464943525:  Hold'em Limit ($3/$6 USD) - 2016/01/22 3:20:41 ET
Table 'Orthos' 6-max Seat #1 is the button
Seat 1: manly70 ($80.01 in chips)
Seat 4: Agrotait ($72 in chips)
manly70: posts small blind $1
Agrotait: posts big blind $3
*** HOLE CARDS ***
manly70: folds
Uncalled bet ($2) returned to Agrotait
Agrotait collected $2 from pot
Agrotait: doesn't show hand
*** SUMMARY ***
Total pot $2 | Rake $0
Seat 1: manly70 (button) (small blind) folded before Flop
Seat 4: Agrotait (big blind) collected ($2)


PokerStars Hand #147464953632:  Hold'em Limit ($3/$6 USD) - 2016/01/22 3:21:10 ET
Table 'Orthos' 6-max Seat #1 is the button
Seat 1: manly70 ($102.51 in chips)
Seat 4: Agrotait ($72 in chips)
manly70: posts small blind $1
Agrotait: posts big blind $3
*** HOLE CARDS ***
manly70: raises $3 to $6
Agrotait: calls $3
*** FLOP *** [4s Ah 5h]
Agrotait: checks
manly70: bets $3
iupeli joins the table at seat #5
Agrotait: calls $3
*** TURN *** [4s Ah 5h] [Tc]
Agrotait: checks
manly70: bets $6
Agrotait: calls $6
*** RIVER *** [4s Ah 5h Tc] [Kh]
Agrotait: checks
manly70: checks
*** SHOW DOWN ***
Agrotait: shows [2d Kd] (a pair of Kings)
manly70: shows [Ac 8c] (a pair of Aces)
manly70 collected $29.50 from pot
*** SUMMARY ***
Total pot $30 | Rake $0.50
Board [4s Ah 5h Tc Kh]
Seat 1: manly70 (button) (small blind) showed [Ac 8c] and won ($29.50) with a pair of Aces
Seat 4: Agrotait (big blind) showed [2d Kd] and lost with a pair of Kings


PokerStars Hand #147464946399:  Hold'em Limit ($3/$6 USD) - 2016/01/22 3:20:50 ET
Table 'Orthos' 6-max Seat #4 is the button
Seat 1: manly70 ($79.01 in chips)
Seat 4: Agrotait ($73 in chips)
Agrotait: posts small blind $1
manly70: posts big blind $3
*** HOLE CARDS ***
Agrotait: raises $3 to $6
manly70: calls $3
*** FLOP *** [Kc 3h 2d]
manly70: checks
Agrotait: bets $3
manly70: raises $3 to $6
Agrotait: calls $3
*** TURN *** [Kc 3h 2d] [6c]
manly70: bets $6
Agrotait: calls $6
*** RIVER *** [Kc 3h 2d 6c] [Jd]
manly70: bets $6
Agrotait: calls $6
*** SHOW DOWN ***
manly70: shows [6s 6h] (three of a kind, Sixes)
Agrotait: mucks hand
manly70 collected $47.50 from pot
*** SUMMARY ***
Total pot $48 | Rake $0.50
Board [Kc 3h 2d 6c Jd]
Seat 1: manly70 (big blind) showed [6s 6h] and won ($47.50) with three of a kind, Sixes
Seat 4: Agrotait (button) (small blind) mucked


PokerStars Hand #147469820727:  Hold'em Limit ($3/$6 USD) - 2016/01/22 6:22:35 ET
Table 'Orthos' 6-max Seat #1 is the button
Seat 1: VolkovDmitri ($151.51 in chips)
Seat 3: MusicalClown ($190.16 in chips)
VolkovDmitri: posts small blind $1
belik555: is sitting out
MusicalClown: posts big blind $3
*** HOLE CARDS ***
VolkovDmitri: raises $3 to $6
MusicalClown: calls $3
*** FLOP *** [7c 6h 4h]
belik555 leaves the table
fsreibnitz leaves the table
MusicalClown: checks
VolkovDmitri: checks
*** TURN *** [7c 6h 4h] [9s]
MusicalClown: checks
VolkovDmitri: bets $6
MusicalClown: folds
Uncalled bet ($6) returned to VolkovDmitri
VolkovDmitri collected $11.76 from pot
VolkovDmitri: doesn't show hand
*** SUMMARY ***
Total pot $12 | Rake $0.24
Board [7c 6h 4h 9s]
Seat 1: VolkovDmitri (button) (small blind) collected ($11.76)
Seat 3: MusicalClown (big blind) folded on the Turn


