PokerStars Hand #159029893235:  Hold'em Limit ($3/$6 USD) - 2016/09/24 11:38:32 ET
Table 'Orthos' 6-max Seat #4 is the button
Seat 4: VolkovDmitri ($140.50 in chips)
Seat 5: 19woody58 ($99 in chips)
VolkovDmitri: posts small blind $1
19woody58: posts big blind $3
*** HOLE CARDS ***
VolkovDmitri: raises $3 to $6
19woody58: folds
Uncalled bet ($3) returned to VolkovDmitri
VolkovDmitri collected $6 from pot
VolkovDmitri: doesn't show hand
*** SUMMARY ***
Total pot $6 | Rake $0
Seat 4: VolkovDmitri (button) (small blind) collected ($6)
Seat 5: 19woody58 (big blind) folded before Flop


PokerStars Hand #159029877769:  Hold'em Limit ($3/$6 USD) - 2016/09/24 11:38:07 ET
Table 'Orthos' 6-max Seat #5 is the button
Seat 4: VolkovDmitri ($123 in chips)
Seat 5: 19woody58 ($117 in chips)
19woody58: posts small blind $1
VolkovDmitri: posts big blind $3
*** HOLE CARDS ***
19woody58: raises $3 to $6
VolkovDmitri: calls $3
*** FLOP *** [6h Jc Ac]
VolkovDmitri: checks
19woody58: bets $3
VolkovDmitri: raises $3 to $6
19woody58: calls $3
*** TURN *** [6h Jc Ac] [5d]
VolkovDmitri: bets $6
19woody58: calls $6
*** RIVER *** [6h Jc Ac 5d] [6c]
VolkovDmitri: bets $6
19woody58: folds
Uncalled bet ($6) returned to VolkovDmitri
VolkovDmitri collected $35.50 from pot
VolkovDmitri: doesn't show hand
*** SUMMARY ***
Total pot $36 | Rake $0.50
Board [6h Jc Ac 5d 6c]
Seat 4: VolkovDmitri (big blind) collected ($35.50)
Seat 5: 19woody58 (button) (small blind) folded on the River


PokerStars Hand #159029866080:  Hold'em Limit ($3/$6 USD) - 2016/09/24 11:37:48 ET
Table 'Orthos' 6-max Seat #4 is the button
Seat 4: VolkovDmitri ($120 in chips)
Seat 5: 19woody58 ($120 in chips)
VolkovDmitri: posts small blind $1
19woody58: posts big blind $3
*** HOLE CARDS ***
VolkovDmitri: raises $3 to $6
19woody58: folds
Uncalled bet ($3) returned to VolkovDmitri
VolkovDmitri collected $6 from pot
VolkovDmitri: doesn't show hand
*** SUMMARY ***
Total pot $6 | Rake $0
Seat 4: VolkovDmitri (button) (small blind) collected ($6)
Seat 5: 19woody58 (big blind) folded before Flop


PokerStars Hand #159029933559:  Hold'em Limit ($3/$6 USD) - 2016/09/24 11:39:37 ET
Table 'Orthos' 6-max Seat #4 is the button
Seat 4: VolkovDmitri ($140.14 in chips)
Seat 5: 19woody58 ($98.64 in chips)
VolkovDmitri: posts small blind $1
19woody58: posts big blind $3
*** HOLE CARDS ***
VolkovDmitri: raises $3 to $6
19woody58: folds
Uncalled bet ($3) returned to VolkovDmitri
VolkovDmitri collected $6 from pot
VolkovDmitri: doesn't show hand
*** SUMMARY ***
Total pot $6 | Rake $0
Seat 4: VolkovDmitri (button) (small blind) collected ($6)
Seat 5: 19woody58 (big blind) folded before Flop


PokerStars Hand #159029928864:  Hold'em Limit ($3/$6 USD) - 2016/09/24 11:39:29 ET
Table 'Orthos' 6-max Seat #5 is the button
Seat 4: VolkovDmitri ($143.14 in chips)
Seat 5: 19woody58 ($95.64 in chips)
19woody58: posts small blind $1
VolkovDmitri: posts big blind $3
*** HOLE CARDS ***
19woody58: raises $3 to $6
VolkovDmitri: folds
Uncalled bet ($3) returned to 19woody58
19woody58 collected $6 from pot
*** SUMMARY ***
Total pot $6 | Rake $0
Seat 4: VolkovDmitri (big blind) folded before Flop
Seat 5: 19woody58 (button) (small blind) collected ($6)


PokerStars Hand #159029909671:  Hold'em Limit ($3/$6 USD) - 2016/09/24 11:38:59 ET
Table 'Orthos' 6-max Seat #4 is the button
Seat 4: VolkovDmitri ($134.50 in chips)
Seat 5: 19woody58 ($104.64 in chips)
VolkovDmitri: posts small blind $1
19woody58: posts big blind $3
*** HOLE CARDS ***
VolkovDmitri: raises $3 to $6
19woody58: calls $3
*** FLOP *** [4s Jd Kc]
19woody58: checks
VolkovDmitri: bets $3
19woody58: calls $3
*** TURN *** [4s Jd Kc] [6s]
19woody58: checks
VolkovDmitri: bets $6
19woody58: folds
Uncalled bet ($6) returned to VolkovDmitri
VolkovDmitri collected $17.64 from pot
VolkovDmitri: doesn't show hand
*** SUMMARY ***
Total pot $18 | Rake $0.36
Board [4s Jd Kc 6s]
Seat 4: VolkovDmitri (button) (small blind) collected ($17.64)
Seat 5: 19woody58 (big blind) folded on the Turn


PokerStars Hand #159029896753:  Hold'em Limit ($3/$6 USD) - 2016/09/24 11:38:38 ET
Table 'Orthos' 6-max Seat #5 is the button
Seat 4: VolkovDmitri ($143.50 in chips)
Seat 5: 19woody58 ($96 in chips)
19woody58: posts small blind $1
VolkovDmitri: posts big blind $3
*** HOLE CARDS ***
19woody58: raises $3 to $6
VolkovDmitri: calls $3
*** FLOP *** [6d 2c 7c]
VolkovDmitri: checks
19woody58: bets $3
VolkovDmitri: calls $3
*** TURN *** [6d 2c 7c] [Kh]
VolkovDmitri: checks
19woody58: bets $6
VolkovDmitri: folds
Uncalled bet ($6) returned to 19woody58
19woody58 collected $17.64 from pot
*** SUMMARY ***
Total pot $18 | Rake $0.36
Board [6d 2c 7c Kh]
Seat 4: VolkovDmitri (big blind) folded on the Turn
Seat 5: 19woody58 (button) (small blind) collected ($17.64)


PokerStars Hand #159029958122:  Hold'em Limit ($3/$6 USD) - 2016/09/24 11:40:16 ET
Table 'Orthos' 6-max Seat #5 is the button
Seat 4: VolkovDmitri ($158.78 in chips)
Seat 5: 19woody58 ($79.64 in chips)
19woody58: posts small blind $1
VolkovDmitri: posts big blind $3
*** HOLE CARDS ***
19woody58: folds
Uncalled bet ($2) returned to VolkovDmitri
VolkovDmitri collected $2 from pot
VolkovDmitri: doesn't show hand
*** SUMMARY ***
Total pot $2 | Rake $0
Seat 4: VolkovDmitri (big blind) collected ($2)
Seat 5: 19woody58 (button) (small blind) folded before Flop


PokerStars Hand #159029954232:  Hold'em Limit ($3/$6 USD) - 2016/09/24 11:40:10 ET
Table 'Orthos' 6-max Seat #4 is the button
Seat 4: VolkovDmitri ($155.78 in chips)
Seat 5: 19woody58 ($82.64 in chips)
VolkovDmitri: posts small blind $1
19woody58: posts big blind $3
*** HOLE CARDS ***
VolkovDmitri: raises $3 to $6
19woody58: folds
Uncalled bet ($3) returned to VolkovDmitri
VolkovDmitri collected $6 from pot
VolkovDmitri: doesn't show hand
*** SUMMARY ***
Total pot $6 | Rake $0
Seat 4: VolkovDmitri (button) (small blind) collected ($6)
Seat 5: 19woody58 (big blind) folded before Flop


PokerStars Hand #159029949735:  Hold'em Limit ($3/$6 USD) - 2016/09/24 11:40:03 ET
Table 'Orthos' 6-max Seat #5 is the button
Seat 4: VolkovDmitri ($154.78 in chips)
Seat 5: 19woody58 ($83.64 in chips)
19woody58: posts small blind $1
VolkovDmitri: posts big blind $3
*** HOLE CARDS ***
19woody58: folds
Uncalled bet ($2) returned to VolkovDmitri
VolkovDmitri collected $2 from pot
VolkovDmitri: doesn't show hand
*** SUMMARY ***
Total pot $2 | Rake $0
Seat 4: VolkovDmitri (big blind) collected ($2)
Seat 5: 19woody58 (button) (small blind) folded before Flop


PokerStars Hand #159029945989:  Hold'em Limit ($3/$6 USD) - 2016/09/24 11:39:57 ET
Table 'Orthos' 6-max Seat #4 is the button
Seat 4: VolkovDmitri ($151.78 in chips)
Seat 5: 19woody58 ($86.64 in chips)
VolkovDmitri: posts small blind $1
19woody58: posts big blind $3
*** HOLE CARDS ***
VolkovDmitri: raises $3 to $6
19woody58: folds
Uncalled bet ($3) returned to VolkovDmitri
VolkovDmitri collected $6 from pot
VolkovDmitri: doesn't show hand
*** SUMMARY ***
Total pot $6 | Rake $0
Seat 4: VolkovDmitri (button) (small blind) collected ($6)
Seat 5: 19woody58 (big blind) folded before Flop


PokerStars Hand #159029937073:  Hold'em Limit ($3/$6 USD) - 2016/09/24 11:39:43 ET
Table 'Orthos' 6-max Seat #5 is the button
Seat 4: VolkovDmitri ($143.14 in chips)
Seat 5: 19woody58 ($95.64 in chips)
19woody58: posts small blind $1
VolkovDmitri: posts big blind $3
*** HOLE CARDS ***
19woody58: raises $3 to $6
VolkovDmitri: raises $3 to $9
19woody58: calls $3
*** FLOP *** [Ad 6c Jc]
VolkovDmitri: bets $3
19woody58: folds
Uncalled bet ($3) returned to VolkovDmitri
VolkovDmitri collected $17.64 from pot
VolkovDmitri: doesn't show hand
*** SUMMARY ***
Total pot $18 | Rake $0.36
Board [Ad 6c Jc]
Seat 4: VolkovDmitri (big blind) collected ($17.64)
Seat 5: 19woody58 (button) (small blind) folded on the Flop


PokerStars Hand #159029997548:  Hold'em Limit ($3/$6 USD) - 2016/09/24 11:41:19 ET
Table 'Orthos' 6-max Seat #5 is the button
Seat 4: VolkovDmitri ($143.78 in chips)
Seat 5: 19woody58 ($94.04 in chips)
19woody58: posts small blind $1
VolkovDmitri: posts big blind $3
*** HOLE CARDS ***
19woody58: raises $3 to $6
VolkovDmitri: calls $3
*** FLOP *** [2d Js 8d]
VolkovDmitri: checks
19woody58: bets $3
VolkovDmitri: folds
Uncalled bet ($3) returned to 19woody58
19woody58 collected $11.76 from pot
*** SUMMARY ***
Total pot $12 | Rake $0.24
Board [2d Js 8d]
Seat 4: VolkovDmitri (big blind) folded on the Flop
Seat 5: 19woody58 (button) (small blind) collected ($11.76)


PokerStars Hand #159029993511:  Hold'em Limit ($3/$6 USD) - 2016/09/24 11:41:13 ET
Table 'Orthos' 6-max Seat #4 is the button
Seat 4: VolkovDmitri ($144.78 in chips)
Seat 5: 19woody58 ($93.04 in chips)
VolkovDmitri: posts small blind $1
19woody58: posts big blind $3
*** HOLE CARDS ***
VolkovDmitri: folds
Uncalled bet ($2) returned to 19woody58
19woody58 collected $2 from pot
*** SUMMARY ***
Total pot $2 | Rake $0
Seat 4: VolkovDmitri (button) (small blind) folded before Flop
Seat 5: 19woody58 (big blind) collected ($2)


PokerStars Hand #159029983295:  Hold'em Limit ($3/$6 USD) - 2016/09/24 11:40:57 ET
Table 'Orthos' 6-max Seat #5 is the button
Seat 4: VolkovDmitri ($150.78 in chips)
Seat 5: 19woody58 ($87.28 in chips)
19woody58: posts small blind $1
VolkovDmitri: posts big blind $3
*** HOLE CARDS ***
19woody58: raises $3 to $6
VolkovDmitri: calls $3
*** FLOP *** [9c Qs Ah]
VolkovDmitri: checks
19woody58: bets $3
VolkovDmitri: folds
Uncalled bet ($3) returned to 19woody58
19woody58 collected $11.76 from pot
*** SUMMARY ***
Total pot $12 | Rake $0.24
Board [9c Qs Ah]
Seat 4: VolkovDmitri (big blind) folded on the Flop
Seat 5: 19woody58 (button) (small blind) collected ($11.76)


PokerStars Hand #159029961683:  Hold'em Limit ($3/$6 USD) - 2016/09/24 11:40:22 ET
Table 'Orthos' 6-max Seat #4 is the button
Seat 4: VolkovDmitri ($159.78 in chips)
Seat 5: 19woody58 ($78.64 in chips)
VolkovDmitri: posts small blind $1
19woody58: posts big blind $3
*** HOLE CARDS ***
VolkovDmitri: raises $3 to $6
19woody58: calls $3
*** FLOP *** [2s 6h 8h]
19woody58: checks
VolkovDmitri: bets $3
19woody58: calls $3
*** TURN *** [2s 6h 8h] [Ks]
19woody58: checks
VolkovDmitri: checks
*** RIVER *** [2s 6h 8h Ks] [5d]
19woody58: bets $6
VolkovDmitri: folds
Uncalled bet ($6) returned to 19woody58
19woody58 collected $17.64 from pot
*** SUMMARY ***
Total pot $18 | Rake $0.36
Board [2s 6h 8h Ks 5d]
Seat 4: VolkovDmitri (button) (small blind) folded on the River
Seat 5: 19woody58 (big blind) collected ($17.64)


PokerStars Hand #159030013302:  Hold'em Limit ($3/$6 USD) - 2016/09/24 11:41:45 ET
Table 'Orthos' 6-max Seat #4 is the button
Seat 4: VolkovDmitri ($137.78 in chips)
Seat 5: 19woody58 ($99.80 in chips)
VolkovDmitri: posts small blind $1
19woody58: posts big blind $3
*** HOLE CARDS ***
VolkovDmitri: raises $3 to $6
19woody58: calls $3
*** FLOP *** [7d 8s 2c]
19woody58: checks
VolkovDmitri: bets $3
19woody58: calls $3
*** TURN *** [7d 8s 2c] [As]
19woody58: checks
VolkovDmitri: bets $6
19woody58: calls $6
*** RIVER *** [7d 8s 2c As] [Kc]
19woody58: checks
VolkovDmitri: bets $6
19woody58: folds
Uncalled bet ($6) returned to VolkovDmitri
VolkovDmitri collected $29.50 from pot
*** SUMMARY ***
Total pot $30 | Rake $0.50
Board [7d 8s 2c As Kc]
Seat 4: VolkovDmitri (button) (small blind) collected ($29.50)
Seat 5: 19woody58 (big blind) folded on the River


PokerStars Hand #159030059129:  Hold'em Limit ($3/$6 USD) - 2016/09/24 11:42:58 ET
Table 'Orthos' 6-max Seat #4 is the button
Seat 4: VolkovDmitri ($166.78 in chips)
Seat 5: 19woody58 ($69.80 in chips)
VolkovDmitri: posts small blind $1
19woody58: posts big blind $3
*** HOLE CARDS ***
VolkovDmitri: raises $3 to $6
19woody58: folds
Uncalled bet ($3) returned to VolkovDmitri
VolkovDmitri collected $6 from pot
VolkovDmitri: doesn't show hand
*** SUMMARY ***
Total pot $6 | Rake $0
Seat 4: VolkovDmitri (button) (small blind) collected ($6)
Seat 5: 19woody58 (big blind) folded before Flop


PokerStars Hand #159030037427:  Hold'em Limit ($3/$6 USD) - 2016/09/24 11:42:23 ET
Table 'Orthos' 6-max Seat #5 is the button
Seat 4: VolkovDmitri ($152.28 in chips)
Seat 5: 19woody58 ($84.80 in chips)
19woody58: posts small blind $1
VolkovDmitri: posts big blind $3
*** HOLE CARDS ***
19woody58: raises $3 to $6
VolkovDmitri: calls $3
*** FLOP *** [Qd Kd 6h]
VolkovDmitri: bets $3
19woody58: calls $3
*** TURN *** [Qd Kd 6h] [8c]
VolkovDmitri: checks
19woody58: bets $6
VolkovDmitri: calls $6
*** RIVER *** [Qd Kd 6h 8c] [5c]
VolkovDmitri: bets $6
19woody58: folds
Uncalled bet ($6) returned to VolkovDmitri
VolkovDmitri collected $29.50 from pot
VolkovDmitri: doesn't show hand
*** SUMMARY ***
Total pot $30 | Rake $0.50
Board [Qd Kd 6h 8c 5c]
Seat 4: VolkovDmitri (big blind) collected ($29.50)
Seat 5: 19woody58 (button) (small blind) folded on the River


PokerStars Hand #159030067747:  Hold'em Limit ($3/$6 USD) - 2016/09/24 11:43:11 ET
Table 'Orthos' 6-max Seat #5 is the button
Seat 4: VolkovDmitri ($169.78 in chips)
Seat 5: 19woody58 ($66.80 in chips)
19woody58: posts small blind $1
VolkovDmitri: posts big blind $3
*** HOLE CARDS ***
19woody58: raises $3 to $6
VolkovDmitri: calls $3
*** FLOP *** [3s 5c 3c]
VolkovDmitri: checks
19woody58: bets $3
VolkovDmitri: calls $3
*** TURN *** [3s 5c 3c] [7s]
VolkovDmitri: checks
19woody58: bets $6
VolkovDmitri: calls $6
*** RIVER *** [3s 5c 3c 7s] [Ac]
VolkovDmitri: bets $6
19woody58: calls $6
*** SHOW DOWN ***
VolkovDmitri: shows [2d Ah] (two pair, Aces and Threes)
19woody58: mucks hand
VolkovDmitri collected $41.50 from pot
*** SUMMARY ***
Total pot $42 | Rake $0.50
Board [3s 5c 3c 7s Ac]
Seat 4: VolkovDmitri (big blind) showed [2d Ah] and won ($41.50) with two pair, Aces and Threes
Seat 5: 19woody58 (button) (small blind) mucked


PokerStars Hand #159030148323:  Hold'em Limit ($3/$6 USD) - 2016/09/24 11:45:20 ET
Table 'Orthos' 6-max Seat #5 is the button
Seat 4: VolkovDmitri ($175.28 in chips)
Seat 5: 19woody58 ($60.30 in chips)
19woody58: posts small blind $1
VolkovDmitri: posts big blind $3
*** HOLE CARDS ***
19woody58: raises $3 to $6
VolkovDmitri: calls $3
*** FLOP *** [4s 2s 9d]
VolkovDmitri: bets $3
19woody58: folds
Uncalled bet ($3) returned to VolkovDmitri
VolkovDmitri collected $11.76 from pot
VolkovDmitri: doesn't show hand
*** SUMMARY ***
Total pot $12 | Rake $0.24
Board [4s 2s 9d]
Seat 4: VolkovDmitri (big blind) collected ($11.76)
Seat 5: 19woody58 (button) (small blind) folded on the Flop


PokerStars Hand #159030111373:  Hold'em Limit ($3/$6 USD) - 2016/09/24 11:44:21 ET
Table 'Orthos' 6-max Seat #4 is the button
Seat 4: VolkovDmitri ($190.28 in chips)
Seat 5: 19woody58 ($45.80 in chips)
VolkovDmitri: posts small blind $1
19woody58: posts big blind $3
*** HOLE CARDS ***
VolkovDmitri: raises $3 to $6
19woody58: calls $3
*** FLOP *** [4d 5s Ks]
19woody58: checks
VolkovDmitri: bets $3
19woody58: calls $3
*** TURN *** [4d 5s Ks] [8s]
19woody58: checks
VolkovDmitri: bets $6
19woody58: raises $6 to $12
VolkovDmitri: folds
Uncalled bet ($6) returned to 19woody58
19woody58 collected $29.50 from pot
*** SUMMARY ***
Total pot $30 | Rake $0.50
Board [4d 5s Ks 8s]
Seat 4: VolkovDmitri (button) (small blind) folded on the Turn
Seat 5: 19woody58 (big blind) collected ($29.50)


PokerStars Hand #159030158234:  Hold'em Limit ($3/$6 USD) - 2016/09/24 11:45:36 ET
Table 'Orthos' 6-max Seat #4 is the button
Seat 4: VolkovDmitri ($181.04 in chips)
Seat 5: 19woody58 ($54.30 in chips)
VolkovDmitri: posts small blind $1
19woody58: posts big blind $3
*** HOLE CARDS ***
VolkovDmitri: raises $3 to $6
19woody58: calls $3
*** FLOP *** [9d 2h Qs]
19woody58: checks
VolkovDmitri: bets $3
19woody58: calls $3
*** TURN *** [9d 2h Qs] [9c]
GRAILKO joins the table at seat #6
19woody58: checks
VolkovDmitri: checks
*** RIVER *** [9d 2h Qs 9c] [9h]
19woody58: bets $6
VolkovDmitri: folds
Uncalled bet ($6) returned to 19woody58
19woody58 collected $17.64 from pot
*** SUMMARY ***
Total pot $18 | Rake $0.36
Board [9d 2h Qs 9c 9h]
Seat 4: VolkovDmitri (button) (small blind) folded on the River
Seat 5: 19woody58 (big blind) collected ($17.64)


PokerStars Hand #159031637844:  Hold'em Limit ($3/$6 USD) - 2016/09/24 12:23:47 ET
Table 'Orthos' 6-max Seat #2 is the button
Seat 2: LolDnkaments ($72 in chips)
Seat 5: Azrarn ($77.64 in chips)
LolDnkaments: posts small blind $1
parnishka11: is sitting out
Azrarn: posts big blind $3
*** HOLE CARDS ***
LolDnkaments: raises $3 to $6
Azrarn: calls $3
*** FLOP *** [2s Ah Jh]
Azrarn: checks
LolDnkaments: bets $3
Azrarn: raises $3 to $6
LolDnkaments: folds
Uncalled bet ($3) returned to Azrarn
Azrarn collected $17.64 from pot
*** SUMMARY ***
Total pot $18 | Rake $0.36
Board [2s Ah Jh]
Seat 2: LolDnkaments (button) (small blind) folded on the Flop
Seat 5: Azrarn (big blind) collected ($17.64)


