PokerStars Hand #149859776246:  Hold'em Limit ($3/$6 USD) - 2016/03/05 1:48:42 ET
Table 'Orthos' 6-max Seat #4 is the button
Seat 3: Gander NL ($24 in chips)
Seat 4: Agrotait ($77.76 in chips)
Agrotait: posts small blind $1
Gander NL: posts big blind $3
*** HOLE CARDS ***
Agrotait: raises $3 to $6
Gander NL: folds
Uncalled bet ($3) returned to Agrotait
Agrotait collected $6 from pot
Agrotait: doesn't show hand
*** SUMMARY ***
Total pot $6 | Rake $0
Seat 3: Gander NL (big blind) folded before Flop
Seat 4: Agrotait (button) (small blind) collected ($6)


PokerStars Hand #149859768374:  Hold'em Limit ($3/$6 USD) - 2016/03/05 1:48:16 ET
Table 'Orthos' 6-max Seat #3 is the button
Seat 3: Gander NL ($30 in chips)
Seat 4: Agrotait ($72 in chips)
Gander NL: posts small blind $1
Agrotait: posts big blind $3
*** HOLE CARDS ***
Gander NL: raises $3 to $6
Agrotait: calls $3
*** FLOP *** [Qd 3c Kc]
Agrotait: checks
Gander NL: checks
*** TURN *** [Qd 3c Kc] [7c]
Agrotait: bets $6
Gander NL: folds
Uncalled bet ($6) returned to Agrotait
Agrotait collected $11.76 from pot
Agrotait: doesn't show hand
*** SUMMARY ***
Total pot $12 | Rake $0.24
Board [Qd 3c Kc 7c]
Seat 3: Gander NL (button) (small blind) folded on the Turn
Seat 4: Agrotait (big blind) collected ($11.76)


PokerStars Hand #149859799349:  Hold'em Limit ($3/$6 USD) - 2016/03/05 1:49:58 ET
Table 'Orthos' 6-max Seat #3 is the button
Seat 3: Gander NL ($11.50 in chips)
Seat 4: Agrotait ($101.50 in chips)
Gander NL: posts small blind $1
Agrotait: posts big blind $3
*** HOLE CARDS ***
Gander NL: folds
Uncalled bet ($2) returned to Agrotait
Agrotait collected $2 from pot
Agrotait: doesn't show hand
*** SUMMARY ***
Total pot $2 | Rake $0
Seat 3: Gander NL (button) (small blind) folded before Flop
Seat 4: Agrotait (big blind) collected ($2)


PokerStars Hand #149859789129:  Hold'em Limit ($3/$6 USD) - 2016/03/05 1:49:25 ET
Table 'Orthos' 6-max Seat #4 is the button
Seat 3: Gander NL ($41.50 in chips)
Seat 4: Agrotait ($72 in chips)
Agrotait: posts small blind $1
Gander NL: posts big blind $3
*** HOLE CARDS ***
Agrotait: raises $3 to $6
Gander NL: calls $3
*** FLOP *** [8c 5h 6c]
Gander NL: checks
Agrotait: bets $3
Gander NL: raises $3 to $6
Agrotait: calls $3
*** TURN *** [8c 5h 6c] [7s]
Gander NL: bets $6
Agrotait: raises $6 to $12
Gander NL: calls $6
*** RIVER *** [8c 5h 6c 7s] [3h]
Gander NL: checks
Agrotait: bets $6
Gander NL: calls $6
*** SHOW DOWN ***
Agrotait: shows [Ad 4h] (a straight, Four to Eight)
Gander NL: mucks hand
Agrotait collected $59.50 from pot
*** SUMMARY ***
Total pot $60 | Rake $0.50
Board [8c 5h 6c 7s 3h]
Seat 3: Gander NL (big blind) mucked
Seat 4: Agrotait (button) (small blind) showed [Ad 4h] and won ($59.50) with a straight, Four to Eight


PokerStars Hand #149859779948:  Hold'em Limit ($3/$6 USD) - 2016/03/05 1:48:54 ET
Table 'Orthos' 6-max Seat #3 is the button
Seat 3: Gander NL ($21 in chips)
Seat 4: Agrotait ($80.76 in chips)
Gander NL: posts small blind $1
Agrotait: posts big blind $3
*** HOLE CARDS ***
Gander NL: raises $3 to $6
Agrotait: calls $3
*** FLOP *** [2h Kd Th]
Agrotait: checks
Gander NL: checks
*** TURN *** [2h Kd Th] [Jd]
Agrotait: bets $6
Gander NL: raises $6 to $12
Agrotait: calls $6
*** RIVER *** [2h Kd Th Jd] [3c]
Agrotait: checks
Gander NL: bets $3 and is all-in
Agrotait: calls $3
*** SHOW DOWN ***
Gander NL: shows [Td Kh] (two pair, Kings and Tens)
Agrotait: shows [Qc 3s] (a pair of Threes)
Gander NL collected $41.50 from pot
*** SUMMARY ***
Total pot $42 | Rake $0.50
Board [2h Kd Th Jd 3c]
Seat 3: Gander NL (button) (small blind) showed [Td Kh] and won ($41.50) with two pair, Kings and Tens
Seat 4: Agrotait (big blind) showed [Qc 3s] and lost with a pair of Threes


PokerStars Hand #149859800829:  Hold'em Limit ($3/$6 USD) - 2016/03/05 1:50:03 ET
Table 'Orthos' 6-max Seat #4 is the button
Seat 3: Gander NL ($10.50 in chips)
Seat 4: Agrotait ($102.50 in chips)
Agrotait: posts small blind $1
Gander NL: posts big blind $3
*** HOLE CARDS ***
Agrotait: raises $3 to $6
Gander NL: calls $3
*** FLOP *** [4d Jh 5c]
Gander NL: bets $3
Agrotait: raises $3 to $6
Gander NL: calls $1.50 and is all-in
Uncalled bet ($1.50) returned to Agrotait
*** TURN *** [4d Jh 5c] [2h]
*** RIVER *** [4d Jh 5c 2h] [7s]
*** SHOW DOWN ***
Gander NL: shows [4c 3c] (a pair of Fours)
Agrotait: shows [3d Jd] (a pair of Jacks)
Agrotait collected $20.58 from pot
*** SUMMARY ***
Total pot $21 | Rake $0.42
Board [4d Jh 5c 2h 7s]
Seat 3: Gander NL (big blind) showed [4c 3c] and lost with a pair of Fours
Seat 4: Agrotait (button) (small blind) showed [3d Jd] and won ($20.58) with a pair of Jacks


