PokerStars Hand #144246708854:  Hold'em Limit ($3/$6 USD) - 2015/11/22 21:58:26 ET
Table 'Orthosie II' 6-max Seat #4 is the button
Seat 3: hairy1961 ($41 in chips)
Seat 4: Johnliu ($187.50 in chips)
Johnliu: posts small blind $1
hairy1961: posts big blind $3
*** HOLE CARDS ***
Johnliu: raises $3 to $6
hairy1961: folds
Uncalled bet ($3) returned to Johnliu
Johnliu collected $6 from pot
Johnliu: doesn't show hand
*** SUMMARY ***
Total pot $6 | Rake $0
Seat 3: hairy1961 (big blind) folded before Flop
Seat 4: Johnliu (button) (small blind) collected ($6)


PokerStars Hand #144246698476:  Hold'em Limit ($3/$6 USD) - 2015/11/22 21:57:51 ET
Table 'Orthosie II' 6-max Seat #4 is the button
Seat 3: hairy1961 ($60 in chips)
Seat 4: Johnliu ($169 in chips)
Johnliu: posts small blind $1
hairy1961: posts big blind $3
*** HOLE CARDS ***
Johnliu: raises $3 to $6
hairy1961: calls $3
*** FLOP *** [3d 5s 4d]
hairy1961: checks
Johnliu: checks
*** TURN *** [3d 5s 4d] [Ah]
hairy1961: bets $6
Johnliu: calls $6
*** RIVER *** [3d 5s 4d Ah] [8c]
hairy1961: bets $6
Johnliu: calls $6
*** SHOW DOWN ***
hairy1961: shows [Tc 5c] (a pair of Fives)
Johnliu: shows [Ac Js] (a pair of Aces)
Johnliu collected $35.50 from pot
*** SUMMARY ***
Total pot $36 | Rake $0.50
Board [3d 5s 4d Ah 8c]
Seat 3: hairy1961 (big blind) showed [Tc 5c] and lost with a pair of Fives
Seat 4: Johnliu (button) (small blind) showed [Ac Js] and won ($35.50) with a pair of Aces


PokerStars Hand #144246722549:  Hold'em Limit ($3/$6 USD) - 2015/11/22 21:59:12 ET
Table 'Orthosie II' 6-max Seat #4 is the button
Seat 3: hairy1961 ($56.50 in chips)
Seat 4: Johnliu ($171.50 in chips)
Johnliu: posts small blind $1
Paulllchen was removed from the table for failing to post
hairy1961: posts big blind $3
*** HOLE CARDS ***
Johnliu: raises $3 to $6
hairy1961: calls $3
*** FLOP *** [4d 5h Jc]
hairy1961: checks
Johnliu: bets $3
hairy1961: folds
Uncalled bet ($3) returned to Johnliu
Johnliu collected $11.76 from pot
Johnliu: doesn't show hand
*** SUMMARY ***
Total pot $12 | Rake $0.24
Board [4d 5h Jc]
Seat 3: hairy1961 (big blind) folded on the Flop
Seat 4: Johnliu (button) (small blind) collected ($11.76)


PokerStars Hand #144246738253:  Hold'em Limit ($3/$6 USD) - 2015/11/22 22:00:04 ET
Table 'Orthosie II' 6-max Seat #3 is the button
Seat 3: hairy1961 ($58.14 in chips)
Seat 4: Johnliu ($169.26 in chips)
hairy1961: posts small blind $1
Johnliu: posts big blind $3
*** HOLE CARDS ***
hairy1961: folds
Uncalled bet ($2) returned to Johnliu
Johnliu collected $2 from pot
Johnliu: doesn't show hand
*** SUMMARY ***
Total pot $2 | Rake $0
Seat 3: hairy1961 (button) (small blind) folded before Flop
Seat 4: Johnliu (big blind) collected ($2)


PokerStars Hand #144246736229:  Hold'em Limit ($3/$6 USD) - 2015/11/22 21:59:58 ET
Table 'Orthosie II' 6-max Seat #4 is the button
Seat 3: hairy1961 ($61.14 in chips)
Seat 4: Johnliu ($166.26 in chips)
Johnliu: posts small blind $1
hairy1961: posts big blind $3
*** HOLE CARDS ***
Johnliu: raises $3 to $6
hairy1961: folds
Uncalled bet ($3) returned to Johnliu
Johnliu collected $6 from pot
Johnliu: doesn't show hand
*** SUMMARY ***
Total pot $6 | Rake $0
Seat 3: hairy1961 (big blind) folded before Flop
Seat 4: Johnliu (button) (small blind) collected ($6)


PokerStars Hand #144246733506:  Hold'em Limit ($3/$6 USD) - 2015/11/22 21:59:49 ET
Table 'Orthosie II' 6-max Seat #3 is the button
Seat 3: hairy1961 ($58.14 in chips)
Seat 4: Johnliu ($169.26 in chips)
hairy1961: posts small blind $1
Johnliu: posts big blind $3
*** HOLE CARDS ***
hairy1961: raises $3 to $6
Johnliu: folds
Uncalled bet ($3) returned to hairy1961
hairy1961 collected $6 from pot
hairy1961: doesn't show hand
*** SUMMARY ***
Total pot $6 | Rake $0
Seat 3: hairy1961 (button) (small blind) collected ($6)
Seat 4: Johnliu (big blind) folded before Flop


PokerStars Hand #144246740120:  Hold'em Limit ($3/$6 USD) - 2015/11/22 22:00:10 ET
Table 'Orthosie II' 6-max Seat #4 is the button
Seat 3: hairy1961 ($57.14 in chips)
Seat 4: Johnliu ($170.26 in chips)
Johnliu: posts small blind $1
hairy1961: posts big blind $3
*** HOLE CARDS ***
Johnliu: raises $3 to $6
hairy1961: folds
Uncalled bet ($3) returned to Johnliu
Johnliu collected $6 from pot
Johnliu: doesn't show hand
*** SUMMARY ***
Total pot $6 | Rake $0
Seat 3: hairy1961 (big blind) folded before Flop
Seat 4: Johnliu (button) (small blind) collected ($6)


PokerStars Hand #144246741995:  Hold'em Limit ($3/$6 USD) - 2015/11/22 22:00:16 ET
Table 'Orthosie II' 6-max Seat #3 is the button
Seat 3: hairy1961 ($54.14 in chips)
Seat 4: Johnliu ($173.26 in chips)
hairy1961: posts small blind $1
Johnliu: posts big blind $3
*** HOLE CARDS ***
hairy1961: raises $3 to $6
Johnliu: calls $3
*** FLOP *** [8h 5s Js]
Johnliu: checks
hairy1961: checks
*** TURN *** [8h 5s Js] [4h]
Johnliu: bets $6
hairy1961: calls $6
*** RIVER *** [8h 5s Js 4h] [2d]
Johnliu: bets $6
hairy1961: raises $6 to $12
jreilly joins the table at seat #6
Johnliu: calls $6
*** SHOW DOWN ***
hairy1961: shows [2c 4d] (two pair, Fours and Deuces)
Johnliu: mucks hand
hairy1961 collected $47.50 from pot
*** SUMMARY ***
Total pot $48 | Rake $0.50
Board [8h 5s Js 4h 2d]
Seat 3: hairy1961 (button) (small blind) showed [2c 4d] and won ($47.50) with two pair, Fours and Deuces
Seat 4: Johnliu (big blind) mucked


