PokerStars Hand #149523585258:  Hold'em Limit ($3/$6 USD) - 2016/02/27 17:11:39 ET
Table 'Orthos' 6-max Seat #3 is the button
Seat 3: Mudager ($121 in chips)
Seat 4: pmejia73 ($60 in chips)
Mudager: posts small blind $1
pmejia73: posts big blind $3
*** HOLE CARDS ***
Mudager: raises $3 to $6
pmejia73: calls $3
*** FLOP *** [9c 6s 5h]
pmejia73: checks
vestimokrec joins the table at seat #6
Mudager: checks
*** TURN *** [9c 6s 5h] [As]
pmejia73: checks
Mudager: bets $6
pmejia73: folds
Uncalled bet ($6) returned to Mudager
Mudager collected $11.76 from pot
Mudager: doesn't show hand
*** SUMMARY ***
Total pot $12 | Rake $0.24
Board [9c 6s 5h As]
Seat 3: Mudager (button) (small blind) collected ($11.76)
Seat 4: pmejia73 (big blind) folded on the Turn


PokerStars Hand #149523735781:  Hold'em Limit ($3/$6 USD) - 2016/02/27 17:14:09 ET
Table 'Orthos' 6-max Seat #4 is the button
Seat 4: pmejia73 ($37.76 in chips)
Seat 5: BuzovaPro ($74.25 in chips)
pmejia73: posts small blind $1
BuzovaPro: posts big blind $3
*** HOLE CARDS ***
pmejia73: raises $3 to $6
BuzovaPro: raises $3 to $9
pmejia73: calls $3
*** FLOP *** [2h Jc 8d]
BuzovaPro: bets $3
pmejia73: raises $3 to $6
BuzovaPro: calls $3
*** TURN *** [2h Jc 8d] [3h]
BuzovaPro: checks
pmejia73: bets $6
BuzovaPro: calls $6
*** RIVER *** [2h Jc 8d 3h] [6d]
BuzovaPro: checks
pmejia73: checks
*** SHOW DOWN ***
BuzovaPro: shows [Kc Ah] (high card Ace)
pmejia73: shows [8c Td] (a pair of Eights)
pmejia73 collected $41.50 from pot
*** SUMMARY ***
Total pot $42 | Rake $0.50
Board [2h Jc 8d 3h 6d]
Seat 4: pmejia73 (button) (small blind) showed [8c Td] and won ($41.50) with a pair of Eights
Seat 5: BuzovaPro (big blind) showed [Kc Ah] and lost with high card Ace


PokerStars Hand #149523761157:  Hold'em Limit ($3/$6 USD) - 2016/02/27 17:14:47 ET
Table 'Orthos' 6-max Seat #5 is the button
Seat 4: pmejia73 ($58.26 in chips)
Seat 5: BuzovaPro ($72 in chips)
BuzovaPro: posts small blind $1
pmejia73: posts big blind $3
*** HOLE CARDS ***
BuzovaPro: raises $3 to $6
pmejia73: calls $3
*** FLOP *** [3s Ks Kd]
pmejia73: checks
BuzovaPro: bets $3
pmejia73: calls $3
*** TURN *** [3s Ks Kd] [5h]
pmejia73: checks
BuzovaPro: bets $6
pmejia73: folds
Uncalled bet ($6) returned to BuzovaPro
BuzovaPro collected $17.64 from pot
BuzovaPro: doesn't show hand
*** SUMMARY ***
Total pot $18 | Rake $0.36
Board [3s Ks Kd 5h]
Seat 4: pmejia73 (big blind) folded on the Turn
Seat 5: BuzovaPro (button) (small blind) collected ($17.64)


PokerStars Hand #149523783920:  Hold'em Limit ($3/$6 USD) - 2016/02/27 17:15:05 ET
Table 'Orthos' 6-max Seat #4 is the button
Seat 4: pmejia73 ($49.26 in chips)
Seat 5: BuzovaPro ($80.64 in chips)
pmejia73: posts small blind $1
BuzovaPro: posts big blind $3
*** HOLE CARDS ***
pmejia73: raises $3 to $6
BuzovaPro: folds
Uncalled bet ($3) returned to pmejia73
pmejia73 collected $6 from pot
pmejia73: doesn't show hand
*** SUMMARY ***
Total pot $6 | Rake $0
Seat 4: pmejia73 (button) (small blind) collected ($6)
Seat 5: BuzovaPro (big blind) folded before Flop


PokerStars Hand #149528038519:  Hold'em Limit ($3/$6 USD) - 2016/02/27 18:20:29 ET
Table 'Orthos' 6-max Seat #5 is the button
Seat 4: pmejia73 ($49.87 in chips)
Seat 5: AzureCaper ($144.11 in chips)
AzureCaper: posts small blind $1
wes.mac44: is sitting out
pmejia73: posts big blind $3
*** HOLE CARDS ***
AzureCaper: folds
Uncalled bet ($2) returned to pmejia73
pmejia73 collected $2 from pot
pmejia73: doesn't show hand
*** SUMMARY ***
Total pot $2 | Rake $0
Seat 4: pmejia73 (big blind) collected ($2)
Seat 5: AzureCaper (button) (small blind) folded before Flop


PokerStars Hand #149528055825:  Hold'em Limit ($3/$6 USD) - 2016/02/27 18:20:48 ET
Table 'Orthos' 6-max Seat #5 is the button
Seat 4: pmejia73 ($38.87 in chips)
Seat 5: AzureCaper ($154.63 in chips)
AzureCaper: posts small blind $1
pmejia73: posts big blind $3
*** HOLE CARDS ***
AzureCaper: folds
Uncalled bet ($2) returned to pmejia73
pmejia73 collected $2 from pot
pmejia73: doesn't show hand
*** SUMMARY ***
Total pot $2 | Rake $0
Seat 4: pmejia73 (big blind) collected ($2)
Seat 5: AzureCaper (button) (small blind) folded before Flop


PokerStars Hand #149528043179:  Hold'em Limit ($3/$6 USD) - 2016/02/27 18:20:34 ET
Table 'Orthos' 6-max Seat #4 is the button
Seat 4: pmejia73 ($50.87 in chips)
Seat 5: AzureCaper ($143.11 in chips)
wes.mac44 leaves the table
pmejia73: posts small blind $1
AzureCaper: posts big blind $3
*** HOLE CARDS ***
pmejia73: raises $3 to $6
AzureCaper: calls $3
*** FLOP *** [5c 6c 6d]
AzureCaper: checks
pmejia73: bets $3
AzureCaper: raises $3 to $6
pmejia73: calls $3
*** TURN *** [5c 6c 6d] [9h]
AzureCaper: bets $6
pmejia73: folds
Uncalled bet ($6) returned to AzureCaper
AzureCaper collected $23.52 from pot
AzureCaper: doesn't show hand
*** SUMMARY ***
Total pot $24 | Rake $0.48
Board [5c 6c 6d 9h]
Seat 4: pmejia73 (button) (small blind) folded on the Turn
Seat 5: AzureCaper (big blind) collected ($23.52)


PokerStars Hand #149528065244:  Hold'em Limit ($3/$6 USD) - 2016/02/27 18:20:59 ET
Table 'Orthos' 6-max Seat #5 is the button
Seat 4: pmejia73 ($38.87 in chips)
Seat 5: AzureCaper ($154.63 in chips)
AzureCaper: posts small blind $1
pmejia73: posts big blind $3
*** HOLE CARDS ***
AzureCaper: folds
Uncalled bet ($2) returned to pmejia73
pmejia73 collected $2 from pot
pmejia73: doesn't show hand
*** SUMMARY ***
Total pot $2 | Rake $0
Seat 4: pmejia73 (big blind) collected ($2)
Seat 5: AzureCaper (button) (small blind) folded before Flop


PokerStars Hand #149528060252:  Hold'em Limit ($3/$6 USD) - 2016/02/27 18:20:53 ET
Table 'Orthos' 6-max Seat #4 is the button
Seat 4: pmejia73 ($39.87 in chips)
Seat 5: AzureCaper ($153.63 in chips)
pmejia73: posts small blind $1
AzureCaper: posts big blind $3
*** HOLE CARDS ***
pmejia73: folds
Uncalled bet ($2) returned to AzureCaper
AzureCaper collected $2 from pot
AzureCaper: doesn't show hand
*** SUMMARY ***
Total pot $2 | Rake $0
Seat 4: pmejia73 (button) (small blind) folded before Flop
Seat 5: AzureCaper (big blind) collected ($2)


PokerStars Hand #149528069805:  Hold'em Limit ($3/$6 USD) - 2016/02/27 18:21:04 ET
Table 'Orthos' 6-max Seat #4 is the button
Seat 4: pmejia73 ($39.87 in chips)
Seat 5: AzureCaper ($153.63 in chips)
pmejia73: posts small blind $1
AzureCaper: posts big blind $3
*** HOLE CARDS ***
pmejia73: raises $3 to $6
AzureCaper: raises $3 to $9
pmejia73: calls $3
*** FLOP *** [9c 3h Ad]
AzureCaper: bets $3
pmejia73: folds
Uncalled bet ($3) returned to AzureCaper
AzureCaper collected $17.64 from pot
AzureCaper: doesn't show hand
*** SUMMARY ***
Total pot $18 | Rake $0.36
Board [9c 3h Ad]
Seat 4: pmejia73 (button) (small blind) folded on the Flop
Seat 5: AzureCaper (big blind) collected ($17.64)


PokerStars Hand #149528079782:  Hold'em Limit ($3/$6 USD) - 2016/02/27 18:21:15 ET
Table 'Orthos' 6-max Seat #5 is the button
Seat 4: pmejia73 ($30.87 in chips)
Seat 5: AzureCaper ($162.27 in chips)
AzureCaper: posts small blind $1
pmejia73: posts big blind $3
*** HOLE CARDS ***
AzureCaper: folds
Uncalled bet ($2) returned to pmejia73
pmejia73 collected $2 from pot
pmejia73: doesn't show hand
*** SUMMARY ***
Total pot $2 | Rake $0
Seat 4: pmejia73 (big blind) collected ($2)
Seat 5: AzureCaper (button) (small blind) folded before Flop


PokerStars Hand #149528092193:  Hold'em Limit ($3/$6 USD) - 2016/02/27 18:21:29 ET
Table 'Orthos' 6-max Seat #5 is the button
Seat 4: pmejia73 ($37.63 in chips)
Seat 5: AzureCaper ($155.27 in chips)
AzureCaper: posts small blind $1
pmejia73: posts big blind $3
*** HOLE CARDS ***
AzureCaper: folds
Uncalled bet ($2) returned to pmejia73
pmejia73 collected $2 from pot
pmejia73: doesn't show hand
*** SUMMARY ***
Total pot $2 | Rake $0
Seat 4: pmejia73 (big blind) collected ($2)
Seat 5: AzureCaper (button) (small blind) folded before Flop


PokerStars Hand #149528083840:  Hold'em Limit ($3/$6 USD) - 2016/02/27 18:21:20 ET
Table 'Orthos' 6-max Seat #4 is the button
Seat 4: pmejia73 ($31.87 in chips)
Seat 5: AzureCaper ($161.27 in chips)
pmejia73: posts small blind $1
AzureCaper: posts big blind $3
*** HOLE CARDS ***
pmejia73: raises $3 to $6
AzureCaper: calls $3
*** FLOP *** [6h 7d Th]
AzureCaper: checks
pmejia73: bets $3
AzureCaper: folds
Uncalled bet ($3) returned to pmejia73
pmejia73 collected $11.76 from pot
pmejia73: doesn't show hand
*** SUMMARY ***
Total pot $12 | Rake $0.24
Board [6h 7d Th]
Seat 4: pmejia73 (button) (small blind) collected ($11.76)
Seat 5: AzureCaper (big blind) folded on the Flop


PokerStars Hand #149528096452:  Hold'em Limit ($3/$6 USD) - 2016/02/27 18:21:34 ET
Table 'Orthos' 6-max Seat #4 is the button
Seat 4: pmejia73 ($38.63 in chips)
Seat 5: AzureCaper ($154.27 in chips)
pmejia73: posts small blind $1
AzureCaper: posts big blind $3
*** HOLE CARDS ***
pmejia73: raises $3 to $6
AzureCaper: raises $3 to $9
pmejia73: calls $3
*** FLOP *** [3h 2c 8s]
AzureCaper: bets $3
pmejia73: calls $3
*** TURN *** [3h 2c 8s] [9c]
AzureCaper: bets $6
pmejia73: raises $6 to $12
AzureCaper: calls $6
*** RIVER *** [3h 2c 8s 9c] [6c]
AzureCaper: checks
pmejia73: bets $6
AzureCaper: folds
Uncalled bet ($6) returned to pmejia73
pmejia73 collected $47.50 from pot
pmejia73: doesn't show hand
*** SUMMARY ***
Total pot $48 | Rake $0.50
Board [3h 2c 8s 9c 6c]
Seat 4: pmejia73 (button) (small blind) collected ($47.50)
Seat 5: AzureCaper (big blind) folded on the River


PokerStars Hand #149528117310:  Hold'em Limit ($3/$6 USD) - 2016/02/27 18:21:57 ET
Table 'Orthos' 6-max Seat #4 is the button
Seat 4: pmejia73 ($63.13 in chips)
Seat 5: AzureCaper ($129.27 in chips)
pmejia73: posts small blind $1
AzureCaper: posts big blind $3
*** HOLE CARDS ***
pmejia73: raises $3 to $6
AzureCaper: folds
Uncalled bet ($3) returned to pmejia73
pmejia73 collected $6 from pot
pmejia73: doesn't show hand
*** SUMMARY ***
Total pot $6 | Rake $0
Seat 4: pmejia73 (button) (small blind) collected ($6)
Seat 5: AzureCaper (big blind) folded before Flop


PokerStars Hand #149528112687:  Hold'em Limit ($3/$6 USD) - 2016/02/27 18:21:52 ET
Table 'Orthos' 6-max Seat #5 is the button
Seat 4: pmejia73 ($62.13 in chips)
Seat 5: AzureCaper ($130.27 in chips)
AzureCaper: posts small blind $1
pmejia73: posts big blind $3
*** HOLE CARDS ***
AzureCaper: folds
Uncalled bet ($2) returned to pmejia73
pmejia73 collected $2 from pot
pmejia73: doesn't show hand
*** SUMMARY ***
Total pot $2 | Rake $0
Seat 4: pmejia73 (big blind) collected ($2)
Seat 5: AzureCaper (button) (small blind) folded before Flop


PokerStars Hand #149528127687:  Hold'em Limit ($3/$6 USD) - 2016/02/27 18:22:09 ET
Table 'Orthos' 6-max Seat #4 is the button
Seat 4: pmejia73 ($67.13 in chips)
Seat 5: AzureCaper ($125.27 in chips)
pmejia73: posts small blind $1
AzureCaper: posts big blind $3
*** HOLE CARDS ***
pmejia73: raises $3 to $6
AzureCaper: folds
Uncalled bet ($3) returned to pmejia73
pmejia73 collected $6 from pot
pmejia73: doesn't show hand
*** SUMMARY ***
Total pot $6 | Rake $0
Seat 4: pmejia73 (button) (small blind) collected ($6)
Seat 5: AzureCaper (big blind) folded before Flop


PokerStars Hand #149528123341:  Hold'em Limit ($3/$6 USD) - 2016/02/27 18:22:04 ET
Table 'Orthos' 6-max Seat #5 is the button
Seat 4: pmejia73 ($66.13 in chips)
Seat 5: AzureCaper ($126.27 in chips)
AzureCaper: posts small blind $1
pmejia73: posts big blind $3
*** HOLE CARDS ***
AzureCaper: folds
Uncalled bet ($2) returned to pmejia73
pmejia73 collected $2 from pot
pmejia73: doesn't show hand
*** SUMMARY ***
Total pot $2 | Rake $0
Seat 4: pmejia73 (big blind) collected ($2)
Seat 5: AzureCaper (button) (small blind) folded before Flop


PokerStars Hand #149528133923:  Hold'em Limit ($3/$6 USD) - 2016/02/27 18:22:16 ET
Table 'Orthos' 6-max Seat #5 is the button
Seat 4: pmejia73 ($70.13 in chips)
Seat 5: AzureCaper ($122.27 in chips)
AzureCaper: posts small blind $1
pmejia73: posts big blind $3
*** HOLE CARDS ***
AzureCaper: folds
Uncalled bet ($2) returned to pmejia73
pmejia73 collected $2 from pot
pmejia73: doesn't show hand
*** SUMMARY ***
Total pot $2 | Rake $0
Seat 4: pmejia73 (big blind) collected ($2)
Seat 5: AzureCaper (button) (small blind) folded before Flop


PokerStars Hand #149528144882:  Hold'em Limit ($3/$6 USD) - 2016/02/27 18:22:28 ET
Table 'Orthos' 6-max Seat #5 is the button
Seat 4: pmejia73 ($74.13 in chips)
Seat 5: AzureCaper ($118.27 in chips)
AzureCaper: posts small blind $1
pmejia73: posts big blind $3
*** HOLE CARDS ***
AzureCaper: folds
Uncalled bet ($2) returned to pmejia73
pmejia73 collected $2 from pot
pmejia73: doesn't show hand
*** SUMMARY ***
Total pot $2 | Rake $0
Seat 4: pmejia73 (big blind) collected ($2)
Seat 5: AzureCaper (button) (small blind) folded before Flop


PokerStars Hand #149528139334:  Hold'em Limit ($3/$6 USD) - 2016/02/27 18:22:22 ET
Table 'Orthos' 6-max Seat #4 is the button
Seat 4: pmejia73 ($71.13 in chips)
Seat 5: AzureCaper ($121.27 in chips)
pmejia73: posts small blind $1
AzureCaper: posts big blind $3
*** HOLE CARDS ***
pmejia73: raises $3 to $6
AzureCaper: folds
Uncalled bet ($3) returned to pmejia73
pmejia73 collected $6 from pot
pmejia73: doesn't show hand
*** SUMMARY ***
Total pot $6 | Rake $0
Seat 4: pmejia73 (button) (small blind) collected ($6)
Seat 5: AzureCaper (big blind) folded before Flop


PokerStars Hand #149528148742:  Hold'em Limit ($3/$6 USD) - 2016/02/27 18:22:33 ET
Table 'Orthos' 6-max Seat #4 is the button
Seat 4: pmejia73 ($75.13 in chips)
Seat 5: AzureCaper ($117.27 in chips)
pmejia73: posts small blind $1
AzureCaper: posts big blind $3
*** HOLE CARDS ***
ogK2 joins the table at seat #2
pmejia73: folds
Uncalled bet ($2) returned to AzureCaper
AzureCaper collected $2 from pot
AzureCaper: doesn't show hand
*** SUMMARY ***
Total pot $2 | Rake $0
Seat 4: pmejia73 (button) (small blind) folded before Flop
Seat 5: AzureCaper (big blind) collected ($2)


PokerStars Hand #149529322070:  Hold'em Limit ($3/$6 USD) - 2016/02/27 18:45:48 ET
Table 'Orthos' 6-max Seat #2 is the button
Seat 2: ogK2 ($299.78 in chips)
Seat 4: 7superpoker ($50.28 in chips)
ogK2: posts small blind $1
7superpoker: posts big blind $3
*** HOLE CARDS ***
ogK2: raises $3 to $6
feilinho leaves the table
7superpoker: folds
Uncalled bet ($3) returned to ogK2
ogK2 collected $6 from pot
ogK2: doesn't show hand
*** SUMMARY ***
Total pot $6 | Rake $0
Seat 2: ogK2 (button) (small blind) collected ($6)
Seat 4: 7superpoker (big blind) folded before Flop


PokerStars Hand #149529328967:  Hold'em Limit ($3/$6 USD) - 2016/02/27 18:45:57 ET
Table 'Orthos' 6-max Seat #4 is the button
Seat 2: ogK2 ($302.78 in chips)
Seat 4: 7superpoker ($47.28 in chips)
7superpoker: posts small blind $1
ogK2: posts big blind $3
*** HOLE CARDS ***
7superpoker: raises $3 to $6
ogK2: folds
Uncalled bet ($3) returned to 7superpoker
7superpoker collected $6 from pot
7superpoker: doesn't show hand
*** SUMMARY ***
Total pot $6 | Rake $0
Seat 2: ogK2 (big blind) folded before Flop
Seat 4: 7superpoker (button) (small blind) collected ($6)


PokerStars Hand #149529360152:  Hold'em Limit ($3/$6 USD) - 2016/02/27 18:46:35 ET
Table 'Orthos' 6-max Seat #4 is the button
Seat 2: ogK2 ($326.28 in chips)
Seat 4: 7superpoker ($23.28 in chips)
7superpoker: posts small blind $1
ogK2: posts big blind $3
*** HOLE CARDS ***
7superpoker: folds
Uncalled bet ($2) returned to ogK2
ogK2 collected $2 from pot
ogK2: doesn't show hand
*** SUMMARY ***
Total pot $2 | Rake $0
Seat 2: ogK2 (big blind) collected ($2)
Seat 4: 7superpoker (button) (small blind) folded before Flop


PokerStars Hand #149529335502:  Hold'em Limit ($3/$6 USD) - 2016/02/27 18:46:05 ET
Table 'Orthos' 6-max Seat #2 is the button
Seat 2: ogK2 ($299.78 in chips)
Seat 4: 7superpoker ($50.28 in chips)
ogK2: posts small blind $1
7superpoker: posts big blind $3
*** HOLE CARDS ***
ogK2: raises $3 to $6
7superpoker: calls $3
*** FLOP *** [Qd Ah 6h]
7superpoker: checks
ogK2: bets $3
7superpoker: raises $3 to $6
ogK2: raises $3 to $9
7superpoker: calls $3
*** TURN *** [Qd Ah 6h] [3d]
7superpoker: checks
ogK2: bets $6
7superpoker: calls $6
*** RIVER *** [Qd Ah 6h 3d] [5s]
7superpoker: checks
ogK2: bets $6
7superpoker: calls $6
*** SHOW DOWN ***
ogK2: shows [Ac Ks] (a pair of Aces)
7superpoker: mucks hand
ogK2 collected $53.50 from pot
*** SUMMARY ***
Total pot $54 | Rake $0.50
Board [Qd Ah 6h 3d 5s]
Seat 2: ogK2 (button) (small blind) showed [Ac Ks] and won ($53.50) with a pair of Aces
Seat 4: 7superpoker (big blind) mucked


PokerStars Hand #149529364176:  Hold'em Limit ($3/$6 USD) - 2016/02/27 18:46:40 ET
Table 'Orthos' 6-max Seat #2 is the button
Seat 2: ogK2 ($327.28 in chips)
Seat 4: 7superpoker ($22.28 in chips)
ogK2: posts small blind $1
7superpoker: posts big blind $3
*** HOLE CARDS ***
ogK2: folds
Uncalled bet ($2) returned to 7superpoker
7superpoker collected $2 from pot
7superpoker: doesn't show hand
*** SUMMARY ***
Total pot $2 | Rake $0
Seat 2: ogK2 (button) (small blind) folded before Flop
Seat 4: 7superpoker (big blind) collected ($2)


PokerStars Hand #149529368477:  Hold'em Limit ($3/$6 USD) - 2016/02/27 18:46:45 ET
Table 'Orthos' 6-max Seat #4 is the button
Seat 2: ogK2 ($326.28 in chips)
Seat 4: 7superpoker ($23.28 in chips)
7superpoker: posts small blind $1
ogK2: posts big blind $3
*** HOLE CARDS ***
7superpoker: raises $3 to $6
ogK2: calls $3
*** FLOP *** [Kd 8d Jh]
ogK2: checks
7superpoker: bets $3
ogK2: calls $3
*** TURN *** [Kd 8d Jh] [6c]
ogK2: checks
7superpoker: checks
*** RIVER *** [Kd 8d Jh 6c] [5d]
ogK2: bets $6
7superpoker: folds
Uncalled bet ($6) returned to ogK2
ogK2 collected $17.64 from pot
ogK2: doesn't show hand
*** SUMMARY ***
Total pot $18 | Rake $0.36
Board [Kd 8d Jh 6c 5d]
Seat 2: ogK2 (big blind) collected ($17.64)
Seat 4: 7superpoker (button) (small blind) folded on the River


PokerStars Hand #149529394674:  Hold'em Limit ($3/$6 USD) - 2016/02/27 18:47:17 ET
Table 'Orthos' 6-max Seat #4 is the button
Seat 2: ogK2 ($333.92 in chips)
Seat 4: 7superpoker ($51.64 in chips)
7superpoker: posts small blind $1
ogK2: posts big blind $3
*** HOLE CARDS ***
7superpoker: folds
Uncalled bet ($2) returned to ogK2
ogK2 collected $2 from pot
ogK2: doesn't show hand
*** SUMMARY ***
Total pot $2 | Rake $0
Seat 2: ogK2 (big blind) collected ($2)
Seat 4: 7superpoker (button) (small blind) folded before Flop


PokerStars Hand #149529390020:  Hold'em Limit ($3/$6 USD) - 2016/02/27 18:47:11 ET
Table 'Orthos' 6-max Seat #2 is the button
Seat 2: ogK2 ($334.92 in chips)
Seat 4: 7superpoker ($50.64 in chips)
ogK2: posts small blind $1
7superpoker: posts big blind $3
*** HOLE CARDS ***
ogK2: folds
Uncalled bet ($2) returned to 7superpoker
7superpoker collected $2 from pot
7superpoker: doesn't show hand
*** SUMMARY ***
Total pot $2 | Rake $0
Seat 2: ogK2 (button) (small blind) folded before Flop
Seat 4: 7superpoker (big blind) collected ($2)


PokerStars Hand #149529418271:  Hold'em Limit ($3/$6 USD) - 2016/02/27 18:47:46 ET
Table 'Orthos' 6-max Seat #4 is the button
Seat 2: ogK2 ($331.92 in chips)
Seat 4: 7superpoker ($53.52 in chips)
7superpoker: posts small blind $1
ogK2: posts big blind $3
*** HOLE CARDS ***
7superpoker: folds
Uncalled bet ($2) returned to ogK2
ogK2 collected $2 from pot
ogK2: doesn't show hand
*** SUMMARY ***
Total pot $2 | Rake $0
Seat 2: ogK2 (big blind) collected ($2)
Seat 4: 7superpoker (button) (small blind) folded before Flop


PokerStars Hand #149529398727:  Hold'em Limit ($3/$6 USD) - 2016/02/27 18:47:22 ET
Table 'Orthos' 6-max Seat #2 is the button
Seat 2: ogK2 ($334.92 in chips)
Seat 4: 7superpoker ($50.64 in chips)
ogK2: posts small blind $1
7superpoker: posts big blind $3
*** HOLE CARDS ***
ogK2: calls $2
7superpoker: checks
*** FLOP *** [3d 6h Qc]
7superpoker: checks
ogK2: checks
*** TURN *** [3d 6h Qc] [7h]
7superpoker: checks
ogK2: checks
*** RIVER *** [3d 6h Qc 7h] [7s]
7superpoker: checks
ogK2: checks
*** SHOW DOWN ***
7superpoker: shows [8h Ks] (a pair of Sevens)
ogK2: mucks hand
7superpoker collected $5.88 from pot
*** SUMMARY ***
Total pot $6 | Rake $0.12
Board [3d 6h Qc 7h 7s]
Seat 2: ogK2 (button) (small blind) mucked
Seat 4: 7superpoker (big blind) showed [8h Ks] and won ($5.88) with a pair of Sevens


PokerStars Hand #149529423349:  Hold'em Limit ($3/$6 USD) - 2016/02/27 18:47:52 ET
Table 'Orthos' 6-max Seat #2 is the button
Seat 2: ogK2 ($332.92 in chips)
Seat 4: 7superpoker ($52.52 in chips)
ogK2: posts small blind $1
7superpoker: posts big blind $3
*** HOLE CARDS ***
ogK2: folds
Uncalled bet ($2) returned to 7superpoker
7superpoker collected $2 from pot
7superpoker: doesn't show hand
*** SUMMARY ***
Total pot $2 | Rake $0
Seat 2: ogK2 (button) (small blind) folded before Flop
Seat 4: 7superpoker (big blind) collected ($2)


PokerStars Hand #149529427246:  Hold'em Limit ($3/$6 USD) - 2016/02/27 18:47:57 ET
Table 'Orthos' 6-max Seat #4 is the button
Seat 2: ogK2 ($331.92 in chips)
Seat 4: 7superpoker ($53.52 in chips)
7superpoker: posts small blind $1
ogK2: posts big blind $3
*** HOLE CARDS ***
7superpoker: raises $3 to $6
ogK2: calls $3
*** FLOP *** [2s 3c 8c]
ogK2: checks
7superpoker: bets $3
ogK2: calls $3
*** TURN *** [2s 3c 8c] [As]
ogK2: checks
7superpoker: checks
*** RIVER *** [2s 3c 8c As] [8h]
ogK2: bets $6
7superpoker: raises $6 to $12
ogK2: calls $6
*** SHOW DOWN ***
7superpoker: shows [Ks 8d] (three of a kind, Eights)
ogK2: mucks hand
7superpoker collected $41.50 from pot
*** SUMMARY ***
Total pot $42 | Rake $0.50
Board [2s 3c 8c As 8h]
Seat 2: ogK2 (big blind) mucked
Seat 4: 7superpoker (button) (small blind) showed [Ks 8d] and won ($41.50) with three of a kind, Eights


PokerStars Hand #149529449089:  Hold'em Limit ($3/$6 USD) - 2016/02/27 18:48:23 ET
Table 'Orthos' 6-max Seat #2 is the button
Seat 2: ogK2 ($310.92 in chips)
Seat 4: 7superpoker ($74.02 in chips)
ogK2: posts small blind $1
7superpoker: posts big blind $3
*** HOLE CARDS ***
ogK2: folds
Uncalled bet ($2) returned to 7superpoker
7superpoker collected $2 from pot
7superpoker: doesn't show hand
*** SUMMARY ***
Total pot $2 | Rake $0
Seat 2: ogK2 (button) (small blind) folded before Flop
Seat 4: 7superpoker (big blind) collected ($2)


PokerStars Hand #149529459237:  Hold'em Limit ($3/$6 USD) - 2016/02/27 18:48:35 ET
Table 'Orthos' 6-max Seat #2 is the button
Seat 2: ogK2 ($310.92 in chips)
Seat 4: 7superpoker ($74.02 in chips)
ogK2: posts small blind $1
7superpoker: posts big blind $3
*** HOLE CARDS ***
ogK2: folds
Uncalled bet ($2) returned to 7superpoker
7superpoker collected $2 from pot
7superpoker: doesn't show hand
*** SUMMARY ***
Total pot $2 | Rake $0
Seat 2: ogK2 (button) (small blind) folded before Flop
Seat 4: 7superpoker (big blind) collected ($2)


PokerStars Hand #149529454612:  Hold'em Limit ($3/$6 USD) - 2016/02/27 18:48:30 ET
Table 'Orthos' 6-max Seat #4 is the button
Seat 2: ogK2 ($309.92 in chips)
Seat 4: 7superpoker ($75.02 in chips)
7superpoker: posts small blind $1
ogK2: posts big blind $3
*** HOLE CARDS ***
7superpoker: folds
Uncalled bet ($2) returned to ogK2
ogK2 collected $2 from pot
ogK2: doesn't show hand
*** SUMMARY ***
Total pot $2 | Rake $0
Seat 2: ogK2 (big blind) collected ($2)
Seat 4: 7superpoker (button) (small blind) folded before Flop


PokerStars Hand #149529511794:  Hold'em Limit ($3/$6 USD) - 2016/02/27 18:49:38 ET
Table 'Orthos' 6-max Seat #4 is the button
Seat 2: ogK2 ($303.42 in chips)
Seat 4: 7superpoker ($80.52 in chips)
7superpoker: posts small blind $1
ogK2: posts big blind $3
*** HOLE CARDS ***
7superpoker: folds
Uncalled bet ($2) returned to ogK2
ogK2 collected $2 from pot
ogK2: doesn't show hand
*** SUMMARY ***
Total pot $2 | Rake $0
Seat 2: ogK2 (big blind) collected ($2)
Seat 4: 7superpoker (button) (small blind) folded before Flop


PokerStars Hand #149529491723:  Hold'em Limit ($3/$6 USD) - 2016/02/27 18:49:14 ET
Table 'Orthos' 6-max Seat #2 is the button
Seat 2: ogK2 ($285.92 in chips)
Seat 4: 7superpoker ($98.52 in chips)
ogK2: posts small blind $1
7superpoker: posts big blind $3
*** HOLE CARDS ***
ogK2: raises $3 to $6
7superpoker: calls $3
*** FLOP *** [7s 8c 9s]
7superpoker: checks
ogK2: checks
*** TURN *** [7s 8c 9s] [5d]
7superpoker: checks
ogK2: bets $6
7superpoker: calls $6
*** RIVER *** [7s 8c 9s 5d] [2c]
7superpoker: checks
ogK2: bets $6
7superpoker: calls $6
*** SHOW DOWN ***
ogK2: shows [Qd 6c] (a straight, Five to Nine)
7superpoker: mucks hand
ogK2 collected $35.50 from pot
*** SUMMARY ***
Total pot $36 | Rake $0.50
Board [7s 8c 9s 5d 2c]
Seat 2: ogK2 (button) (small blind) showed [Qd 6c] and won ($35.50) with a straight, Five to Nine
Seat 4: 7superpoker (big blind) mucked


PokerStars Hand #149529463957:  Hold'em Limit ($3/$6 USD) - 2016/02/27 18:48:41 ET
Table 'Orthos' 6-max Seat #4 is the button
Seat 2: ogK2 ($309.92 in chips)
Seat 4: 7superpoker ($75.02 in chips)
7superpoker: posts small blind $1
ogK2: posts big blind $3
*** HOLE CARDS ***
7superpoker: raises $3 to $6
ogK2: calls $3
*** FLOP *** [9s 3s Ts]
ogK2: checks
7superpoker: bets $3
ogK2: raises $3 to $6
7superpoker: calls $3
*** TURN *** [9s 3s Ts] [Tc]
ogK2: bets $6
7superpoker: calls $6
*** RIVER *** [9s 3s Ts Tc] [8h]
ogK2: bets $6
7superpoker: calls $6
*** SHOW DOWN ***
ogK2: shows [8c Jd] (two pair, Tens and Eights)
7superpoker: shows [Jc 9h] (two pair, Tens and Nines)
7superpoker collected $47.50 from pot
*** SUMMARY ***
Total pot $48 | Rake $0.50
Board [9s 3s Ts Tc 8h]
Seat 2: ogK2 (big blind) showed [8c Jd] and lost with two pair, Tens and Eights
Seat 4: 7superpoker (button) (small blind) showed [Jc 9h] and won ($47.50) with two pair, Tens and Nines


PokerStars Hand #149529546963:  Hold'em Limit ($3/$6 USD) - 2016/02/27 18:50:20 ET
Table 'Orthos' 6-max Seat #4 is the button
Seat 2: ogK2 ($285.42 in chips)
Seat 4: 7superpoker ($98.02 in chips)
7superpoker: posts small blind $1
ogK2: posts big blind $3
*** HOLE CARDS ***
7superpoker: raises $3 to $6
ogK2: calls $3
*** FLOP *** [Jd 4h 2s]
ogK2: checks
7superpoker: bets $3
ogK2: raises $3 to $6
7superpoker: folds
Uncalled bet ($3) returned to ogK2
ogK2 collected $17.64 from pot
ogK2: doesn't show hand
*** SUMMARY ***
Total pot $18 | Rake $0.36
Board [Jd 4h 2s]
Seat 2: ogK2 (big blind) collected ($17.64)
Seat 4: 7superpoker (button) (small blind) folded on the Flop


PokerStars Hand #149529516486:  Hold'em Limit ($3/$6 USD) - 2016/02/27 18:49:43 ET
Table 'Orthos' 6-max Seat #2 is the button
Seat 2: ogK2 ($304.42 in chips)
Seat 4: 7superpoker ($79.52 in chips)
ogK2: posts small blind $1
7superpoker: posts big blind $3
*** HOLE CARDS ***
ogK2: folds
Uncalled bet ($2) returned to 7superpoker
7superpoker collected $2 from pot
7superpoker: doesn't show hand
*** SUMMARY ***
Total pot $2 | Rake $0
Seat 2: ogK2 (button) (small blind) folded before Flop
Seat 4: 7superpoker (big blind) collected ($2)


PokerStars Hand #149529521356:  Hold'em Limit ($3/$6 USD) - 2016/02/27 18:49:49 ET
Table 'Orthos' 6-max Seat #4 is the button
Seat 2: ogK2 ($303.42 in chips)
Seat 4: 7superpoker ($80.52 in chips)
7superpoker: posts small blind $1
ogK2: posts big blind $3
*** HOLE CARDS ***
7superpoker: raises $3 to $6
ogK2: folds
Uncalled bet ($3) returned to 7superpoker
7superpoker collected $6 from pot
7superpoker: doesn't show hand
*** SUMMARY ***
Total pot $6 | Rake $0
Seat 2: ogK2 (big blind) folded before Flop
Seat 4: 7superpoker (button) (small blind) collected ($6)


PokerStars Hand #149529527070:  Hold'em Limit ($3/$6 USD) - 2016/02/27 18:49:56 ET
Table 'Orthos' 6-max Seat #2 is the button
Seat 2: ogK2 ($300.42 in chips)
Seat 4: 7superpoker ($83.52 in chips)
ogK2: posts small blind $1
7superpoker: posts big blind $3
*** HOLE CARDS ***
ogK2: raises $3 to $6
7superpoker: calls $3
*** FLOP *** [7d 3h 4s]
7superpoker: checks
ogK2: bets $3
7superpoker: calls $3
*** TURN *** [7d 3h 4s] [3d]
7superpoker: checks
ogK2: bets $6
7superpoker: calls $6
*** RIVER *** [7d 3h 4s 3d] [9c]
7superpoker: checks
ogK2: checks
*** SHOW DOWN ***
7superpoker: shows [4c 8c] (two pair, Fours and Threes)
ogK2: mucks hand
7superpoker collected $29.50 from pot
*** SUMMARY ***
Total pot $30 | Rake $0.50
Board [7d 3h 4s 3d 9c]
Seat 2: ogK2 (button) (small blind) mucked
Seat 4: 7superpoker (big blind) showed [4c 8c] and won ($29.50) with two pair, Fours and Threes


PokerStars Hand #149529566738:  Hold'em Limit ($3/$6 USD) - 2016/02/27 18:50:44 ET
Table 'Orthos' 6-max Seat #2 is the button
Seat 2: ogK2 ($294.06 in chips)
Seat 4: 7superpoker ($89.02 in chips)
ogK2: posts small blind $1
7superpoker: posts big blind $3
*** HOLE CARDS ***
ogK2: folds
Uncalled bet ($2) returned to 7superpoker
7superpoker collected $2 from pot
7superpoker: doesn't show hand
*** SUMMARY ***
Total pot $2 | Rake $0
Seat 2: ogK2 (button) (small blind) folded before Flop
Seat 4: 7superpoker (big blind) collected ($2)


PokerStars Hand #149529571842:  Hold'em Limit ($3/$6 USD) - 2016/02/27 18:50:50 ET
Table 'Orthos' 6-max Seat #4 is the button
Seat 2: ogK2 ($293.06 in chips)
Seat 4: 7superpoker ($90.02 in chips)
7superpoker: posts small blind $1
ogK2: posts big blind $3
*** HOLE CARDS ***
7superpoker: calls $2
ogK2: raises $3 to $6
7superpoker: calls $3
*** FLOP *** [Jd Ad 4h]
heisatur joins the table at seat #3
ogK2: bets $3
7superpoker: calls $3
*** TURN *** [Jd Ad 4h] [7c]
ogK2: bets $6
alexslep joins the table at seat #5
7superpoker: calls $6
*** RIVER *** [Jd Ad 4h 7c] [Th]
ogK2: bets $6
7superpoker: folds
Uncalled bet ($6) returned to ogK2
ogK2 collected $29.50 from pot
ogK2: doesn't show hand
*** SUMMARY ***
Total pot $30 | Rake $0.50
Board [Jd Ad 4h 7c Th]
Seat 2: ogK2 (big blind) collected ($29.50)
Seat 4: 7superpoker (button) (small blind) folded on the River


PokerStars Hand #149529845872:  Hold'em Limit ($3/$6 USD) - 2016/02/27 18:56:38 ET
Table 'Orthos' 6-max Seat #2 is the button
Seat 2: ogK2 ($218.17 in chips)
Seat 4: 7superpoker ($63.80 in chips)
ogK2: posts small blind $1
7superpoker: posts big blind $3
*** HOLE CARDS ***
ogK2: raises $3 to $6
7superpoker: folds
Uncalled bet ($3) returned to ogK2
ogK2 collected $6 from pot
ogK2: doesn't show hand
*** SUMMARY ***
Total pot $6 | Rake $0
Seat 2: ogK2 (button) (small blind) collected ($6)
Seat 4: 7superpoker (big blind) folded before Flop


PokerStars Hand #149529839728:  Hold'em Limit ($3/$6 USD) - 2016/02/27 18:56:29 ET
Table 'Orthos' 6-max Seat #4 is the button
Seat 2: ogK2 ($221.17 in chips)
Seat 4: 7superpoker ($60.80 in chips)
7superpoker: posts small blind $1
alexslep: is sitting out
ogK2: posts big blind $3
*** HOLE CARDS ***
alexslep leaves the table
7superpoker: raises $3 to $6
ogK2: folds
Uncalled bet ($3) returned to 7superpoker
7superpoker collected $6 from pot
7superpoker: doesn't show hand
*** SUMMARY ***
Total pot $6 | Rake $0
Seat 2: ogK2 (big blind) folded before Flop
Seat 4: 7superpoker (button) (small blind) collected ($6)


PokerStars Hand #149529851002:  Hold'em Limit ($3/$6 USD) - 2016/02/27 18:56:46 ET
Table 'Orthos' 6-max Seat #4 is the button
Seat 2: ogK2 ($221.17 in chips)
Seat 4: 7superpoker ($60.80 in chips)
7superpoker: posts small blind $1
ogK2: posts big blind $3
*** HOLE CARDS ***
7superpoker: raises $3 to $6
ogK2: folds
Uncalled bet ($3) returned to 7superpoker
7superpoker collected $6 from pot
7superpoker: doesn't show hand
*** SUMMARY ***
Total pot $6 | Rake $0
Seat 2: ogK2 (big blind) folded before Flop
Seat 4: 7superpoker (button) (small blind) collected ($6)


PokerStars Hand #149529855835:  Hold'em Limit ($3/$6 USD) - 2016/02/27 18:56:53 ET
Table 'Orthos' 6-max Seat #2 is the button
Seat 2: ogK2 ($218.17 in chips)
Seat 4: 7superpoker ($63.80 in chips)
ogK2: posts small blind $1
7superpoker: posts big blind $3
*** HOLE CARDS ***
ogK2: raises $3 to $6
7superpoker: folds
Uncalled bet ($3) returned to ogK2
ogK2 collected $6 from pot
ogK2: doesn't show hand
*** SUMMARY ***
Total pot $6 | Rake $0
Seat 2: ogK2 (button) (small blind) collected ($6)
Seat 4: 7superpoker (big blind) folded before Flop


PokerStars Hand #149529860692:  Hold'em Limit ($3/$6 USD) - 2016/02/27 18:57:01 ET
Table 'Orthos' 6-max Seat #4 is the button
Seat 2: ogK2 ($221.17 in chips)
Seat 4: 7superpoker ($60.80 in chips)
7superpoker: posts small blind $1
ogK2: posts big blind $3
*** HOLE CARDS ***
7superpoker: raises $3 to $6
ogK2: folds
Uncalled bet ($3) returned to 7superpoker
Gietski joins the table at seat #6
7superpoker collected $6 from pot
7superpoker: doesn't show hand
*** SUMMARY ***
Total pot $6 | Rake $0
Seat 2: ogK2 (big blind) folded before Flop
Seat 4: 7superpoker (button) (small blind) collected ($6)


PokerStars Hand #149529866985:  Hold'em Limit ($3/$6 USD) - 2016/02/27 18:57:10 ET
Table 'Orthos' 6-max Seat #2 is the button
Seat 2: ogK2 ($218.17 in chips)
Seat 4: 7superpoker ($63.80 in chips)
ogK2: posts small blind $1
7superpoker: posts big blind $3
*** HOLE CARDS ***
ogK2: raises $3 to $6
7superpoker: calls $3
*** FLOP *** [Th 7h 3h]
PeteSvensson joins the table at seat #5
7superpoker: checks
ogK2: bets $3
7superpoker: calls $3
*** TURN *** [Th 7h 3h] [Ad]
7superpoker: checks
ogK2: bets $6
7superpoker: raises $6 to $12
ogK2: calls $6
*** RIVER *** [Th 7h 3h Ad] [Qh]
7superpoker: checks
ogK2: checks
*** SHOW DOWN ***
7superpoker: shows [2h 9h] (a flush, Queen high)
ogK2: mucks hand
7superpoker collected $41.50 from pot
*** SUMMARY ***
Total pot $42 | Rake $0.50
Board [Th 7h 3h Ad Qh]
Seat 2: ogK2 (button) (small blind) mucked
Seat 4: 7superpoker (big blind) showed [2h 9h] and won ($41.50) with a flush, Queen high


