PokerStars Hand #150687995399:  Hold'em Limit ($3/$6 USD) - 2016/03/20 22:58:02 ET
Table 'Ortrud' 6-max Seat #1 is the button
Seat 1: livenuncut ($120 in chips)
Seat 4: VolkovDmitri ($120 in chips)
livenuncut: posts small blind $1
VolkovDmitri: posts big blind $3
*** HOLE CARDS ***
livenuncut: folds
Uncalled bet ($2) returned to VolkovDmitri
VolkovDmitri collected $2 from pot
VolkovDmitri: doesn't show hand
*** SUMMARY ***
Total pot $2 | Rake $0
Seat 1: livenuncut (button) (small blind) folded before Flop
Seat 4: VolkovDmitri (big blind) collected ($2)


PokerStars Hand #150688002035:  Hold'em Limit ($3/$6 USD) - 2016/03/20 22:58:10 ET
Table 'Ortrud' 6-max Seat #4 is the button
Seat 1: livenuncut ($119 in chips)
Seat 4: VolkovDmitri ($121 in chips)
VolkovDmitri: posts small blind $1
livenuncut: posts big blind $3
*** HOLE CARDS ***
VolkovDmitri: raises $3 to $6
livenuncut: raises $3 to $9
VolkovDmitri: calls $3
*** FLOP *** [7s 3d Jc]
livenuncut: bets $3
VolkovDmitri: calls $3
*** TURN *** [7s 3d Jc] [Ks]
livenuncut: checks
VolkovDmitri: checks
*** RIVER *** [7s 3d Jc Ks] [Ad]
livenuncut: checks
VolkovDmitri: checks
*** SHOW DOWN ***
livenuncut: shows [Tc Ts] (a pair of Tens)
VolkovDmitri: mucks hand
livenuncut collected $23.52 from pot
*** SUMMARY ***
Total pot $24 | Rake $0.48
Board [7s 3d Jc Ks Ad]
Seat 1: livenuncut (big blind) showed [Tc Ts] and won ($23.52) with a pair of Tens
Seat 4: VolkovDmitri (button) (small blind) mucked


PokerStars Hand #150688012719:  Hold'em Limit ($3/$6 USD) - 2016/03/20 22:58:44 ET
Table 'Ortrud' 6-max Seat #1 is the button
Seat 1: livenuncut ($130.52 in chips)
Seat 4: VolkovDmitri ($120 in chips)
livenuncut: posts small blind $1
VolkovDmitri: posts big blind $3
*** HOLE CARDS ***
livenuncut: folds
Uncalled bet ($2) returned to VolkovDmitri
VolkovDmitri collected $2 from pot
VolkovDmitri: doesn't show hand
*** SUMMARY ***
Total pot $2 | Rake $0
Seat 1: livenuncut (button) (small blind) folded before Flop
Seat 4: VolkovDmitri (big blind) collected ($2)


PokerStars Hand #150688014290:  Hold'em Limit ($3/$6 USD) - 2016/03/20 22:58:49 ET
Table 'Ortrud' 6-max Seat #4 is the button
Seat 1: livenuncut ($129.52 in chips)
Seat 4: VolkovDmitri ($121 in chips)
VolkovDmitri: posts small blind $1
livenuncut: posts big blind $3
*** HOLE CARDS ***
VolkovDmitri: raises $3 to $6
livenuncut: calls $3
*** FLOP *** [7c 3h Qc]
livenuncut: checks
VolkovDmitri: bets $3
livenuncut: calls $3
*** TURN *** [7c 3h Qc] [Kc]
livenuncut: checks
VolkovDmitri: checks
*** RIVER *** [7c 3h Qc Kc] [Jh]
livenuncut: bets $6
VolkovDmitri: raises $6 to $12
livenuncut: calls $6
*** SHOW DOWN ***
VolkovDmitri: shows [Ts 9s] (a straight, Nine to King)
livenuncut: mucks hand
VolkovDmitri collected $41.50 from pot
*** SUMMARY ***
Total pot $42 | Rake $0.50
Board [7c 3h Qc Kc Jh]
Seat 1: livenuncut (big blind) mucked
Seat 4: VolkovDmitri (button) (small blind) showed [Ts 9s] and won ($41.50) with a straight, Nine to King


PokerStars Hand #150688025853:  Hold'em Limit ($3/$6 USD) - 2016/03/20 22:59:27 ET
Table 'Ortrud' 6-max Seat #1 is the button
Seat 1: livenuncut ($108.52 in chips)
Seat 4: VolkovDmitri ($141.50 in chips)
livenuncut: posts small blind $1
VolkovDmitri: posts big blind $3
*** HOLE CARDS ***
livenuncut: raises $3 to $6
VolkovDmitri: calls $3
*** FLOP *** [8s Ts 2h]
VolkovDmitri: bets $3
livenuncut: calls $3
*** TURN *** [8s Ts 2h] [2d]
VolkovDmitri: bets $6
livenuncut: raises $6 to $12
VolkovDmitri: calls $6
*** RIVER *** [8s Ts 2h 2d] [Ks]
VolkovDmitri: checks
livenuncut: bets $6
VolkovDmitri: calls $6
*** SHOW DOWN ***
livenuncut: shows [Ah 2c] (three of a kind, Deuces)
VolkovDmitri: mucks hand
livenuncut collected $53.50 from pot
*** SUMMARY ***
Total pot $54 | Rake $0.50
Board [8s Ts 2h 2d Ks]
Seat 1: livenuncut (button) (small blind) showed [Ah 2c] and won ($53.50) with three of a kind, Deuces
Seat 4: VolkovDmitri (big blind) mucked


PokerStars Hand #150688038229:  Hold'em Limit ($3/$6 USD) - 2016/03/20 23:00:07 ET
Table 'Ortrud' 6-max Seat #4 is the button
Seat 1: livenuncut ($135.02 in chips)
Seat 4: VolkovDmitri ($120 in chips)
VolkovDmitri: posts small blind $1
livenuncut: posts big blind $3
*** HOLE CARDS ***
VolkovDmitri: raises $3 to $6
livenuncut: calls $3
*** FLOP *** [5s 3d Ad]
livenuncut: checks
VolkovDmitri: bets $3
livenuncut: calls $3
*** TURN *** [5s 3d Ad] [6s]
livenuncut: checks
VolkovDmitri: bets $6
livenuncut: raises $6 to $12
VolkovDmitri: calls $6
*** RIVER *** [5s 3d Ad 6s] [6d]
livenuncut: bets $6
VolkovDmitri: calls $6
*** SHOW DOWN ***
livenuncut: shows [Tc Ac] (two pair, Aces and Sixes)
VolkovDmitri: mucks hand
livenuncut collected $53.50 from pot
*** SUMMARY ***
Total pot $54 | Rake $0.50
Board [5s 3d Ad 6s 6d]
Seat 1: livenuncut (big blind) showed [Tc Ac] and won ($53.50) with two pair, Aces and Sixes
Seat 4: VolkovDmitri (button) (small blind) mucked


PokerStars Hand #150688063875:  Hold'em Limit ($3/$6 USD) - 2016/03/20 23:01:26 ET
Table 'Ortrud' 6-max Seat #1 is the button
Seat 1: livenuncut ($156.52 in chips)
Seat 4: VolkovDmitri ($124.76 in chips)
livenuncut: posts small blind $1
VolkovDmitri: posts big blind $3
*** HOLE CARDS ***
livenuncut: folds
Uncalled bet ($2) returned to VolkovDmitri
VolkovDmitri collected $2 from pot
VolkovDmitri: doesn't show hand
*** SUMMARY ***
Total pot $2 | Rake $0
Seat 1: livenuncut (button) (small blind) folded before Flop
Seat 4: VolkovDmitri (big blind) collected ($2)


PokerStars Hand #150688060560:  Hold'em Limit ($3/$6 USD) - 2016/03/20 23:01:16 ET
Table 'Ortrud' 6-max Seat #4 is the button
Seat 1: livenuncut ($155.52 in chips)
Seat 4: VolkovDmitri ($125.76 in chips)
VolkovDmitri: posts small blind $1
livenuncut: posts big blind $3
*** HOLE CARDS ***
VolkovDmitri: folds
Uncalled bet ($2) returned to livenuncut
livenuncut collected $2 from pot
livenuncut: doesn't show hand
*** SUMMARY ***
Total pot $2 | Rake $0
Seat 1: livenuncut (big blind) collected ($2)
Seat 4: VolkovDmitri (button) (small blind) folded before Flop


PokerStars Hand #150688054469:  Hold'em Limit ($3/$6 USD) - 2016/03/20 23:00:58 ET
Table 'Ortrud' 6-max Seat #1 is the button
Seat 1: livenuncut ($161.52 in chips)
Seat 4: VolkovDmitri ($120 in chips)
livenuncut: posts small blind $1
VolkovDmitri: posts big blind $3
*** HOLE CARDS ***
livenuncut: calls $2
VolkovDmitri: raises $3 to $6
livenuncut: calls $3
*** FLOP *** [Qs As 5d]
VolkovDmitri: bets $3
livenuncut: folds
Uncalled bet ($3) returned to VolkovDmitri
VolkovDmitri collected $11.76 from pot
VolkovDmitri: doesn't show hand
*** SUMMARY ***
Total pot $12 | Rake $0.24
Board [Qs As 5d]
Seat 1: livenuncut (button) (small blind) folded on the Flop
Seat 4: VolkovDmitri (big blind) collected ($11.76)


PokerStars Hand #150688081117:  Hold'em Limit ($3/$6 USD) - 2016/03/20 23:02:16 ET
Table 'Ortrud' 6-max Seat #1 is the button
Seat 1: livenuncut ($170.02 in chips)
Seat 4: VolkovDmitri ($120 in chips)
livenuncut: posts small blind $1
VolkovDmitri: posts big blind $3
*** HOLE CARDS ***
livenuncut: folds
Uncalled bet ($2) returned to VolkovDmitri
VolkovDmitri collected $2 from pot
VolkovDmitri: doesn't show hand
*** SUMMARY ***
Total pot $2 | Rake $0
Seat 1: livenuncut (button) (small blind) folded before Flop
Seat 4: VolkovDmitri (big blind) collected ($2)


PokerStars Hand #150688065942:  Hold'em Limit ($3/$6 USD) - 2016/03/20 23:01:31 ET
Table 'Ortrud' 6-max Seat #4 is the button
Seat 1: livenuncut ($155.52 in chips)
Seat 4: VolkovDmitri ($125.76 in chips)
VolkovDmitri: posts small blind $1
livenuncut: posts big blind $3
*** HOLE CARDS ***
VolkovDmitri: raises $3 to $6
livenuncut: calls $3
*** FLOP *** [5h 3s Qh]
livenuncut: checks
VolkovDmitri: bets $3
livenuncut: calls $3
*** TURN *** [5h 3s Qh] [Ad]
livenuncut: checks
VolkovDmitri: bets $6
livenuncut: calls $6
*** RIVER *** [5h 3s Qh Ad] [5c]
livenuncut: checks
VolkovDmitri: checks
*** SHOW DOWN ***
livenuncut: shows [5d 8h] (three of a kind, Fives)
VolkovDmitri: mucks hand
livenuncut collected $29.50 from pot
*** SUMMARY ***
Total pot $30 | Rake $0.50
Board [5h 3s Qh Ad 5c]
Seat 1: livenuncut (big blind) showed [5d 8h] and won ($29.50) with three of a kind, Fives
Seat 4: VolkovDmitri (button) (small blind) mucked


PokerStars Hand #150688083274:  Hold'em Limit ($3/$6 USD) - 2016/03/20 23:02:22 ET
Table 'Ortrud' 6-max Seat #4 is the button
Seat 1: livenuncut ($169.02 in chips)
Seat 4: VolkovDmitri ($121 in chips)
VolkovDmitri: posts small blind $1
livenuncut: posts big blind $3
*** HOLE CARDS ***
VolkovDmitri: raises $3 to $6
livenuncut: calls $3
*** FLOP *** [Ts 8h 2d]
livenuncut: checks
VolkovDmitri: bets $3
livenuncut: calls $3
*** TURN *** [Ts 8h 2d] [Jd]
livenuncut: checks
VolkovDmitri: checks
*** RIVER *** [Ts 8h 2d Jd] [7h]
livenuncut: bets $6
VolkovDmitri: calls $6
*** SHOW DOWN ***
livenuncut: shows [As 9s] (a straight, Seven to Jack)
VolkovDmitri: mucks hand
livenuncut collected $29.50 from pot
*** SUMMARY ***
Total pot $30 | Rake $0.50
Board [Ts 8h 2d Jd 7h]
Seat 1: livenuncut (big blind) showed [As 9s] and won ($29.50) with a straight, Seven to Jack
Seat 4: VolkovDmitri (button) (small blind) mucked


PokerStars Hand #150688116121:  Hold'em Limit ($3/$6 USD) - 2016/03/20 23:03:56 ET
Table 'Ortrud' 6-max Seat #1 is the button
Seat 1: livenuncut ($189.16 in chips)
Seat 4: VolkovDmitri ($123 in chips)
livenuncut: posts small blind $1
VolkovDmitri: posts big blind $3
*** HOLE CARDS ***
livenuncut: folds
Uncalled bet ($2) returned to VolkovDmitri
VolkovDmitri collected $2 from pot
VolkovDmitri: doesn't show hand
*** SUMMARY ***
Total pot $2 | Rake $0
Seat 1: livenuncut (button) (small blind) folded before Flop
Seat 4: VolkovDmitri (big blind) collected ($2)


PokerStars Hand #150688111226:  Hold'em Limit ($3/$6 USD) - 2016/03/20 23:03:42 ET
Table 'Ortrud' 6-max Seat #4 is the button
Seat 1: livenuncut ($192.16 in chips)
Seat 4: VolkovDmitri ($120 in chips)
VolkovDmitri: posts small blind $1
livenuncut: posts big blind $3
*** HOLE CARDS ***
VolkovDmitri: raises $3 to $6
livenuncut: folds
Uncalled bet ($3) returned to VolkovDmitri
VolkovDmitri collected $6 from pot
VolkovDmitri: doesn't show hand
*** SUMMARY ***
Total pot $6 | Rake $0
Seat 1: livenuncut (big blind) folded before Flop
Seat 4: VolkovDmitri (button) (small blind) collected ($6)


PokerStars Hand #150688094862:  Hold'em Limit ($3/$6 USD) - 2016/03/20 23:02:55 ET
Table 'Ortrud' 6-max Seat #1 is the button
Seat 1: livenuncut ($183.52 in chips)
Seat 4: VolkovDmitri ($120 in chips)
livenuncut: posts small blind $1
VolkovDmitri: posts big blind $3
*** HOLE CARDS ***
livenuncut: raises $3 to $6
VolkovDmitri: calls $3
*** FLOP *** [Jh 6d 4c]
VolkovDmitri: checks
livenuncut: bets $3
VolkovDmitri: calls $3
*** TURN *** [Jh 6d 4c] [Qc]
VolkovDmitri: checks
livenuncut: bets $6
VolkovDmitri: folds
Uncalled bet ($6) returned to livenuncut
livenuncut collected $17.64 from pot
livenuncut: doesn't show hand
*** SUMMARY ***
Total pot $18 | Rake $0.36
Board [Jh 6d 4c Qc]
Seat 1: livenuncut (button) (small blind) collected ($17.64)
Seat 4: VolkovDmitri (big blind) folded on the Turn


PokerStars Hand #150688135697:  Hold'em Limit ($3/$6 USD) - 2016/03/20 23:04:52 ET
Table 'Ortrud' 6-max Seat #4 is the button
Seat 1: livenuncut ($197.66 in chips)
Seat 4: VolkovDmitri ($121 in chips)
VolkovDmitri: posts small blind $1
livenuncut: posts big blind $3
*** HOLE CARDS ***
VolkovDmitri: raises $3 to $6
livenuncut: folds
Uncalled bet ($3) returned to VolkovDmitri
VolkovDmitri collected $6 from pot
VolkovDmitri: doesn't show hand
*** SUMMARY ***
Total pot $6 | Rake $0
Seat 1: livenuncut (big blind) folded before Flop
Seat 4: VolkovDmitri (button) (small blind) collected ($6)


PokerStars Hand #150688133921:  Hold'em Limit ($3/$6 USD) - 2016/03/20 23:04:47 ET
Table 'Ortrud' 6-max Seat #1 is the button
Seat 1: livenuncut ($198.66 in chips)
Seat 4: VolkovDmitri ($120 in chips)
livenuncut: posts small blind $1
VolkovDmitri: posts big blind $3
*** HOLE CARDS ***
livenuncut: folds
Uncalled bet ($2) returned to VolkovDmitri
VolkovDmitri collected $2 from pot
VolkovDmitri: doesn't show hand
*** SUMMARY ***
Total pot $2 | Rake $0
Seat 1: livenuncut (button) (small blind) folded before Flop
Seat 4: VolkovDmitri (big blind) collected ($2)


PokerStars Hand #150688124651:  Hold'em Limit ($3/$6 USD) - 2016/03/20 23:04:21 ET
Table 'Ortrud' 6-max Seat #4 is the button
Seat 1: livenuncut ($184.16 in chips)
Seat 4: VolkovDmitri ($128 in chips)
VolkovDmitri: posts small blind $1
livenuncut: posts big blind $3
*** HOLE CARDS ***
VolkovDmitri: raises $3 to $6
livenuncut: calls $3
*** FLOP *** [6c As Qs]
livenuncut: checks
VolkovDmitri: bets $3
livenuncut: calls $3
*** TURN *** [6c As Qs] [4d]
livenuncut: checks
VolkovDmitri: bets $6
livenuncut: calls $6
*** RIVER *** [6c As Qs 4d] [5d]
livenuncut: checks
VolkovDmitri: checks
*** SHOW DOWN ***
livenuncut: shows [Qd Tc] (a pair of Queens)
VolkovDmitri: mucks hand
livenuncut collected $29.50 from pot
*** SUMMARY ***
Total pot $30 | Rake $0.50
Board [6c As Qs 4d 5d]
Seat 1: livenuncut (big blind) showed [Qd Tc] and won ($29.50) with a pair of Queens
Seat 4: VolkovDmitri (button) (small blind) mucked


PokerStars Hand #150688118528:  Hold'em Limit ($3/$6 USD) - 2016/03/20 23:04:03 ET
Table 'Ortrud' 6-max Seat #4 is the button
Seat 1: livenuncut ($188.16 in chips)
Seat 4: VolkovDmitri ($124 in chips)
VolkovDmitri: posts small blind $1
livenuncut: posts big blind $3
*** HOLE CARDS ***
VolkovDmitri: raises $3 to $6
livenuncut: folds
Uncalled bet ($3) returned to VolkovDmitri
VolkovDmitri collected $6 from pot
VolkovDmitri: doesn't show hand
*** SUMMARY ***
Total pot $6 | Rake $0
Seat 1: livenuncut (big blind) folded before Flop
Seat 4: VolkovDmitri (button) (small blind) collected ($6)


PokerStars Hand #150688121445:  Hold'em Limit ($3/$6 USD) - 2016/03/20 23:04:11 ET
Table 'Ortrud' 6-max Seat #1 is the button
Seat 1: livenuncut ($185.16 in chips)
Seat 4: VolkovDmitri ($127 in chips)
livenuncut: posts small blind $1
VolkovDmitri: posts big blind $3
*** HOLE CARDS ***
livenuncut: folds
Uncalled bet ($2) returned to VolkovDmitri
VolkovDmitri collected $2 from pot
VolkovDmitri: doesn't show hand
*** SUMMARY ***
Total pot $2 | Rake $0
Seat 1: livenuncut (button) (small blind) folded before Flop
Seat 4: VolkovDmitri (big blind) collected ($2)


PokerStars Hand #150688138159:  Hold'em Limit ($3/$6 USD) - 2016/03/20 23:04:59 ET
Table 'Ortrud' 6-max Seat #1 is the button
Seat 1: livenuncut ($194.66 in chips)
Seat 4: VolkovDmitri ($124 in chips)
livenuncut: posts small blind $1
VolkovDmitri: posts big blind $3
*** HOLE CARDS ***
livenuncut: raises $3 to $6
VolkovDmitri: raises $3 to $9
livenuncut: calls $3
*** FLOP *** [5d Td 2d]
VolkovDmitri: bets $3
livenuncut: calls $3
*** TURN *** [5d Td 2d] [8c]
VolkovDmitri: bets $6
livenuncut: folds
Uncalled bet ($6) returned to VolkovDmitri
VolkovDmitri collected $23.52 from pot
VolkovDmitri: doesn't show hand
*** SUMMARY ***
Total pot $24 | Rake $0.48
Board [5d Td 2d 8c]
Seat 1: livenuncut (button) (small blind) folded on the Turn
Seat 4: VolkovDmitri (big blind) collected ($23.52)


PokerStars Hand #150688152551:  Hold'em Limit ($3/$6 USD) - 2016/03/20 23:05:41 ET
Table 'Ortrud' 6-max Seat #4 is the button
Seat 1: livenuncut ($182.66 in chips)
Seat 4: VolkovDmitri ($135.52 in chips)
VolkovDmitri: posts small blind $1
livenuncut: posts big blind $3
*** HOLE CARDS ***
VolkovDmitri: raises $3 to $6
livenuncut: folds
Uncalled bet ($3) returned to VolkovDmitri
VolkovDmitri collected $6 from pot
VolkovDmitri: doesn't show hand
*** SUMMARY ***
Total pot $6 | Rake $0
Seat 1: livenuncut (big blind) folded before Flop
Seat 4: VolkovDmitri (button) (small blind) collected ($6)


PokerStars Hand #150688156014:  Hold'em Limit ($3/$6 USD) - 2016/03/20 23:05:51 ET
Table 'Ortrud' 6-max Seat #1 is the button
Seat 1: livenuncut ($179.66 in chips)
Seat 4: VolkovDmitri ($138.52 in chips)
livenuncut: posts small blind $1
VolkovDmitri: posts big blind $3
*** HOLE CARDS ***
livenuncut: folds
Uncalled bet ($2) returned to VolkovDmitri
VolkovDmitri collected $2 from pot
VolkovDmitri: doesn't show hand
*** SUMMARY ***
Total pot $2 | Rake $0
Seat 1: livenuncut (button) (small blind) folded before Flop
Seat 4: VolkovDmitri (big blind) collected ($2)


PokerStars Hand #150688169095:  Hold'em Limit ($3/$6 USD) - 2016/03/20 23:06:29 ET
Table 'Ortrud' 6-max Seat #1 is the button
Seat 1: livenuncut ($172.66 in chips)
Seat 4: VolkovDmitri ($145.28 in chips)
livenuncut: posts small blind $1
VolkovDmitri: posts big blind $3
*** HOLE CARDS ***
livenuncut: raises $3 to $6
VolkovDmitri: raises $3 to $9
livenuncut: calls $3
*** FLOP *** [5c 5s Jh]
VolkovDmitri: bets $3
livenuncut: calls $3
*** TURN *** [5c 5s Jh] [6c]
VolkovDmitri: bets $6
livenuncut: calls $6
*** RIVER *** [5c 5s Jh 6c] [2s]
VolkovDmitri: checks
livenuncut: bets $6
VolkovDmitri: folds
Uncalled bet ($6) returned to livenuncut
livenuncut collected $35.50 from pot
livenuncut: doesn't show hand
*** SUMMARY ***
Total pot $36 | Rake $0.50
Board [5c 5s Jh 6c 2s]
Seat 1: livenuncut (button) (small blind) collected ($35.50)
Seat 4: VolkovDmitri (big blind) folded on the River


PokerStars Hand #150688158425:  Hold'em Limit ($3/$6 USD) - 2016/03/20 23:05:58 ET
Table 'Ortrud' 6-max Seat #4 is the button
Seat 1: livenuncut ($178.66 in chips)
Seat 4: VolkovDmitri ($139.52 in chips)
VolkovDmitri: posts small blind $1
livenuncut: posts big blind $3
*** HOLE CARDS ***
VolkovDmitri: raises $3 to $6
livenuncut: calls $3
*** FLOP *** [Kh Qh Qc]
livenuncut: checks
VolkovDmitri: bets $3
livenuncut: folds
Uncalled bet ($3) returned to VolkovDmitri
VolkovDmitri collected $11.76 from pot
VolkovDmitri: doesn't show hand
*** SUMMARY ***
Total pot $12 | Rake $0.24
Board [Kh Qh Qc]
Seat 1: livenuncut (big blind) folded on the Flop
Seat 4: VolkovDmitri (button) (small blind) collected ($11.76)


PokerStars Hand #150688178914:  Hold'em Limit ($3/$6 USD) - 2016/03/20 23:06:57 ET
Table 'Ortrud' 6-max Seat #4 is the button
Seat 1: livenuncut ($190.16 in chips)
Seat 4: VolkovDmitri ($127.28 in chips)
VolkovDmitri: posts small blind $1
livenuncut: posts big blind $3
*** HOLE CARDS ***
VolkovDmitri: raises $3 to $6
livenuncut: calls $3
*** FLOP *** [7h 2c 3s]
livenuncut: checks
VolkovDmitri: bets $3
livenuncut: calls $3
*** TURN *** [7h 2c 3s] [Td]
livenuncut: checks
VolkovDmitri: bets $6
livenuncut: calls $6
*** RIVER *** [7h 2c 3s Td] [Ks]
livenuncut: checks
VolkovDmitri: bets $6
livenuncut: calls $6
*** SHOW DOWN ***
VolkovDmitri: shows [6c 3c] (a pair of Threes)
livenuncut: mucks hand
VolkovDmitri collected $41.50 from pot
*** SUMMARY ***
Total pot $42 | Rake $0.50
Board [7h 2c 3s Td Ks]
Seat 1: livenuncut (big blind) mucked
Seat 4: VolkovDmitri (button) (small blind) showed [6c 3c] and won ($41.50) with a pair of Threes


PokerStars Hand #150688196615:  Hold'em Limit ($3/$6 USD) - 2016/03/20 23:07:48 ET
Table 'Ortrud' 6-max Seat #4 is the button
Seat 1: livenuncut ($168.16 in chips)
Seat 4: VolkovDmitri ($148.78 in chips)
VolkovDmitri: posts small blind $1
livenuncut: posts big blind $3
*** HOLE CARDS ***
VolkovDmitri: raises $3 to $6
livenuncut: folds
Uncalled bet ($3) returned to VolkovDmitri
VolkovDmitri collected $6 from pot
VolkovDmitri: doesn't show hand
*** SUMMARY ***
Total pot $6 | Rake $0
Seat 1: livenuncut (big blind) folded before Flop
Seat 4: VolkovDmitri (button) (small blind) collected ($6)


PokerStars Hand #150688199588:  Hold'em Limit ($3/$6 USD) - 2016/03/20 23:07:57 ET
Table 'Ortrud' 6-max Seat #1 is the button
Seat 1: livenuncut ($165.16 in chips)
Seat 4: VolkovDmitri ($151.78 in chips)
livenuncut: posts small blind $1
VolkovDmitri: posts big blind $3
*** HOLE CARDS ***
livenuncut: raises $3 to $6
VolkovDmitri: raises $3 to $9
livenuncut: raises $3 to $12
Betting is capped
VolkovDmitri: calls $3
*** FLOP *** [Jh 9d 3c]
VolkovDmitri: bets $3
livenuncut: raises $3 to $6
VolkovDmitri: calls $3
*** TURN *** [Jh 9d 3c] [Qc]
VolkovDmitri: checks
livenuncut: bets $6
VolkovDmitri: calls $6
*** RIVER *** [Jh 9d 3c Qc] [Qd]
VolkovDmitri: checks
livenuncut: bets $6
VolkovDmitri: calls $6
*** SHOW DOWN ***
livenuncut: shows [Ac Jc] (two pair, Queens and Jacks)
VolkovDmitri: mucks hand
livenuncut collected $59.50 from pot
*** SUMMARY ***
Total pot $60 | Rake $0.50
Board [Jh 9d 3c Qc Qd]
Seat 1: livenuncut (button) (small blind) showed [Ac Jc] and won ($59.50) with two pair, Queens and Jacks
Seat 4: VolkovDmitri (big blind) mucked


PokerStars Hand #150688232484:  Hold'em Limit ($3/$6 USD) - 2016/03/20 23:09:32 ET
Table 'Ortrud' 6-max Seat #4 is the button
Seat 1: livenuncut ($184.66 in chips)
Seat 4: VolkovDmitri ($131.42 in chips)
VolkovDmitri: posts small blind $1
livenuncut: posts big blind $3
*** HOLE CARDS ***
VolkovDmitri: raises $3 to $6
livenuncut: calls $3
*** FLOP *** [8h Td Tc]
livenuncut: checks
VolkovDmitri: bets $3
livenuncut: raises $3 to $6
VolkovDmitri: calls $3
*** TURN *** [8h Td Tc] [Jh]
livenuncut: bets $6
VolkovDmitri: calls $6
*** RIVER *** [8h Td Tc Jh] [8s]
livenuncut: bets $6
VolkovDmitri: folds
Uncalled bet ($6) returned to livenuncut
livenuncut collected $35.50 from pot
livenuncut: doesn't show hand
*** SUMMARY ***
Total pot $36 | Rake $0.50
Board [8h Td Tc Jh 8s]
Seat 1: livenuncut (big blind) collected ($35.50)
Seat 4: VolkovDmitri (button) (small blind) folded on the River


PokerStars Hand #150688230638:  Hold'em Limit ($3/$6 USD) - 2016/03/20 23:09:27 ET
Table 'Ortrud' 6-max Seat #1 is the button
Seat 1: livenuncut ($185.66 in chips)
Seat 4: VolkovDmitri ($130.42 in chips)
livenuncut: posts small blind $1
VolkovDmitri: posts big blind $3
*** HOLE CARDS ***
livenuncut: folds
Uncalled bet ($2) returned to VolkovDmitri
VolkovDmitri collected $2 from pot
VolkovDmitri: doesn't show hand
*** SUMMARY ***
Total pot $2 | Rake $0
Seat 1: livenuncut (button) (small blind) folded before Flop
Seat 4: VolkovDmitri (big blind) collected ($2)


PokerStars Hand #150688214463:  Hold'em Limit ($3/$6 USD) - 2016/03/20 23:08:40 ET
Table 'Ortrud' 6-max Seat #4 is the button
Seat 1: livenuncut ($194.66 in chips)
Seat 4: VolkovDmitri ($121.78 in chips)
VolkovDmitri: posts small blind $1
livenuncut: posts big blind $3
*** HOLE CARDS ***
VolkovDmitri: raises $3 to $6
livenuncut: calls $3
*** FLOP *** [Ah As Qc]
livenuncut: checks
VolkovDmitri: bets $3
livenuncut: calls $3
*** TURN *** [Ah As Qc] [8h]
livenuncut: checks
VolkovDmitri: bets $6
livenuncut: folds
Uncalled bet ($6) returned to VolkovDmitri
VolkovDmitri collected $17.64 from pot
VolkovDmitri: doesn't show hand
*** SUMMARY ***
Total pot $18 | Rake $0.36
Board [Ah As Qc 8h]
Seat 1: livenuncut (big blind) folded on the Turn
Seat 4: VolkovDmitri (button) (small blind) collected ($17.64)


PokerStars Hand #150688260230:  Hold'em Limit ($3/$6 USD) - 2016/03/20 23:10:54 ET
Table 'Ortrud' 6-max Seat #1 is the button
Seat 1: livenuncut ($204.80 in chips)
Seat 4: VolkovDmitri ($125.76 in chips)
livenuncut: posts small blind $1
VolkovDmitri: posts big blind $3
*** HOLE CARDS ***
livenuncut: folds
Uncalled bet ($2) returned to VolkovDmitri
VolkovDmitri collected $2 from pot
VolkovDmitri: doesn't show hand
*** SUMMARY ***
Total pot $2 | Rake $0
Seat 1: livenuncut (button) (small blind) folded before Flop
Seat 4: VolkovDmitri (big blind) collected ($2)


PokerStars Hand #150688253949:  Hold'em Limit ($3/$6 USD) - 2016/03/20 23:10:35 ET
Table 'Ortrud' 6-max Seat #4 is the button
Seat 1: livenuncut ($210.80 in chips)
Seat 4: VolkovDmitri ($120 in chips)
VolkovDmitri: posts small blind $1
livenuncut: posts big blind $3
*** HOLE CARDS ***
VolkovDmitri: raises $3 to $6
livenuncut: calls $3
*** FLOP *** [5h 7c Ah]
livenuncut: checks
VolkovDmitri: bets $3
livenuncut: folds
Uncalled bet ($3) returned to VolkovDmitri
VolkovDmitri collected $11.76 from pot
VolkovDmitri: doesn't show hand
*** SUMMARY ***
Total pot $12 | Rake $0.24
Board [5h 7c Ah]
Seat 1: livenuncut (big blind) folded on the Flop
Seat 4: VolkovDmitri (button) (small blind) collected ($11.76)


PokerStars Hand #150688244276:  Hold'em Limit ($3/$6 USD) - 2016/03/20 23:10:07 ET
Table 'Ortrud' 6-max Seat #1 is the button
Seat 1: livenuncut ($202.16 in chips)
Seat 4: VolkovDmitri ($120 in chips)
livenuncut: posts small blind $1
VolkovDmitri: posts big blind $3
*** HOLE CARDS ***
livenuncut: raises $3 to $6
VolkovDmitri: calls $3
*** FLOP *** [6d Ks 4d]
VolkovDmitri: checks
livenuncut: bets $3
VolkovDmitri: calls $3
*** TURN *** [6d Ks 4d] [Td]
VolkovDmitri: checks
livenuncut: bets $6
VolkovDmitri: folds
Uncalled bet ($6) returned to livenuncut
livenuncut collected $17.64 from pot
livenuncut: doesn't show hand
*** SUMMARY ***
Total pot $18 | Rake $0.36
Board [6d Ks 4d Td]
Seat 1: livenuncut (button) (small blind) collected ($17.64)
Seat 4: VolkovDmitri (big blind) folded on the Turn


PokerStars Hand #150688261998:  Hold'em Limit ($3/$6 USD) - 2016/03/20 23:10:59 ET
Table 'Ortrud' 6-max Seat #4 is the button
Seat 1: livenuncut ($203.80 in chips)
Seat 4: VolkovDmitri ($126.76 in chips)
VolkovDmitri: posts small blind $1
livenuncut: posts big blind $3
*** HOLE CARDS ***
VolkovDmitri: raises $3 to $6
livenuncut: calls $3
*** FLOP *** [Jh Js 5c]
livenuncut: checks
VolkovDmitri: bets $3
livenuncut: folds
Uncalled bet ($3) returned to VolkovDmitri
VolkovDmitri collected $11.76 from pot
VolkovDmitri: doesn't show hand
*** SUMMARY ***
Total pot $12 | Rake $0.24
Board [Jh Js 5c]
Seat 1: livenuncut (big blind) folded on the Flop
Seat 4: VolkovDmitri (button) (small blind) collected ($11.76)


PokerStars Hand #150688270670:  Hold'em Limit ($3/$6 USD) - 2016/03/20 23:11:25 ET
Table 'Ortrud' 6-max Seat #1 is the button
Seat 1: livenuncut ($197.80 in chips)
Seat 4: VolkovDmitri ($132.52 in chips)
livenuncut: posts small blind $1
VolkovDmitri: posts big blind $3
*** HOLE CARDS ***
livenuncut: raises $3 to $6
VolkovDmitri: calls $3
*** FLOP *** [Qh 4h 6c]
VolkovDmitri: checks
livenuncut: bets $3
VolkovDmitri: raises $3 to $6
livenuncut: raises $3 to $9
VolkovDmitri: calls $3
*** TURN *** [Qh 4h 6c] [8c]
VolkovDmitri: checks
livenuncut: bets $6
VolkovDmitri: folds
Uncalled bet ($6) returned to livenuncut
livenuncut collected $29.50 from pot
livenuncut: doesn't show hand
*** SUMMARY ***
Total pot $30 | Rake $0.50
Board [Qh 4h 6c 8c]
Seat 1: livenuncut (button) (small blind) collected ($29.50)
Seat 4: VolkovDmitri (big blind) folded on the Turn


PokerStars Hand #150688295405:  Hold'em Limit ($3/$6 USD) - 2016/03/20 23:12:39 ET
Table 'Ortrud' 6-max Seat #4 is the button
Seat 1: livenuncut ($204.30 in chips)
Seat 4: VolkovDmitri ($128 in chips)
VolkovDmitri: posts small blind $1
livenuncut: posts big blind $3
*** HOLE CARDS ***
VolkovDmitri: folds
Uncalled bet ($2) returned to livenuncut
livenuncut collected $2 from pot
livenuncut: doesn't show hand
*** SUMMARY ***
Total pot $2 | Rake $0
Seat 1: livenuncut (big blind) collected ($2)
Seat 4: VolkovDmitri (button) (small blind) folded before Flop


PokerStars Hand #150688293579:  Hold'em Limit ($3/$6 USD) - 2016/03/20 23:12:33 ET
Table 'Ortrud' 6-max Seat #1 is the button
Seat 1: livenuncut ($205.30 in chips)
Seat 4: VolkovDmitri ($127 in chips)
livenuncut: posts small blind $1
VolkovDmitri: posts big blind $3
*** HOLE CARDS ***
livenuncut: folds
Uncalled bet ($2) returned to VolkovDmitri
VolkovDmitri collected $2 from pot
VolkovDmitri: doesn't show hand
*** SUMMARY ***
Total pot $2 | Rake $0
Seat 1: livenuncut (button) (small blind) folded before Flop
Seat 4: VolkovDmitri (big blind) collected ($2)


PokerStars Hand #150688290446:  Hold'em Limit ($3/$6 USD) - 2016/03/20 23:12:24 ET
Table 'Ortrud' 6-max Seat #4 is the button
Seat 1: livenuncut ($208.30 in chips)
Seat 4: VolkovDmitri ($124 in chips)
VolkovDmitri: posts small blind $1
livenuncut: posts big blind $3
*** HOLE CARDS ***
VolkovDmitri: raises $3 to $6
livenuncut: folds
Uncalled bet ($3) returned to VolkovDmitri
VolkovDmitri collected $6 from pot
VolkovDmitri: doesn't show hand
*** SUMMARY ***
Total pot $6 | Rake $0
Seat 1: livenuncut (big blind) folded before Flop
Seat 4: VolkovDmitri (button) (small blind) collected ($6)


PokerStars Hand #150688288183:  Hold'em Limit ($3/$6 USD) - 2016/03/20 23:12:17 ET
Table 'Ortrud' 6-max Seat #1 is the button
Seat 1: livenuncut ($209.30 in chips)
Seat 4: VolkovDmitri ($123 in chips)
livenuncut: posts small blind $1
VolkovDmitri: posts big blind $3
*** HOLE CARDS ***
livenuncut: folds
Uncalled bet ($2) returned to VolkovDmitri
VolkovDmitri collected $2 from pot
VolkovDmitri: doesn't show hand
*** SUMMARY ***
Total pot $2 | Rake $0
Seat 1: livenuncut (button) (small blind) folded before Flop
Seat 4: VolkovDmitri (big blind) collected ($2)


PokerStars Hand #150688284595:  Hold'em Limit ($3/$6 USD) - 2016/03/20 23:12:07 ET
Table 'Ortrud' 6-max Seat #4 is the button
Seat 1: livenuncut ($212.30 in chips)
Seat 4: VolkovDmitri ($120 in chips)
VolkovDmitri: posts small blind $1
livenuncut: posts big blind $3
*** HOLE CARDS ***
VolkovDmitri: raises $3 to $6
livenuncut: folds
Uncalled bet ($3) returned to VolkovDmitri
VolkovDmitri collected $6 from pot
VolkovDmitri: doesn't show hand
*** SUMMARY ***
Total pot $6 | Rake $0
Seat 1: livenuncut (big blind) folded before Flop
Seat 4: VolkovDmitri (button) (small blind) collected ($6)


PokerStars Hand #150688317915:  Hold'em Limit ($3/$6 USD) - 2016/03/20 23:13:46 ET
Table 'Ortrud' 6-max Seat #1 is the button
Seat 1: livenuncut ($208.06 in chips)
Seat 4: VolkovDmitri ($124 in chips)
livenuncut: posts small blind $1
VolkovDmitri: posts big blind $3
*** HOLE CARDS ***
livenuncut: folds
Uncalled bet ($2) returned to VolkovDmitri
VolkovDmitri collected $2 from pot
VolkovDmitri: doesn't show hand
*** SUMMARY ***
Total pot $2 | Rake $0
Seat 1: livenuncut (button) (small blind) folded before Flop
Seat 4: VolkovDmitri (big blind) collected ($2)


PokerStars Hand #150688305850:  Hold'em Limit ($3/$6 USD) - 2016/03/20 23:13:10 ET
Table 'Ortrud' 6-max Seat #4 is the button
Seat 1: livenuncut ($211.06 in chips)
Seat 4: VolkovDmitri ($121 in chips)
VolkovDmitri: posts small blind $1
livenuncut: posts big blind $3
*** HOLE CARDS ***
VolkovDmitri: raises $3 to $6
livenuncut: folds
Uncalled bet ($3) returned to VolkovDmitri
VolkovDmitri collected $6 from pot
VolkovDmitri: doesn't show hand
*** SUMMARY ***
Total pot $6 | Rake $0
Seat 1: livenuncut (big blind) folded before Flop
Seat 4: VolkovDmitri (button) (small blind) collected ($6)


PokerStars Hand #150688299049:  Hold'em Limit ($3/$6 USD) - 2016/03/20 23:12:50 ET
Table 'Ortrud' 6-max Seat #1 is the button
Seat 1: livenuncut ($205.30 in chips)
Seat 4: VolkovDmitri ($127 in chips)
livenuncut: posts small blind $1
VolkovDmitri: posts big blind $3
*** HOLE CARDS ***
livenuncut: raises $3 to $6
VolkovDmitri: calls $3
*** FLOP *** [Ac 5h 2s]
VolkovDmitri: checks
livenuncut: bets $3
VolkovDmitri: folds
Uncalled bet ($3) returned to livenuncut
livenuncut collected $11.76 from pot
livenuncut: doesn't show hand
*** SUMMARY ***
Total pot $12 | Rake $0.24
Board [Ac 5h 2s]
Seat 1: livenuncut (button) (small blind) collected ($11.76)
Seat 4: VolkovDmitri (big blind) folded on the Flop


PokerStars Hand #150688338315:  Hold'em Limit ($3/$6 USD) - 2016/03/20 23:14:47 ET
Table 'Ortrud' 6-max Seat #1 is the button
Seat 1: livenuncut ($182.06 in chips)
Seat 4: VolkovDmitri ($149.50 in chips)
livenuncut: posts small blind $1
VolkovDmitri: posts big blind $3
*** HOLE CARDS ***
livenuncut: folds
Uncalled bet ($2) returned to VolkovDmitri
VolkovDmitri collected $2 from pot
VolkovDmitri: doesn't show hand
*** SUMMARY ***
Total pot $2 | Rake $0
Seat 1: livenuncut (button) (small blind) folded before Flop
Seat 4: VolkovDmitri (big blind) collected ($2)


PokerStars Hand #150688336030:  Hold'em Limit ($3/$6 USD) - 2016/03/20 23:14:40 ET
Table 'Ortrud' 6-max Seat #4 is the button
Seat 1: livenuncut ($185.06 in chips)
Seat 4: VolkovDmitri ($146.50 in chips)
VolkovDmitri: posts small blind $1
livenuncut: posts big blind $3
*** HOLE CARDS ***
VolkovDmitri: raises $3 to $6
livenuncut: folds
Uncalled bet ($3) returned to VolkovDmitri
VolkovDmitri collected $6 from pot
VolkovDmitri: doesn't show hand
*** SUMMARY ***
Total pot $6 | Rake $0
Seat 1: livenuncut (big blind) folded before Flop
Seat 4: VolkovDmitri (button) (small blind) collected ($6)


PokerStars Hand #150688334345:  Hold'em Limit ($3/$6 USD) - 2016/03/20 23:14:35 ET
Table 'Ortrud' 6-max Seat #1 is the button
Seat 1: livenuncut ($186.06 in chips)
Seat 4: VolkovDmitri ($145.50 in chips)
livenuncut: posts small blind $1
VolkovDmitri: posts big blind $3
*** HOLE CARDS ***
livenuncut: folds
Uncalled bet ($2) returned to VolkovDmitri
VolkovDmitri collected $2 from pot
VolkovDmitri: doesn't show hand
*** SUMMARY ***
Total pot $2 | Rake $0
Seat 1: livenuncut (button) (small blind) folded before Flop
Seat 4: VolkovDmitri (big blind) collected ($2)


PokerStars Hand #150688320381:  Hold'em Limit ($3/$6 USD) - 2016/03/20 23:13:54 ET
Table 'Ortrud' 6-max Seat #4 is the button
Seat 1: livenuncut ($207.06 in chips)
Seat 4: VolkovDmitri ($125 in chips)
VolkovDmitri: posts small blind $1
livenuncut: posts big blind $3
*** HOLE CARDS ***
VolkovDmitri: raises $3 to $6
livenuncut: calls $3
*** FLOP *** [6h 3d Jh]
livenuncut: checks
VolkovDmitri: bets $3
livenuncut: calls $3
*** TURN *** [6h 3d Jh] [Ah]
livenuncut: checks
VolkovDmitri: bets $6
livenuncut: calls $6
*** RIVER *** [6h 3d Jh Ah] [6s]
livenuncut: checks
VolkovDmitri: bets $6
livenuncut: calls $6
*** SHOW DOWN ***
VolkovDmitri: shows [6d Tc] (three of a kind, Sixes)
livenuncut: mucks hand
VolkovDmitri collected $41.50 from pot
*** SUMMARY ***
Total pot $42 | Rake $0.50
Board [6h 3d Jh Ah 6s]
Seat 1: livenuncut (big blind) mucked
Seat 4: VolkovDmitri (button) (small blind) showed [6d Tc] and won ($41.50) with three of a kind, Sixes


PokerStars Hand #150688349173:  Hold'em Limit ($3/$6 USD) - 2016/03/20 23:15:20 ET
Table 'Ortrud' 6-max Seat #1 is the button
Seat 1: livenuncut ($195.56 in chips)
Seat 4: VolkovDmitri ($135.50 in chips)
livenuncut: posts small blind $1
VolkovDmitri: posts big blind $3
*** HOLE CARDS ***
livenuncut: folds
Uncalled bet ($2) returned to VolkovDmitri
VolkovDmitri collected $2 from pot
VolkovDmitri: doesn't show hand
*** SUMMARY ***
Total pot $2 | Rake $0
Seat 1: livenuncut (button) (small blind) folded before Flop
Seat 4: VolkovDmitri (big blind) collected ($2)


PokerStars Hand #150688352425:  Hold'em Limit ($3/$6 USD) - 2016/03/20 23:15:29 ET
Table 'Ortrud' 6-max Seat #4 is the button
Seat 1: livenuncut ($194.56 in chips)
Seat 4: VolkovDmitri ($136.50 in chips)
VolkovDmitri: posts small blind $1
livenuncut: posts big blind $3
*** HOLE CARDS ***
VolkovDmitri: raises $3 to $6
livenuncut: raises $3 to $9
VolkovDmitri: calls $3
*** FLOP *** [8c 9c Kd]
livenuncut: bets $3
VolkovDmitri: folds
Uncalled bet ($3) returned to livenuncut
livenuncut collected $17.64 from pot
livenuncut: doesn't show hand
*** SUMMARY ***
Total pot $18 | Rake $0.36
Board [8c 9c Kd]
Seat 1: livenuncut (big blind) collected ($17.64)
Seat 4: VolkovDmitri (button) (small blind) folded on the Flop


PokerStars Hand #150688340128:  Hold'em Limit ($3/$6 USD) - 2016/03/20 23:14:53 ET
Table 'Ortrud' 6-max Seat #4 is the button
Seat 1: livenuncut ($181.06 in chips)
Seat 4: VolkovDmitri ($150.50 in chips)
VolkovDmitri: posts small blind $1
livenuncut: posts big blind $3
*** HOLE CARDS ***
VolkovDmitri: raises $3 to $6
livenuncut: calls $3
*** FLOP *** [Kh 8d 5s]
livenuncut: checks
VolkovDmitri: bets $3
livenuncut: calls $3
*** TURN *** [Kh 8d 5s] [4s]
livenuncut: checks
VolkovDmitri: bets $6
livenuncut: raises $6 to $12
VolkovDmitri: folds
Uncalled bet ($6) returned to livenuncut
livenuncut collected $29.50 from pot
livenuncut: doesn't show hand
*** SUMMARY ***
Total pot $30 | Rake $0.50
Board [Kh 8d 5s 4s]
Seat 1: livenuncut (big blind) collected ($29.50)
Seat 4: VolkovDmitri (button) (small blind) folded on the Turn


PokerStars Hand #150688373263:  Hold'em Limit ($3/$6 USD) - 2016/03/20 23:16:33 ET
Table 'Ortrud' 6-max Seat #1 is the button
Seat 1: livenuncut ($182.20 in chips)
Seat 4: VolkovDmitri ($148 in chips)
livenuncut: posts small blind $1
VolkovDmitri: posts big blind $3
*** HOLE CARDS ***
livenuncut: folds
Uncalled bet ($2) returned to VolkovDmitri
VolkovDmitri collected $2 from pot
VolkovDmitri: doesn't show hand
*** SUMMARY ***
Total pot $2 | Rake $0
Seat 1: livenuncut (button) (small blind) folded before Flop
Seat 4: VolkovDmitri (big blind) collected ($2)


PokerStars Hand #150688371005:  Hold'em Limit ($3/$6 USD) - 2016/03/20 23:16:26 ET
Table 'Ortrud' 6-max Seat #4 is the button
Seat 1: livenuncut ($185.20 in chips)
Seat 4: VolkovDmitri ($145 in chips)
VolkovDmitri: posts small blind $1
livenuncut: posts big blind $3
*** HOLE CARDS ***
VolkovDmitri: raises $3 to $6
livenuncut: folds
Uncalled bet ($3) returned to VolkovDmitri
VolkovDmitri collected $6 from pot
VolkovDmitri: doesn't show hand
*** SUMMARY ***
Total pot $6 | Rake $0
Seat 1: livenuncut (big blind) folded before Flop
Seat 4: VolkovDmitri (button) (small blind) collected ($6)


PokerStars Hand #150688359687:  Hold'em Limit ($3/$6 USD) - 2016/03/20 23:15:51 ET
Table 'Ortrud' 6-max Seat #1 is the button
Seat 1: livenuncut ($203.20 in chips)
Seat 4: VolkovDmitri ($127.50 in chips)
livenuncut: posts small blind $1
VolkovDmitri: posts big blind $3
*** HOLE CARDS ***
livenuncut: raises $3 to $6
VolkovDmitri: calls $3
*** FLOP *** [2c 7s Js]
VolkovDmitri: checks
livenuncut: bets $3
VolkovDmitri: raises $3 to $6
livenuncut: calls $3
*** TURN *** [2c 7s Js] [8d]
VolkovDmitri: bets $6
livenuncut: calls $6
*** RIVER *** [2c 7s Js 8d] [8s]
VolkovDmitri: checks
livenuncut: checks
*** SHOW DOWN ***
VolkovDmitri: shows [Jc 7h] (two pair, Jacks and Eights)
livenuncut: mucks hand
VolkovDmitri collected $35.50 from pot
*** SUMMARY ***
Total pot $36 | Rake $0.50
Board [2c 7s Js 8d 8s]
Seat 1: livenuncut (button) (small blind) mucked
Seat 4: VolkovDmitri (big blind) showed [Jc 7h] and won ($35.50) with two pair, Jacks and Eights


PokerStars Hand #150688375124:  Hold'em Limit ($3/$6 USD) - 2016/03/20 23:16:38 ET
Table 'Ortrud' 6-max Seat #4 is the button
Seat 1: livenuncut ($181.20 in chips)
Seat 4: VolkovDmitri ($149 in chips)
VolkovDmitri: posts small blind $1
livenuncut: posts big blind $3
*** HOLE CARDS ***
VolkovDmitri: raises $3 to $6
livenuncut: folds
Uncalled bet ($3) returned to VolkovDmitri
VolkovDmitri collected $6 from pot
VolkovDmitri: doesn't show hand
*** SUMMARY ***
Total pot $6 | Rake $0
Seat 1: livenuncut (big blind) folded before Flop
Seat 4: VolkovDmitri (button) (small blind) collected ($6)


PokerStars Hand #150688398261:  Hold'em Limit ($3/$6 USD) - 2016/03/20 23:17:40 ET
Table 'Ortrud' 6-max Seat #1 is the button
Seat 1: livenuncut ($157.20 in chips)
Seat 4: VolkovDmitri ($172.26 in chips)
livenuncut: posts small blind $1
VolkovDmitri: posts big blind $3
*** HOLE CARDS ***
livenuncut: folds
Uncalled bet ($2) returned to VolkovDmitri
VolkovDmitri collected $2 from pot
VolkovDmitri: doesn't show hand
*** SUMMARY ***
Total pot $2 | Rake $0
Seat 1: livenuncut (button) (small blind) folded before Flop
Seat 4: VolkovDmitri (big blind) collected ($2)


PokerStars Hand #150688385226:  Hold'em Limit ($3/$6 USD) - 2016/03/20 23:17:09 ET
Table 'Ortrud' 6-max Seat #4 is the button
Seat 1: livenuncut ($172.20 in chips)
Seat 4: VolkovDmitri ($157.76 in chips)
VolkovDmitri: posts small blind $1
livenuncut: posts big blind $3
*** HOLE CARDS ***
VolkovDmitri: raises $3 to $6
livenuncut: calls $3
*** FLOP *** [8h 9s 6s]
livenuncut: checks
VolkovDmitri: bets $3
livenuncut: calls $3
*** TURN *** [8h 9s 6s] [4h]
livenuncut: checks
VolkovDmitri: bets $6
livenuncut: calls $6
*** RIVER *** [8h 9s 6s 4h] [3h]
livenuncut: checks
VolkovDmitri: bets $6
livenuncut: folds
Uncalled bet ($6) returned to VolkovDmitri
VolkovDmitri collected $29.50 from pot
VolkovDmitri: doesn't show hand
*** SUMMARY ***
Total pot $30 | Rake $0.50
Board [8h 9s 6s 4h 3h]
Seat 1: livenuncut (big blind) folded on the River
Seat 4: VolkovDmitri (button) (small blind) collected ($29.50)


PokerStars Hand #150688377323:  Hold'em Limit ($3/$6 USD) - 2016/03/20 23:16:45 ET
Table 'Ortrud' 6-max Seat #1 is the button
Seat 1: livenuncut ($178.20 in chips)
Seat 4: VolkovDmitri ($152 in chips)
livenuncut: posts small blind $1
VolkovDmitri: posts big blind $3
*** HOLE CARDS ***
livenuncut: raises $3 to $6
VolkovDmitri: calls $3
*** FLOP *** [Qh Kc 3h]
VolkovDmitri: bets $3
livenuncut: folds
Uncalled bet ($3) returned to VolkovDmitri
VolkovDmitri collected $11.76 from pot
VolkovDmitri: doesn't show hand
*** SUMMARY ***
Total pot $12 | Rake $0.24
Board [Qh Kc 3h]
Seat 1: livenuncut (button) (small blind) folded on the Flop
Seat 4: VolkovDmitri (big blind) collected ($11.76)


PokerStars Hand #150688399872:  Hold'em Limit ($3/$6 USD) - 2016/03/20 23:17:45 ET
Table 'Ortrud' 6-max Seat #4 is the button
Seat 1: livenuncut ($156.20 in chips)
Seat 4: VolkovDmitri ($173.26 in chips)
VolkovDmitri: posts small blind $1
livenuncut: posts big blind $3
*** HOLE CARDS ***
VolkovDmitri: raises $3 to $6
livenuncut: calls $3
*** FLOP *** [Qd 4h Tc]
livenuncut: checks
VolkovDmitri: bets $3
livenuncut: raises $3 to $6
VolkovDmitri: folds
Uncalled bet ($3) returned to livenuncut
livenuncut collected $17.64 from pot
livenuncut: doesn't show hand
*** SUMMARY ***
Total pot $18 | Rake $0.36
Board [Qd 4h Tc]
Seat 1: livenuncut (big blind) collected ($17.64)
Seat 4: VolkovDmitri (button) (small blind) folded on the Flop


PokerStars Hand #150688407776:  Hold'em Limit ($3/$6 USD) - 2016/03/20 23:18:09 ET
Table 'Ortrud' 6-max Seat #1 is the button
Seat 1: livenuncut ($164.84 in chips)
Seat 4: VolkovDmitri ($164.26 in chips)
livenuncut: posts small blind $1
VolkovDmitri: posts big blind $3
*** HOLE CARDS ***
livenuncut: raises $3 to $6
VolkovDmitri: calls $3
*** FLOP *** [9d Js 9h]
VolkovDmitri: checks
livenuncut: bets $3
VolkovDmitri: folds
Uncalled bet ($3) returned to livenuncut
livenuncut collected $11.76 from pot
livenuncut: doesn't show hand
*** SUMMARY ***
Total pot $12 | Rake $0.24
Board [9d Js 9h]
Seat 1: livenuncut (button) (small blind) collected ($11.76)
Seat 4: VolkovDmitri (big blind) folded on the Flop


PokerStars Hand #150688434557:  Hold'em Limit ($3/$6 USD) - 2016/03/20 23:19:31 ET
Table 'Ortrud' 6-max Seat #1 is the button
Seat 1: livenuncut ($185.10 in chips)
Seat 4: VolkovDmitri ($143.26 in chips)
livenuncut: posts small blind $1
VolkovDmitri: posts big blind $3
*** HOLE CARDS ***
livenuncut: folds
Uncalled bet ($2) returned to VolkovDmitri
VolkovDmitri collected $2 from pot
VolkovDmitri: doesn't show hand
*** SUMMARY ***
Total pot $2 | Rake $0
Seat 1: livenuncut (button) (small blind) folded before Flop
Seat 4: VolkovDmitri (big blind) collected ($2)


PokerStars Hand #150688418293:  Hold'em Limit ($3/$6 USD) - 2016/03/20 23:18:41 ET
Table 'Ortrud' 6-max Seat #4 is the button
Seat 1: livenuncut ($170.60 in chips)
Seat 4: VolkovDmitri ($158.26 in chips)
VolkovDmitri: posts small blind $1
livenuncut: posts big blind $3
*** HOLE CARDS ***
VolkovDmitri: raises $3 to $6
livenuncut: calls $3
*** FLOP *** [Ac 9h Kc]
livenuncut: checks
VolkovDmitri: bets $3
livenuncut: calls $3
*** TURN *** [Ac 9h Kc] [6s]
livenuncut: checks
VolkovDmitri: checks
*** RIVER *** [Ac 9h Kc 6s] [5d]
livenuncut: bets $6
VolkovDmitri: calls $6
*** SHOW DOWN ***
livenuncut: shows [7h Ad] (a pair of Aces)
VolkovDmitri: mucks hand
livenuncut collected $29.50 from pot
*** SUMMARY ***
Total pot $30 | Rake $0.50
Board [Ac 9h Kc 6s 5d]
Seat 1: livenuncut (big blind) showed [7h Ad] and won ($29.50) with a pair of Aces
Seat 4: VolkovDmitri (button) (small blind) mucked


PokerStars Hand #150688452785:  Hold'em Limit ($3/$6 USD) - 2016/03/20 23:20:27 ET
Table 'Ortrud' 6-max Seat #4 is the button
Seat 1: livenuncut ($162.10 in chips)
Seat 4: VolkovDmitri ($165.76 in chips)
VolkovDmitri: posts small blind $1
livenuncut: posts big blind $3
*** HOLE CARDS ***
VolkovDmitri: raises $3 to $6
livenuncut: folds
Uncalled bet ($3) returned to VolkovDmitri
VolkovDmitri collected $6 from pot
VolkovDmitri: doesn't show hand
*** SUMMARY ***
Total pot $6 | Rake $0
Seat 1: livenuncut (big blind) folded before Flop
Seat 4: VolkovDmitri (button) (small blind) collected ($6)


PokerStars Hand #150688451142:  Hold'em Limit ($3/$6 USD) - 2016/03/20 23:20:22 ET
Table 'Ortrud' 6-max Seat #1 is the button
Seat 1: livenuncut ($163.10 in chips)
Seat 4: VolkovDmitri ($164.76 in chips)
livenuncut: posts small blind $1
VolkovDmitri: posts big blind $3
*** HOLE CARDS ***
livenuncut: folds
Uncalled bet ($2) returned to VolkovDmitri
VolkovDmitri collected $2 from pot
VolkovDmitri: doesn't show hand
*** SUMMARY ***
Total pot $2 | Rake $0
Seat 1: livenuncut (button) (small blind) folded before Flop
Seat 4: VolkovDmitri (big blind) collected ($2)


PokerStars Hand #150688436177:  Hold'em Limit ($3/$6 USD) - 2016/03/20 23:19:36 ET
Table 'Ortrud' 6-max Seat #4 is the button
Seat 1: livenuncut ($184.10 in chips)
Seat 4: VolkovDmitri ($144.26 in chips)
VolkovDmitri: posts small blind $1
livenuncut: posts big blind $3
*** HOLE CARDS ***
VolkovDmitri: raises $3 to $6
livenuncut: calls $3
*** FLOP *** [4h Qd 6h]
livenuncut: checks
VolkovDmitri: bets $3
livenuncut: calls $3
*** TURN *** [4h Qd 6h] [7d]
livenuncut: checks
VolkovDmitri: bets $6
livenuncut: calls $6
*** RIVER *** [4h Qd 6h 7d] [Qc]
livenuncut: checks
VolkovDmitri: bets $6
livenuncut: calls $6
*** SHOW DOWN ***
VolkovDmitri: shows [Ad Qh] (three of a kind, Queens)
livenuncut: mucks hand
VolkovDmitri collected $41.50 from pot
*** SUMMARY ***
Total pot $42 | Rake $0.50
Board [4h Qd 6h 7d Qc]
Seat 1: livenuncut (big blind) mucked
Seat 4: VolkovDmitri (button) (small blind) showed [Ad Qh] and won ($41.50) with three of a kind, Queens


PokerStars Hand #150688455165:  Hold'em Limit ($3/$6 USD) - 2016/03/20 23:20:34 ET
Table 'Ortrud' 6-max Seat #1 is the button
Seat 1: livenuncut ($159.10 in chips)
Seat 4: VolkovDmitri ($168.76 in chips)
livenuncut: posts small blind $1
VolkovDmitri: posts big blind $3
*** HOLE CARDS ***
livenuncut: raises $3 to $6
VolkovDmitri: calls $3
*** FLOP *** [4d Jh Td]
VolkovDmitri: checks
livenuncut: bets $3
VolkovDmitri: folds
Uncalled bet ($3) returned to livenuncut
livenuncut collected $11.76 from pot
livenuncut: doesn't show hand
*** SUMMARY ***
Total pot $12 | Rake $0.24
Board [4d Jh Td]
Seat 1: livenuncut (button) (small blind) collected ($11.76)
Seat 4: VolkovDmitri (big blind) folded on the Flop


PokerStars Hand #150688460999:  Hold'em Limit ($3/$6 USD) - 2016/03/20 23:20:52 ET
Table 'Ortrud' 6-max Seat #4 is the button
Seat 1: livenuncut ($164.86 in chips)
Seat 4: VolkovDmitri ($162.76 in chips)
VolkovDmitri: posts small blind $1
livenuncut: posts big blind $3
*** HOLE CARDS ***
VolkovDmitri: raises $3 to $6
livenuncut: calls $3
*** FLOP *** [8s Th 5h]
livenuncut: checks
VolkovDmitri: bets $3
livenuncut: raises $3 to $6
VolkovDmitri: calls $3
*** TURN *** [8s Th 5h] [6s]
livenuncut: bets $6
VolkovDmitri: calls $6
*** RIVER *** [8s Th 5h 6s] [2s]
livenuncut: bets $6
VolkovDmitri: calls $6
*** SHOW DOWN ***
livenuncut: shows [3s Ts] (a flush, Ten high)
VolkovDmitri: mucks hand
livenuncut collected $47.50 from pot
*** SUMMARY ***
Total pot $48 | Rake $0.50
Board [8s Th 5h 6s 2s]
Seat 1: livenuncut (big blind) showed [3s Ts] and won ($47.50) with a flush, Ten high
Seat 4: VolkovDmitri (button) (small blind) mucked


PokerStars Hand #150688490880:  Hold'em Limit ($3/$6 USD) - 2016/03/20 23:22:24 ET
Table 'Ortrud' 6-max Seat #4 is the button
Seat 1: livenuncut ($182.36 in chips)
Seat 4: VolkovDmitri ($144.52 in chips)
VolkovDmitri: posts small blind $1
livenuncut: posts big blind $3
*** HOLE CARDS ***
VolkovDmitri: raises $3 to $6
livenuncut: calls $3
*** FLOP *** [7d Js 7c]
livenuncut: checks
VolkovDmitri: bets $3
livenuncut: folds
Uncalled bet ($3) returned to VolkovDmitri
VolkovDmitri collected $11.76 from pot
VolkovDmitri: doesn't show hand
*** SUMMARY ***
Total pot $12 | Rake $0.24
Board [7d Js 7c]
Seat 1: livenuncut (big blind) folded on the Flop
Seat 4: VolkovDmitri (button) (small blind) collected ($11.76)


PokerStars Hand #150688472706:  Hold'em Limit ($3/$6 USD) - 2016/03/20 23:21:28 ET
Table 'Ortrud' 6-max Seat #1 is the button
Seat 1: livenuncut ($188.36 in chips)
Seat 4: VolkovDmitri ($138.76 in chips)
livenuncut: posts small blind $1
VolkovDmitri: posts big blind $3
*** HOLE CARDS ***
livenuncut: calls $2
VolkovDmitri: raises $3 to $6
livenuncut: calls $3
*** FLOP *** [Qd 2c Qs]
VolkovDmitri: checks
livenuncut: checks
*** TURN *** [Qd 2c Qs] [8c]
VolkovDmitri: checks
livenuncut: checks
*** RIVER *** [Qd 2c Qs 8c] [Ac]
VolkovDmitri: checks
livenuncut: checks
*** SHOW DOWN ***
VolkovDmitri: shows [Tc 7s] (a pair of Queens)
livenuncut: mucks hand
VolkovDmitri collected $11.76 from pot
*** SUMMARY ***
Total pot $12 | Rake $0.24
Board [Qd 2c Qs 8c Ac]
Seat 1: livenuncut (button) (small blind) mucked
Seat 4: VolkovDmitri (big blind) showed [Tc 7s] and won ($11.76) with a pair of Queens


PokerStars Hand #150688508522:  Hold'em Limit ($3/$6 USD) - 2016/03/20 23:23:19 ET
Table 'Ortrud' 6-max Seat #4 is the button
Seat 1: livenuncut ($152.36 in chips)
Seat 4: VolkovDmitri ($173.78 in chips)
VolkovDmitri: posts small blind $1
livenuncut: posts big blind $3
*** HOLE CARDS ***
VolkovDmitri: raises $3 to $6
livenuncut: folds
Uncalled bet ($3) returned to VolkovDmitri
VolkovDmitri collected $6 from pot
VolkovDmitri: doesn't show hand
*** SUMMARY ***
Total pot $6 | Rake $0
Seat 1: livenuncut (big blind) folded before Flop
Seat 4: VolkovDmitri (button) (small blind) collected ($6)


PokerStars Hand #150688519075:  Hold'em Limit ($3/$6 USD) - 2016/03/20 23:23:52 ET
Table 'Ortrud' 6-max Seat #4 is the button
Seat 1: livenuncut ($155.12 in chips)
Seat 4: VolkovDmitri ($170.78 in chips)
VolkovDmitri: posts small blind $1
livenuncut: posts big blind $3
*** HOLE CARDS ***
VolkovDmitri: folds
Uncalled bet ($2) returned to livenuncut
livenuncut collected $2 from pot
livenuncut: doesn't show hand
*** SUMMARY ***
Total pot $2 | Rake $0
Seat 1: livenuncut (big blind) collected ($2)
Seat 4: VolkovDmitri (button) (small blind) folded before Flop


PokerStars Hand #150688510649:  Hold'em Limit ($3/$6 USD) - 2016/03/20 23:23:26 ET
Table 'Ortrud' 6-max Seat #1 is the button
Seat 1: livenuncut ($149.36 in chips)
Seat 4: VolkovDmitri ($176.78 in chips)
livenuncut: posts small blind $1
VolkovDmitri: posts big blind $3
*** HOLE CARDS ***
livenuncut: raises $3 to $6
VolkovDmitri: calls $3
*** FLOP *** [9c 6d 9s]
VolkovDmitri: checks
livenuncut: bets $3
VolkovDmitri: folds
Uncalled bet ($3) returned to livenuncut
livenuncut collected $11.76 from pot
livenuncut: doesn't show hand
*** SUMMARY ***
Total pot $12 | Rake $0.24
Board [9c 6d 9s]
Seat 1: livenuncut (button) (small blind) collected ($11.76)
Seat 4: VolkovDmitri (big blind) folded on the Flop


PokerStars Hand #150688495340:  Hold'em Limit ($3/$6 USD) - 2016/03/20 23:22:38 ET
Table 'Ortrud' 6-max Seat #1 is the button
Seat 1: livenuncut ($176.36 in chips)
Seat 4: VolkovDmitri ($150.28 in chips)
livenuncut: posts small blind $1
VolkovDmitri: posts big blind $3
*** HOLE CARDS ***
livenuncut: raises $3 to $6
VolkovDmitri: raises $3 to $9
livenuncut: calls $3
*** FLOP *** [2s 7d 7h]
VolkovDmitri: bets $3
livenuncut: calls $3
*** TURN *** [2s 7d 7h] [9h]
VolkovDmitri: bets $6
livenuncut: calls $6
*** RIVER *** [2s 7d 7h 9h] [6s]
VolkovDmitri: bets $6
livenuncut: calls $6
*** SHOW DOWN ***
VolkovDmitri: shows [Th Tc] (two pair, Tens and Sevens)
livenuncut: mucks hand
VolkovDmitri collected $47.50 from pot
*** SUMMARY ***
Total pot $48 | Rake $0.50
Board [2s 7d 7h 9h 6s]
Seat 1: livenuncut (button) (small blind) mucked
Seat 4: VolkovDmitri (big blind) showed [Th Tc] and won ($47.50) with two pair, Tens and Sevens


PokerStars Hand #150688530172:  Hold'em Limit ($3/$6 USD) - 2016/03/20 23:24:26 ET
Table 'Ortrud' 6-max Seat #1 is the button
Seat 1: livenuncut ($149.12 in chips)
Seat 4: VolkovDmitri ($176.54 in chips)
livenuncut: posts small blind $1
VolkovDmitri: posts big blind $3
*** HOLE CARDS ***
livenuncut: raises $3 to $6
VolkovDmitri: calls $3
*** FLOP *** [9s Jd Ac]
VolkovDmitri: checks
livenuncut: bets $3
VolkovDmitri: folds
Uncalled bet ($3) returned to livenuncut
livenuncut collected $11.76 from pot
livenuncut: doesn't show hand
*** SUMMARY ***
Total pot $12 | Rake $0.24
Board [9s Jd Ac]
Seat 1: livenuncut (button) (small blind) collected ($11.76)
Seat 4: VolkovDmitri (big blind) folded on the Flop


PokerStars Hand #150688521647:  Hold'em Limit ($3/$6 USD) - 2016/03/20 23:24:00 ET
Table 'Ortrud' 6-max Seat #1 is the button
Seat 1: livenuncut ($156.12 in chips)
Seat 4: VolkovDmitri ($169.78 in chips)
livenuncut: posts small blind $1
VolkovDmitri: posts big blind $3
*** HOLE CARDS ***
livenuncut: folds
Uncalled bet ($2) returned to VolkovDmitri
VolkovDmitri collected $2 from pot
VolkovDmitri: doesn't show hand
*** SUMMARY ***
Total pot $2 | Rake $0
Seat 1: livenuncut (button) (small blind) folded before Flop
Seat 4: VolkovDmitri (big blind) collected ($2)


PokerStars Hand #150688523529:  Hold'em Limit ($3/$6 USD) - 2016/03/20 23:24:05 ET
Table 'Ortrud' 6-max Seat #4 is the button
Seat 1: livenuncut ($155.12 in chips)
Seat 4: VolkovDmitri ($170.78 in chips)
VolkovDmitri: posts small blind $1
livenuncut: posts big blind $3
*** HOLE CARDS ***
VolkovDmitri: raises $3 to $6
livenuncut: calls $3
*** FLOP *** [8d Ks 8s]
livenuncut: checks
VolkovDmitri: bets $3
livenuncut: folds
Uncalled bet ($3) returned to VolkovDmitri
VolkovDmitri collected $11.76 from pot
VolkovDmitri: doesn't show hand
*** SUMMARY ***
Total pot $12 | Rake $0.24
Board [8d Ks 8s]
Seat 1: livenuncut (big blind) folded on the Flop
Seat 4: VolkovDmitri (button) (small blind) collected ($11.76)


PokerStars Hand #150688542135:  Hold'em Limit ($3/$6 USD) - 2016/03/20 23:25:03 ET
Table 'Ortrud' 6-max Seat #1 is the button
Seat 1: livenuncut ($151.88 in chips)
Seat 4: VolkovDmitri ($173.54 in chips)
livenuncut: posts small blind $1
VolkovDmitri: posts big blind $3
*** HOLE CARDS ***
livenuncut: folds
Uncalled bet ($2) returned to VolkovDmitri
VolkovDmitri collected $2 from pot
VolkovDmitri: doesn't show hand
*** SUMMARY ***
Total pot $2 | Rake $0
Seat 1: livenuncut (button) (small blind) folded before Flop
Seat 4: VolkovDmitri (big blind) collected ($2)


PokerStars Hand #150688540055:  Hold'em Limit ($3/$6 USD) - 2016/03/20 23:24:57 ET
Table 'Ortrud' 6-max Seat #4 is the button
Seat 1: livenuncut ($154.88 in chips)
Seat 4: VolkovDmitri ($170.54 in chips)
VolkovDmitri: posts small blind $1
livenuncut: posts big blind $3
*** HOLE CARDS ***
VolkovDmitri: raises $3 to $6
livenuncut: folds
Uncalled bet ($3) returned to VolkovDmitri
VolkovDmitri collected $6 from pot
VolkovDmitri: doesn't show hand
*** SUMMARY ***
Total pot $6 | Rake $0
Seat 1: livenuncut (big blind) folded before Flop
Seat 4: VolkovDmitri (button) (small blind) collected ($6)


PokerStars Hand #150688543985:  Hold'em Limit ($3/$6 USD) - 2016/03/20 23:25:09 ET
Table 'Ortrud' 6-max Seat #4 is the button
Seat 1: livenuncut ($150.88 in chips)
Seat 4: VolkovDmitri ($174.54 in chips)
VolkovDmitri: posts small blind $1
livenuncut: posts big blind $3
*** HOLE CARDS ***
VolkovDmitri: raises $3 to $6
livenuncut: raises $3 to $9
VolkovDmitri: calls $3
*** FLOP *** [8d Kd Ah]
livenuncut: bets $3
VolkovDmitri: calls $3
*** TURN *** [8d Kd Ah] [6c]
livenuncut: bets $6
VolkovDmitri: raises $6 to $12
livenuncut: calls $6
*** RIVER *** [8d Kd Ah 6c] [Ks]
livenuncut: checks
VolkovDmitri: bets $6
livenuncut: folds
Uncalled bet ($6) returned to VolkovDmitri
VolkovDmitri collected $47.50 from pot
VolkovDmitri: doesn't show hand
*** SUMMARY ***
Total pot $48 | Rake $0.50
Board [8d Kd Ah 6c Ks]
Seat 1: livenuncut (big blind) folded on the River
Seat 4: VolkovDmitri (button) (small blind) collected ($47.50)


PokerStars Hand #150688556318:  Hold'em Limit ($3/$6 USD) - 2016/03/20 23:25:47 ET
Table 'Ortrud' 6-max Seat #1 is the button
Seat 1: livenuncut ($126.88 in chips)
Seat 4: VolkovDmitri ($198.04 in chips)
livenuncut: posts small blind $1
VolkovDmitri: posts big blind $3
*** HOLE CARDS ***
livenuncut: folds
Uncalled bet ($2) returned to VolkovDmitri
VolkovDmitri collected $2 from pot
VolkovDmitri: doesn't show hand
livenuncut leaves the table
*** SUMMARY ***
Total pot $2 | Rake $0
Seat 1: livenuncut (button) (small blind) folded before Flop
Seat 4: VolkovDmitri (big blind) collected ($2)


