PokerStars Hand #165201661700:  Hold'em Limit ($3/$6 USD) - 2017/01/26 12:39:54 ET
Table 'Ortutay' 6-max Seat #3 is the button
Seat 3: BAKU7777777 ($94 in chips)
Seat 4: Actionni13 ($150 in chips)
BAKU7777777: posts small blind $1
Actionni13: posts big blind $3
*** HOLE CARDS ***
BAKU7777777: calls $2
234599330 joins the table at seat #5
Actionni13: checks
*** FLOP *** [Qc 2d Jc]
Actionni13: bets $3
BAKU7777777: calls $3
*** TURN *** [Qc 2d Jc] [As]
Actionni13: checks
BAKU7777777: checks
*** RIVER *** [Qc 2d Jc As] [Qs]
Actionni13: checks
BAKU7777777: bets $6
Actionni13: calls $6
*** SHOW DOWN ***
BAKU7777777: shows [8s Th] (a pair of Queens)
Actionni13: shows [2c 5c] (two pair, Queens and Deuces)
Actionni13 collected $23.52 from pot
*** SUMMARY ***
Total pot $24 | Rake $0.48
Board [Qc 2d Jc As Qs]
Seat 3: BAKU7777777 (button) (small blind) showed [8s Th] and lost with a pair of Queens
Seat 4: Actionni13 (big blind) showed [2c 5c] and won ($23.52) with two pair, Queens and Deuces


PokerStars Hand #165204228063:  Hold'em Limit ($3/$6 USD) - 2017/01/26 13:29:29 ET
Table 'Ortutay' 6-max Seat #4 is the button
Seat 2: Faqquer ($206.40 in chips)
Seat 4: Ale4o ($151.47 in chips)
LottoMartin will be allowed to play after the button
Ale4o: posts small blind $1
234599330: is sitting out
vestimokrec: is sitting out
Kees123: is sitting out
Faqquer: posts big blind $3
*** HOLE CARDS ***
234599330 leaves the table
Ale4o: raises $3 to $6
Faqquer: folds
Uncalled bet ($3) returned to Ale4o
Homasapien joins the table at seat #5
Ale4o collected $6 from pot
Ale4o: doesn't show hand
*** SUMMARY ***
Total pot $6 | Rake $0
Seat 2: Faqquer (big blind) folded before Flop
Seat 4: Ale4o (button) (small blind) collected ($6)


PokerStars Hand #165204304111:  Hold'em Limit ($3/$6 USD) - 2017/01/26 13:30:53 ET
Table 'Ortutay' 6-max Seat #2 is the button
Seat 1: juswnttoplay ($120 in chips)
Seat 2: Faqquer ($196.40 in chips)
Faqquer: posts small blind $1
juswnttoplay: posts big blind $3
*** HOLE CARDS ***
Faqquer: folds
Uncalled bet ($2) returned to juswnttoplay
juswnttoplay collected $2 from pot
*** SUMMARY ***
Total pot $2 | Rake $0
Seat 1: juswnttoplay (big blind) collected ($2)
Seat 2: Faqquer (button) (small blind) folded before Flop


PokerStars Hand #165204277996:  Hold'em Limit ($3/$6 USD) - 2017/01/26 13:30:24 ET
Table 'Ortutay' 6-max Seat #3 is the button
Seat 2: Faqquer ($202.40 in chips)
Seat 3: LottoMartin ($105 in chips)
LottoMartin: posts small blind $1
Ale4o: is sitting out
Faqquer: posts big blind $3
*** HOLE CARDS ***
Kees123 leaves the table
LottoMartin: raises $3 to $6
Faqquer: calls $3
*** FLOP *** [Qc 8s Tc]
juswnttoplay joins the table at seat #1
Faqquer: checks
LottoMartin: bets $3
Faqquer: folds
Uncalled bet ($3) returned to LottoMartin
Ale4o leaves the table
LottoMartin collected $11.76 from pot
LottoMartin: doesn't show hand
*** SUMMARY ***
Total pot $12 | Rake $0.24
Board [Qc 8s Tc]
Seat 2: Faqquer (big blind) folded on the Flop
Seat 3: LottoMartin (button) (small blind) collected ($11.76)


PokerStars Hand #165204309164:  Hold'em Limit ($3/$6 USD) - 2017/01/26 13:30:58 ET
Table 'Ortutay' 6-max Seat #1 is the button
Seat 1: juswnttoplay ($121 in chips)
Seat 2: Faqquer ($195.40 in chips)
juswnttoplay: posts small blind $1
Faqquer: posts big blind $3
*** HOLE CARDS ***
juswnttoplay: folds
Uncalled bet ($2) returned to Faqquer
Faqquer collected $2 from pot
*** SUMMARY ***
Total pot $2 | Rake $0
Seat 1: juswnttoplay (button) (small blind) folded before Flop
Seat 2: Faqquer (big blind) collected ($2)


