PokerStars Hand #150252189656:  Hold'em Limit ($3/$6 USD) - 2016/03/12 15:44:53 ET
Table 'Ortutay II' 6-max Seat #3 is the button
Seat 1: Velbor107 ($299 in chips)
Seat 3: 7 Huligan 7 ($31 in chips)
7 Huligan 7: posts small blind $1
Velbor107: posts big blind $3
*** HOLE CARDS ***
7 Huligan 7: raises $3 to $6
Velbor107: raises $3 to $9
7 Huligan 7: calls $3
*** FLOP *** [4s 7d Jc]
Velbor107: bets $3
7 Huligan 7: raises $3 to $6
Velbor107: calls $3
*** TURN *** [4s 7d Jc] [Jh]
Velbor107: checks
7 Huligan 7: bets $6
Velbor107: folds
Uncalled bet ($6) returned to 7 Huligan 7
7 Huligan 7 collected $29.50 from pot
7 Huligan 7: doesn't show hand
*** SUMMARY ***
Total pot $30 | Rake $0.50
Board [4s 7d Jc Jh]
Seat 1: Velbor107 (big blind) folded on the Turn
Seat 3: 7 Huligan 7 (button) (small blind) collected ($29.50)


PokerStars Hand #150252880218:  Hold'em Limit ($3/$6 USD) - 2016/03/12 15:57:40 ET
Table 'Ortutay II' 6-max Seat #1 is the button
Seat 1: Velbor107 ($260 in chips)
Seat 3: Holla-eller? ($143.50 in chips)
Velbor107: posts small blind $1
Holla-eller?: posts big blind $3
*** HOLE CARDS ***
Velbor107: folds
Uncalled bet ($2) returned to Holla-eller?
Holla-eller? collected $2 from pot
Holla-eller?: doesn't show hand
*** SUMMARY ***
Total pot $2 | Rake $0
Seat 1: Velbor107 (button) (small blind) folded before Flop
Seat 3: Holla-eller? (big blind) collected ($2)


PokerStars Hand #150252845776:  Hold'em Limit ($3/$6 USD) - 2016/03/12 15:56:53 ET
Table 'Ortutay II' 6-max Seat #3 is the button
Seat 1: Velbor107 ($287 in chips)
Seat 3: Holla-eller? ($117 in chips)
Holla-eller?: posts small blind $1
Velbor107: posts big blind $3
*** HOLE CARDS ***
Holla-eller?: raises $3 to $6
andrey0709 joins the table at seat #6
Velbor107: calls $3
*** FLOP *** [Ks 2h Qd]
Velbor107: checks
Holla-eller?: bets $3
kolaz03 joins the table at seat #4
Velbor107: raises $3 to $6
Holla-eller?: raises $3 to $9
Velbor107: calls $3
*** TURN *** [Ks 2h Qd] [Tc]
Velbor107: checks
Holla-eller?: bets $6
Velbor107: calls $6
*** RIVER *** [Ks 2h Qd Tc] [4c]
Velbor107: checks
Holla-eller?: bets $6
Velbor107: calls $6
*** SHOW DOWN ***
Holla-eller?: shows [Kc 3h] (a pair of Kings)
Velbor107: mucks hand
Holla-eller? collected $53.50 from pot
*** SUMMARY ***
Total pot $54 | Rake $0.50
Board [Ks 2h Qd Tc 4c]
Seat 1: Velbor107 (big blind) mucked
Seat 3: Holla-eller? (button) (small blind) showed [Kc 3h] and won ($53.50) with a pair of Kings


PokerStars Hand #150255794514:  Hold'em Limit ($3/$6 USD) - 2016/03/12 16:50:23 ET
Table 'Ortutay II' 6-max Seat #6 is the button
Seat 5: Df_master ($170.90 in chips)
Seat 6: JayEm82 ($101 in chips)
JayEm82: posts small blind $1
Df_master: posts big blind $3
*** HOLE CARDS ***
JayEm82: folds
Uncalled bet ($2) returned to Df_master
Df_master collected $2 from pot
Df_master: doesn't show hand
*** SUMMARY ***
Total pot $2 | Rake $0
Seat 5: Df_master (big blind) collected ($2)
Seat 6: JayEm82 (button) (small blind) folded before Flop


PokerStars Hand #150255788251:  Hold'em Limit ($3/$6 USD) - 2016/03/12 16:50:17 ET
Table 'Ortutay II' 6-max Seat #5 is the button
Seat 5: Df_master ($167.90 in chips)
Seat 6: JayEm82 ($104 in chips)
Df_master: posts small blind $1
JayEm82: posts big blind $3
*** HOLE CARDS ***
Df_master: raises $3 to $6
JayEm82: folds
Uncalled bet ($3) returned to Df_master
Df_master collected $6 from pot
Df_master: doesn't show hand
*** SUMMARY ***
Total pot $6 | Rake $0
Seat 5: Df_master (button) (small blind) collected ($6)
Seat 6: JayEm82 (big blind) folded before Flop


PokerStars Hand #150255782326:  Hold'em Limit ($3/$6 USD) - 2016/03/12 16:50:11 ET
Table 'Ortutay II' 6-max Seat #6 is the button
Seat 5: Df_master ($166.90 in chips)
Seat 6: JayEm82 ($105 in chips)
JayEm82: posts small blind $1
masterblstr8: is sitting out
Df_master: posts big blind $3
*** HOLE CARDS ***
JayEm82: folds
Uncalled bet ($2) returned to Df_master
Df_master collected $2 from pot
Df_master: doesn't show hand
*** SUMMARY ***
Total pot $2 | Rake $0
Seat 5: Df_master (big blind) collected ($2)
Seat 6: JayEm82 (button) (small blind) folded before Flop


PokerStars Hand #150255799610:  Hold'em Limit ($3/$6 USD) - 2016/03/12 16:50:28 ET
Table 'Ortutay II' 6-max Seat #5 is the button
Seat 5: Df_master ($171.90 in chips)
Seat 6: JayEm82 ($100 in chips)
Df_master: posts small blind $1
JayEm82: posts big blind $3
*** HOLE CARDS ***
Df_master: raises $3 to $6
JayEm82: raises $3 to $9
Df_master: calls $3
*** FLOP *** [5c Ks Kh]
JayEm82: bets $3
Df_master: calls $3
*** TURN *** [5c Ks Kh] [6c]
JayEm82: checks
Df_master: bets $6
JayEm82: calls $6
*** RIVER *** [5c Ks Kh 6c] [Tc]
frmaroni joins the table at seat #4
JayEm82: checks
Df_master: bets $6
JayEm82: calls $6
*** SHOW DOWN ***
Df_master: shows [Qh 6d] (two pair, Kings and Sixes)
JayEm82: mucks hand
Df_master collected $47.50 from pot
*** SUMMARY ***
Total pot $48 | Rake $0.50
Board [5c Ks Kh 6c Tc]
Seat 5: Df_master (button) (small blind) showed [Qh 6d] and won ($47.50) with two pair, Kings and Sixes
Seat 6: JayEm82 (big blind) mucked


PokerStars Hand #150262036574:  Hold'em Limit ($3/$6 USD) - 2016/03/12 18:56:50 ET
Table 'Ortutay II' 6-max Seat #3 is the button
Seat 3: stube86 ($72.57 in chips)
Seat 4: JayEm82 ($142.50 in chips)
stube86: posts small blind $1
JayEm82: posts big blind $3
*** HOLE CARDS ***
stube86: raises $3 to $6
JayEm82: folds
Uncalled bet ($3) returned to stube86
stube86 collected $6 from pot
*** SUMMARY ***
Total pot $6 | Rake $0
Seat 3: stube86 (button) (small blind) collected ($6)
Seat 4: JayEm82 (big blind) folded before Flop


PokerStars Hand #150262034062:  Hold'em Limit ($3/$6 USD) - 2016/03/12 18:56:46 ET
Table 'Ortutay II' 6-max Seat #4 is the button
Seat 3: stube86 ($71.57 in chips)
Seat 4: JayEm82 ($143.50 in chips)
JayEm82: posts small blind $1
stube86: posts big blind $3
*** HOLE CARDS ***
JayEm82: folds
Uncalled bet ($2) returned to stube86
stube86 collected $2 from pot
*** SUMMARY ***
Total pot $2 | Rake $0
Seat 3: stube86 (big blind) collected ($2)
Seat 4: JayEm82 (button) (small blind) folded before Flop


PokerStars Hand #150262022478:  Hold'em Limit ($3/$6 USD) - 2016/03/12 18:56:26 ET
Table 'Ortutay II' 6-max Seat #3 is the button
Seat 3: stube86 ($95.57 in chips)
Seat 4: JayEm82 ($120 in chips)
stube86: posts small blind $1
JayEm82: posts big blind $3
*** HOLE CARDS ***
stube86: calls $2
JayEm82: checks
*** FLOP *** [2h 9h 5c]
JayEm82: bets $3
stube86: calls $3
*** TURN *** [2h 9h 5c] [Qd]
JayEm82: bets $6
stube86: raises $6 to $12
JayEm82: calls $6
*** RIVER *** [2h 9h 5c Qd] [7h]
JayEm82: checks
stube86: bets $6
JayEm82: calls $6
*** SHOW DOWN ***
stube86: shows [4h Kc] (high card King)
JayEm82: shows [9d 3h] (a pair of Nines)
JayEm82 collected $47.50 from pot
*** SUMMARY ***
Total pot $48 | Rake $0.50
Board [2h 9h 5c Qd 7h]
Seat 3: stube86 (button) (small blind) showed [4h Kc] and lost with high card King
Seat 4: JayEm82 (big blind) showed [9d 3h] and won ($47.50) with a pair of Nines


PokerStars Hand #150262054243:  Hold'em Limit ($3/$6 USD) - 2016/03/12 18:57:21 ET
Table 'Ortutay II' 6-max Seat #3 is the button
Seat 3: stube86 ($99.07 in chips)
Seat 4: JayEm82 ($115.50 in chips)
stube86: posts small blind $1
JayEm82: posts big blind $3
*** HOLE CARDS ***
stube86: folds
Uncalled bet ($2) returned to JayEm82
JayEm82 collected $2 from pot
JayEm82: doesn't show hand
*** SUMMARY ***
Total pot $2 | Rake $0
Seat 3: stube86 (button) (small blind) folded before Flop
Seat 4: JayEm82 (big blind) collected ($2)


PokerStars Hand #150262051937:  Hold'em Limit ($3/$6 USD) - 2016/03/12 18:57:16 ET
Table 'Ortutay II' 6-max Seat #4 is the button
Seat 3: stube86 ($98.07 in chips)
Seat 4: JayEm82 ($116.50 in chips)
JayEm82: posts small blind $1
stube86: posts big blind $3
*** HOLE CARDS ***
JayEm82: folds
Uncalled bet ($2) returned to stube86
stube86 collected $2 from pot
*** SUMMARY ***
Total pot $2 | Rake $0
Seat 3: stube86 (big blind) collected ($2)
Seat 4: JayEm82 (button) (small blind) folded before Flop


PokerStars Hand #150262048877:  Hold'em Limit ($3/$6 USD) - 2016/03/12 18:57:11 ET
Table 'Ortutay II' 6-max Seat #3 is the button
Seat 3: stube86 ($99.07 in chips)
Seat 4: JayEm82 ($115.50 in chips)
stube86: posts small blind $1
JayEm82: posts big blind $3
*** HOLE CARDS ***
stube86: folds
Uncalled bet ($2) returned to JayEm82
JayEm82 collected $2 from pot
JayEm82: doesn't show hand
*** SUMMARY ***
Total pot $2 | Rake $0
Seat 3: stube86 (button) (small blind) folded before Flop
Seat 4: JayEm82 (big blind) collected ($2)


PokerStars Hand #150262039633:  Hold'em Limit ($3/$6 USD) - 2016/03/12 18:56:55 ET
Table 'Ortutay II' 6-max Seat #4 is the button
Seat 3: stube86 ($75.57 in chips)
Seat 4: JayEm82 ($139.50 in chips)
JayEm82: posts small blind $1
stube86: posts big blind $3
*** HOLE CARDS ***
JayEm82: raises $3 to $6
stube86: calls $3
*** FLOP *** [Ad 8d 9c]
stube86: checks
JayEm82: bets $3
stube86: raises $3 to $6
JayEm82: calls $3
*** TURN *** [Ad 8d 9c] [Qd]
stube86: bets $6
JayEm82: calls $6
*** RIVER *** [Ad 8d 9c Qd] [8c]
stube86: bets $6
JayEm82: calls $6
*** SHOW DOWN ***
stube86: shows [Tc Jh] (a straight, Eight to Queen)
JayEm82: mucks hand
stube86 collected $47.50 from pot
*** SUMMARY ***
Total pot $48 | Rake $0.50
Board [Ad 8d 9c Qd 8c]
Seat 3: stube86 (big blind) showed [Tc Jh] and won ($47.50) with a straight, Eight to Queen
Seat 4: JayEm82 (button) (small blind) mucked


PokerStars Hand #150262067253:  Hold'em Limit ($3/$6 USD) - 2016/03/12 18:57:43 ET
Table 'Ortutay II' 6-max Seat #3 is the button
Seat 3: stube86 ($106.71 in chips)
Seat 4: JayEm82 ($107.50 in chips)
stube86: posts small blind $1
JayEm82: posts big blind $3
*** HOLE CARDS ***
stube86: folds
Uncalled bet ($2) returned to JayEm82
JayEm82 collected $2 from pot
JayEm82: doesn't show hand
*** SUMMARY ***
Total pot $2 | Rake $0
Seat 3: stube86 (button) (small blind) folded before Flop
Seat 4: JayEm82 (big blind) collected ($2)


PokerStars Hand #150262058056:  Hold'em Limit ($3/$6 USD) - 2016/03/12 18:57:27 ET
Table 'Ortutay II' 6-max Seat #4 is the button
Seat 3: stube86 ($98.07 in chips)
Seat 4: JayEm82 ($116.50 in chips)
JayEm82: posts small blind $1
stube86: posts big blind $3
*** HOLE CARDS ***
JayEm82: raises $3 to $6
stube86: calls $3
*** FLOP *** [8c Td Qc]
stube86: checks
JayEm82: bets $3
stube86: calls $3
*** TURN *** [8c Td Qc] [Jc]
stube86: checks
JayEm82: checks
*** RIVER *** [8c Td Qc Jc] [4c]
stube86: checks
JayEm82: checks
*** SHOW DOWN ***
stube86: shows [5h Qs] (a pair of Queens)
JayEm82: mucks hand
stube86 collected $17.64 from pot
*** SUMMARY ***
Total pot $18 | Rake $0.36
Board [8c Td Qc Jc 4c]
Seat 3: stube86 (big blind) showed [5h Qs] and won ($17.64) with a pair of Queens
Seat 4: JayEm82 (button) (small blind) mucked


PokerStars Hand #150262079166:  Hold'em Limit ($3/$6 USD) - 2016/03/12 18:58:04 ET
Table 'Ortutay II' 6-max Seat #3 is the button
Seat 3: stube86 ($87.71 in chips)
Seat 4: JayEm82 ($126 in chips)
stube86: posts small blind $1
JayEm82: posts big blind $3
*** HOLE CARDS ***
$i1ver joins the table at seat #2
stube86: calls $2
JayEm82: checks
*** FLOP *** [4d 5s 7d]
JayEm82: checks
stube86: checks
*** TURN *** [4d 5s 7d] [Jh]
JayEm82: bets $6
stube86: calls $6
*** RIVER *** [4d 5s 7d Jh] [Js]
JayEm82: bets $6
stube86: calls $6
*** SHOW DOWN ***
JayEm82: shows [6c 9h] (a pair of Jacks)
stube86: shows [Kh 6d] (a pair of Jacks - King kicker)
stube86 collected $29.50 from pot
*** SUMMARY ***
Total pot $30 | Rake $0.50
Board [4d 5s 7d Jh Js]
Seat 3: stube86 (button) (small blind) showed [Kh 6d] and won ($29.50) with a pair of Jacks
Seat 4: JayEm82 (big blind) showed [6c 9h] and lost with a pair of Jacks


PokerStars Hand #150262070036:  Hold'em Limit ($3/$6 USD) - 2016/03/12 18:57:48 ET
Table 'Ortutay II' 6-max Seat #4 is the button
Seat 3: stube86 ($105.71 in chips)
Seat 4: JayEm82 ($108.50 in chips)
JayEm82: posts small blind $1
stube86: posts big blind $3
*** HOLE CARDS ***
JayEm82: raises $3 to $6
stube86: raises $3 to $9
JayEm82: calls $3
*** FLOP *** [Tc Qs 4d]
stube86: bets $3
JayEm82: calls $3
*** TURN *** [Tc Qs 4d] [8h]
stube86: bets $6
JayEm82: raises $6 to $12
stube86: folds
Uncalled bet ($6) returned to JayEm82
JayEm82 collected $35.50 from pot
JayEm82: doesn't show hand
*** SUMMARY ***
Total pot $36 | Rake $0.50
Board [Tc Qs 4d 8h]
Seat 3: stube86 (big blind) folded on the Turn
Seat 4: JayEm82 (button) (small blind) collected ($35.50)


