PokerStars Hand #150263280121:  Hold'em Limit ($3/$6 USD) - 2016/03/12 19:28:45 ET
Table 'Ortutay II' 6-max Seat #5 is the button
Seat 4: JayEm82 ($169.44 in chips)
Seat 5: AzureCaper ($85.38 in chips)
AzureCaper: posts small blind $1
JayEm82: posts big blind $3
*** HOLE CARDS ***
AzureCaper: raises $3 to $6
JayEm82: folds
Uncalled bet ($3) returned to AzureCaper
AzureCaper collected $6 from pot
AzureCaper: doesn't show hand
*** SUMMARY ***
Total pot $6 | Rake $0
Seat 4: JayEm82 (big blind) folded before Flop
Seat 5: AzureCaper (button) (small blind) collected ($6)


PokerStars Hand #150263275143:  Hold'em Limit ($3/$6 USD) - 2016/03/12 19:28:37 ET
Table 'Ortutay II' 6-max Seat #4 is the button
Seat 4: JayEm82 ($163.68 in chips)
Seat 5: AzureCaper ($91.38 in chips)
JayEm82: posts small blind $1
AzureCaper: posts big blind $3
*** HOLE CARDS ***
JayEm82: raises $3 to $6
AzureCaper: calls $3
*** FLOP *** [7c Tc Qs]
AzureCaper: checks
JayEm82: bets $3
AzureCaper: folds
Uncalled bet ($3) returned to JayEm82
JayEm82 collected $11.76 from pot
JayEm82: doesn't show hand
*** SUMMARY ***
Total pot $12 | Rake $0.24
Board [7c Tc Qs]
Seat 4: JayEm82 (button) (small blind) collected ($11.76)
Seat 5: AzureCaper (big blind) folded on the Flop


PokerStars Hand #150263270089:  Hold'em Limit ($3/$6 USD) - 2016/03/12 19:28:29 ET
Table 'Ortutay II' 6-max Seat #5 is the button
Seat 4: JayEm82 ($166.68 in chips)
Seat 5: AzureCaper ($88.38 in chips)
AzureCaper: posts small blind $1
JayEm82: posts big blind $3
*** HOLE CARDS ***
AzureCaper: raises $3 to $6
$i1ver leaves the table
JayEm82: folds
Uncalled bet ($3) returned to AzureCaper
AzureCaper collected $6 from pot
AzureCaper: doesn't show hand
*** SUMMARY ***
Total pot $6 | Rake $0
Seat 4: JayEm82 (big blind) folded before Flop
Seat 5: AzureCaper (button) (small blind) collected ($6)


