PokerStars Hand #144578822054:  Hold'em Limit ($3/$6 USD) - 2015/11/29 16:09:41 ET
Table 'Osiris IV' 2-max Seat #2 is the button
Seat 1: ChicagoBull4 ($73.76 in chips)
Seat 2: Fess7791 ($64.52 in chips)
Fess7791: posts small blind $1
ChicagoBull4: posts big blind $3
*** HOLE CARDS ***
Fess7791: raises $3 to $6
ChicagoBull4: folds
Uncalled bet ($3) returned to Fess7791
Fess7791 collected $6 from pot
Fess7791: doesn't show hand
*** SUMMARY ***
Total pot $6 | Rake $0
Seat 1: ChicagoBull4 (big blind) folded before Flop
Seat 2: Fess7791 (button) (small blind) collected ($6)


PokerStars Hand #144578805990:  Hold'em Limit ($3/$6 USD) - 2015/11/29 16:09:26 ET
Table 'Osiris IV' 2-max Seat #1 is the button
Seat 1: ChicagoBull4 ($68 in chips)
Seat 2: Fess7791 ($70.52 in chips)
ChicagoBull4: posts small blind $1
Fess7791: posts big blind $3
*** HOLE CARDS ***
ChicagoBull4: raises $3 to $6
Fess7791: calls $3
*** FLOP *** [Ad Kc 6d]
Fess7791: checks
ChicagoBull4: bets $3
Fess7791: folds
Uncalled bet ($3) returned to ChicagoBull4
ChicagoBull4 collected $11.76 from pot
ChicagoBull4: doesn't show hand
*** SUMMARY ***
Total pot $12 | Rake $0.24
Board [Ad Kc 6d]
Seat 1: ChicagoBull4 (button) (small blind) collected ($11.76)
Seat 2: Fess7791 (big blind) folded on the Flop


PokerStars Hand #144578799291:  Hold'em Limit ($3/$6 USD) - 2015/11/29 16:09:20 ET
Table 'Osiris IV' 2-max Seat #2 is the button
Seat 1: ChicagoBull4 ($67 in chips)
Seat 2: Fess7791 ($71.52 in chips)
Fess7791: posts small blind $1
ChicagoBull4: posts big blind $3
*** HOLE CARDS ***
Fess7791: folds
Uncalled bet ($2) returned to ChicagoBull4
ChicagoBull4 collected $2 from pot
ChicagoBull4: doesn't show hand
*** SUMMARY ***
Total pot $2 | Rake $0
Seat 1: ChicagoBull4 (big blind) collected ($2)
Seat 2: Fess7791 (button) (small blind) folded before Flop


PokerStars Hand #144578794162:  Hold'em Limit ($3/$6 USD) - 2015/11/29 16:09:16 ET
Table 'Osiris IV' 2-max Seat #1 is the button
Seat 1: ChicagoBull4 ($68 in chips)
Seat 2: Fess7791 ($70.52 in chips)
ChicagoBull4: posts small blind $1
Fess7791: posts big blind $3
*** HOLE CARDS ***
ChicagoBull4: folds
Uncalled bet ($2) returned to Fess7791
Fess7791 collected $2 from pot
*** SUMMARY ***
Total pot $2 | Rake $0
Seat 1: ChicagoBull4 (button) (small blind) folded before Flop
Seat 2: Fess7791 (big blind) collected ($2)


PokerStars Hand #144578787310:  Hold'em Limit ($3/$6 USD) - 2015/11/29 16:09:09 ET
Table 'Osiris IV' 2-max Seat #2 is the button
Seat 1: ChicagoBull4 ($67 in chips)
Seat 2: Fess7791 ($71.52 in chips)
Fess7791: posts small blind $1
ChicagoBull4: posts big blind $3
*** HOLE CARDS ***
Fess7791: folds
Uncalled bet ($2) returned to ChicagoBull4
ChicagoBull4 collected $2 from pot
*** SUMMARY ***
Total pot $2 | Rake $0
Seat 1: ChicagoBull4 (big blind) collected ($2)
Seat 2: Fess7791 (button) (small blind) folded before Flop


PokerStars Hand #144578883628:  Hold'em Limit ($3/$6 USD) - 2015/11/29 16:10:39 ET
Table 'Osiris IV' 2-max Seat #1 is the button
Seat 1: ChicagoBull4 ($91.02 in chips)
Seat 2: Fess7791 ($60 in chips)
ChicagoBull4: posts small blind $1
Fess7791: posts big blind $3
*** HOLE CARDS ***
ChicagoBull4: folds
Uncalled bet ($2) returned to Fess7791
Fess7791 collected $2 from pot
Fess7791: doesn't show hand
*** SUMMARY ***
Total pot $2 | Rake $0
Seat 1: ChicagoBull4 (button) (small blind) folded before Flop
Seat 2: Fess7791 (big blind) collected ($2)


PokerStars Hand #144578859384:  Hold'em Limit ($3/$6 USD) - 2015/11/29 16:10:15 ET
Table 'Osiris IV' 2-max Seat #2 is the button
Seat 1: ChicagoBull4 ($85.26 in chips)
Seat 2: Fess7791 ($60 in chips)
Fess7791: posts small blind $1
ChicagoBull4: posts big blind $3
*** HOLE CARDS ***
Fess7791: raises $3 to $6
ChicagoBull4: calls $3
*** FLOP *** [6d 3h Ac]
ChicagoBull4: bets $3
Fess7791: folds
Uncalled bet ($3) returned to ChicagoBull4
ChicagoBull4 collected $11.76 from pot
ChicagoBull4: doesn't show hand
*** SUMMARY ***
Total pot $12 | Rake $0.24
Board [6d 3h Ac]
Seat 1: ChicagoBull4 (big blind) collected ($11.76)
Seat 2: Fess7791 (button) (small blind) folded on the Flop


PokerStars Hand #144578832028:  Hold'em Limit ($3/$6 USD) - 2015/11/29 16:09:50 ET
Table 'Osiris IV' 2-max Seat #1 is the button
Seat 1: ChicagoBull4 ($70.76 in chips)
Seat 2: Fess7791 ($67.52 in chips)
ChicagoBull4: posts small blind $1
Fess7791: posts big blind $3
*** HOLE CARDS ***
ChicagoBull4: raises $3 to $6
Fess7791: calls $3
*** FLOP *** [Qh Ac 2c]
Fess7791: checks
ChicagoBull4: bets $3
Fess7791: calls $3
*** TURN *** [Qh Ac 2c] [Tc]
Fess7791: checks
ChicagoBull4: checks
*** RIVER *** [Qh Ac 2c Tc] [6c]
Fess7791: bets $6
ChicagoBull4: calls $6
*** SHOW DOWN ***
Fess7791: shows [Qd Js] (a pair of Queens)
ChicagoBull4: shows [4c Kh] (a flush, Ace high)
ChicagoBull4 collected $29.50 from pot
*** SUMMARY ***
Total pot $30 | Rake $0.50
Board [Qh Ac 2c Tc 6c]
Seat 1: ChicagoBull4 (button) (small blind) showed [4c Kh] and won ($29.50) with a flush, Ace high
Seat 2: Fess7791 (big blind) showed [Qd Js] and lost with a pair of Queens


PokerStars Hand #144578937898:  Hold'em Limit ($3/$6 USD) - 2015/11/29 16:11:28 ET
Table 'Osiris IV' 2-max Seat #1 is the button
Seat 1: ChicagoBull4 ($81.02 in chips)
Seat 2: Fess7791 ($69.52 in chips)
ChicagoBull4: posts small blind $1
Fess7791: posts big blind $3
*** HOLE CARDS ***
ChicagoBull4: folds
Uncalled bet ($2) returned to Fess7791
Fess7791 collected $2 from pot
Fess7791: doesn't show hand
*** SUMMARY ***
Total pot $2 | Rake $0
Seat 1: ChicagoBull4 (button) (small blind) folded before Flop
Seat 2: Fess7791 (big blind) collected ($2)


PokerStars Hand #144578924241:  Hold'em Limit ($3/$6 USD) - 2015/11/29 16:11:16 ET
Table 'Osiris IV' 2-max Seat #2 is the button
Seat 1: ChicagoBull4 ($87.02 in chips)
Seat 2: Fess7791 ($63.76 in chips)
Fess7791: posts small blind $1
ChicagoBull4: posts big blind $3
*** HOLE CARDS ***
Fess7791: raises $3 to $6
ChicagoBull4: calls $3
*** FLOP *** [6h 3d Kd]
ChicagoBull4: checks
Fess7791: bets $3
ChicagoBull4: folds
Uncalled bet ($3) returned to Fess7791
Fess7791 collected $11.76 from pot
Fess7791: doesn't show hand
*** SUMMARY ***
Total pot $12 | Rake $0.24
Board [6h 3d Kd]
Seat 1: ChicagoBull4 (big blind) folded on the Flop
Seat 2: Fess7791 (button) (small blind) collected ($11.76)


PokerStars Hand #144578918257:  Hold'em Limit ($3/$6 USD) - 2015/11/29 16:11:10 ET
Table 'Osiris IV' 2-max Seat #1 is the button
Seat 1: ChicagoBull4 ($84.02 in chips)
Seat 2: Fess7791 ($66.76 in chips)
ChicagoBull4: posts small blind $1
Fess7791: posts big blind $3
*** HOLE CARDS ***
ChicagoBull4: raises $3 to $6
Fess7791: folds
Uncalled bet ($3) returned to ChicagoBull4
ChicagoBull4 collected $6 from pot
ChicagoBull4: doesn't show hand
*** SUMMARY ***
Total pot $6 | Rake $0
Seat 1: ChicagoBull4 (button) (small blind) collected ($6)
Seat 2: Fess7791 (big blind) folded before Flop


PokerStars Hand #144578891115:  Hold'em Limit ($3/$6 USD) - 2015/11/29 16:10:45 ET
Table 'Osiris IV' 2-max Seat #2 is the button
Seat 1: ChicagoBull4 ($90.02 in chips)
Seat 2: Fess7791 ($61 in chips)
Fess7791: posts small blind $1
ChicagoBull4: posts big blind $3
*** HOLE CARDS ***
Fess7791: raises $3 to $6
ChicagoBull4: calls $3
*** FLOP *** [Ks Ac 3h]
ChicagoBull4: checks
Fess7791: bets $3
ChicagoBull4: folds
Uncalled bet ($3) returned to Fess7791
Fess7791 collected $11.76 from pot
Fess7791: doesn't show hand
*** SUMMARY ***
Total pot $12 | Rake $0.24
Board [Ks Ac 3h]
Seat 1: ChicagoBull4 (big blind) folded on the Flop
Seat 2: Fess7791 (button) (small blind) collected ($11.76)


PokerStars Hand #144579002863:  Hold'em Limit ($3/$6 USD) - 2015/11/29 16:12:28 ET
Table 'Osiris IV' 2-max Seat #2 is the button
Seat 1: ChicagoBull4 ($101.16 in chips)
Seat 2: Fess7791 ($61 in chips)
Fess7791: posts small blind $1
ChicagoBull4: posts big blind $3
*** HOLE CARDS ***
Fess7791: raises $3 to $6
ChicagoBull4: raises $3 to $9
Fess7791: calls $3
*** FLOP *** [Tc 8s 5s]
ChicagoBull4: bets $3
Fess7791: calls $3
*** TURN *** [Tc 8s 5s] [Kd]
ChicagoBull4: bets $6
Fess7791: calls $6
*** RIVER *** [Tc 8s 5s Kd] [As]
ChicagoBull4: bets $6
Fess7791: folds
Uncalled bet ($6) returned to ChicagoBull4
ChicagoBull4 collected $35.50 from pot
ChicagoBull4: doesn't show hand
*** SUMMARY ***
Total pot $36 | Rake $0.50
Board [Tc 8s 5s Kd As]
Seat 1: ChicagoBull4 (big blind) collected ($35.50)
Seat 2: Fess7791 (button) (small blind) folded on the River


PokerStars Hand #144578998093:  Hold'em Limit ($3/$6 USD) - 2015/11/29 16:12:24 ET
Table 'Osiris IV' 2-max Seat #1 is the button
Seat 1: ChicagoBull4 ($102.16 in chips)
Seat 2: Fess7791 ($60 in chips)
ChicagoBull4: posts small blind $1
Fess7791: posts big blind $3
*** HOLE CARDS ***
ChicagoBull4: folds
Uncalled bet ($2) returned to Fess7791
Fess7791 collected $2 from pot
Fess7791: doesn't show hand
*** SUMMARY ***
Total pot $2 | Rake $0
Seat 1: ChicagoBull4 (button) (small blind) folded before Flop
Seat 2: Fess7791 (big blind) collected ($2)


PokerStars Hand #144578977616:  Hold'em Limit ($3/$6 USD) - 2015/11/29 16:12:05 ET
Table 'Osiris IV' 2-max Seat #2 is the button
Seat 1: ChicagoBull4 ($93.52 in chips)
Seat 2: Fess7791 ($61 in chips)
Fess7791: posts small blind $1
ChicagoBull4: posts big blind $3
*** HOLE CARDS ***
Fess7791: raises $3 to $6
ChicagoBull4: calls $3
*** FLOP *** [8s 8c Tc]
ChicagoBull4: checks
Fess7791: bets $3
ChicagoBull4: calls $3
*** TURN *** [8s 8c Tc] [Ad]
ChicagoBull4: checks
Fess7791: checks
*** RIVER *** [8s 8c Tc Ad] [4c]
ChicagoBull4: bets $6
Fess7791: folds
Uncalled bet ($6) returned to ChicagoBull4
ChicagoBull4 collected $17.64 from pot
ChicagoBull4: doesn't show hand
*** SUMMARY ***
Total pot $18 | Rake $0.36
Board [8s 8c Tc Ad 4c]
Seat 1: ChicagoBull4 (big blind) collected ($17.64)
Seat 2: Fess7791 (button) (small blind) folded on the River


PokerStars Hand #144578972475:  Hold'em Limit ($3/$6 USD) - 2015/11/29 16:12:00 ET
Table 'Osiris IV' 2-max Seat #1 is the button
Seat 1: ChicagoBull4 ($94.52 in chips)
Seat 2: Fess7791 ($60 in chips)
ChicagoBull4: posts small blind $1
Fess7791: posts big blind $3
*** HOLE CARDS ***
ChicagoBull4: folds
Uncalled bet ($2) returned to Fess7791
Fess7791 collected $2 from pot
Fess7791: doesn't show hand
*** SUMMARY ***
Total pot $2 | Rake $0
Seat 1: ChicagoBull4 (button) (small blind) folded before Flop
Seat 2: Fess7791 (big blind) collected ($2)


PokerStars Hand #144578942808:  Hold'em Limit ($3/$6 USD) - 2015/11/29 16:11:33 ET
Table 'Osiris IV' 2-max Seat #2 is the button
Seat 1: ChicagoBull4 ($80.02 in chips)
Seat 2: Fess7791 ($70.52 in chips)
Fess7791: posts small blind $1
ChicagoBull4: posts big blind $3
*** HOLE CARDS ***
Fess7791: raises $3 to $6
ChicagoBull4: calls $3
*** FLOP *** [2d 9c 3s]
ChicagoBull4: checks
Fess7791: bets $3
ChicagoBull4: calls $3
*** TURN *** [2d 9c 3s] [Qs]
ChicagoBull4: checks
Fess7791: bets $6
ChicagoBull4: raises $6 to $12
Fess7791: folds
Uncalled bet ($6) returned to ChicagoBull4
ChicagoBull4 collected $29.50 from pot
ChicagoBull4: doesn't show hand
*** SUMMARY ***
Total pot $30 | Rake $0.50
Board [2d 9c 3s Qs]
Seat 1: ChicagoBull4 (big blind) collected ($29.50)
Seat 2: Fess7791 (button) (small blind) folded on the Turn


PokerStars Hand #144579059731:  Hold'em Limit ($3/$6 USD) - 2015/11/29 16:13:21 ET
Table 'Osiris IV' 2-max Seat #2 is the button
Seat 1: ChicagoBull4 ($109.66 in chips)
Seat 2: Fess7791 ($68.64 in chips)
Fess7791: posts small blind $1
ChicagoBull4: posts big blind $3
*** HOLE CARDS ***
Fess7791: raises $3 to $6
ChicagoBull4: calls $3
*** FLOP *** [7c As Qd]
ChicagoBull4: checks
Fess7791: bets $3
ChicagoBull4: calls $3
*** TURN *** [7c As Qd] [Kc]
ChicagoBull4: checks
Fess7791: checks
*** RIVER *** [7c As Qd Kc] [4h]
ChicagoBull4: checks
Fess7791: checks
*** SHOW DOWN ***
ChicagoBull4: shows [7s 8s] (a pair of Sevens)
Fess7791: shows [6h Qs] (a pair of Queens)
Fess7791 collected $17.64 from pot
*** SUMMARY ***
Total pot $18 | Rake $0.36
Board [7c As Qd Kc 4h]
Seat 1: ChicagoBull4 (big blind) showed [7s 8s] and lost with a pair of Sevens
Seat 2: Fess7791 (button) (small blind) showed [6h Qs] and won ($17.64) with a pair of Queens


PokerStars Hand #144579055250:  Hold'em Limit ($3/$6 USD) - 2015/11/29 16:13:17 ET
Table 'Osiris IV' 2-max Seat #1 is the button
Seat 1: ChicagoBull4 ($110.66 in chips)
Seat 2: Fess7791 ($67.64 in chips)
ChicagoBull4: posts small blind $1
Fess7791: posts big blind $3
*** HOLE CARDS ***
ChicagoBull4: folds
Uncalled bet ($2) returned to Fess7791
Fess7791 collected $2 from pot
Fess7791: doesn't show hand
*** SUMMARY ***
Total pot $2 | Rake $0
Seat 1: ChicagoBull4 (button) (small blind) folded before Flop
Seat 2: Fess7791 (big blind) collected ($2)


PokerStars Hand #144579049413:  Hold'em Limit ($3/$6 USD) - 2015/11/29 16:13:12 ET
Table 'Osiris IV' 2-max Seat #2 is the button
Seat 1: ChicagoBull4 ($109.66 in chips)
Seat 2: Fess7791 ($68.64 in chips)
Fess7791: posts small blind $1
ChicagoBull4: posts big blind $3
*** HOLE CARDS ***
Fess7791: folds
Uncalled bet ($2) returned to ChicagoBull4
ChicagoBull4 collected $2 from pot
ChicagoBull4: doesn't show hand
*** SUMMARY ***
Total pot $2 | Rake $0
Seat 1: ChicagoBull4 (big blind) collected ($2)
Seat 2: Fess7791 (button) (small blind) folded before Flop


PokerStars Hand #144579027593:  Hold'em Limit ($3/$6 USD) - 2015/11/29 16:12:51 ET
Table 'Osiris IV' 2-max Seat #1 is the button
Seat 1: ChicagoBull4 ($118.66 in chips)
Seat 2: Fess7791 ($60 in chips)
ChicagoBull4: posts small blind $1
Fess7791: posts big blind $3
*** HOLE CARDS ***
ChicagoBull4: raises $3 to $6
Fess7791: calls $3
*** FLOP *** [6h 3h 4h]
Fess7791: checks
ChicagoBull4: bets $3
Fess7791: calls $3
*** TURN *** [6h 3h 4h] [2c]
Fess7791: checks
ChicagoBull4: checks
*** RIVER *** [6h 3h 4h 2c] [7h]
Fess7791: checks
ChicagoBull4: checks
*** SHOW DOWN ***
Fess7791: shows [Ad 5s] (a straight, Three to Seven)
ChicagoBull4: mucks hand
Fess7791 collected $17.64 from pot
*** SUMMARY ***
Total pot $18 | Rake $0.36
Board [6h 3h 4h 2c 7h]
Seat 1: ChicagoBull4 (button) (small blind) mucked
Seat 2: Fess7791 (big blind) showed [Ad 5s] and won ($17.64) with a straight, Three to Seven


PokerStars Hand #144579149015:  Hold'em Limit ($3/$6 USD) - 2015/11/29 16:14:44 ET
Table 'Osiris IV' 2-max Seat #1 is the button
Seat 1: ChicagoBull4 ($117.70 in chips)
Seat 2: Fess7791 ($65.76 in chips)
ChicagoBull4: posts small blind $1
Fess7791: posts big blind $3
*** HOLE CARDS ***
ChicagoBull4: folds
Uncalled bet ($2) returned to Fess7791
Fess7791 collected $2 from pot
Fess7791: doesn't show hand
*** SUMMARY ***
Total pot $2 | Rake $0
Seat 1: ChicagoBull4 (button) (small blind) folded before Flop
Seat 2: Fess7791 (big blind) collected ($2)


PokerStars Hand #144579136173:  Hold'em Limit ($3/$6 USD) - 2015/11/29 16:14:32 ET
Table 'Osiris IV' 2-max Seat #2 is the button
Seat 1: ChicagoBull4 ($123.70 in chips)
Seat 2: Fess7791 ($60 in chips)
Fess7791: posts small blind $1
ChicagoBull4: posts big blind $3
*** HOLE CARDS ***
Fess7791: raises $3 to $6
ChicagoBull4: calls $3
*** FLOP *** [3c Kd 5h]
ChicagoBull4: checks
Fess7791: bets $3
ChicagoBull4: folds
Uncalled bet ($3) returned to Fess7791
Fess7791 collected $11.76 from pot
Fess7791: doesn't show hand
*** SUMMARY ***
Total pot $12 | Rake $0.24
Board [3c Kd 5h]
Seat 1: ChicagoBull4 (big blind) folded on the Flop
Seat 2: Fess7791 (button) (small blind) collected ($11.76)


PokerStars Hand #144579123516:  Hold'em Limit ($3/$6 USD) - 2015/11/29 16:14:20 ET
Table 'Osiris IV' 2-max Seat #1 is the button
Seat 1: ChicagoBull4 ($117.94 in chips)
Seat 2: Fess7791 ($60 in chips)
ChicagoBull4: posts small blind $1
Fess7791: posts big blind $3
*** HOLE CARDS ***
ChicagoBull4: raises $3 to $6
Fess7791: calls $3
*** FLOP *** [8s 4s 9d]
Fess7791: checks
ChicagoBull4: bets $3
Fess7791: folds
Uncalled bet ($3) returned to ChicagoBull4
ChicagoBull4 collected $11.76 from pot
ChicagoBull4: doesn't show hand
*** SUMMARY ***
Total pot $12 | Rake $0.24
Board [8s 4s 9d]
Seat 1: ChicagoBull4 (button) (small blind) collected ($11.76)
Seat 2: Fess7791 (big blind) folded on the Flop


PokerStars Hand #144579096183:  Hold'em Limit ($3/$6 USD) - 2015/11/29 16:13:55 ET
Table 'Osiris IV' 2-max Seat #2 is the button
Seat 1: ChicagoBull4 ($106.42 in chips)
Seat 2: Fess7791 ($71.28 in chips)
Fess7791: posts small blind $1
ChicagoBull4: posts big blind $3
*** HOLE CARDS ***
Fess7791: raises $3 to $6
ChicagoBull4: calls $3
*** FLOP *** [8h Qs 9c]
ChicagoBull4: checks
Fess7791: bets $3
ChicagoBull4: raises $3 to $6
Fess7791: calls $3
*** TURN *** [8h Qs 9c] [Js]
ChicagoBull4: checks
Fess7791: checks
*** RIVER *** [8h Qs 9c Js] [2h]
ChicagoBull4: checks
Fess7791: checks
*** SHOW DOWN ***
ChicagoBull4: shows [6s 9h] (a pair of Nines)
Fess7791: mucks hand
ChicagoBull4 collected $23.52 from pot
*** SUMMARY ***
Total pot $24 | Rake $0.48
Board [8h Qs 9c Js 2h]
Seat 1: ChicagoBull4 (big blind) showed [6s 9h] and won ($23.52) with a pair of Nines
Seat 2: Fess7791 (button) (small blind) mucked


PokerStars Hand #144579084445:  Hold'em Limit ($3/$6 USD) - 2015/11/29 16:13:44 ET
Table 'Osiris IV' 2-max Seat #1 is the button
Seat 1: ChicagoBull4 ($100.66 in chips)
Seat 2: Fess7791 ($77.28 in chips)
ChicagoBull4: posts small blind $1
Fess7791: posts big blind $3
*** HOLE CARDS ***
ChicagoBull4: raises $3 to $6
Fess7791: calls $3
*** FLOP *** [Jd 7h Kh]
Fess7791: checks
ChicagoBull4: bets $3
Fess7791: folds
Uncalled bet ($3) returned to ChicagoBull4
ChicagoBull4 collected $11.76 from pot
ChicagoBull4: doesn't show hand
*** SUMMARY ***
Total pot $12 | Rake $0.24
Board [Jd 7h Kh]
Seat 1: ChicagoBull4 (button) (small blind) collected ($11.76)
Seat 2: Fess7791 (big blind) folded on the Flop


PokerStars Hand #144579197345:  Hold'em Limit ($3/$6 USD) - 2015/11/29 16:15:31 ET
Table 'Osiris IV' 2-max Seat #2 is the button
Seat 1: ChicagoBull4 ($145.20 in chips)
Seat 2: Fess7791 ($61 in chips)
Fess7791: posts small blind $1
ChicagoBull4: posts big blind $3
*** HOLE CARDS ***
Fess7791: raises $3 to $6
ChicagoBull4: calls $3
*** FLOP *** [Jd 4h 3s]
ChicagoBull4: checks
Fess7791: bets $3
ChicagoBull4: calls $3
*** TURN *** [Jd 4h 3s] [Jc]
ChicagoBull4: checks
Fess7791: checks
*** RIVER *** [Jd 4h 3s Jc] [8h]
ChicagoBull4: bets $6
Fess7791: calls $6
*** SHOW DOWN ***
ChicagoBull4: shows [6s Js] (three of a kind, Jacks)
Fess7791: mucks hand
ChicagoBull4 collected $29.50 from pot
*** SUMMARY ***
Total pot $30 | Rake $0.50
Board [Jd 4h 3s Jc 8h]
Seat 1: ChicagoBull4 (big blind) showed [6s Js] and won ($29.50) with three of a kind, Jacks
Seat 2: Fess7791 (button) (small blind) mucked


PokerStars Hand #144579192276:  Hold'em Limit ($3/$6 USD) - 2015/11/29 16:15:26 ET
Table 'Osiris IV' 2-max Seat #1 is the button
Seat 1: ChicagoBull4 ($146.20 in chips)
Seat 2: Fess7791 ($60 in chips)
ChicagoBull4: posts small blind $1
Fess7791: posts big blind $3
*** HOLE CARDS ***
ChicagoBull4: folds
Uncalled bet ($2) returned to Fess7791
Fess7791 collected $2 from pot
Fess7791: doesn't show hand
*** SUMMARY ***
Total pot $2 | Rake $0
Seat 1: ChicagoBull4 (button) (small blind) folded before Flop
Seat 2: Fess7791 (big blind) collected ($2)


PokerStars Hand #144579154540:  Hold'em Limit ($3/$6 USD) - 2015/11/29 16:14:49 ET
Table 'Osiris IV' 2-max Seat #2 is the button
Seat 1: ChicagoBull4 ($116.70 in chips)
Seat 2: Fess7791 ($66.76 in chips)
Fess7791: posts small blind $1
ChicagoBull4: posts big blind $3
*** HOLE CARDS ***
Fess7791: raises $3 to $6
ChicagoBull4: calls $3
*** FLOP *** [Ts 8c 6d]
ChicagoBull4: checks
Fess7791: bets $3
ChicagoBull4: raises $3 to $6
Fess7791: calls $3
*** TURN *** [Ts 8c 6d] [Jc]
ChicagoBull4: bets $6
Fess7791: raises $6 to $12
ChicagoBull4: calls $6
*** RIVER *** [Ts 8c 6d Jc] [Qd]
ChicagoBull4: checks
Fess7791: bets $6
ChicagoBull4: calls $6
*** SHOW DOWN ***
Fess7791: shows [6s Td] (two pair, Tens and Sixes)
ChicagoBull4: shows [8s Th] (two pair, Tens and Eights)
ChicagoBull4 collected $59.50 from pot
*** SUMMARY ***
Total pot $60 | Rake $0.50
Board [Ts 8c 6d Jc Qd]
Seat 1: ChicagoBull4 (big blind) showed [8s Th] and won ($59.50) with two pair, Tens and Eights
Seat 2: Fess7791 (button) (small blind) showed [6s Td] and lost with two pair, Tens and Sixes


PokerStars Hand #144579263260:  Hold'em Limit ($3/$6 USD) - 2015/11/29 16:16:34 ET
Table 'Osiris IV' 2-max Seat #2 is the button
Seat 1: ChicagoBull4 ($171.20 in chips)
Seat 2: Fess7791 ($68.64 in chips)
Fess7791: posts small blind $1
ChicagoBull4: posts big blind $3
*** HOLE CARDS ***
Fess7791: raises $3 to $6
ChicagoBull4: calls $3
*** FLOP *** [Jd 2s 3h]
ChicagoBull4: checks
Fess7791: bets $3
ChicagoBull4: folds
Uncalled bet ($3) returned to Fess7791
Fess7791 collected $11.76 from pot
Fess7791: doesn't show hand
*** SUMMARY ***
Total pot $12 | Rake $0.24
Board [Jd 2s 3h]
Seat 1: ChicagoBull4 (big blind) folded on the Flop
Seat 2: Fess7791 (button) (small blind) collected ($11.76)


PokerStars Hand #144579249078:  Hold'em Limit ($3/$6 USD) - 2015/11/29 16:16:21 ET
Table 'Osiris IV' 2-max Seat #1 is the button
Seat 1: ChicagoBull4 ($180.20 in chips)
Seat 2: Fess7791 ($60 in chips)
ChicagoBull4: posts small blind $1
Fess7791: posts big blind $3
*** HOLE CARDS ***
ChicagoBull4: raises $3 to $6
Fess7791: calls $3
*** FLOP *** [5c 2c As]
Fess7791: checks
ChicagoBull4: bets $3
Fess7791: raises $3 to $6
ChicagoBull4: folds
Uncalled bet ($3) returned to Fess7791
Fess7791 collected $17.64 from pot
Fess7791: doesn't show hand
*** SUMMARY ***
Total pot $18 | Rake $0.36
Board [5c 2c As]
Seat 1: ChicagoBull4 (button) (small blind) folded on the Flop
Seat 2: Fess7791 (big blind) collected ($17.64)


PokerStars Hand #144579226414:  Hold'em Limit ($3/$6 USD) - 2015/11/29 16:15:59 ET
Table 'Osiris IV' 2-max Seat #2 is the button
Seat 1: ChicagoBull4 ($162.70 in chips)
Seat 2: Fess7791 ($60 in chips)
Fess7791: posts small blind $1
ChicagoBull4: posts big blind $3
*** HOLE CARDS ***
Fess7791: raises $3 to $6
ChicagoBull4: calls $3
*** FLOP *** [Kh Td 4c]
ChicagoBull4: checks
Fess7791: bets $3
ChicagoBull4: raises $3 to $6
Fess7791: calls $3
*** TURN *** [Kh Td 4c] [2h]
ChicagoBull4: bets $6
Fess7791: calls $6
*** RIVER *** [Kh Td 4c 2h] [9s]
ChicagoBull4: bets $6
Fess7791: folds
Uncalled bet ($6) returned to ChicagoBull4
ChicagoBull4 collected $35.50 from pot
ChicagoBull4: doesn't show hand
*** SUMMARY ***
Total pot $36 | Rake $0.50
Board [Kh Td 4c 2h 9s]
Seat 1: ChicagoBull4 (big blind) collected ($35.50)
Seat 2: Fess7791 (button) (small blind) folded on the River


PokerStars Hand #144579219807:  Hold'em Limit ($3/$6 USD) - 2015/11/29 16:15:53 ET
Table 'Osiris IV' 2-max Seat #1 is the button
Seat 1: ChicagoBull4 ($159.70 in chips)
Seat 2: Fess7791 ($60 in chips)
ChicagoBull4: posts small blind $1
Fess7791: posts big blind $3
*** HOLE CARDS ***
ChicagoBull4: raises $3 to $6
Fess7791: folds
Uncalled bet ($3) returned to ChicagoBull4
ChicagoBull4 collected $6 from pot
ChicagoBull4: doesn't show hand
*** SUMMARY ***
Total pot $6 | Rake $0
Seat 1: ChicagoBull4 (button) (small blind) collected ($6)
Seat 2: Fess7791 (big blind) folded before Flop


PokerStars Hand #144579322892:  Hold'em Limit ($3/$6 USD) - 2015/11/29 16:17:30 ET
Table 'Osiris IV' 2-max Seat #2 is the button
Seat 1: ChicagoBull4 ($170.60 in chips)
Seat 2: Fess7791 ($68.64 in chips)
Fess7791: posts small blind $1
ChicagoBull4: posts big blind $3
*** HOLE CARDS ***
Fess7791: raises $3 to $6
ChicagoBull4: calls $3
*** FLOP *** [5s 2h 3c]
ChicagoBull4: bets $3
Fess7791: calls $3
*** TURN *** [5s 2h 3c] [4c]
ChicagoBull4: bets $6
Fess7791: calls $6
*** RIVER *** [5s 2h 3c 4c] [8s]
ChicagoBull4: bets $6
Fess7791: calls $6
*** SHOW DOWN ***
ChicagoBull4: shows [Ad 3h] (a straight, Ace to Five)
Fess7791: mucks hand
ChicagoBull4 collected $41.50 from pot
*** SUMMARY ***
Total pot $42 | Rake $0.50
Board [5s 2h 3c 4c 8s]
Seat 1: ChicagoBull4 (big blind) showed [Ad 3h] and won ($41.50) with a straight, Ace to Five
Seat 2: Fess7791 (button) (small blind) mucked


PokerStars Hand #144579309653:  Hold'em Limit ($3/$6 USD) - 2015/11/29 16:17:18 ET
Table 'Osiris IV' 2-max Seat #1 is the button
Seat 1: ChicagoBull4 ($179.60 in chips)
Seat 2: Fess7791 ($60 in chips)
ChicagoBull4: posts small blind $1
Fess7791: posts big blind $3
*** HOLE CARDS ***
ChicagoBull4: raises $3 to $6
Fess7791: calls $3
*** FLOP *** [Ad Jd Tc]
Fess7791: checks
ChicagoBull4: bets $3
Fess7791: raises $3 to $6
ChicagoBull4: folds
Uncalled bet ($3) returned to Fess7791
Fess7791 collected $17.64 from pot
Fess7791: doesn't show hand
*** SUMMARY ***
Total pot $18 | Rake $0.36
Board [Ad Jd Tc]
Seat 1: ChicagoBull4 (button) (small blind) folded on the Flop
Seat 2: Fess7791 (big blind) collected ($17.64)


PokerStars Hand #144579287313:  Hold'em Limit ($3/$6 USD) - 2015/11/29 16:16:57 ET
Table 'Osiris IV' 2-max Seat #2 is the button
Seat 1: ChicagoBull4 ($170.96 in chips)
Seat 2: Fess7791 ($68.40 in chips)
Fess7791: posts small blind $1
ChicagoBull4: posts big blind $3
*** HOLE CARDS ***
Fess7791: raises $3 to $6
ChicagoBull4: calls $3
*** FLOP *** [Th 3d Jd]
ChicagoBull4: checks
Fess7791: bets $3
ChicagoBull4: calls $3
*** TURN *** [Th 3d Jd] [Kd]
ChicagoBull4: bets $6
Fess7791: folds
Uncalled bet ($6) returned to ChicagoBull4
ChicagoBull4 collected $17.64 from pot
ChicagoBull4: doesn't show hand
*** SUMMARY ***
Total pot $18 | Rake $0.36
Board [Th 3d Jd Kd]
Seat 1: ChicagoBull4 (big blind) collected ($17.64)
Seat 2: Fess7791 (button) (small blind) folded on the Turn


PokerStars Hand #144579274851:  Hold'em Limit ($3/$6 USD) - 2015/11/29 16:16:45 ET
Table 'Osiris IV' 2-max Seat #1 is the button
Seat 1: ChicagoBull4 ($165.20 in chips)
Seat 2: Fess7791 ($74.40 in chips)
ChicagoBull4: posts small blind $1
Fess7791: posts big blind $3
*** HOLE CARDS ***
ChicagoBull4: raises $3 to $6
Fess7791: calls $3
*** FLOP *** [Td Jd Js]
Fess7791: checks
ChicagoBull4: bets $3
Fess7791: folds
Uncalled bet ($3) returned to ChicagoBull4
ChicagoBull4 collected $11.76 from pot
ChicagoBull4: doesn't show hand
*** SUMMARY ***
Total pot $12 | Rake $0.24
Board [Td Jd Js]
Seat 1: ChicagoBull4 (button) (small blind) collected ($11.76)
Seat 2: Fess7791 (big blind) folded on the Flop


PokerStars Hand #144579352035:  Hold'em Limit ($3/$6 USD) - 2015/11/29 16:17:57 ET
Table 'Osiris IV' 2-max Seat #2 is the button
Seat 1: ChicagoBull4 ($190.10 in chips)
Seat 2: Fess7791 ($61 in chips)
Fess7791: posts small blind $1
ChicagoBull4: posts big blind $3
*** HOLE CARDS ***
Fess7791: raises $3 to $6
ChicagoBull4: folds
Uncalled bet ($3) returned to Fess7791
Fess7791 collected $6 from pot
Fess7791: doesn't show hand
*** SUMMARY ***
Total pot $6 | Rake $0
Seat 1: ChicagoBull4 (big blind) folded before Flop
Seat 2: Fess7791 (button) (small blind) collected ($6)


PokerStars Hand #144579347157:  Hold'em Limit ($3/$6 USD) - 2015/11/29 16:17:53 ET
Table 'Osiris IV' 2-max Seat #1 is the button
Seat 1: ChicagoBull4 ($191.10 in chips)
Seat 2: Fess7791 ($60 in chips)
ChicagoBull4: posts small blind $1
Fess7791: posts big blind $3
*** HOLE CARDS ***
ChicagoBull4: folds
Uncalled bet ($2) returned to Fess7791
Fess7791 collected $2 from pot
Fess7791: doesn't show hand
*** SUMMARY ***
Total pot $2 | Rake $0
Seat 1: ChicagoBull4 (button) (small blind) folded before Flop
Seat 2: Fess7791 (big blind) collected ($2)


PokerStars Hand #144579357898:  Hold'em Limit ($3/$6 USD) - 2015/11/29 16:18:03 ET
Table 'Osiris IV' 2-max Seat #1 is the button
Seat 1: ChicagoBull4 ($187.10 in chips)
Seat 2: Fess7791 ($64 in chips)
ChicagoBull4: posts small blind $1
Fess7791: posts big blind $3
*** HOLE CARDS ***
ChicagoBull4: raises $3 to $6
Fess7791: calls $3
*** FLOP *** [8s 6s 9c]
Fess7791: checks
ChicagoBull4: bets $3
Fess7791: raises $3 to $6
ChicagoBull4: calls $3
*** TURN *** [8s 6s 9c] [Jc]
Fess7791: bets $6
ChicagoBull4: folds
Uncalled bet ($6) returned to Fess7791
Fess7791 collected $23.52 from pot
Fess7791: doesn't show hand
ChicagoBull4 leaves the table
*** SUMMARY ***
Total pot $24 | Rake $0.48
Board [8s 6s 9c Jc]
Seat 1: ChicagoBull4 (button) (small blind) folded on the Turn
Seat 2: Fess7791 (big blind) collected ($23.52)


