PokerStars Hand #145929547576:  Hold'em Limit ($3/$6 USD) - 2015/12/26 0:52:41 ET
Table 'Osiris' 6-max Seat #2 is the button
Seat 1: VolkovDmitri ($120 in chips)
Seat 2: gracetime ($99.50 in chips)
gracetime: posts small blind $1
VolkovDmitri: posts big blind $3
*** HOLE CARDS ***
gracetime: raises $3 to $6
VolkovDmitri: folds
Uncalled bet ($3) returned to gracetime
gracetime collected $6 from pot
*** SUMMARY ***
Total pot $6 | Rake $0
Seat 1: VolkovDmitri (big blind) folded before Flop
Seat 2: gracetime (button) (small blind) collected ($6)


PokerStars Hand #145929546034:  Hold'em Limit ($3/$6 USD) - 2015/12/26 0:52:36 ET
Table 'Osiris' 6-max Seat #1 is the button
Seat 1: VolkovDmitri ($120 in chips)
Seat 2: gracetime ($98.50 in chips)
VolkovDmitri: posts small blind $1
gracetime: posts big blind $3
*** HOLE CARDS ***
VolkovDmitri: folds
Uncalled bet ($2) returned to gracetime
gracetime collected $2 from pot
*** SUMMARY ***
Total pot $2 | Rake $0
Seat 1: VolkovDmitri (button) (small blind) folded before Flop
Seat 2: gracetime (big blind) collected ($2)


PokerStars Hand #145929555086:  Hold'em Limit ($3/$6 USD) - 2015/12/26 0:53:09 ET
Table 'Osiris' 6-max Seat #2 is the button
Seat 1: VolkovDmitri ($120 in chips)
Seat 2: gracetime ($114.02 in chips)
gracetime: posts small blind $1
VolkovDmitri: posts big blind $3
*** HOLE CARDS ***
gracetime: raises $3 to $6
VolkovDmitri: calls $3
*** FLOP *** [3s 6s Jc]
VolkovDmitri: checks
gracetime: bets $3
VolkovDmitri: calls $3
*** TURN *** [3s 6s Jc] [Kc]
VolkovDmitri: bets $6
gracetime: calls $6
*** RIVER *** [3s 6s Jc Kc] [6c]
VolkovDmitri: bets $6
gracetime: raises $6 to $12
VolkovDmitri: calls $6
*** SHOW DOWN ***
gracetime: shows [7c 5c] (a flush, King high)
VolkovDmitri: mucks hand
gracetime collected $53.50 from pot
*** SUMMARY ***
Total pot $54 | Rake $0.50
Board [3s 6s Jc Kc 6c]
Seat 1: VolkovDmitri (big blind) mucked
Seat 2: gracetime (button) (small blind) showed [7c 5c] and won ($53.50) with a flush, King high


PokerStars Hand #145929565212:  Hold'em Limit ($3/$6 USD) - 2015/12/26 0:53:47 ET
Table 'Osiris' 6-max Seat #1 is the button
Seat 1: VolkovDmitri ($120 in chips)
Seat 2: gracetime ($140.52 in chips)
VolkovDmitri: posts small blind $1
gracetime: posts big blind $3
*** HOLE CARDS ***
VolkovDmitri: raises $3 to $6
gracetime: folds
Uncalled bet ($3) returned to VolkovDmitri
VolkovDmitri collected $6 from pot
VolkovDmitri: doesn't show hand
*** SUMMARY ***
Total pot $6 | Rake $0
Seat 1: VolkovDmitri (button) (small blind) collected ($6)
Seat 2: gracetime (big blind) folded before Flop


PokerStars Hand #145929550126:  Hold'em Limit ($3/$6 USD) - 2015/12/26 0:52:51 ET
Table 'Osiris' 6-max Seat #1 is the button
Seat 1: VolkovDmitri ($120 in chips)
Seat 2: gracetime ($102.50 in chips)
VolkovDmitri: posts small blind $1
gracetime: posts big blind $3
*** HOLE CARDS ***
VolkovDmitri: raises $3 to $6
gracetime: calls $3
*** FLOP *** [8c 4h 2d]
gracetime: checks
VolkovDmitri: bets $3
gracetime: raises $3 to $6
VolkovDmitri: calls $3
*** TURN *** [8c 4h 2d] [6d]
gracetime: bets $6
VolkovDmitri: folds
Uncalled bet ($6) returned to gracetime
gracetime collected $23.52 from pot
*** SUMMARY ***
Total pot $24 | Rake $0.48
Board [8c 4h 2d 6d]
Seat 1: VolkovDmitri (button) (small blind) folded on the Turn
Seat 2: gracetime (big blind) collected ($23.52)


