PokerStars Hand #145765480212:  Hold'em Limit ($3/$6 USD) - 2015/12/22 18:02:18 ET
Table 'Osiris' 6-max Seat #4 is the button
Seat 3: CoachMcA ($67.52 in chips)
Seat 4: bentinck113 ($201.77 in chips)
bentinck113: posts small blind $1
alexslep: is sitting out
CoachMcA: posts big blind $3
*** HOLE CARDS ***
alexslep leaves the table
Karpik09 leaves the table
bentinck113 has timed out
bentinck113: folds
Uncalled bet ($2) returned to CoachMcA
CoachMcA collected $2 from pot
CoachMcA: doesn't show hand
*** SUMMARY ***
Total pot $2 | Rake $0
Seat 3: CoachMcA (big blind) collected ($2)
Seat 4: bentinck113 (button) (small blind) folded before Flop


PokerStars Hand #145765588512:  Hold'em Limit ($3/$6 USD) - 2015/12/22 18:04:20 ET
Table 'Osiris' 6-max Seat #3 is the button
Seat 3: CoachMcA ($61.28 in chips)
Seat 6: Florin555330 ($246.50 in chips)
CoachMcA: posts small blind $1
Florin555330: posts big blind $3
*** HOLE CARDS ***
CoachMcA: folds
Uncalled bet ($2) returned to Florin555330
Florin555330 collected $2 from pot
Florin555330: doesn't show hand
*** SUMMARY ***
Total pot $2 | Rake $0
Seat 3: CoachMcA (button) (small blind) folded before Flop
Seat 6: Florin555330 (big blind) collected ($2)


PokerStars Hand #145765584143:  Hold'em Limit ($3/$6 USD) - 2015/12/22 18:04:15 ET
Table 'Osiris' 6-max Seat #6 is the button
Seat 3: CoachMcA ($60.28 in chips)
Seat 6: Florin555330 ($247.50 in chips)
Florin555330: posts small blind $1
CoachMcA: posts big blind $3
*** HOLE CARDS ***
Florin555330: folds
Uncalled bet ($2) returned to CoachMcA
CoachMcA collected $2 from pot
CoachMcA: doesn't show hand
*** SUMMARY ***
Total pot $2 | Rake $0
Seat 3: CoachMcA (big blind) collected ($2)
Seat 6: Florin555330 (button) (small blind) folded before Flop


PokerStars Hand #145765567876:  Hold'em Limit ($3/$6 USD) - 2015/12/22 18:03:56 ET
Table 'Osiris' 6-max Seat #3 is the button
Seat 3: CoachMcA ($75.28 in chips)
Seat 6: Florin555330 ($233 in chips)
CoachMcA: posts small blind $1
Florin555330: posts big blind $3
*** HOLE CARDS ***
CoachMcA: raises $3 to $6
Florin555330: calls $3
*** FLOP *** [4s 7d 7h]
Florin555330: checks
CoachMcA: bets $3
Florin555330: calls $3
*** TURN *** [4s 7d 7h] [2h]
Florin555330: checks
CoachMcA: checks
*** RIVER *** [4s 7d 7h 2h] [Ts]
Florin555330: bets $6
CoachMcA: calls $6
*** SHOW DOWN ***
Florin555330: shows [6c 2c] (two pair, Sevens and Deuces)
CoachMcA: mucks hand
Florin555330 collected $29.50 from pot
*** SUMMARY ***
Total pot $30 | Rake $0.50
Board [4s 7d 7h 2h Ts]
Seat 3: CoachMcA (button) (small blind) mucked
Seat 6: Florin555330 (big blind) showed [6c 2c] and won ($29.50) with two pair, Sevens and Deuces


PokerStars Hand #145765563172:  Hold'em Limit ($3/$6 USD) - 2015/12/22 18:03:51 ET
Table 'Osiris' 6-max Seat #6 is the button
Seat 3: CoachMcA ($74.28 in chips)
Seat 6: Florin555330 ($234 in chips)
Florin555330: posts small blind $1
CoachMcA: posts big blind $3
*** HOLE CARDS ***
Florin555330: folds
Uncalled bet ($2) returned to CoachMcA
CoachMcA collected $2 from pot
CoachMcA: doesn't show hand
*** SUMMARY ***
Total pot $2 | Rake $0
Seat 3: CoachMcA (big blind) collected ($2)
Seat 6: Florin555330 (button) (small blind) folded before Flop


PokerStars Hand #145765558199:  Hold'em Limit ($3/$6 USD) - 2015/12/22 18:03:46 ET
Table 'Osiris' 6-max Seat #3 is the button
Seat 3: CoachMcA ($75.28 in chips)
Seat 6: Florin555330 ($233 in chips)
CoachMcA: posts small blind $1
Florin555330: posts big blind $3
*** HOLE CARDS ***
CoachMcA: folds
Uncalled bet ($2) returned to Florin555330
Florin555330 collected $2 from pot
Florin555330: doesn't show hand
*** SUMMARY ***
Total pot $2 | Rake $0
Seat 3: CoachMcA (button) (small blind) folded before Flop
Seat 6: Florin555330 (big blind) collected ($2)


PokerStars Hand #145765535931:  Hold'em Limit ($3/$6 USD) - 2015/12/22 18:03:21 ET
Table 'Osiris' 6-max Seat #3 is the button
Seat 3: CoachMcA ($68.52 in chips)
Seat 6: Florin555330 ($240 in chips)
CoachMcA: posts small blind $1
Florin555330: posts big blind $3
*** HOLE CARDS ***
CoachMcA: raises $3 to $6
Florin555330: calls $3
*** FLOP *** [Td 2h Jc]
Florin555330: checks
CoachMcA: checks
*** TURN *** [Td 2h Jc] [Tc]
Florin555330: checks
CoachMcA: bets $6
Florin555330: folds
Uncalled bet ($6) returned to CoachMcA
CoachMcA collected $11.76 from pot
CoachMcA: doesn't show hand
*** SUMMARY ***
Total pot $12 | Rake $0.24
Board [Td 2h Jc Tc]
Seat 3: CoachMcA (button) (small blind) collected ($11.76)
Seat 6: Florin555330 (big blind) folded on the Turn


PokerStars Hand #145765553688:  Hold'em Limit ($3/$6 USD) - 2015/12/22 18:03:41 ET
Table 'Osiris' 6-max Seat #6 is the button
Seat 3: CoachMcA ($74.28 in chips)
Seat 6: Florin555330 ($234 in chips)
Florin555330: posts small blind $1
CoachMcA: posts big blind $3
*** HOLE CARDS ***
Florin555330: folds
Uncalled bet ($2) returned to CoachMcA
CoachMcA collected $2 from pot
CoachMcA: doesn't show hand
*** SUMMARY ***
Total pot $2 | Rake $0
Seat 3: CoachMcA (big blind) collected ($2)
Seat 6: Florin555330 (button) (small blind) folded before Flop


PokerStars Hand #145765630991:  Hold'em Limit ($3/$6 USD) - 2015/12/22 18:05:07 ET
Table 'Osiris' 6-max Seat #6 is the button
Seat 3: CoachMcA ($60.92 in chips)
Seat 6: Florin555330 ($246.26 in chips)
Florin555330: posts small blind $1
CoachMcA: posts big blind $3
*** HOLE CARDS ***
Florin555330: raises $3 to $6
CoachMcA: raises $3 to $9
Florin555330: calls $3
*** FLOP *** [2h As Ks]
CoachMcA: bets $3
Florin555330: calls $3
*** TURN *** [2h As Ks] [Qc]
CoachMcA: bets $6
Florin555330: folds
Uncalled bet ($6) returned to CoachMcA
CoachMcA collected $23.52 from pot
CoachMcA: doesn't show hand
*** SUMMARY ***
Total pot $24 | Rake $0.48
Board [2h As Ks Qc]
Seat 3: CoachMcA (big blind) collected ($23.52)
Seat 6: Florin555330 (button) (small blind) folded on the Turn


PokerStars Hand #145765626352:  Hold'em Limit ($3/$6 USD) - 2015/12/22 18:05:02 ET
Table 'Osiris' 6-max Seat #3 is the button
Seat 3: CoachMcA ($61.92 in chips)
Seat 6: Florin555330 ($245.26 in chips)
CoachMcA: posts small blind $1
Florin555330: posts big blind $3
*** HOLE CARDS ***
CoachMcA: folds
Uncalled bet ($2) returned to Florin555330
Florin555330 collected $2 from pot
Florin555330: doesn't show hand
*** SUMMARY ***
Total pot $2 | Rake $0
Seat 3: CoachMcA (button) (small blind) folded before Flop
Seat 6: Florin555330 (big blind) collected ($2)


PokerStars Hand #145765615086:  Hold'em Limit ($3/$6 USD) - 2015/12/22 18:04:50 ET
Table 'Osiris' 6-max Seat #6 is the button
Seat 3: CoachMcA ($67.92 in chips)
Seat 6: Florin555330 ($239.50 in chips)
Florin555330: posts small blind $1
CoachMcA: posts big blind $3
*** HOLE CARDS ***
Florin555330: raises $3 to $6
CoachMcA: calls $3
*** FLOP *** [As Qh 4d]
CoachMcA: checks
Florin555330: bets $3
CoachMcA: folds
Uncalled bet ($3) returned to Florin555330
Florin555330 collected $11.76 from pot
Florin555330: doesn't show hand
*** SUMMARY ***
Total pot $12 | Rake $0.24
Board [As Qh 4d]
Seat 3: CoachMcA (big blind) folded on the Flop
Seat 6: Florin555330 (button) (small blind) collected ($11.76)


PokerStars Hand #145765609159:  Hold'em Limit ($3/$6 USD) - 2015/12/22 18:04:43 ET
Table 'Osiris' 6-max Seat #3 is the button
Seat 3: CoachMcA ($68.92 in chips)
Seat 6: Florin555330 ($238.50 in chips)
CoachMcA: posts small blind $1
Florin555330: posts big blind $3
*** HOLE CARDS ***
CoachMcA: folds
Uncalled bet ($2) returned to Florin555330
Florin555330 collected $2 from pot
Florin555330: doesn't show hand
*** SUMMARY ***
Total pot $2 | Rake $0
Seat 3: CoachMcA (button) (small blind) folded before Flop
Seat 6: Florin555330 (big blind) collected ($2)


PokerStars Hand #145765592976:  Hold'em Limit ($3/$6 USD) - 2015/12/22 18:04:25 ET
Table 'Osiris' 6-max Seat #6 is the button
Seat 3: CoachMcA ($60.28 in chips)
Seat 6: Florin555330 ($247.50 in chips)
Florin555330: posts small blind $1
CoachMcA: posts big blind $3
*** HOLE CARDS ***
Florin555330: raises $3 to $6
CoachMcA: raises $3 to $9
Florin555330: calls $3
*** FLOP *** [3c Ad Th]
CoachMcA: checks
Florin555330: checks
*** TURN *** [3c Ad Th] [2h]
CoachMcA: checks
Florin555330: checks
*** RIVER *** [3c Ad Th 2h] [7c]
CoachMcA: bets $6
Florin555330: folds
Uncalled bet ($6) returned to CoachMcA
CoachMcA collected $17.64 from pot
CoachMcA: doesn't show hand
*** SUMMARY ***
Total pot $18 | Rake $0.36
Board [3c Ad Th 2h 7c]
Seat 3: CoachMcA (big blind) collected ($17.64)
Seat 6: Florin555330 (button) (small blind) folded on the River


PokerStars Hand #145765644801:  Hold'em Limit ($3/$6 USD) - 2015/12/22 18:05:23 ET
Table 'Osiris' 6-max Seat #3 is the button
Seat 3: CoachMcA ($72.44 in chips)
Seat 6: Florin555330 ($234.26 in chips)
CoachMcA: posts small blind $1
Florin555330: posts big blind $3
*** HOLE CARDS ***
CoachMcA: raises $3 to $6
SmellyToes4u joins the table at seat #1
Florin555330: calls $3
*** FLOP *** [Qs 5c 3d]
Florin555330: bets $3
CoachMcA: calls $3
*** TURN *** [Qs 5c 3d] [7c]
Florin555330: checks
CoachMcA: checks
*** RIVER *** [Qs 5c 3d 7c] [2h]
Florin555330: bets $6
CoachMcA: calls $6
*** SHOW DOWN ***
Florin555330: shows [2c 9d] (a pair of Deuces)
CoachMcA: shows [3s As] (a pair of Threes)
CoachMcA collected $29.50 from pot
*** SUMMARY ***
Total pot $30 | Rake $0.50
Board [Qs 5c 3d 7c 2h]
Seat 3: CoachMcA (button) (small blind) showed [3s As] and won ($29.50) with a pair of Threes
Seat 6: Florin555330 (big blind) showed [2c 9d] and lost with a pair of Deuces


PokerStars Hand #145766094557:  Hold'em Limit ($3/$6 USD) - 2015/12/22 18:13:58 ET
Table 'Osiris' 6-max Seat #1 is the button
Seat 1: SmellyToes4u ($166.49 in chips)
Seat 3: CoachMcA ($104.92 in chips)
SmellyToes4u: posts small blind $1
CoachMcA: posts big blind $3
*** HOLE CARDS ***
SmellyToes4u: folds
Uncalled bet ($2) returned to CoachMcA
CoachMcA collected $2 from pot
CoachMcA: doesn't show hand
*** SUMMARY ***
Total pot $2 | Rake $0
Seat 1: SmellyToes4u (button) (small blind) folded before Flop
Seat 3: CoachMcA (big blind) collected ($2)


PokerStars Hand #145766101617:  Hold'em Limit ($3/$6 USD) - 2015/12/22 18:14:07 ET
Table 'Osiris' 6-max Seat #3 is the button
Seat 1: SmellyToes4u ($165.49 in chips)
Seat 3: CoachMcA ($105.92 in chips)
CoachMcA: posts small blind $1
SmellyToes4u: posts big blind $3
*** HOLE CARDS ***
CoachMcA: raises $3 to $6
SmellyToes4u: calls $3
*** FLOP *** [As 7s Jc]
SmellyToes4u: checks
CoachMcA: bets $3
Florin555330 leaves the table
SmellyToes4u: calls $3
*** TURN *** [As 7s Jc] [Qs]
SmellyToes4u: checks
CoachMcA: checks
*** RIVER *** [As 7s Jc Qs] [9h]
SmellyToes4u: bets $6
CoachMcA: calls $6
*** SHOW DOWN ***
SmellyToes4u: shows [Kc Jh] (a pair of Jacks)
CoachMcA: shows [Qh 8c] (a pair of Queens)
CoachMcA collected $29.50 from pot
*** SUMMARY ***
Total pot $30 | Rake $0.50
Board [As 7s Jc Qs 9h]
Seat 1: SmellyToes4u (big blind) showed [Kc Jh] and lost with a pair of Jacks
Seat 3: CoachMcA (button) (small blind) showed [Qh 8c] and won ($29.50) with a pair of Queens


PokerStars Hand #145766162515:  Hold'em Limit ($3/$6 USD) - 2015/12/22 18:15:18 ET
Table 'Osiris' 6-max Seat #1 is the button
Seat 1: SmellyToes4u ($147.25 in chips)
Seat 3: CoachMcA ($123.06 in chips)
SmellyToes4u: posts small blind $1
CoachMcA: posts big blind $3
*** HOLE CARDS ***
SmellyToes4u: folds
Uncalled bet ($2) returned to CoachMcA
CoachMcA collected $2 from pot
CoachMcA: doesn't show hand
*** SUMMARY ***
Total pot $2 | Rake $0
Seat 1: SmellyToes4u (button) (small blind) folded before Flop
Seat 3: CoachMcA (big blind) collected ($2)


PokerStars Hand #145766150272:  Hold'em Limit ($3/$6 USD) - 2015/12/22 18:15:03 ET
Table 'Osiris' 6-max Seat #3 is the button
Seat 1: SmellyToes4u ($141.49 in chips)
Seat 3: CoachMcA ($129.06 in chips)
CoachMcA: posts small blind $1
SmellyToes4u: posts big blind $3
*** HOLE CARDS ***
CoachMcA: raises $3 to $6
SmellyToes4u: calls $3
*** FLOP *** [7c 5h Qh]
SmellyToes4u: checks
CoachMcA: checks
*** TURN *** [7c 5h Qh] [Jh]
SmellyToes4u: bets $6
CoachMcA: folds
Uncalled bet ($6) returned to SmellyToes4u
SmellyToes4u collected $11.76 from pot
SmellyToes4u: doesn't show hand
*** SUMMARY ***
Total pot $12 | Rake $0.24
Board [7c 5h Qh Jh]
Seat 1: SmellyToes4u (big blind) collected ($11.76)
Seat 3: CoachMcA (button) (small blind) folded on the Turn


PokerStars Hand #145766127887:  Hold'em Limit ($3/$6 USD) - 2015/12/22 18:14:37 ET
Table 'Osiris' 6-max Seat #1 is the button
Seat 1: SmellyToes4u ($150.49 in chips)
Seat 3: CoachMcA ($120.42 in chips)
SmellyToes4u: posts small blind $1
CoachMcA: posts big blind $3
*** HOLE CARDS ***
SmellyToes4u: raises $3 to $6
CoachMcA: calls $3
*** FLOP *** [7s Ac 8d]
CoachMcA: checks
SmellyToes4u: bets $3
CoachMcA: calls $3
*** TURN *** [7s Ac 8d] [8h]
CoachMcA: checks
SmellyToes4u: checks
*** RIVER *** [7s Ac 8d 8h] [4d]
CoachMcA: bets $6
SmellyToes4u: folds
Uncalled bet ($6) returned to CoachMcA
CoachMcA collected $17.64 from pot
CoachMcA: doesn't show hand
*** SUMMARY ***
Total pot $18 | Rake $0.36
Board [7s Ac 8d 8h 4d]
Seat 1: SmellyToes4u (button) (small blind) folded on the River
Seat 3: CoachMcA (big blind) collected ($17.64)


PokerStars Hand #145766168893:  Hold'em Limit ($3/$6 USD) - 2015/12/22 18:15:25 ET
Table 'Osiris' 6-max Seat #3 is the button
Seat 1: SmellyToes4u ($146.25 in chips)
Seat 3: CoachMcA ($124.06 in chips)
CoachMcA: posts small blind $1
SmellyToes4u: posts big blind $3
*** HOLE CARDS ***
CoachMcA: folds
Uncalled bet ($2) returned to SmellyToes4u
SmellyToes4u collected $2 from pot
SmellyToes4u: doesn't show hand
*** SUMMARY ***
Total pot $2 | Rake $0
Seat 1: SmellyToes4u (big blind) collected ($2)
Seat 3: CoachMcA (button) (small blind) folded before Flop


PokerStars Hand #145766193641:  Hold'em Limit ($3/$6 USD) - 2015/12/22 18:15:54 ET
Table 'Osiris' 6-max Seat #3 is the button
Seat 1: SmellyToes4u ($153.01 in chips)
Seat 3: CoachMcA ($117.06 in chips)
CoachMcA: posts small blind $1
SmellyToes4u: posts big blind $3
*** HOLE CARDS ***
CoachMcA: raises $3 to $6
SmellyToes4u: calls $3
*** FLOP *** [Qh Kc Js]
SmellyToes4u: checks
CoachMcA: checks
*** TURN *** [Qh Kc Js] [2s]
SmellyToes4u: checks
CoachMcA: checks
*** RIVER *** [Qh Kc Js 2s] [Th]
SmellyToes4u: bets $6
CoachMcA: calls $6
*** SHOW DOWN ***
SmellyToes4u: shows [5d 9c] (a straight, Nine to King)
CoachMcA: mucks hand
SmellyToes4u collected $23.52 from pot
*** SUMMARY ***
Total pot $24 | Rake $0.48
Board [Qh Kc Js 2s Th]
Seat 1: SmellyToes4u (big blind) showed [5d 9c] and won ($23.52) with a straight, Nine to King
Seat 3: CoachMcA (button) (small blind) mucked


PokerStars Hand #145766189571:  Hold'em Limit ($3/$6 USD) - 2015/12/22 18:15:49 ET
Table 'Osiris' 6-max Seat #1 is the button
Seat 1: SmellyToes4u ($154.01 in chips)
Seat 3: CoachMcA ($116.06 in chips)
SmellyToes4u: posts small blind $1
CoachMcA: posts big blind $3
*** HOLE CARDS ***
SmellyToes4u: folds
Uncalled bet ($2) returned to CoachMcA
CoachMcA collected $2 from pot
CoachMcA: doesn't show hand
*** SUMMARY ***
Total pot $2 | Rake $0
Seat 1: SmellyToes4u (button) (small blind) folded before Flop
Seat 3: CoachMcA (big blind) collected ($2)


PokerStars Hand #145766185135:  Hold'em Limit ($3/$6 USD) - 2015/12/22 18:15:44 ET
Table 'Osiris' 6-max Seat #3 is the button
Seat 1: SmellyToes4u ($153.01 in chips)
Seat 3: CoachMcA ($117.06 in chips)
CoachMcA: posts small blind $1
SmellyToes4u: posts big blind $3
*** HOLE CARDS ***
CoachMcA: folds
Uncalled bet ($2) returned to SmellyToes4u
SmellyToes4u collected $2 from pot
SmellyToes4u: doesn't show hand
*** SUMMARY ***
Total pot $2 | Rake $0
Seat 1: SmellyToes4u (big blind) collected ($2)
Seat 3: CoachMcA (button) (small blind) folded before Flop


PokerStars Hand #145766209056:  Hold'em Limit ($3/$6 USD) - 2015/12/22 18:16:12 ET
Table 'Osiris' 6-max Seat #1 is the button
Seat 1: SmellyToes4u ($164.53 in chips)
Seat 3: CoachMcA ($105.06 in chips)
SmellyToes4u: posts small blind $1
CoachMcA: posts big blind $3
*** HOLE CARDS ***
SmellyToes4u: raises $3 to $6
CoachMcA: calls $3
*** FLOP *** [5c 4c 8s]
CoachMcA: checks
SmellyToes4u: bets $3
CoachMcA: raises $3 to $6
SmellyToes4u: folds
Uncalled bet ($3) returned to CoachMcA
CoachMcA collected $17.64 from pot
CoachMcA: doesn't show hand
*** SUMMARY ***
Total pot $18 | Rake $0.36
Board [5c 4c 8s]
Seat 1: SmellyToes4u (button) (small blind) folded on the Flop
Seat 3: CoachMcA (big blind) collected ($17.64)


PokerStars Hand #145766173107:  Hold'em Limit ($3/$6 USD) - 2015/12/22 18:15:30 ET
Table 'Osiris' 6-max Seat #1 is the button
Seat 1: SmellyToes4u ($147.25 in chips)
Seat 3: CoachMcA ($123.06 in chips)
SmellyToes4u: posts small blind $1
CoachMcA: posts big blind $3
*** HOLE CARDS ***
SmellyToes4u: raises $3 to $6
CoachMcA: calls $3
*** FLOP *** [Qd 4s 8d]
CoachMcA: checks
SmellyToes4u: bets $3
CoachMcA: folds
Uncalled bet ($3) returned to SmellyToes4u
SmellyToes4u collected $11.76 from pot
SmellyToes4u: doesn't show hand
*** SUMMARY ***
Total pot $12 | Rake $0.24
Board [Qd 4s 8d]
Seat 1: SmellyToes4u (button) (small blind) collected ($11.76)
Seat 3: CoachMcA (big blind) folded on the Flop


PokerStars Hand #145766262155:  Hold'em Limit ($3/$6 USD) - 2015/12/22 18:17:14 ET
Table 'Osiris' 6-max Seat #3 is the button
Seat 1: SmellyToes4u ($163.17 in chips)
Seat 3: CoachMcA ($105.70 in chips)
CoachMcA: posts small blind $1
SmellyToes4u: posts big blind $3
*** HOLE CARDS ***
CoachMcA: raises $3 to $6
SmellyToes4u: raises $3 to $9
bentinck113 leaves the table
CoachMcA: calls $3
*** FLOP *** [Ac Ks 5c]
SmellyToes4u: bets $3
CoachMcA: folds
Uncalled bet ($3) returned to SmellyToes4u
SmellyToes4u collected $17.64 from pot
SmellyToes4u: doesn't show hand
*** SUMMARY ***
Total pot $18 | Rake $0.36
Board [Ac Ks 5c]
Seat 1: SmellyToes4u (big blind) collected ($17.64)
Seat 3: CoachMcA (button) (small blind) folded on the Flop


PokerStars Hand #145766258284:  Hold'em Limit ($3/$6 USD) - 2015/12/22 18:17:09 ET
Table 'Osiris' 6-max Seat #1 is the button
Seat 1: SmellyToes4u ($164.17 in chips)
Seat 3: CoachMcA ($104.70 in chips)
SmellyToes4u: posts small blind $1
CoachMcA: posts big blind $3
*** HOLE CARDS ***
SmellyToes4u: folds
Uncalled bet ($2) returned to CoachMcA
CoachMcA collected $2 from pot
CoachMcA: doesn't show hand
*** SUMMARY ***
Total pot $2 | Rake $0
Seat 1: SmellyToes4u (button) (small blind) folded before Flop
Seat 3: CoachMcA (big blind) collected ($2)


PokerStars Hand #145766254325:  Hold'em Limit ($3/$6 USD) - 2015/12/22 18:17:05 ET
Table 'Osiris' 6-max Seat #3 is the button
Seat 1: SmellyToes4u ($163.17 in chips)
Seat 3: CoachMcA ($105.70 in chips)
CoachMcA: posts small blind $1
SmellyToes4u: posts big blind $3
*** HOLE CARDS ***
CoachMcA: folds
Uncalled bet ($2) returned to SmellyToes4u
SmellyToes4u collected $2 from pot
SmellyToes4u: doesn't show hand
*** SUMMARY ***
Total pot $2 | Rake $0
Seat 1: SmellyToes4u (big blind) collected ($2)
Seat 3: CoachMcA (button) (small blind) folded before Flop


PokerStars Hand #145766250228:  Hold'em Limit ($3/$6 USD) - 2015/12/22 18:17:00 ET
Table 'Osiris' 6-max Seat #1 is the button
Seat 1: SmellyToes4u ($164.17 in chips)
Seat 3: CoachMcA ($104.70 in chips)
SmellyToes4u: posts small blind $1
CoachMcA: posts big blind $3
*** HOLE CARDS ***
SmellyToes4u: folds
Uncalled bet ($2) returned to CoachMcA
CoachMcA collected $2 from pot
CoachMcA: doesn't show hand
*** SUMMARY ***
Total pot $2 | Rake $0
Seat 1: SmellyToes4u (button) (small blind) folded before Flop
Seat 3: CoachMcA (big blind) collected ($2)


PokerStars Hand #145766228377:  Hold'em Limit ($3/$6 USD) - 2015/12/22 18:16:35 ET
Table 'Osiris' 6-max Seat #3 is the button
Seat 1: SmellyToes4u ($155.53 in chips)
Seat 3: CoachMcA ($113.70 in chips)
CoachMcA: posts small blind $1
SmellyToes4u: posts big blind $3
*** HOLE CARDS ***
CoachMcA: raises $3 to $6
SmellyToes4u: calls $3
*** FLOP *** [9c 2s Ah]
SmellyToes4u: checks
CoachMcA: bets $3
SmellyToes4u: calls $3
*** TURN *** [9c 2s Ah] [Ad]
SmellyToes4u: checks
CoachMcA: checks
*** RIVER *** [9c 2s Ah Ad] [Qc]
SmellyToes4u: checks
CoachMcA: checks
*** SHOW DOWN ***
SmellyToes4u: shows [Td Ac] (three of a kind, Aces)
CoachMcA: mucks hand
SmellyToes4u collected $17.64 from pot
*** SUMMARY ***
Total pot $18 | Rake $0.36
Board [9c 2s Ah Ad Qc]
Seat 1: SmellyToes4u (big blind) showed [Td Ac] and won ($17.64) with three of a kind, Aces
Seat 3: CoachMcA (button) (small blind) mucked


PokerStars Hand #145766307845:  Hold'em Limit ($3/$6 USD) - 2015/12/22 18:18:08 ET
Table 'Osiris' 6-max Seat #3 is the button
Seat 1: SmellyToes4u ($157.81 in chips)
Seat 3: CoachMcA ($110.20 in chips)
CoachMcA: posts small blind $1
SmellyToes4u: posts big blind $3
*** HOLE CARDS ***
CoachMcA: raises $3 to $6
SmellyToes4u: calls $3
*** FLOP *** [7h 5s Kd]
SmellyToes4u: checks
CoachMcA: bets $3
SmellyToes4u: calls $3
*** TURN *** [7h 5s Kd] [2h]
SmellyToes4u: checks
CoachMcA: checks
*** RIVER *** [7h 5s Kd 2h] [6c]
SmellyToes4u: bets $6
CoachMcA: folds
Uncalled bet ($6) returned to SmellyToes4u
SmellyToes4u collected $17.64 from pot
SmellyToes4u: doesn't show hand
*** SUMMARY ***
Total pot $18 | Rake $0.36
Board [7h 5s Kd 2h 6c]
Seat 1: SmellyToes4u (big blind) collected ($17.64)
Seat 3: CoachMcA (button) (small blind) folded on the River


PokerStars Hand #145766303157:  Hold'em Limit ($3/$6 USD) - 2015/12/22 18:18:02 ET
Table 'Osiris' 6-max Seat #1 is the button
Seat 1: SmellyToes4u ($154.81 in chips)
Seat 3: CoachMcA ($113.20 in chips)
SmellyToes4u: posts small blind $1
CoachMcA: posts big blind $3
*** HOLE CARDS ***
SmellyToes4u: raises $3 to $6
CoachMcA: folds
Uncalled bet ($3) returned to SmellyToes4u
SmellyToes4u collected $6 from pot
SmellyToes4u: doesn't show hand
*** SUMMARY ***
Total pot $6 | Rake $0
Seat 1: SmellyToes4u (button) (small blind) collected ($6)
Seat 3: CoachMcA (big blind) folded before Flop


PokerStars Hand #145766298776:  Hold'em Limit ($3/$6 USD) - 2015/12/22 18:17:57 ET
Table 'Osiris' 6-max Seat #3 is the button
Seat 1: SmellyToes4u ($153.81 in chips)
Seat 3: CoachMcA ($114.20 in chips)
CoachMcA: posts small blind $1
SmellyToes4u: posts big blind $3
*** HOLE CARDS ***
CoachMcA: folds
Uncalled bet ($2) returned to SmellyToes4u
SmellyToes4u collected $2 from pot
SmellyToes4u: doesn't show hand
*** SUMMARY ***
Total pot $2 | Rake $0
Seat 1: SmellyToes4u (big blind) collected ($2)
Seat 3: CoachMcA (button) (small blind) folded before Flop


PokerStars Hand #145766272580:  Hold'em Limit ($3/$6 USD) - 2015/12/22 18:17:26 ET
Table 'Osiris' 6-max Seat #1 is the button
Seat 1: SmellyToes4u ($171.81 in chips)
Seat 3: CoachMcA ($96.70 in chips)
SmellyToes4u: posts small blind $1
CoachMcA: posts big blind $3
*** HOLE CARDS ***
SmellyToes4u: raises $3 to $6
CoachMcA: calls $3
*** FLOP *** [Kc Ks 6s]
CoachMcA: checks
SmellyToes4u: bets $3
CoachMcA: raises $3 to $6
SmellyToes4u: calls $3
*** TURN *** [Kc Ks 6s] [As]
CoachMcA: bets $6
SmellyToes4u: calls $6
*** RIVER *** [Kc Ks 6s As] [2c]
CoachMcA: bets $6
SmellyToes4u: folds
Uncalled bet ($6) returned to CoachMcA
CoachMcA collected $35.50 from pot
CoachMcA: doesn't show hand
*** SUMMARY ***
Total pot $36 | Rake $0.50
Board [Kc Ks 6s As 2c]
Seat 1: SmellyToes4u (button) (small blind) folded on the River
Seat 3: CoachMcA (big blind) collected ($35.50)


PokerStars Hand #145766327711:  Hold'em Limit ($3/$6 USD) - 2015/12/22 18:18:31 ET
Table 'Osiris' 6-max Seat #1 is the button
Seat 1: SmellyToes4u ($166.45 in chips)
Seat 3: CoachMcA ($101.20 in chips)
SmellyToes4u: posts small blind $1
CoachMcA: posts big blind $3
*** HOLE CARDS ***
SmellyToes4u: raises $3 to $6
CoachMcA: raises $3 to $9
SmellyToes4u: calls $3
*** FLOP *** [Jh 3h 3c]
CoachMcA: bets $3
_fayzulllo_ joins the table at seat #4
SmellyToes4u: raises $3 to $6
CoachMcA: calls $3
*** TURN *** [Jh 3h 3c] [Kc]
CoachMcA: checks
SmellyToes4u: checks
*** RIVER *** [Jh 3h 3c Kc] [9s]
CoachMcA: checks
SlickDickey joins the table at seat #5
SmellyToes4u: checks
*** SHOW DOWN ***
CoachMcA: shows [As 9d] (two pair, Nines and Threes)
SmellyToes4u: mucks hand
CoachMcA collected $29.50 from pot
*** SUMMARY ***
Total pot $30 | Rake $0.50
Board [Jh 3h 3c Kc 9s]
Seat 1: SmellyToes4u (button) (small blind) mucked
Seat 3: CoachMcA (big blind) showed [As 9d] and won ($29.50) with two pair, Nines and Threes


