PokerStars Hand #175158291265:  Hold'em Limit ($3/$6 USD) - 2017/09/03 13:30:00 ET
Table 'Osita' 6-max Seat #1 is the button
Seat 1: kote1969 ($33.39 in chips)
Seat 3: Ale4o ($119 in chips)
kote1969: posts small blind $1
Ale4o: posts big blind $3
*** HOLE CARDS ***
kote1969: folds
Uncalled bet ($2) returned to Ale4o
Ale4o collected $2 from pot
Ale4o: doesn't show hand
*** SUMMARY ***
Total pot $2 | Rake $0
Seat 1: kote1969 (button) (small blind) folded before Flop
Seat 3: Ale4o (big blind) collected ($2)


PokerStars Hand #175158301044:  Hold'em Limit ($3/$6 USD) - 2017/09/03 13:30:10 ET
Table 'Osita' 6-max Seat #3 is the button
Seat 1: kote1969 ($32.39 in chips)
Seat 3: Ale4o ($120 in chips)
Ale4o: posts small blind $1
kote1969: posts big blind $3
*** HOLE CARDS ***
Ale4o: raises $3 to $6
kote1969: calls $3
*** FLOP *** [2s 4d Kd]
Agrotait leaves the table
kote1969: checks
Ale4o: bets $3
kote1969: folds
Uncalled bet ($3) returned to Ale4o
Ale4o collected $11.76 from pot
Ale4o: doesn't show hand
*** SUMMARY ***
Total pot $12 | Rake $0.24
Board [2s 4d Kd]
Seat 1: kote1969 (big blind) folded on the Flop
Seat 3: Ale4o (button) (small blind) collected ($11.76)


PokerStars Hand #175158285054:  Hold'em Limit ($3/$6 USD) - 2017/09/03 13:29:53 ET
Table 'Osita' 6-max Seat #3 is the button
Seat 1: kote1969 ($32.39 in chips)
Seat 3: Ale4o ($120 in chips)
Ale4o: posts small blind $1
Agrotait: is sitting out
kote1969: posts big blind $3
*** HOLE CARDS ***
Ale4o: folds
Uncalled bet ($2) returned to kote1969
kote1969 collected $2 from pot
kote1969: doesn't show hand
*** SUMMARY ***
Total pot $2 | Rake $0
Seat 1: kote1969 (big blind) collected ($2)
Seat 3: Ale4o (button) (small blind) folded before Flop


PokerStars Hand #175158311685:  Hold'em Limit ($3/$6 USD) - 2017/09/03 13:30:23 ET
Table 'Osita' 6-max Seat #1 is the button
Seat 1: kote1969 ($26.39 in chips)
Seat 3: Ale4o ($125.76 in chips)
kote1969: posts small blind $1
Ale4o: posts big blind $3
*** HOLE CARDS ***
kote1969: raises $3 to $6
Agrotait joins the table at seat #2
Ale4o: folds
Uncalled bet ($3) returned to kote1969
kote1969 collected $6 from pot
kote1969: doesn't show hand
*** SUMMARY ***
Total pot $6 | Rake $0
Seat 1: kote1969 (button) (small blind) collected ($6)
Seat 3: Ale4o (big blind) folded before Flop


PokerStars Hand #175158320044:  Hold'em Limit ($3/$6 USD) - 2017/09/03 13:30:32 ET
Table 'Osita' 6-max Seat #3 is the button
Seat 1: kote1969 ($29.39 in chips)
Seat 3: Ale4o ($122.76 in chips)
Ale4o: posts small blind $1
kote1969: posts big blind $3
*** HOLE CARDS ***
Ale4o: raises $3 to $6
kote1969: calls $3
*** FLOP *** [Ac 5s 7d]
kote1969: checks
Ale4o: bets $3
kote1969: folds
Uncalled bet ($3) returned to Ale4o
Ale4o collected $11.76 from pot
Ale4o: doesn't show hand
*** SUMMARY ***
Total pot $12 | Rake $0.24
Board [Ac 5s 7d]
Seat 1: kote1969 (big blind) folded on the Flop
Seat 3: Ale4o (button) (small blind) collected ($11.76)


PokerStars Hand #175158362121:  Hold'em Limit ($3/$6 USD) - 2017/09/03 13:31:20 ET
Table 'Osita' 6-max Seat #2 is the button
Seat 2: Agrotait ($79.74 in chips)
Seat 3: Ale4o ($128.52 in chips)
Agrotait: posts small blind $1
Ale4o: posts big blind $3
*** HOLE CARDS ***
Agrotait: raises $3 to $6
Ale4o: calls $3
*** FLOP *** [Ac Tc 6d]
Ale4o: checks
kote1969 leaves the table
Agrotait: bets $3
Ale4o: calls $3
*** TURN *** [Ac Tc 6d] [As]
Ale4o: checks
Agrotait: checks
*** RIVER *** [Ac Tc 6d As] [2c]
Ale4o: checks
Agrotait: bets $6
Ale4o: folds
Uncalled bet ($6) returned to Agrotait
Agrotait collected $17.64 from pot
*** SUMMARY ***
Total pot $18 | Rake $0.36
Board [Ac Tc 6d As 2c]
Seat 2: Agrotait (button) (small blind) collected ($17.64)
Seat 3: Ale4o (big blind) folded on the River


