PokerStars Hand #166352011697:  Hold'em Limit ($3/$6 USD) - 2017/02/17 12:55:05 ET
Table 'Osita' 6-max Seat #5 is the button
Seat 3: llmaiconll ($45.16 in chips)
Seat 5: vestimokrec ($117 in chips)
vestimokrec: posts small blind $1
llmaiconll: posts big blind $3
*** HOLE CARDS ***
vestimokrec: folds
Uncalled bet ($2) returned to llmaiconll
llmaiconll collected $2 from pot
llmaiconll: doesn't show hand
*** SUMMARY ***
Total pot $2 | Rake $0
Seat 3: llmaiconll (big blind) collected ($2)
Seat 5: vestimokrec (button) (small blind) folded before Flop


PokerStars Hand #166352005936:  Hold'em Limit ($3/$6 USD) - 2017/02/17 12:54:57 ET
Table 'Osita' 6-max Seat #3 is the button
Seat 3: llmaiconll ($42.16 in chips)
Seat 5: vestimokrec ($120 in chips)
llmaiconll: posts small blind $1
vestimokrec: posts big blind $3
*** HOLE CARDS ***
llmaiconll: raises $3 to $6
vestimokrec: folds
Uncalled bet ($3) returned to llmaiconll
llmaiconll collected $6 from pot
llmaiconll: doesn't show hand
*** SUMMARY ***
Total pot $6 | Rake $0
Seat 3: llmaiconll (button) (small blind) collected ($6)
Seat 5: vestimokrec (big blind) folded before Flop


PokerStars Hand #166352025801:  Hold'em Limit ($3/$6 USD) - 2017/02/17 12:55:25 ET
Table 'Osita' 6-max Seat #5 is the button
Seat 3: llmaiconll ($45.16 in chips)
Seat 5: vestimokrec ($117 in chips)
vestimokrec: posts small blind $1
llmaiconll: posts big blind $3
*** HOLE CARDS ***
vestimokrec: raises $3 to $6
llmaiconll: calls $3
*** FLOP *** [2s 2h 9s]
llmaiconll: checks
vestimokrec: bets $3
llmaiconll: folds
Uncalled bet ($3) returned to vestimokrec
vestimokrec collected $11.76 from pot
vestimokrec: doesn't show hand
*** SUMMARY ***
Total pot $12 | Rake $0.24
Board [2s 2h 9s]
Seat 3: llmaiconll (big blind) folded on the Flop
Seat 5: vestimokrec (button) (small blind) collected ($11.76)


PokerStars Hand #166352022352:  Hold'em Limit ($3/$6 USD) - 2017/02/17 12:55:20 ET
Table 'Osita' 6-max Seat #3 is the button
Seat 3: llmaiconll ($46.16 in chips)
Seat 5: vestimokrec ($116 in chips)
llmaiconll: posts small blind $1
vestimokrec: posts big blind $3
*** HOLE CARDS ***
llmaiconll: folds
Uncalled bet ($2) returned to vestimokrec
vestimokrec collected $2 from pot
vestimokrec: doesn't show hand
*** SUMMARY ***
Total pot $2 | Rake $0
Seat 3: llmaiconll (button) (small blind) folded before Flop
Seat 5: vestimokrec (big blind) collected ($2)


PokerStars Hand #166352033735:  Hold'em Limit ($3/$6 USD) - 2017/02/17 12:55:38 ET
Table 'Osita' 6-max Seat #3 is the button
Seat 3: llmaiconll ($39.16 in chips)
Seat 5: vestimokrec ($122.76 in chips)
llmaiconll: posts small blind $1
vestimokrec: posts big blind $3
*** HOLE CARDS ***
llmaiconll: raises $3 to $6
vestimokrec: calls $3
*** FLOP *** [4d 5d Js]
vestimokrec: checks
llmaiconll: bets $3
Fantomet joins the table at seat #6
vestimokrec: calls $3
*** TURN *** [4d 5d Js] [2h]
vestimokrec: checks
llmaiconll: bets $6
vestimokrec: calls $6
*** RIVER *** [4d 5d Js 2h] [Qc]
vestimokrec: checks
llmaiconll: bets $6
vestimokrec: folds
Uncalled bet ($6) returned to llmaiconll
llmaiconll collected $29.50 from pot
llmaiconll: doesn't show hand
*** SUMMARY ***
Total pot $30 | Rake $0.50
Board [4d 5d Js 2h Qc]
Seat 3: llmaiconll (button) (small blind) collected ($29.50)
Seat 5: vestimokrec (big blind) folded on the River


PokerStars Hand #166354654460:  Hold'em Limit ($3/$6 USD) - 2017/02/17 13:40:23 ET
Table 'Osita' 6-max Seat #2 is the button
Seat 1: krytalex ($171.98 in chips)
Seat 2: rascal_319 ($78.61 in chips)
rascal_319: posts small blind $1
krytalex: posts big blind $3
*** HOLE CARDS ***
rascal_319: folds
Uncalled bet ($2) returned to krytalex
krytalex collected $2 from pot
*** SUMMARY ***
Total pot $2 | Rake $0
Seat 1: krytalex (big blind) collected ($2)
Seat 2: rascal_319 (button) (small blind) folded before Flop


PokerStars Hand #166354678051:  Hold'em Limit ($3/$6 USD) - 2017/02/17 13:40:47 ET
Table 'Osita' 6-max Seat #2 is the button
Seat 1: krytalex ($175.98 in chips)
Seat 2: rascal_319 ($74.61 in chips)
rascal_319: posts small blind $1
krytalex: posts big blind $3
*** HOLE CARDS ***
rascal_319: folds
Uncalled bet ($2) returned to krytalex
krytalex collected $2 from pot
*** SUMMARY ***
Total pot $2 | Rake $0
Seat 1: krytalex (big blind) collected ($2)
Seat 2: rascal_319 (button) (small blind) folded before Flop


PokerStars Hand #166354659421:  Hold'em Limit ($3/$6 USD) - 2017/02/17 13:40:28 ET
Table 'Osita' 6-max Seat #1 is the button
Seat 1: krytalex ($172.98 in chips)
Seat 2: rascal_319 ($77.61 in chips)
krytalex: posts small blind $1
rascal_319: posts big blind $3
*** HOLE CARDS ***
xKartx leaves the table
krytalex: raises $3 to $6
rascal_319: folds
Uncalled bet ($3) returned to krytalex
krytalex collected $6 from pot
*** SUMMARY ***
Total pot $6 | Rake $0
Seat 1: krytalex (button) (small blind) collected ($6)
Seat 2: rascal_319 (big blind) folded before Flop


PokerStars Hand #166354682729:  Hold'em Limit ($3/$6 USD) - 2017/02/17 13:40:52 ET
Table 'Osita' 6-max Seat #1 is the button
Seat 1: krytalex ($176.98 in chips)
Seat 2: rascal_319 ($73.61 in chips)
krytalex: posts small blind $1
rascal_319: posts big blind $3
*** HOLE CARDS ***
krytalex: folds
Uncalled bet ($2) returned to rascal_319
rascal_319 collected $2 from pot
rascal_319: doesn't show hand
*** SUMMARY ***
Total pot $2 | Rake $0
Seat 1: krytalex (button) (small blind) folded before Flop
Seat 2: rascal_319 (big blind) collected ($2)


PokerStars Hand #166354701876:  Hold'em Limit ($3/$6 USD) - 2017/02/17 13:41:11 ET
Table 'Osita' 6-max Seat #2 is the button
Seat 1: krytalex ($175.98 in chips)
Seat 2: rascal_319 ($74.61 in chips)
rascal_319: posts small blind $1
krytalex: posts big blind $3
*** HOLE CARDS ***
rascal_319: folds
Uncalled bet ($2) returned to krytalex
krytalex collected $2 from pot
*** SUMMARY ***
Total pot $2 | Rake $0
Seat 1: krytalex (big blind) collected ($2)
Seat 2: rascal_319 (button) (small blind) folded before Flop


PokerStars Hand #166354717459:  Hold'em Limit ($3/$6 USD) - 2017/02/17 13:41:27 ET
Table 'Osita' 6-max Seat #1 is the button
Seat 1: krytalex ($176.98 in chips)
Seat 2: rascal_319 ($73.61 in chips)
krytalex: posts small blind $1
rascal_319: posts big blind $3
*** HOLE CARDS ***
krytalex: raises $3 to $6
rascal_319: calls $3
*** FLOP *** [Ad 2h Th]
rascal_319: bets $3
krytalex: folds
Uncalled bet ($3) returned to rascal_319
rascal_319 collected $11.76 from pot
rascal_319: doesn't show hand
*** SUMMARY ***
Total pot $12 | Rake $0.24
Board [Ad 2h Th]
Seat 1: krytalex (button) (small blind) folded on the Flop
Seat 2: rascal_319 (big blind) collected ($11.76)


PokerStars Hand #166354734195:  Hold'em Limit ($3/$6 USD) - 2017/02/17 13:41:44 ET
Table 'Osita' 6-max Seat #2 is the button
Seat 1: krytalex ($170.98 in chips)
Seat 2: rascal_319 ($79.37 in chips)
rascal_319: posts small blind $1
krytalex: posts big blind $3
*** HOLE CARDS ***
rascal_319: folds
Uncalled bet ($2) returned to krytalex
krytalex collected $2 from pot
*** SUMMARY ***
Total pot $2 | Rake $0
Seat 1: krytalex (big blind) collected ($2)
Seat 2: rascal_319 (button) (small blind) folded before Flop


PokerStars Hand #166354739888:  Hold'em Limit ($3/$6 USD) - 2017/02/17 13:41:49 ET
Table 'Osita' 6-max Seat #1 is the button
Seat 1: krytalex ($171.98 in chips)
Seat 2: rascal_319 ($78.37 in chips)
krytalex: posts small blind $1
rascal_319: posts big blind $3
*** HOLE CARDS ***
krytalex: raises $3 to $6
rascal_319: calls $3
*** FLOP *** [Js 9h 5s]
rascal_319: checks
krytalex: bets $3
rascal_319: calls $3
*** TURN *** [Js 9h 5s] [7d]
rascal_319: checks
krytalex: bets $6
rascal_319: calls $6
*** RIVER *** [Js 9h 5s 7d] [7c]
rascal_319: checks
krytalex: bets $6
rascal_319: folds
Uncalled bet ($6) returned to krytalex
krytalex collected $29.50 from pot
*** SUMMARY ***
Total pot $30 | Rake $0.50
Board [Js 9h 5s 7d 7c]
Seat 1: krytalex (button) (small blind) collected ($29.50)
Seat 2: rascal_319 (big blind) folded on the River


PokerStars Hand #166354805883:  Hold'em Limit ($3/$6 USD) - 2017/02/17 13:42:57 ET
Table 'Osita' 6-max Seat #1 is the button
Seat 1: krytalex ($183.48 in chips)
Seat 2: rascal_319 ($66.37 in chips)
krytalex: posts small blind $1
rascal_319: posts big blind $3
*** HOLE CARDS ***
krytalex: folds
Uncalled bet ($2) returned to rascal_319
rascal_319 collected $2 from pot
rascal_319: doesn't show hand
*** SUMMARY ***
Total pot $2 | Rake $0
Seat 1: krytalex (button) (small blind) folded before Flop
Seat 2: rascal_319 (big blind) collected ($2)


PokerStars Hand #166354787380:  Hold'em Limit ($3/$6 USD) - 2017/02/17 13:42:38 ET
Table 'Osita' 6-max Seat #2 is the button
Seat 1: krytalex ($186.48 in chips)
Seat 2: rascal_319 ($63.37 in chips)
rascal_319: posts small blind $1
krytalex: posts big blind $3
LouisB joins the table at seat #3
*** HOLE CARDS ***
rascal_319: raises $3 to $6
krytalex: folds
Uncalled bet ($3) returned to rascal_319
rascal_319 collected $6 from pot
rascal_319: doesn't show hand
*** SUMMARY ***
Total pot $6 | Rake $0
Seat 1: krytalex (big blind) folded before Flop
Seat 2: rascal_319 (button) (small blind) collected ($6)


PokerStars Hand #166354904807:  Hold'em Limit ($3/$6 USD) - 2017/02/17 13:44:38 ET
Table 'Osita' 6-max Seat #2 is the button
Seat 2: rascal_319 ($67.37 in chips)
Seat 3: LouisB ($131 in chips)
rascal_319: posts small blind $1
LouisB: posts big blind $3
*** HOLE CARDS ***
rascal_319: folds
Uncalled bet ($2) returned to LouisB
LouisB collected $2 from pot
LouisB: doesn't show hand
megabaitt joins the table at seat #5
*** SUMMARY ***
Total pot $2 | Rake $0
Seat 2: rascal_319 (button) (small blind) folded before Flop
Seat 3: LouisB (big blind) collected ($2)


PokerStars Hand #166362176425:  Hold'em Limit ($3/$6 USD) - 2017/02/17 15:58:50 ET
Table 'Osita' 6-max Seat #5 is the button
Seat 5: ABATAPP ($96 in chips)
Seat 6: Luanto 14 ($448.60 in chips)
ABATAPP: posts small blind $1
Luanto 14: posts big blind $3
*** HOLE CARDS ***
ABATAPP: folds
Uncalled bet ($2) returned to Luanto 14
Luanto 14 collected $2 from pot
Luanto 14: doesn't show hand
*** SUMMARY ***
Total pot $2 | Rake $0
Seat 5: ABATAPP (button) (small blind) folded before Flop
Seat 6: Luanto 14 (big blind) collected ($2)


PokerStars Hand #166362152148:  Hold'em Limit ($3/$6 USD) - 2017/02/17 15:58:18 ET
Table 'Osita' 6-max Seat #6 is the button
Seat 5: ABATAPP ($81.50 in chips)
Seat 6: Luanto 14 ($463.60 in chips)
Luanto 14: posts small blind $1
TbIP-TbIP 88: is sitting out
ABATAPP: posts big blind $3
*** HOLE CARDS ***
Luanto 14: raises $3 to $6
TbIP-TbIP 88 leaves the table
ABATAPP: calls $3
*** FLOP *** [8c 5d Kh]
ABATAPP: checks
Luanto 14: bets $3
ABATAPP: calls $3
*** TURN *** [8c 5d Kh] [2s]
ABATAPP: checks
Luanto 14: checks
*** RIVER *** [8c 5d Kh 2s] [Ah]
ABATAPP: bets $6
Luanto 14: calls $6
*** SHOW DOWN ***
ABATAPP: shows [5h 9h] (a pair of Fives)
Luanto 14: mucks hand
ABATAPP collected $29.50 from pot
*** SUMMARY ***
Total pot $30 | Rake $0.50
Board [8c 5d Kh 2s Ah]
Seat 5: ABATAPP (big blind) showed [5h 9h] and won ($29.50) with a pair of Fives
Seat 6: Luanto 14 (button) (small blind) mucked


