PokerStars Hand #161663963251:  Hold'em Limit ($3/$6 USD) - 2016/11/19 19:02:33 ET
Table 'Osita' 10-max Seat #10 is the button
Seat 8: Pandakey ($160.38 in chips)
Seat 10: Brama Br ($120 in chips)
Brama Br: posts small blind $1
Pandakey: posts big blind $3
*** HOLE CARDS ***
Brama Br: raises $3 to $6
Pandakey: calls $3
*** FLOP *** [Tc Qd Kh]
Pandakey: checks
Brama Br: bets $3
Pandakey: calls $3
*** TURN *** [Tc Qd Kh] [4d]
Pandakey: checks
Brama Br: bets $6
Pandakey: calls $6
*** RIVER *** [Tc Qd Kh 4d] [Ac]
Pandakey: checks
Brama Br: bets $6
Pandakey: calls $6
*** SHOW DOWN ***
Brama Br: shows [9s Jh] (a straight, Ten to Ace)
Pandakey: mucks hand
Brama Br collected $41.50 from pot
*** SUMMARY ***
Total pot $42 | Rake $0.50
Board [Tc Qd Kh 4d Ac]
Seat 8: Pandakey (big blind) mucked
Seat 10: Brama Br (button) (small blind) showed [9s Jh] and won ($41.50) with a straight, Ten to Ace


PokerStars Hand #161663992434:  Hold'em Limit ($3/$6 USD) - 2016/11/19 19:03:17 ET
Table 'Osita' 10-max Seat #8 is the button
Seat 8: Pandakey ($139.38 in chips)
Seat 10: Brama Br ($140.50 in chips)
Pandakey: posts small blind $1
Brama Br: posts big blind $3
*** HOLE CARDS ***
Pandakey: raises $3 to $6
Brama Br: calls $3
*** FLOP *** [7c 8h 2d]
Brama Br: checks
Pandakey: bets $3
Brama Br: raises $3 to $6
Pandakey: calls $3
*** TURN *** [7c 8h 2d] [Th]
Brama Br: bets $6
Pandakey: folds
Uncalled bet ($6) returned to Brama Br
Brama Br collected $23.52 from pot
Brama Br: doesn't show hand
*** SUMMARY ***
Total pot $24 | Rake $0.48
Board [7c 8h 2d Th]
Seat 8: Pandakey (button) (small blind) folded on the Turn
Seat 10: Brama Br (big blind) collected ($23.52)


PokerStars Hand #161664014884:  Hold'em Limit ($3/$6 USD) - 2016/11/19 19:03:51 ET
Table 'Osita' 10-max Seat #8 is the button
Seat 8: Pandakey ($128.38 in chips)
Seat 10: Brama Br ($151.02 in chips)
Pandakey: posts small blind $1
Brama Br: posts big blind $3
*** HOLE CARDS ***
Pandakey: folds
Uncalled bet ($2) returned to Brama Br
Brama Br collected $2 from pot
Brama Br: doesn't show hand
*** SUMMARY ***
Total pot $2 | Rake $0
Seat 8: Pandakey (button) (small blind) folded before Flop
Seat 10: Brama Br (big blind) collected ($2)


PokerStars Hand #161664009980:  Hold'em Limit ($3/$6 USD) - 2016/11/19 19:03:43 ET
Table 'Osita' 10-max Seat #10 is the button
Seat 8: Pandakey ($127.38 in chips)
Seat 10: Brama Br ($152.02 in chips)
Brama Br: posts small blind $1
Pandakey: posts big blind $3
*** HOLE CARDS ***
Brama Br: folds
Uncalled bet ($2) returned to Pandakey
Pandakey collected $2 from pot
Pandakey: doesn't show hand
*** SUMMARY ***
Total pot $2 | Rake $0
Seat 8: Pandakey (big blind) collected ($2)
Seat 10: Brama Br (button) (small blind) folded before Flop


PokerStars Hand #161664061753:  Hold'em Limit ($3/$6 USD) - 2016/11/19 19:05:01 ET
Table 'Osita' 10-max Seat #8 is the button
Seat 8: Pandakey ($115.38 in chips)
Seat 10: Brama Br ($163.54 in chips)
Pandakey: posts small blind $1
Brama Br: posts big blind $3
*** HOLE CARDS ***
Pandakey: folds
Uncalled bet ($2) returned to Brama Br
Brama Br collected $2 from pot
Brama Br: doesn't show hand
*** SUMMARY ***
Total pot $2 | Rake $0
Seat 8: Pandakey (button) (small blind) folded before Flop
Seat 10: Brama Br (big blind) collected ($2)


PokerStars Hand #161664018127:  Hold'em Limit ($3/$6 USD) - 2016/11/19 19:03:55 ET
Table 'Osita' 10-max Seat #10 is the button
Seat 8: Pandakey ($127.38 in chips)
Seat 10: Brama Br ($152.02 in chips)
Brama Br: posts small blind $1
Pandakey: posts big blind $3
*** HOLE CARDS ***
Brama Br: raises $3 to $6
Pandakey: calls $3
*** FLOP *** [Qc 6h 5d]
Pandakey: checks
Brama Br: bets $3
Pandakey: raises $3 to $6
Brama Br: calls $3
*** TURN *** [Qc 6h 5d] [Qd]
Pandakey: checks
ToDaFelt joins the table at seat #1
Brama Br: bets $6
Pandakey has timed out
Pandakey: folds
Uncalled bet ($6) returned to Brama Br
Brama Br collected $23.52 from pot
Brama Br: doesn't show hand
*** SUMMARY ***
Total pot $24 | Rake $0.48
Board [Qc 6h 5d Qd]
Seat 8: Pandakey (big blind) folded on the Turn
Seat 10: Brama Br (button) (small blind) collected ($23.52)


