PokerStars Hand #163434714169:  Hold'em Limit ($3/$6 USD) - 2016/12/24 4:02:51 ET
Table 'Oskar' 6-max Seat #5 is the button
Seat 1: sim5sim5 ($72 in chips)
Seat 5: diRon1980 ($128.64 in chips)
diRon1980: posts small blind $1
sim5sim5: posts big blind $3
*** HOLE CARDS ***
AzureCaper leaves the table
diRon1980: raises $3 to $6
sim5sim5: folds
Uncalled bet ($3) returned to diRon1980
diRon1980 collected $6 from pot
diRon1980: doesn't show hand
*** SUMMARY ***
Total pot $6 | Rake $0
Seat 1: sim5sim5 (big blind) folded before Flop
Seat 5: diRon1980 (button) (small blind) collected ($6)


PokerStars Hand #163434706389:  Hold'em Limit ($3/$6 USD) - 2016/12/24 4:02:29 ET
Table 'Oskar' 6-max Seat #1 is the button
Seat 1: sim5sim5 ($72 in chips)
Seat 5: diRon1980 ($120 in chips)
sim5sim5: posts small blind $1
diRon1980: posts big blind $3
*** HOLE CARDS ***
sim5sim5: raises $3 to $6
diRon1980: calls $3
*** FLOP *** [Tc 9c Ks]
diRon1980: checks
sim5sim5: bets $3
diRon1980: calls $3
*** TURN *** [Tc 9c Ks] [8c]
diRon1980: checks
sim5sim5: checks
*** RIVER *** [Tc 9c Ks 8c] [Ac]
diRon1980: checks
sim5sim5: checks
*** SHOW DOWN ***
diRon1980: shows [8s Td] (two pair, Tens and Eights)
sim5sim5: mucks hand
diRon1980 collected $17.64 from pot
*** SUMMARY ***
Total pot $18 | Rake $0.36
Board [Tc 9c Ks 8c Ac]
Seat 1: sim5sim5 (button) (small blind) mucked
Seat 5: diRon1980 (big blind) showed [8s Td] and won ($17.64) with two pair, Tens and Eights


PokerStars Hand #163434716726:  Hold'em Limit ($3/$6 USD) - 2016/12/24 4:02:58 ET
Table 'Oskar' 6-max Seat #1 is the button
Seat 1: sim5sim5 ($72 in chips)
Seat 5: diRon1980 ($131.64 in chips)
sim5sim5: posts small blind $1
diRon1980: posts big blind $3
*** HOLE CARDS ***
sim5sim5: raises $3 to $6
diRon1980: calls $3
*** FLOP *** [2s 2h Ah]
diRon1980: checks
sim5sim5: bets $3
diRon1980: folds
Uncalled bet ($3) returned to sim5sim5
sim5sim5 collected $11.76 from pot
sim5sim5: doesn't show hand
*** SUMMARY ***
Total pot $12 | Rake $0.24
Board [2s 2h Ah]
Seat 1: sim5sim5 (button) (small blind) collected ($11.76)
Seat 5: diRon1980 (big blind) folded on the Flop


PokerStars Hand #163434727962:  Hold'em Limit ($3/$6 USD) - 2016/12/24 4:03:29 ET
Table 'Oskar' 6-max Seat #1 is the button
Seat 1: sim5sim5 ($72 in chips)
Seat 5: diRon1980 ($131.40 in chips)
sim5sim5: posts small blind $1
diRon1980: posts big blind $3
*** HOLE CARDS ***
sim5sim5: raises $3 to $6
diRon1980: folds
Uncalled bet ($3) returned to sim5sim5
sim5sim5 collected $6 from pot
sim5sim5: doesn't show hand
*** SUMMARY ***
Total pot $6 | Rake $0
Seat 1: sim5sim5 (button) (small blind) collected ($6)
Seat 5: diRon1980 (big blind) folded before Flop


PokerStars Hand #163434721229:  Hold'em Limit ($3/$6 USD) - 2016/12/24 4:03:10 ET
Table 'Oskar' 6-max Seat #5 is the button
Seat 1: sim5sim5 ($77.76 in chips)
Seat 5: diRon1980 ($125.64 in chips)
diRon1980: posts small blind $1
sim5sim5: posts big blind $3
*** HOLE CARDS ***
diRon1980: raises $3 to $6
sim5sim5: calls $3
*** FLOP *** [4c 4h 2d]
sim5sim5: checks
diRon1980: checks
*** TURN *** [4c 4h 2d] [Th]
sim5sim5: checks
diRon1980: checks
*** RIVER *** [4c 4h 2d Th] [Jd]
sim5sim5: checks
diRon1980: checks
*** SHOW DOWN ***
sim5sim5: shows [6s 7c] (a pair of Fours)
diRon1980: shows [Ks 3s] (a pair of Fours - King kicker)
diRon1980 collected $11.76 from pot
*** SUMMARY ***
Total pot $12 | Rake $0.24
Board [4c 4h 2d Th Jd]
Seat 1: sim5sim5 (big blind) showed [6s 7c] and lost with a pair of Fours
Seat 5: diRon1980 (button) (small blind) showed [Ks 3s] and won ($11.76) with a pair of Fours


PokerStars Hand #163434730475:  Hold'em Limit ($3/$6 USD) - 2016/12/24 4:03:35 ET
Table 'Oskar' 6-max Seat #5 is the button
Seat 1: sim5sim5 ($75 in chips)
Seat 5: diRon1980 ($128.40 in chips)
diRon1980: posts small blind $1
sim5sim5: posts big blind $3
*** HOLE CARDS ***
diRon1980: raises $3 to $6
sim5sim5: calls $3
*** FLOP *** [Jd 6h 2s]
sim5sim5: checks
diRon1980: bets $3
sim5sim5: calls $3
*** TURN *** [Jd 6h 2s] [Kh]
sim5sim5: checks
diRon1980: checks
*** RIVER *** [Jd 6h 2s Kh] [5c]
sim5sim5: checks
diRon1980: checks
*** SHOW DOWN ***
sim5sim5: shows [8h Qs] (high card King)
diRon1980: shows [Ad Td] (high card Ace)
diRon1980 collected $17.64 from pot
*** SUMMARY ***
Total pot $18 | Rake $0.36
Board [Jd 6h 2s Kh 5c]
Seat 1: sim5sim5 (big blind) showed [8h Qs] and lost with high card King
Seat 5: diRon1980 (button) (small blind) showed [Ad Td] and won ($17.64) with high card Ace


PokerStars Hand #163434736935:  Hold'em Limit ($3/$6 USD) - 2016/12/24 4:03:53 ET
Table 'Oskar' 6-max Seat #1 is the button
Seat 1: sim5sim5 ($72 in chips)
Seat 5: diRon1980 ($137.04 in chips)
sim5sim5: posts small blind $1
diRon1980: posts big blind $3
*** HOLE CARDS ***
sim5sim5: raises $3 to $6
diRon1980: calls $3
*** FLOP *** [Ad 7s Ks]
diRon1980: checks
sim5sim5: bets $3
diRon1980: calls $3
*** TURN *** [Ad 7s Ks] [Js]
diRon1980: checks
sim5sim5: bets $6
diRon1980: calls $6
*** RIVER *** [Ad 7s Ks Js] [7d]
diRon1980: checks
sim5sim5: checks
*** SHOW DOWN ***
diRon1980: shows [Ac 3c] (two pair, Aces and Sevens)
sim5sim5: mucks hand
diRon1980 collected $29.50 from pot
*** SUMMARY ***
Total pot $30 | Rake $0.50
Board [Ad 7s Ks Js 7d]
Seat 1: sim5sim5 (button) (small blind) mucked
Seat 5: diRon1980 (big blind) showed [Ac 3c] and won ($29.50) with two pair, Aces and Sevens


PokerStars Hand #163434746106:  Hold'em Limit ($3/$6 USD) - 2016/12/24 4:04:18 ET
Table 'Oskar' 6-max Seat #1 is the button
Seat 1: sim5sim5 ($73 in chips)
Seat 5: diRon1980 ($150.54 in chips)
sim5sim5: posts small blind $1
diRon1980: posts big blind $3
*** HOLE CARDS ***
sim5sim5: raises $3 to $6
diRon1980: folds
Uncalled bet ($3) returned to sim5sim5
sim5sim5 collected $6 from pot
sim5sim5: doesn't show hand
*** SUMMARY ***
Total pot $6 | Rake $0
Seat 1: sim5sim5 (button) (small blind) collected ($6)
Seat 5: diRon1980 (big blind) folded before Flop


PokerStars Hand #163434744146:  Hold'em Limit ($3/$6 USD) - 2016/12/24 4:04:13 ET
Table 'Oskar' 6-max Seat #5 is the button
Seat 1: sim5sim5 ($72 in chips)
Seat 5: diRon1980 ($151.54 in chips)
diRon1980: posts small blind $1
sim5sim5: posts big blind $3
*** HOLE CARDS ***
diRon1980: folds
Uncalled bet ($2) returned to sim5sim5
sim5sim5 collected $2 from pot
sim5sim5: doesn't show hand
*** SUMMARY ***
Total pot $2 | Rake $0
Seat 1: sim5sim5 (big blind) collected ($2)
Seat 5: diRon1980 (button) (small blind) folded before Flop


PokerStars Hand #163434750565:  Hold'em Limit ($3/$6 USD) - 2016/12/24 4:04:30 ET
Table 'Oskar' 6-max Seat #1 is the button
Seat 1: sim5sim5 ($77 in chips)
Seat 5: diRon1980 ($146.54 in chips)
sim5sim5: posts small blind $1
diRon1980: posts big blind $3
*** HOLE CARDS ***
sim5sim5: folds
Uncalled bet ($2) returned to diRon1980
diRon1980 collected $2 from pot
diRon1980: doesn't show hand
*** SUMMARY ***
Total pot $2 | Rake $0
Seat 1: sim5sim5 (button) (small blind) folded before Flop
Seat 5: diRon1980 (big blind) collected ($2)


PokerStars Hand #163434748636:  Hold'em Limit ($3/$6 USD) - 2016/12/24 4:04:25 ET
Table 'Oskar' 6-max Seat #5 is the button
Seat 1: sim5sim5 ($76 in chips)
Seat 5: diRon1980 ($147.54 in chips)
diRon1980: posts small blind $1
sim5sim5: posts big blind $3
*** HOLE CARDS ***
diRon1980: folds
Uncalled bet ($2) returned to sim5sim5
sim5sim5 collected $2 from pot
sim5sim5: doesn't show hand
*** SUMMARY ***
Total pot $2 | Rake $0
Seat 1: sim5sim5 (big blind) collected ($2)
Seat 5: diRon1980 (button) (small blind) folded before Flop


PokerStars Hand #163434756919:  Hold'em Limit ($3/$6 USD) - 2016/12/24 4:04:47 ET
Table 'Oskar' 6-max Seat #5 is the button
Seat 1: sim5sim5 ($80 in chips)
Seat 5: diRon1980 ($143.54 in chips)
diRon1980: posts small blind $1
sim5sim5: posts big blind $3
*** HOLE CARDS ***
diRon1980: raises $3 to $6
sim5sim5: folds
Uncalled bet ($3) returned to diRon1980
diRon1980 collected $6 from pot
diRon1980: doesn't show hand
*** SUMMARY ***
Total pot $6 | Rake $0
Seat 1: sim5sim5 (big blind) folded before Flop
Seat 5: diRon1980 (button) (small blind) collected ($6)


PokerStars Hand #163434754575:  Hold'em Limit ($3/$6 USD) - 2016/12/24 4:04:41 ET
Table 'Oskar' 6-max Seat #1 is the button
Seat 1: sim5sim5 ($77 in chips)
Seat 5: diRon1980 ($146.54 in chips)
sim5sim5: posts small blind $1
diRon1980: posts big blind $3
*** HOLE CARDS ***
sim5sim5: raises $3 to $6
diRon1980: folds
Uncalled bet ($3) returned to sim5sim5
sim5sim5 collected $6 from pot
sim5sim5: doesn't show hand
*** SUMMARY ***
Total pot $6 | Rake $0
Seat 1: sim5sim5 (button) (small blind) collected ($6)
Seat 5: diRon1980 (big blind) folded before Flop


PokerStars Hand #163434759453:  Hold'em Limit ($3/$6 USD) - 2016/12/24 4:04:54 ET
Table 'Oskar' 6-max Seat #1 is the button
Seat 1: sim5sim5 ($77 in chips)
Seat 5: diRon1980 ($146.54 in chips)
sim5sim5: posts small blind $1
diRon1980: posts big blind $3
*** HOLE CARDS ***
sim5sim5: raises $3 to $6
diRon1980: folds
Uncalled bet ($3) returned to sim5sim5
sim5sim5 collected $6 from pot
sim5sim5: doesn't show hand
*** SUMMARY ***
Total pot $6 | Rake $0
Seat 1: sim5sim5 (button) (small blind) collected ($6)
Seat 5: diRon1980 (big blind) folded before Flop


PokerStars Hand #163434768465:  Hold'em Limit ($3/$6 USD) - 2016/12/24 4:05:19 ET
Table 'Oskar' 6-max Seat #1 is the button
Seat 1: sim5sim5 ($72 in chips)
Seat 5: diRon1980 ($152.18 in chips)
sim5sim5: posts small blind $1
diRon1980: posts big blind $3
*** HOLE CARDS ***
sim5sim5: raises $3 to $6
diRon1980: folds
Uncalled bet ($3) returned to sim5sim5
sim5sim5 collected $6 from pot
sim5sim5: doesn't show hand
*** SUMMARY ***
Total pot $6 | Rake $0
Seat 1: sim5sim5 (button) (small blind) collected ($6)
Seat 5: diRon1980 (big blind) folded before Flop


PokerStars Hand #163434761772:  Hold'em Limit ($3/$6 USD) - 2016/12/24 4:05:01 ET
Table 'Oskar' 6-max Seat #5 is the button
Seat 1: sim5sim5 ($80 in chips)
Seat 5: diRon1980 ($143.54 in chips)
diRon1980: posts small blind $1
sim5sim5: posts big blind $3
*** HOLE CARDS ***
diRon1980: raises $3 to $6
sim5sim5: calls $3
*** FLOP *** [4h Qs 7c]
sim5sim5: checks
diRon1980: bets $3
sim5sim5: calls $3
*** TURN *** [4h Qs 7c] [6s]
sim5sim5: checks
diRon1980: checks
*** RIVER *** [4h Qs 7c 6s] [7h]
sim5sim5: checks
diRon1980: checks
*** SHOW DOWN ***
sim5sim5: shows [Jd Kh] (a pair of Sevens)
diRon1980: shows [Jc Ac] (a pair of Sevens - Ace kicker)
diRon1980 collected $17.64 from pot
*** SUMMARY ***
Total pot $18 | Rake $0.36
Board [4h Qs 7c 6s 7h]
Seat 1: sim5sim5 (big blind) showed [Jd Kh] and lost with a pair of Sevens
Seat 5: diRon1980 (button) (small blind) showed [Jc Ac] and won ($17.64) with a pair of Sevens


PokerStars Hand #163434752594:  Hold'em Limit ($3/$6 USD) - 2016/12/24 4:04:35 ET
Table 'Oskar' 6-max Seat #5 is the button
Seat 1: sim5sim5 ($76 in chips)
Seat 5: diRon1980 ($147.54 in chips)
diRon1980: posts small blind $1
sim5sim5: posts big blind $3
*** HOLE CARDS ***
diRon1980: folds
Uncalled bet ($2) returned to sim5sim5
sim5sim5 collected $2 from pot
sim5sim5: doesn't show hand
*** SUMMARY ***
Total pot $2 | Rake $0
Seat 1: sim5sim5 (big blind) collected ($2)
Seat 5: diRon1980 (button) (small blind) folded before Flop


PokerStars Hand #163434777995:  Hold'em Limit ($3/$6 USD) - 2016/12/24 4:05:45 ET
Table 'Oskar' 6-max Seat #1 is the button
Seat 1: sim5sim5 ($72 in chips)
Seat 5: diRon1980 ($166.68 in chips)
sim5sim5: posts small blind $1
diRon1980: posts big blind $3
*** HOLE CARDS ***
sim5sim5: raises $3 to $6
diRon1980: folds
Uncalled bet ($3) returned to sim5sim5
sim5sim5 collected $6 from pot
sim5sim5: doesn't show hand
*** SUMMARY ***
Total pot $6 | Rake $0
Seat 1: sim5sim5 (button) (small blind) collected ($6)
Seat 5: diRon1980 (big blind) folded before Flop


PokerStars Hand #163434770836:  Hold'em Limit ($3/$6 USD) - 2016/12/24 4:05:25 ET
Table 'Oskar' 6-max Seat #5 is the button
Seat 1: sim5sim5 ($75 in chips)
Seat 5: diRon1980 ($149.18 in chips)
diRon1980: posts small blind $1
sim5sim5: posts big blind $3
*** HOLE CARDS ***
diRon1980: raises $3 to $6
sim5sim5: calls $3
*** FLOP *** [6h 4s 5s]
sim5sim5: checks
diRon1980: bets $3
sim5sim5: raises $3 to $6
diRon1980: calls $3
*** TURN *** [6h 4s 5s] [8s]
sim5sim5: bets $6
diRon1980: calls $6
*** RIVER *** [6h 4s 5s 8s] [2s]
sim5sim5: checks
diRon1980: checks
*** SHOW DOWN ***
sim5sim5: shows [6c Tc] (a pair of Sixes)
diRon1980: shows [Kc Kh] (a pair of Kings)
diRon1980 collected $35.50 from pot
*** SUMMARY ***
Total pot $36 | Rake $0.50
Board [6h 4s 5s 8s 2s]
Seat 1: sim5sim5 (big blind) showed [6c Tc] and lost with a pair of Sixes
Seat 5: diRon1980 (button) (small blind) showed [Kc Kh] and won ($35.50) with a pair of Kings


PokerStars Hand #163434794025:  Hold'em Limit ($3/$6 USD) - 2016/12/24 4:06:29 ET
Table 'Oskar' 6-max Seat #1 is the button
Seat 1: sim5sim5 ($72.76 in chips)
Seat 5: diRon1980 ($165.32 in chips)
sim5sim5: posts small blind $1
diRon1980: posts big blind $3
*** HOLE CARDS ***
sim5sim5: raises $3 to $6
diRon1980: folds
Uncalled bet ($3) returned to sim5sim5
sim5sim5 collected $6 from pot
sim5sim5: doesn't show hand
*** SUMMARY ***
Total pot $6 | Rake $0
Seat 1: sim5sim5 (button) (small blind) collected ($6)
Seat 5: diRon1980 (big blind) folded before Flop


PokerStars Hand #163434786475:  Hold'em Limit ($3/$6 USD) - 2016/12/24 4:06:08 ET
Table 'Oskar' 6-max Seat #5 is the button
Seat 1: sim5sim5 ($81.76 in chips)
Seat 5: diRon1980 ($156.68 in chips)
diRon1980: posts small blind $1
sim5sim5: posts big blind $3
*** HOLE CARDS ***
diRon1980: raises $3 to $6
sim5sim5: calls $3
*** FLOP *** [Qh Qd 7h]
sim5sim5: checks
diRon1980: bets $3
sim5sim5: calls $3
*** TURN *** [Qh Qd 7h] [3s]
sim5sim5: checks
diRon1980: checks
*** RIVER *** [Qh Qd 7h 3s] [2s]
sim5sim5: checks
diRon1980: checks
*** SHOW DOWN ***
sim5sim5: shows [Jh 8h] (a pair of Queens)
diRon1980: shows [Ad Js] (a pair of Queens - Ace kicker)
diRon1980 collected $17.64 from pot
*** SUMMARY ***
Total pot $18 | Rake $0.36
Board [Qh Qd 7h 3s 2s]
Seat 1: sim5sim5 (big blind) showed [Jh 8h] and lost with a pair of Queens
Seat 5: diRon1980 (button) (small blind) showed [Ad Js] and won ($17.64) with a pair of Queens


PokerStars Hand #163434782667:  Hold'em Limit ($3/$6 USD) - 2016/12/24 4:05:58 ET
Table 'Oskar' 6-max Seat #1 is the button
Seat 1: sim5sim5 ($76 in chips)
Seat 5: diRon1980 ($162.68 in chips)
sim5sim5: posts small blind $1
diRon1980: posts big blind $3
*** HOLE CARDS ***
sim5sim5: raises $3 to $6
diRon1980: calls $3
*** FLOP *** [Ad Jd 4c]
diRon1980: checks
sim5sim5: bets $3
diRon1980: folds
Uncalled bet ($3) returned to sim5sim5
sim5sim5 collected $11.76 from pot
sim5sim5: doesn't show hand
*** SUMMARY ***
Total pot $12 | Rake $0.24
Board [Ad Jd 4c]
Seat 1: sim5sim5 (button) (small blind) collected ($11.76)
Seat 5: diRon1980 (big blind) folded on the Flop


PokerStars Hand #163434780420:  Hold'em Limit ($3/$6 USD) - 2016/12/24 4:05:51 ET
Table 'Oskar' 6-max Seat #5 is the button
Seat 1: sim5sim5 ($75 in chips)
Seat 5: diRon1980 ($163.68 in chips)
diRon1980: posts small blind $1
sim5sim5: posts big blind $3
*** HOLE CARDS ***
diRon1980: folds
Uncalled bet ($2) returned to sim5sim5
sim5sim5 collected $2 from pot
sim5sim5: doesn't show hand
*** SUMMARY ***
Total pot $2 | Rake $0
Seat 1: sim5sim5 (big blind) collected ($2)
Seat 5: diRon1980 (button) (small blind) folded before Flop


PokerStars Hand #163434796309:  Hold'em Limit ($3/$6 USD) - 2016/12/24 4:06:35 ET
Table 'Oskar' 6-max Seat #5 is the button
Seat 1: sim5sim5 ($75.76 in chips)
Seat 5: diRon1980 ($162.32 in chips)
diRon1980: posts small blind $1
sim5sim5: posts big blind $3
*** HOLE CARDS ***
diRon1980: folds
Uncalled bet ($2) returned to sim5sim5
sim5sim5 collected $2 from pot
sim5sim5: doesn't show hand
*** SUMMARY ***
Total pot $2 | Rake $0
Seat 1: sim5sim5 (big blind) collected ($2)
Seat 5: diRon1980 (button) (small blind) folded before Flop


PokerStars Hand #163434815023:  Hold'em Limit ($3/$6 USD) - 2016/12/24 4:07:26 ET
Table 'Oskar' 6-max Seat #5 is the button
Seat 1: sim5sim5 ($79 in chips)
Seat 5: diRon1980 ($177.82 in chips)
diRon1980: posts small blind $1
sim5sim5: posts big blind $3
*** HOLE CARDS ***
diRon1980: folds
Uncalled bet ($2) returned to sim5sim5
sim5sim5 collected $2 from pot
sim5sim5: doesn't show hand
*** SUMMARY ***
Total pot $2 | Rake $0
Seat 1: sim5sim5 (big blind) collected ($2)
Seat 5: diRon1980 (button) (small blind) folded before Flop


PokerStars Hand #163434812653:  Hold'em Limit ($3/$6 USD) - 2016/12/24 4:07:19 ET
Table 'Oskar' 6-max Seat #1 is the button
Seat 1: sim5sim5 ($76 in chips)
Seat 5: diRon1980 ($180.82 in chips)
sim5sim5: posts small blind $1
diRon1980: posts big blind $3
*** HOLE CARDS ***
sim5sim5: raises $3 to $6
diRon1980: folds
Uncalled bet ($3) returned to sim5sim5
sim5sim5 collected $6 from pot
sim5sim5: doesn't show hand
*** SUMMARY ***
Total pot $6 | Rake $0
Seat 1: sim5sim5 (button) (small blind) collected ($6)
Seat 5: diRon1980 (big blind) folded before Flop


PokerStars Hand #163434810728:  Hold'em Limit ($3/$6 USD) - 2016/12/24 4:07:14 ET
Table 'Oskar' 6-max Seat #5 is the button
Seat 1: sim5sim5 ($75 in chips)
Seat 5: diRon1980 ($181.82 in chips)
diRon1980: posts small blind $1
sim5sim5: posts big blind $3
*** HOLE CARDS ***
diRon1980: folds
Uncalled bet ($2) returned to sim5sim5
sim5sim5 collected $2 from pot
sim5sim5: doesn't show hand
*** SUMMARY ***
Total pot $2 | Rake $0
Seat 1: sim5sim5 (big blind) collected ($2)
Seat 5: diRon1980 (button) (small blind) folded before Flop


PokerStars Hand #163434808533:  Hold'em Limit ($3/$6 USD) - 2016/12/24 4:07:08 ET
Table 'Oskar' 6-max Seat #1 is the button
Seat 1: sim5sim5 ($72 in chips)
Seat 5: diRon1980 ($184.82 in chips)
sim5sim5: posts small blind $1
diRon1980: posts big blind $3
*** HOLE CARDS ***
sim5sim5: raises $3 to $6
diRon1980: folds
Uncalled bet ($3) returned to sim5sim5
sim5sim5 collected $6 from pot
sim5sim5: doesn't show hand
*** SUMMARY ***
Total pot $6 | Rake $0
Seat 1: sim5sim5 (button) (small blind) collected ($6)
Seat 5: diRon1980 (big blind) folded before Flop


PokerStars Hand #163434805923:  Hold'em Limit ($3/$6 USD) - 2016/12/24 4:07:01 ET
Table 'Oskar' 6-max Seat #5 is the button
Seat 1: sim5sim5 ($72 in chips)
Seat 5: diRon1980 ($181.82 in chips)
diRon1980: posts small blind $1
sim5sim5: posts big blind $3
*** HOLE CARDS ***
diRon1980: raises $3 to $6
sim5sim5: folds
Uncalled bet ($3) returned to diRon1980
diRon1980 collected $6 from pot
diRon1980: doesn't show hand
*** SUMMARY ***
Total pot $6 | Rake $0
Seat 1: sim5sim5 (big blind) folded before Flop
Seat 5: diRon1980 (button) (small blind) collected ($6)


PokerStars Hand #163434798183:  Hold'em Limit ($3/$6 USD) - 2016/12/24 4:06:40 ET
Table 'Oskar' 6-max Seat #1 is the button
Seat 1: sim5sim5 ($76.76 in chips)
Seat 5: diRon1980 ($161.32 in chips)
sim5sim5: posts small blind $1
diRon1980: posts big blind $3
*** HOLE CARDS ***
sim5sim5: raises $3 to $6
diRon1980: calls $3
*** FLOP *** [2s Kc 6s]
diRon1980: checks
sim5sim5: bets $3
diRon1980: calls $3
*** TURN *** [2s Kc 6s] [6h]
diRon1980: checks
sim5sim5: bets $6
diRon1980: calls $6
*** RIVER *** [2s Kc 6s 6h] [Qc]
diRon1980: checks
sim5sim5: bets $6
diRon1980: calls $6
*** SHOW DOWN ***
sim5sim5: shows [Th 3c] (a pair of Sixes)
diRon1980: shows [Ks 9h] (two pair, Kings and Sixes)
diRon1980 collected $41.50 from pot
*** SUMMARY ***
Total pot $42 | Rake $0.50
Board [2s Kc 6s 6h Qc]
Seat 1: sim5sim5 (button) (small blind) showed [Th 3c] and lost with a pair of Sixes
Seat 5: diRon1980 (big blind) showed [Ks 9h] and won ($41.50) with two pair, Kings and Sixes


PokerStars Hand #163434832793:  Hold'em Limit ($3/$6 USD) - 2016/12/24 4:08:14 ET
Table 'Oskar' 6-max Seat #5 is the button
Seat 1: sim5sim5 ($99.40 in chips)
Seat 5: diRon1980 ($156.82 in chips)
diRon1980: posts small blind $1
sim5sim5: posts big blind $3
*** HOLE CARDS ***
diRon1980: raises $3 to $6
sim5sim5: calls $3
*** FLOP *** [3c 2s Qh]
sim5sim5: checks
diRon1980: bets $3
sim5sim5: raises $3 to $6
diRon1980: folds
Uncalled bet ($3) returned to sim5sim5
sim5sim5 collected $17.64 from pot
sim5sim5: doesn't show hand
*** SUMMARY ***
Total pot $18 | Rake $0.36
Board [3c 2s Qh]
Seat 1: sim5sim5 (big blind) collected ($17.64)
Seat 5: diRon1980 (button) (small blind) folded on the Flop


PokerStars Hand #163434823150:  Hold'em Limit ($3/$6 USD) - 2016/12/24 4:07:48 ET
Table 'Oskar' 6-max Seat #5 is the button
Seat 1: sim5sim5 ($88.64 in chips)
Seat 5: diRon1980 ($167.82 in chips)
diRon1980: posts small blind $1
sim5sim5: posts big blind $3
*** HOLE CARDS ***
diRon1980: folds
Uncalled bet ($2) returned to sim5sim5
sim5sim5 collected $2 from pot
sim5sim5: doesn't show hand
*** SUMMARY ***
Total pot $2 | Rake $0
Seat 1: sim5sim5 (big blind) collected ($2)
Seat 5: diRon1980 (button) (small blind) folded before Flop


PokerStars Hand #163434817348:  Hold'em Limit ($3/$6 USD) - 2016/12/24 4:07:32 ET
Table 'Oskar' 6-max Seat #1 is the button
Seat 1: sim5sim5 ($80 in chips)
Seat 5: diRon1980 ($176.82 in chips)
sim5sim5: posts small blind $1
diRon1980: posts big blind $3
*** HOLE CARDS ***
sim5sim5: raises $3 to $6
diRon1980: calls $3
*** FLOP *** [Kc 2c Js]
diRon1980: checks
sim5sim5: bets $3
diRon1980: calls $3
*** TURN *** [Kc 2c Js] [Ah]
diRon1980: checks
sim5sim5: bets $6
diRon1980: folds
Uncalled bet ($6) returned to sim5sim5
sim5sim5 collected $17.64 from pot
sim5sim5: doesn't show hand
*** SUMMARY ***
Total pot $18 | Rake $0.36
Board [Kc 2c Js Ah]
Seat 1: sim5sim5 (button) (small blind) collected ($17.64)
Seat 5: diRon1980 (big blind) folded on the Turn


PokerStars Hand #163434827081:  Hold'em Limit ($3/$6 USD) - 2016/12/24 4:07:59 ET
Table 'Oskar' 6-max Seat #5 is the button
Seat 1: sim5sim5 ($92.64 in chips)
Seat 5: diRon1980 ($163.82 in chips)
diRon1980: posts small blind $1
sim5sim5: posts big blind $3
*** HOLE CARDS ***
diRon1980: folds
Uncalled bet ($2) returned to sim5sim5
sim5sim5 collected $2 from pot
sim5sim5: doesn't show hand
*** SUMMARY ***
Total pot $2 | Rake $0
Seat 1: sim5sim5 (big blind) collected ($2)
Seat 5: diRon1980 (button) (small blind) folded before Flop


PokerStars Hand #163434825099:  Hold'em Limit ($3/$6 USD) - 2016/12/24 4:07:53 ET
Table 'Oskar' 6-max Seat #1 is the button
Seat 1: sim5sim5 ($89.64 in chips)
Seat 5: diRon1980 ($166.82 in chips)
sim5sim5: posts small blind $1
diRon1980: posts big blind $3
*** HOLE CARDS ***
sim5sim5: raises $3 to $6
diRon1980: folds
Uncalled bet ($3) returned to sim5sim5
sim5sim5 collected $6 from pot
sim5sim5: doesn't show hand
*** SUMMARY ***
Total pot $6 | Rake $0
Seat 1: sim5sim5 (button) (small blind) collected ($6)
Seat 5: diRon1980 (big blind) folded before Flop


PokerStars Hand #163434828952:  Hold'em Limit ($3/$6 USD) - 2016/12/24 4:08:04 ET
Table 'Oskar' 6-max Seat #1 is the button
Seat 1: sim5sim5 ($93.64 in chips)
Seat 5: diRon1980 ($162.82 in chips)
sim5sim5: posts small blind $1
diRon1980: posts big blind $3
*** HOLE CARDS ***
sim5sim5: raises $3 to $6
diRon1980: calls $3
*** FLOP *** [2c 2s 7h]
diRon1980: checks
sim5sim5: bets $3
diRon1980: folds
Uncalled bet ($3) returned to sim5sim5
sim5sim5 collected $11.76 from pot
sim5sim5: doesn't show hand
*** SUMMARY ***
Total pot $12 | Rake $0.24
Board [2c 2s 7h]
Seat 1: sim5sim5 (button) (small blind) collected ($11.76)
Seat 5: diRon1980 (big blind) folded on the Flop


PokerStars Hand #163434851140:  Hold'em Limit ($3/$6 USD) - 2016/12/24 4:09:05 ET
Table 'Oskar' 6-max Seat #5 is the button
Seat 1: sim5sim5 ($103.04 in chips)
Seat 5: diRon1980 ($152.46 in chips)
diRon1980: posts small blind $1
sim5sim5: posts big blind $3
*** HOLE CARDS ***
diRon1980: raises $3 to $6
sim5sim5: folds
Uncalled bet ($3) returned to diRon1980
diRon1980 collected $6 from pot
diRon1980: doesn't show hand
*** SUMMARY ***
Total pot $6 | Rake $0
Seat 1: sim5sim5 (big blind) folded before Flop
Seat 5: diRon1980 (button) (small blind) collected ($6)


PokerStars Hand #163434849087:  Hold'em Limit ($3/$6 USD) - 2016/12/24 4:08:59 ET
Table 'Oskar' 6-max Seat #1 is the button
Seat 1: sim5sim5 ($100.04 in chips)
Seat 5: diRon1980 ($155.46 in chips)
sim5sim5: posts small blind $1
diRon1980: posts big blind $3
*** HOLE CARDS ***
sim5sim5: raises $3 to $6
diRon1980: folds
Uncalled bet ($3) returned to sim5sim5
sim5sim5 collected $6 from pot
sim5sim5: doesn't show hand
*** SUMMARY ***
Total pot $6 | Rake $0
Seat 1: sim5sim5 (button) (small blind) collected ($6)
Seat 5: diRon1980 (big blind) folded before Flop


PokerStars Hand #163434845304:  Hold'em Limit ($3/$6 USD) - 2016/12/24 4:08:49 ET
Table 'Oskar' 6-max Seat #5 is the button
Seat 1: sim5sim5 ($99.04 in chips)
Seat 5: diRon1980 ($156.46 in chips)
diRon1980: posts small blind $1
sim5sim5: posts big blind $3
*** HOLE CARDS ***
diRon1980: folds
Uncalled bet ($2) returned to sim5sim5
sim5sim5 collected $2 from pot
sim5sim5: doesn't show hand
*** SUMMARY ***
Total pot $2 | Rake $0
Seat 1: sim5sim5 (big blind) collected ($2)
Seat 5: diRon1980 (button) (small blind) folded before Flop


PokerStars Hand #163434838649:  Hold'em Limit ($3/$6 USD) - 2016/12/24 4:08:30 ET
Table 'Oskar' 6-max Seat #1 is the button
Seat 1: sim5sim5 ($108.04 in chips)
Seat 5: diRon1980 ($147.82 in chips)
sim5sim5: posts small blind $1
diRon1980: posts big blind $3
*** HOLE CARDS ***
sim5sim5: raises $3 to $6
diRon1980: calls $3
*** FLOP *** [Kd Jh 3h]
diRon1980: checks
sim5sim5: bets $3
diRon1980: calls $3
*** TURN *** [Kd Jh 3h] [3c]
diRon1980: checks
sim5sim5: checks
*** RIVER *** [Kd Jh 3h 3c] [Qd]
diRon1980: checks
sim5sim5: checks
*** SHOW DOWN ***
diRon1980: shows [Js Ad] (two pair, Jacks and Threes)
sim5sim5: mucks hand
diRon1980 collected $17.64 from pot
*** SUMMARY ***
Total pot $18 | Rake $0.36
Board [Kd Jh 3h 3c Qd]
Seat 1: sim5sim5 (button) (small blind) mucked
Seat 5: diRon1980 (big blind) showed [Js Ad] and won ($17.64) with two pair, Jacks and Threes


PokerStars Hand #163434874353:  Hold'em Limit ($3/$6 USD) - 2016/12/24 4:10:08 ET
Table 'Oskar' 6-max Seat #1 is the button
Seat 1: sim5sim5 ($72 in chips)
Seat 5: diRon1980 ($190.60 in chips)
sim5sim5: posts small blind $1
diRon1980: posts big blind $3
*** HOLE CARDS ***
sim5sim5: raises $3 to $6
diRon1980: folds
Uncalled bet ($3) returned to sim5sim5
sim5sim5 collected $6 from pot
sim5sim5: doesn't show hand
*** SUMMARY ***
Total pot $6 | Rake $0
Seat 1: sim5sim5 (button) (small blind) collected ($6)
Seat 5: diRon1980 (big blind) folded before Flop


PokerStars Hand #163434863832:  Hold'em Limit ($3/$6 USD) - 2016/12/24 4:09:39 ET
Table 'Oskar' 6-max Seat #5 is the button
Seat 1: sim5sim5 ($73.04 in chips)
Seat 5: diRon1980 ($181.96 in chips)
diRon1980: posts small blind $1
sim5sim5: posts big blind $3
*** HOLE CARDS ***
diRon1980: raises $3 to $6
sim5sim5: calls $3
*** FLOP *** [Qd 4h 7d]
sim5sim5: checks
diRon1980: bets $3
sim5sim5: calls $3
*** TURN *** [Qd 4h 7d] [Qs]
sim5sim5: checks
diRon1980: bets $6
sim5sim5: folds
Uncalled bet ($6) returned to diRon1980
diRon1980 collected $17.64 from pot
diRon1980: doesn't show hand
*** SUMMARY ***
Total pot $18 | Rake $0.36
Board [Qd 4h 7d Qs]
Seat 1: sim5sim5 (big blind) folded on the Turn
Seat 5: diRon1980 (button) (small blind) collected ($17.64)


PokerStars Hand #163434853695:  Hold'em Limit ($3/$6 USD) - 2016/12/24 4:09:12 ET
Table 'Oskar' 6-max Seat #1 is the button
Seat 1: sim5sim5 ($100.04 in chips)
Seat 5: diRon1980 ($155.46 in chips)
sim5sim5: posts small blind $1
diRon1980: posts big blind $3
*** HOLE CARDS ***
sim5sim5: raises $3 to $6
diRon1980: calls $3
*** FLOP *** [9s 6c 3d]
diRon1980: checks
sim5sim5: bets $3
diRon1980: calls $3
*** TURN *** [9s 6c 3d] [5c]
diRon1980: checks
sim5sim5: checks
*** RIVER *** [9s 6c 3d 5c] [8c]
diRon1980: bets $6
sim5sim5: raises $6 to $12
diRon1980: raises $6 to $18
sim5sim5: calls $6
*** SHOW DOWN ***
diRon1980: shows [Tc Jc] (a flush, Jack high)
sim5sim5: mucks hand
diRon1980 collected $53.50 from pot
*** SUMMARY ***
Total pot $54 | Rake $0.50
Board [9s 6c 3d 5c 8c]
Seat 1: sim5sim5 (button) (small blind) mucked
Seat 5: diRon1980 (big blind) showed [Tc Jc] and won ($53.50) with a flush, Jack high


PokerStars Hand #163434877025:  Hold'em Limit ($3/$6 USD) - 2016/12/24 4:10:15 ET
Table 'Oskar' 6-max Seat #5 is the button
Seat 1: sim5sim5 ($75 in chips)
Seat 5: diRon1980 ($187.60 in chips)
diRon1980: posts small blind $1
sim5sim5: posts big blind $3
*** HOLE CARDS ***
diRon1980: folds
Uncalled bet ($2) returned to sim5sim5
sim5sim5 collected $2 from pot
sim5sim5: doesn't show hand
*** SUMMARY ***
Total pot $2 | Rake $0
Seat 1: sim5sim5 (big blind) collected ($2)
Seat 5: diRon1980 (button) (small blind) folded before Flop


PokerStars Hand #163434889119:  Hold'em Limit ($3/$6 USD) - 2016/12/24 4:10:48 ET
Table 'Oskar' 6-max Seat #5 is the button
Seat 1: sim5sim5 ($90.50 in chips)
Seat 5: diRon1980 ($171.60 in chips)
diRon1980: posts small blind $1
sim5sim5: posts big blind $3
*** HOLE CARDS ***
diRon1980: raises $3 to $6
sim5sim5: calls $3
*** FLOP *** [Qd 7s 2c]
sim5sim5: checks
diRon1980: bets $3
sim5sim5: calls $3
*** TURN *** [Qd 7s 2c] [6d]
sim5sim5: checks
diRon1980: checks
*** RIVER *** [Qd 7s 2c 6d] [9h]
sim5sim5: bets $6
diRon1980: folds
Uncalled bet ($6) returned to sim5sim5
sim5sim5 collected $17.64 from pot
sim5sim5: doesn't show hand
*** SUMMARY ***
Total pot $18 | Rake $0.36
Board [Qd 7s 2c 6d 9h]
Seat 1: sim5sim5 (big blind) collected ($17.64)
Seat 5: diRon1980 (button) (small blind) folded on the River


PokerStars Hand #163434897896:  Hold'em Limit ($3/$6 USD) - 2016/12/24 4:11:12 ET
Table 'Oskar' 6-max Seat #1 is the button
Seat 1: sim5sim5 ($99.14 in chips)
Seat 5: diRon1980 ($162.60 in chips)
sim5sim5: posts small blind $1
diRon1980: posts big blind $3
*** HOLE CARDS ***
sim5sim5: raises $3 to $6
diRon1980: calls $3
*** FLOP *** [As Qs 6h]
diRon1980: checks
sim5sim5: bets $3
diRon1980: raises $3 to $6
sim5sim5: folds
Uncalled bet ($3) returned to diRon1980
diRon1980 collected $17.64 from pot
diRon1980: doesn't show hand
*** SUMMARY ***
Total pot $18 | Rake $0.36
Board [As Qs 6h]
Seat 1: sim5sim5 (button) (small blind) folded on the Flop
Seat 5: diRon1980 (big blind) collected ($17.64)


PokerStars Hand #163434878988:  Hold'em Limit ($3/$6 USD) - 2016/12/24 4:10:20 ET
Table 'Oskar' 6-max Seat #1 is the button
Seat 1: sim5sim5 ($76 in chips)
Seat 5: diRon1980 ($186.60 in chips)
sim5sim5: posts small blind $1
diRon1980: posts big blind $3
*** HOLE CARDS ***
sim5sim5: raises $3 to $6
diRon1980: calls $3
*** FLOP *** [5s Js 6d]
diRon1980: checks
sim5sim5: bets $3
diRon1980: calls $3
*** TURN *** [5s Js 6d] [8s]
diRon1980: checks
sim5sim5: checks
*** RIVER *** [5s Js 6d 8s] [4s]
diRon1980: checks
sim5sim5: bets $6
diRon1980: calls $6
*** SHOW DOWN ***
sim5sim5: shows [7c Qs] (a flush, Queen high)
diRon1980: mucks hand
sim5sim5 collected $29.50 from pot
*** SUMMARY ***
Total pot $30 | Rake $0.50
Board [5s Js 6d 8s 4s]
Seat 1: sim5sim5 (button) (small blind) showed [7c Qs] and won ($29.50) with a flush, Queen high
Seat 5: diRon1980 (big blind) mucked


PokerStars Hand #163434913756:  Hold'em Limit ($3/$6 USD) - 2016/12/24 4:11:55 ET
Table 'Oskar' 6-max Seat #1 is the button
Seat 1: sim5sim5 ($84.14 in chips)
Seat 5: diRon1980 ($177 in chips)
sim5sim5: posts small blind $1
diRon1980: posts big blind $3
*** HOLE CARDS ***
sim5sim5: raises $3 to $6
diRon1980: calls $3
*** FLOP *** [Qh Qd 9s]
diRon1980: checks
sim5sim5: bets $3
diRon1980: calls $3
*** TURN *** [Qh Qd 9s] [Td]
diRon1980: checks
sim5sim5: checks
*** RIVER *** [Qh Qd 9s Td] [5h]
diRon1980: checks
sim5sim5: checks
*** SHOW DOWN ***
diRon1980: shows [4h 4c] (two pair, Queens and Fours)
sim5sim5: mucks hand
diRon1980 collected $17.64 from pot
*** SUMMARY ***
Total pot $18 | Rake $0.36
Board [Qh Qd 9s Td 5h]
Seat 1: sim5sim5 (button) (small blind) mucked
Seat 5: diRon1980 (big blind) showed [4h 4c] and won ($17.64) with two pair, Queens and Fours


PokerStars Hand #163434904254:  Hold'em Limit ($3/$6 USD) - 2016/12/24 4:11:29 ET
Table 'Oskar' 6-max Seat #5 is the button
Seat 1: sim5sim5 ($90.14 in chips)
Seat 5: diRon1980 ($171.24 in chips)
diRon1980: posts small blind $1
sim5sim5: posts big blind $3
*** HOLE CARDS ***
diRon1980: raises $3 to $6
sim5sim5: calls $3
*** FLOP *** [Td 6h Js]
sim5sim5: checks
diRon1980: bets $3
sim5sim5: folds
Uncalled bet ($3) returned to diRon1980
diRon1980 collected $11.76 from pot
diRon1980: doesn't show hand
*** SUMMARY ***
Total pot $12 | Rake $0.24
Board [Td 6h Js]
Seat 1: sim5sim5 (big blind) folded on the Flop
Seat 5: diRon1980 (button) (small blind) collected ($11.76)


PokerStars Hand #163434927045:  Hold'em Limit ($3/$6 USD) - 2016/12/24 4:12:31 ET
Table 'Oskar' 6-max Seat #5 is the button
Seat 1: sim5sim5 ($81.90 in chips)
Seat 5: diRon1980 ($178.64 in chips)
diRon1980: posts small blind $1
sim5sim5: posts big blind $3
*** HOLE CARDS ***
diRon1980: folds
Uncalled bet ($2) returned to sim5sim5
sim5sim5 collected $2 from pot
sim5sim5: doesn't show hand
*** SUMMARY ***
Total pot $2 | Rake $0
Seat 1: sim5sim5 (big blind) collected ($2)
Seat 5: diRon1980 (button) (small blind) folded before Flop


PokerStars Hand #163434923161:  Hold'em Limit ($3/$6 USD) - 2016/12/24 4:12:21 ET
Table 'Oskar' 6-max Seat #1 is the button
Seat 1: sim5sim5 ($76.14 in chips)
Seat 5: diRon1980 ($184.64 in chips)
sim5sim5: posts small blind $1
diRon1980: posts big blind $3
*** HOLE CARDS ***
sim5sim5: raises $3 to $6
diRon1980: calls $3
*** FLOP *** [Qs 3h 9d]
diRon1980: checks
sim5sim5: bets $3
diRon1980: folds
Uncalled bet ($3) returned to sim5sim5
sim5sim5 collected $11.76 from pot
sim5sim5: doesn't show hand
*** SUMMARY ***
Total pot $12 | Rake $0.24
Board [Qs 3h 9d]
Seat 1: sim5sim5 (button) (small blind) collected ($11.76)
Seat 5: diRon1980 (big blind) folded on the Flop


PokerStars Hand #163434911651:  Hold'em Limit ($3/$6 USD) - 2016/12/24 4:11:49 ET
Table 'Oskar' 6-max Seat #5 is the button
Seat 1: sim5sim5 ($83.14 in chips)
Seat 5: diRon1980 ($178 in chips)
diRon1980: posts small blind $1
sim5sim5: posts big blind $3
*** HOLE CARDS ***
diRon1980: folds
Uncalled bet ($2) returned to sim5sim5
sim5sim5 collected $2 from pot
sim5sim5: doesn't show hand
*** SUMMARY ***
Total pot $2 | Rake $0
Seat 1: sim5sim5 (big blind) collected ($2)
Seat 5: diRon1980 (button) (small blind) folded before Flop


PokerStars Hand #163434909615:  Hold'em Limit ($3/$6 USD) - 2016/12/24 4:11:44 ET
Table 'Oskar' 6-max Seat #1 is the button
Seat 1: sim5sim5 ($84.14 in chips)
Seat 5: diRon1980 ($177 in chips)
sim5sim5: posts small blind $1
diRon1980: posts big blind $3
*** HOLE CARDS ***
sim5sim5: folds
Uncalled bet ($2) returned to diRon1980
diRon1980 collected $2 from pot
diRon1980: doesn't show hand
*** SUMMARY ***
Total pot $2 | Rake $0
Seat 1: sim5sim5 (button) (small blind) folded before Flop
Seat 5: diRon1980 (big blind) collected ($2)


PokerStars Hand #163434921253:  Hold'em Limit ($3/$6 USD) - 2016/12/24 4:12:15 ET
Table 'Oskar' 6-max Seat #5 is the button
Seat 1: sim5sim5 ($75.14 in chips)
Seat 5: diRon1980 ($185.64 in chips)
diRon1980: posts small blind $1
sim5sim5: posts big blind $3
*** HOLE CARDS ***
diRon1980: folds
Uncalled bet ($2) returned to sim5sim5
sim5sim5 collected $2 from pot
sim5sim5: doesn't show hand
*** SUMMARY ***
Total pot $2 | Rake $0
Seat 1: sim5sim5 (big blind) collected ($2)
Seat 5: diRon1980 (button) (small blind) folded before Flop


PokerStars Hand #163434936409:  Hold'em Limit ($3/$6 USD) - 2016/12/24 4:12:56 ET
Table 'Oskar' 6-max Seat #5 is the button
Seat 1: sim5sim5 ($89.90 in chips)
Seat 5: diRon1980 ($170.64 in chips)
diRon1980: posts small blind $1
sim5sim5: posts big blind $3
*** HOLE CARDS ***
diRon1980: folds
Uncalled bet ($2) returned to sim5sim5
sim5sim5 collected $2 from pot
sim5sim5: doesn't show hand
*** SUMMARY ***
Total pot $2 | Rake $0
Seat 1: sim5sim5 (big blind) collected ($2)
Seat 5: diRon1980 (button) (small blind) folded before Flop


PokerStars Hand #163434933749:  Hold'em Limit ($3/$6 USD) - 2016/12/24 4:12:49 ET
Table 'Oskar' 6-max Seat #1 is the button
Seat 1: sim5sim5 ($86.90 in chips)
Seat 5: diRon1980 ($173.64 in chips)
sim5sim5: posts small blind $1
diRon1980: posts big blind $3
*** HOLE CARDS ***
sim5sim5: raises $3 to $6
diRon1980: folds
Uncalled bet ($3) returned to sim5sim5
sim5sim5 collected $6 from pot
sim5sim5: doesn't show hand
*** SUMMARY ***
Total pot $6 | Rake $0
Seat 1: sim5sim5 (button) (small blind) collected ($6)
Seat 5: diRon1980 (big blind) folded before Flop


PokerStars Hand #163434931645:  Hold'em Limit ($3/$6 USD) - 2016/12/24 4:12:43 ET
Table 'Oskar' 6-max Seat #5 is the button
Seat 1: sim5sim5 ($85.90 in chips)
Seat 5: diRon1980 ($174.64 in chips)
diRon1980: posts small blind $1
sim5sim5: posts big blind $3
*** HOLE CARDS ***
diRon1980: folds
Uncalled bet ($2) returned to sim5sim5
sim5sim5 collected $2 from pot
sim5sim5: doesn't show hand
*** SUMMARY ***
Total pot $2 | Rake $0
Seat 1: sim5sim5 (big blind) collected ($2)
Seat 5: diRon1980 (button) (small blind) folded before Flop


PokerStars Hand #163434942383:  Hold'em Limit ($3/$6 USD) - 2016/12/24 4:13:13 ET
Table 'Oskar' 6-max Seat #5 is the button
Seat 1: sim5sim5 ($96.66 in chips)
Seat 5: diRon1980 ($163.64 in chips)
diRon1980: posts small blind $1
sim5sim5: posts big blind $3
*** HOLE CARDS ***
diRon1980: folds
Uncalled bet ($2) returned to sim5sim5
sim5sim5 collected $2 from pot
sim5sim5: doesn't show hand
*** SUMMARY ***
Total pot $2 | Rake $0
Seat 1: sim5sim5 (big blind) collected ($2)
Seat 5: diRon1980 (button) (small blind) folded before Flop


PokerStars Hand #163434938441:  Hold'em Limit ($3/$6 USD) - 2016/12/24 4:13:02 ET
Table 'Oskar' 6-max Seat #1 is the button
Seat 1: sim5sim5 ($90.90 in chips)
Seat 5: diRon1980 ($169.64 in chips)
sim5sim5: posts small blind $1
diRon1980: posts big blind $3
*** HOLE CARDS ***
sim5sim5: raises $3 to $6
diRon1980: calls $3
*** FLOP *** [3s 4c Td]
diRon1980: checks
sim5sim5: bets $3
diRon1980: folds
Uncalled bet ($3) returned to sim5sim5
sim5sim5 collected $11.76 from pot
sim5sim5: doesn't show hand
*** SUMMARY ***
Total pot $12 | Rake $0.24
Board [3s 4c Td]
Seat 1: sim5sim5 (button) (small blind) collected ($11.76)
Seat 5: diRon1980 (big blind) folded on the Flop


PokerStars Hand #163434929074:  Hold'em Limit ($3/$6 USD) - 2016/12/24 4:12:37 ET
Table 'Oskar' 6-max Seat #1 is the button
Seat 1: sim5sim5 ($82.90 in chips)
Seat 5: diRon1980 ($177.64 in chips)
sim5sim5: posts small blind $1
diRon1980: posts big blind $3
*** HOLE CARDS ***
sim5sim5: raises $3 to $6
diRon1980: folds
Uncalled bet ($3) returned to sim5sim5
sim5sim5 collected $6 from pot
sim5sim5: doesn't show hand
*** SUMMARY ***
Total pot $6 | Rake $0
Seat 1: sim5sim5 (button) (small blind) collected ($6)
Seat 5: diRon1980 (big blind) folded before Flop


PokerStars Hand #163434967598:  Hold'em Limit ($3/$6 USD) - 2016/12/24 4:14:20 ET
Table 'Oskar' 6-max Seat #5 is the button
Seat 1: sim5sim5 ($72 in chips)
Seat 5: diRon1980 ($208.78 in chips)
diRon1980: posts small blind $1
sim5sim5: posts big blind $3
*** HOLE CARDS ***
diRon1980: folds
Uncalled bet ($2) returned to sim5sim5
sim5sim5 collected $2 from pot
sim5sim5: doesn't show hand
*** SUMMARY ***
Total pot $2 | Rake $0
Seat 1: sim5sim5 (big blind) collected ($2)
Seat 5: diRon1980 (button) (small blind) folded before Flop


PokerStars Hand #163434944461:  Hold'em Limit ($3/$6 USD) - 2016/12/24 4:13:18 ET
Table 'Oskar' 6-max Seat #1 is the button
Seat 1: sim5sim5 ($97.66 in chips)
Seat 5: diRon1980 ($162.64 in chips)
sim5sim5: posts small blind $1
diRon1980: posts big blind $3
*** HOLE CARDS ***
sim5sim5: raises $3 to $6
diRon1980: calls $3
*** FLOP *** [5h 9s 6c]
diRon1980: checks
sim5sim5: bets $3
diRon1980: calls $3
*** TURN *** [5h 9s 6c] [4c]
diRon1980: checks
sim5sim5: bets $6
diRon1980: raises $6 to $12
sim5sim5: raises $6 to $18
diRon1980: raises $6 to $24
Betting is capped
sim5sim5: calls $6
*** RIVER *** [5h 9s 6c 4c] [Qc]
diRon1980: bets $6
sim5sim5: calls $6
*** SHOW DOWN ***
diRon1980: shows [7d 8h] (a straight, Five to Nine)
sim5sim5: mucks hand
diRon1980 collected $77.50 from pot
*** SUMMARY ***
Total pot $78 | Rake $0.50
Board [5h 9s 6c 4c Qc]
Seat 1: sim5sim5 (button) (small blind) mucked
Seat 5: diRon1980 (big blind) showed [7d 8h] and won ($77.50) with a straight, Five to Nine


PokerStars Hand #163434956036:  Hold'em Limit ($3/$6 USD) - 2016/12/24 4:13:50 ET
Table 'Oskar' 6-max Seat #5 is the button
Seat 1: sim5sim5 ($72 in chips)
Seat 5: diRon1980 ($201.14 in chips)
diRon1980: posts small blind $1
sim5sim5: posts big blind $3
*** HOLE CARDS ***
diRon1980: folds
Uncalled bet ($2) returned to sim5sim5
sim5sim5 collected $2 from pot
sim5sim5: doesn't show hand
*** SUMMARY ***
Total pot $2 | Rake $0
Seat 1: sim5sim5 (big blind) collected ($2)
Seat 5: diRon1980 (button) (small blind) folded before Flop


PokerStars Hand #163434969770:  Hold'em Limit ($3/$6 USD) - 2016/12/24 4:14:26 ET
Table 'Oskar' 6-max Seat #1 is the button
Seat 1: sim5sim5 ($73 in chips)
Seat 5: diRon1980 ($207.78 in chips)
sim5sim5: posts small blind $1
diRon1980: posts big blind $3
*** HOLE CARDS ***
sim5sim5: raises $3 to $6
diRon1980: calls $3
*** FLOP *** [Kh 9h 2h]
diRon1980: checks
sim5sim5: bets $3
diRon1980: folds
Uncalled bet ($3) returned to sim5sim5
sim5sim5 collected $11.76 from pot
sim5sim5: doesn't show hand
*** SUMMARY ***
Total pot $12 | Rake $0.24
Board [Kh 9h 2h]
Seat 1: sim5sim5 (button) (small blind) collected ($11.76)
Seat 5: diRon1980 (big blind) folded on the Flop


