PokerStars Hand #145519586336:  Hold'em Limit ($3/$6 USD) - 2015/12/18 3:34:48 ET
Table 'Oskar II' 2-max Seat #1 is the button
Seat 1: kaputnikoff ($61 in chips)
Seat 2: yirkape ($82.96 in chips)
kaputnikoff: posts small blind $1
yirkape: posts big blind $3
*** HOLE CARDS ***
kaputnikoff: raises $3 to $6
yirkape: folds
Uncalled bet ($3) returned to kaputnikoff
kaputnikoff collected $6 from pot
kaputnikoff: doesn't show hand
*** SUMMARY ***
Total pot $6 | Rake $0
Seat 1: kaputnikoff (button) (small blind) collected ($6)
Seat 2: yirkape (big blind) folded before Flop


PokerStars Hand #145519596518:  Hold'em Limit ($3/$6 USD) - 2015/12/18 3:35:20 ET
Table 'Oskar II' 2-max Seat #2 is the button
Seat 1: kaputnikoff ($64 in chips)
Seat 2: yirkape ($79.96 in chips)
yirkape: posts small blind $1
kaputnikoff: posts big blind $3
*** HOLE CARDS ***
yirkape: raises $3 to $6
kaputnikoff: raises $3 to $9
yirkape: calls $3
*** FLOP *** [7s 9s 5c]
kaputnikoff: bets $3
yirkape: folds
Uncalled bet ($3) returned to kaputnikoff
kaputnikoff collected $17.64 from pot
kaputnikoff: doesn't show hand
*** SUMMARY ***
Total pot $18 | Rake $0.36
Board [7s 9s 5c]
Seat 1: kaputnikoff (big blind) collected ($17.64)
Seat 2: yirkape (button) (small blind) folded on the Flop


PokerStars Hand #145519600679:  Hold'em Limit ($3/$6 USD) - 2015/12/18 3:35:33 ET
Table 'Oskar II' 2-max Seat #1 is the button
Seat 1: kaputnikoff ($72.64 in chips)
Seat 2: yirkape ($70.96 in chips)
kaputnikoff: posts small blind $1
yirkape: posts big blind $3
*** HOLE CARDS ***
kaputnikoff: raises $3 to $6
yirkape: folds
Uncalled bet ($3) returned to kaputnikoff
kaputnikoff collected $6 from pot
kaputnikoff: doesn't show hand
*** SUMMARY ***
Total pot $6 | Rake $0
Seat 1: kaputnikoff (button) (small blind) collected ($6)
Seat 2: yirkape (big blind) folded before Flop


PokerStars Hand #145519603422:  Hold'em Limit ($3/$6 USD) - 2015/12/18 3:35:41 ET
Table 'Oskar II' 2-max Seat #2 is the button
Seat 1: kaputnikoff ($75.64 in chips)
Seat 2: yirkape ($67.96 in chips)
yirkape: posts small blind $1
kaputnikoff: posts big blind $3
*** HOLE CARDS ***
yirkape: raises $3 to $6
kaputnikoff: calls $3
*** FLOP *** [9h 4d Th]
kaputnikoff: checks
yirkape: bets $3
kaputnikoff: calls $3
*** TURN *** [9h 4d Th] [8c]
kaputnikoff: checks
yirkape: checks
*** RIVER *** [9h 4d Th 8c] [7h]
kaputnikoff: checks
yirkape: checks
*** SHOW DOWN ***
kaputnikoff: shows [Kc 8s] (a pair of Eights)
yirkape: mucks hand
kaputnikoff collected $17.64 from pot
*** SUMMARY ***
Total pot $18 | Rake $0.36
Board [9h 4d Th 8c 7h]
Seat 1: kaputnikoff (big blind) showed [Kc 8s] and won ($17.64) with a pair of Eights
Seat 2: yirkape (button) (small blind) mucked


PokerStars Hand #145519608783:  Hold'em Limit ($3/$6 USD) - 2015/12/18 3:35:58 ET
Table 'Oskar II' 2-max Seat #1 is the button
Seat 1: kaputnikoff ($84.28 in chips)
Seat 2: yirkape ($58.96 in chips)
kaputnikoff: posts small blind $1
yirkape: posts big blind $3
*** HOLE CARDS ***
kaputnikoff: raises $3 to $6
yirkape: raises $3 to $9
kaputnikoff: calls $3
*** FLOP *** [As 9c Qs]
yirkape: bets $3
kaputnikoff: calls $3
*** TURN *** [As 9c Qs] [7s]
yirkape: checks
kaputnikoff: bets $6
yirkape: calls $6
*** RIVER *** [As 9c Qs 7s] [Kh]
yirkape: checks
kaputnikoff: checks
*** SHOW DOWN ***
yirkape: shows [Jd 8s] (high card Ace)
kaputnikoff: shows [8h Qh] (a pair of Queens)
kaputnikoff collected $35.50 from pot
*** SUMMARY ***
Total pot $36 | Rake $0.50
Board [As 9c Qs 7s Kh]
Seat 1: kaputnikoff (button) (small blind) showed [8h Qh] and won ($35.50) with a pair of Queens
Seat 2: yirkape (big blind) showed [Jd 8s] and lost with high card Ace


PokerStars Hand #145519624397:  Hold'em Limit ($3/$6 USD) - 2015/12/18 3:36:47 ET
Table 'Oskar II' 2-max Seat #1 is the button
Seat 1: kaputnikoff ($131.28 in chips)
Seat 2: yirkape ($10.96 in chips)
kaputnikoff: posts small blind $1
yirkape: posts big blind $3
*** HOLE CARDS ***
kaputnikoff: raises $3 to $6
yirkape: raises $3 to $9
kaputnikoff: raises $3 to $12
Betting is capped
yirkape: calls $1.96 and is all-in
Uncalled bet ($1.04) returned to kaputnikoff
*** FLOP *** [4h Qh Qs]
*** TURN *** [4h Qh Qs] [Qc]
*** RIVER *** [4h Qh Qs Qc] [Ac]
*** SHOW DOWN ***
yirkape: shows [5s Qd] (four of a kind, Queens)
kaputnikoff: mucks hand
yirkape collected $21.48 from pot
*** SUMMARY ***
Total pot $21.92 | Rake $0.44
Board [4h Qh Qs Qc Ac]
Seat 1: kaputnikoff (button) (small blind) mucked
Seat 2: yirkape (big blind) showed [5s Qd] and won ($21.48) with four of a kind, Queens


PokerStars Hand #145519628986:  Hold'em Limit ($3/$6 USD) - 2015/12/18 3:37:01 ET
Table 'Oskar II' 2-max Seat #2 is the button
Seat 1: kaputnikoff ($120.32 in chips)
Seat 2: yirkape ($21.48 in chips)
yirkape: posts small blind $1
kaputnikoff: posts big blind $3
*** HOLE CARDS ***
yirkape: raises $3 to $6
kaputnikoff: raises $3 to $9
yirkape: raises $3 to $12
Betting is capped
kaputnikoff: calls $3
*** FLOP *** [5d 3h 9c]
kaputnikoff: bets $3
yirkape: raises $3 to $6
kaputnikoff: raises $3 to $9
yirkape: raises $0.48 to $9.48 and is all-in
Betting is capped
kaputnikoff: calls $0.48
*** TURN *** [5d 3h 9c] [9d]
*** RIVER *** [5d 3h 9c 9d] [6s]
*** SHOW DOWN ***
kaputnikoff: shows [Jd As] (a pair of Nines)
yirkape: mucks hand
kaputnikoff collected $42.46 from pot
*** SUMMARY ***
Total pot $42.96 | Rake $0.50
Board [5d 3h 9c 9d 6s]
Seat 1: kaputnikoff (big blind) showed [Jd As] and won ($42.46) with a pair of Nines
Seat 2: yirkape (button) (small blind) mucked


PokerStars Hand #145519616891:  Hold'em Limit ($3/$6 USD) - 2015/12/18 3:36:23 ET
Table 'Oskar II' 2-max Seat #2 is the button
Seat 1: kaputnikoff ($101.78 in chips)
Seat 2: yirkape ($40.96 in chips)
yirkape: posts small blind $1
kaputnikoff: posts big blind $3
*** HOLE CARDS ***
yirkape: raises $3 to $6
kaputnikoff: calls $3
*** FLOP *** [Jd 7c 9c]
kaputnikoff: checks
yirkape: bets $3
kaputnikoff: raises $3 to $6
yirkape: raises $3 to $9
kaputnikoff: raises $3 to $12
Betting is capped
yirkape: calls $3
*** TURN *** [Jd 7c 9c] [8d]
kaputnikoff: checks
yirkape: bets $6
kaputnikoff: calls $6
*** RIVER *** [Jd 7c 9c 8d] [2h]
kaputnikoff: checks
yirkape: bets $6
kaputnikoff: calls $6
*** SHOW DOWN ***
yirkape: shows [Kd Ks] (a pair of Kings)
kaputnikoff: shows [Jc 7h] (two pair, Jacks and Sevens)
kaputnikoff collected $59.50 from pot
*** SUMMARY ***
Total pot $60 | Rake $0.50
Board [Jd 7c 9c 8d 2h]
Seat 1: kaputnikoff (big blind) showed [Jc 7h] and won ($59.50) with two pair, Jacks and Sevens
Seat 2: yirkape (button) (small blind) showed [Kd Ks] and lost with a pair of Kings


