PokerStars Hand #145395291854:  Hold'em Limit ($3/$6 USD) - 2015/12/15 14:49:15 ET
Table 'Oskar II' 10-max Seat #10 is the button
Seat 7: Actionni13 ($150 in chips)
Seat 10: theflushmen1 ($189.66 in chips)
theflushmen1: posts small blind $1
Actionni13: posts big blind $3
*** HOLE CARDS ***
theflushmen1: folds
Uncalled bet ($2) returned to Actionni13
Actionni13 collected $2 from pot
Actionni13: doesn't show hand
*** SUMMARY ***
Total pot $2 | Rake $0
Seat 7: Actionni13 (big blind) collected ($2)
Seat 10: theflushmen1 (button) (small blind) folded before Flop


PokerStars Hand #145395266195:  Hold'em Limit ($3/$6 USD) - 2015/12/15 14:48:49 ET
Table 'Oskar II' 10-max Seat #7 is the button
Seat 7: Actionni13 ($151 in chips)
Seat 10: theflushmen1 ($178.14 in chips)
Actionni13: posts small blind $1
theflushmen1: posts big blind $3
*** HOLE CARDS ***
Actionni13: raises $3 to $6
theflushmen1: raises $3 to $9
Actionni13: calls $3
*** FLOP *** [9c 9h 3s]
theflushmen1: bets $3
Actionni13: calls $3
*** TURN *** [9c 9h 3s] [9d]
theflushmen1: bets $6
GoliafUa leaves the table
Actionni13: folds
Uncalled bet ($6) returned to theflushmen1
theflushmen1 collected $23.52 from pot
*** SUMMARY ***
Total pot $24 | Rake $0.48
Board [9c 9h 3s 9d]
Seat 7: Actionni13 (button) (small blind) folded on the Turn
Seat 10: theflushmen1 (big blind) collected ($23.52)


PokerStars Hand #145395260925:  Hold'em Limit ($3/$6 USD) - 2015/12/15 14:48:43 ET
Table 'Oskar II' 10-max Seat #10 is the button
Seat 7: Actionni13 ($150 in chips)
Seat 10: theflushmen1 ($179.14 in chips)
theflushmen1: posts small blind $1
Actionni13: posts big blind $3
*** HOLE CARDS ***
theflushmen1: folds
Uncalled bet ($2) returned to Actionni13
Actionni13 collected $2 from pot
Actionni13: doesn't show hand
*** SUMMARY ***
Total pot $2 | Rake $0
Seat 7: Actionni13 (big blind) collected ($2)
Seat 10: theflushmen1 (button) (small blind) folded before Flop


PokerStars Hand #145395246464:  Hold'em Limit ($3/$6 USD) - 2015/12/15 14:48:28 ET
Table 'Oskar II' 10-max Seat #7 is the button
Seat 7: Actionni13 ($150 in chips)
Seat 10: theflushmen1 ($170.50 in chips)
Actionni13: posts small blind $1
theflushmen1: posts big blind $3
*** HOLE CARDS ***
Actionni13: raises $3 to $6
theflushmen1: raises $3 to $9
Actionni13: calls $3
*** FLOP *** [Kd 4h 2h]
theflushmen1: bets $3
Actionni13: folds
Uncalled bet ($3) returned to theflushmen1
theflushmen1 collected $17.64 from pot
*** SUMMARY ***
Total pot $18 | Rake $0.36
Board [Kd 4h 2h]
Seat 7: Actionni13 (button) (small blind) folded on the Flop
Seat 10: theflushmen1 (big blind) collected ($17.64)


PokerStars Hand #145395348112:  Hold'em Limit ($3/$6 USD) - 2015/12/15 14:50:14 ET
Table 'Oskar II' 10-max Seat #7 is the button
Seat 7: Actionni13 ($161.76 in chips)
Seat 10: theflushmen1 ($188.18 in chips)
Actionni13: posts small blind $1
theflushmen1: posts big blind $3
*** HOLE CARDS ***
Actionni13: raises $3 to $6
theflushmen1: folds
Uncalled bet ($3) returned to Actionni13
Actionni13 collected $6 from pot
Actionni13: doesn't show hand
*** SUMMARY ***
Total pot $6 | Rake $0
Seat 7: Actionni13 (button) (small blind) collected ($6)
Seat 10: theflushmen1 (big blind) folded before Flop


PokerStars Hand #145395343596:  Hold'em Limit ($3/$6 USD) - 2015/12/15 14:50:09 ET
Table 'Oskar II' 10-max Seat #10 is the button
Seat 7: Actionni13 ($160.76 in chips)
Seat 10: theflushmen1 ($189.18 in chips)
theflushmen1: posts small blind $1
Actionni13: posts big blind $3
*** HOLE CARDS ***
theflushmen1: folds
Uncalled bet ($2) returned to Actionni13
Actionni13 collected $2 from pot
Actionni13: doesn't show hand
*** SUMMARY ***
Total pot $2 | Rake $0
Seat 7: Actionni13 (big blind) collected ($2)
Seat 10: theflushmen1 (button) (small blind) folded before Flop


PokerStars Hand #145395327737:  Hold'em Limit ($3/$6 USD) - 2015/12/15 14:49:53 ET
Table 'Oskar II' 10-max Seat #7 is the button
Seat 7: Actionni13 ($155 in chips)
Seat 10: theflushmen1 ($195.18 in chips)
Actionni13: posts small blind $1
theflushmen1: posts big blind $3
*** HOLE CARDS ***
Actionni13: raises $3 to $6
theflushmen1: calls $3
*** FLOP *** [Kc 4d Jc]
theflushmen1: checks
Actionni13: bets $3
theflushmen1: folds
Uncalled bet ($3) returned to Actionni13
Actionni13 collected $11.76 from pot
Actionni13: doesn't show hand
*** SUMMARY ***
Total pot $12 | Rake $0.24
Board [Kc 4d Jc]
Seat 7: Actionni13 (button) (small blind) collected ($11.76)
Seat 10: theflushmen1 (big blind) folded on the Flop


PokerStars Hand #145395323277:  Hold'em Limit ($3/$6 USD) - 2015/12/15 14:49:48 ET
Table 'Oskar II' 10-max Seat #10 is the button
Seat 7: Actionni13 ($154 in chips)
Seat 10: theflushmen1 ($196.18 in chips)
theflushmen1: posts small blind $1
Actionni13: posts big blind $3
*** HOLE CARDS ***
theflushmen1: folds
Uncalled bet ($2) returned to Actionni13
Actionni13 collected $2 from pot
Actionni13: doesn't show hand
*** SUMMARY ***
Total pot $2 | Rake $0
Seat 7: Actionni13 (big blind) collected ($2)
Seat 10: theflushmen1 (button) (small blind) folded before Flop


PokerStars Hand #145395318386:  Hold'em Limit ($3/$6 USD) - 2015/12/15 14:49:43 ET
Table 'Oskar II' 10-max Seat #7 is the button
Seat 7: Actionni13 ($151 in chips)
Seat 10: theflushmen1 ($199.18 in chips)
Actionni13: posts small blind $1
theflushmen1: posts big blind $3
*** HOLE CARDS ***
Actionni13: raises $3 to $6
theflushmen1: folds
Uncalled bet ($3) returned to Actionni13
Actionni13 collected $6 from pot
Actionni13: doesn't show hand
*** SUMMARY ***
Total pot $6 | Rake $0
Seat 7: Actionni13 (button) (small blind) collected ($6)
Seat 10: theflushmen1 (big blind) folded before Flop


PokerStars Hand #145395313612:  Hold'em Limit ($3/$6 USD) - 2015/12/15 14:49:38 ET
Table 'Oskar II' 10-max Seat #10 is the button
Seat 7: Actionni13 ($150 in chips)
Seat 10: theflushmen1 ($200.18 in chips)
theflushmen1: posts small blind $1
Actionni13: posts big blind $3
*** HOLE CARDS ***
theflushmen1: folds
Uncalled bet ($2) returned to Actionni13
Actionni13 collected $2 from pot
Actionni13: doesn't show hand
*** SUMMARY ***
Total pot $2 | Rake $0
Seat 7: Actionni13 (big blind) collected ($2)
Seat 10: theflushmen1 (button) (small blind) folded before Flop


PokerStars Hand #145395295953:  Hold'em Limit ($3/$6 USD) - 2015/12/15 14:49:20 ET
Table 'Oskar II' 10-max Seat #7 is the button
Seat 7: Actionni13 ($151 in chips)
Seat 10: theflushmen1 ($188.66 in chips)
Actionni13: posts small blind $1
theflushmen1: posts big blind $3
*** HOLE CARDS ***
Actionni13: raises $3 to $6
theflushmen1: calls $3
*** FLOP *** [6s 9s 7c]
theflushmen1: checks
Actionni13: checks
*** TURN *** [6s 9s 7c] [3c]
theflushmen1: bets $6
Actionni13: calls $6
*** RIVER *** [6s 9s 7c 3c] [Kh]
theflushmen1: bets $6
Actionni13: folds
Uncalled bet ($6) returned to theflushmen1
theflushmen1 collected $23.52 from pot
*** SUMMARY ***
Total pot $24 | Rake $0.48
Board [6s 9s 7c 3c Kh]
Seat 7: Actionni13 (button) (small blind) folded on the River
Seat 10: theflushmen1 (big blind) collected ($23.52)


PokerStars Hand #145395390007:  Hold'em Limit ($3/$6 USD) - 2015/12/15 14:50:57 ET
Table 'Oskar II' 10-max Seat #10 is the button
Seat 7: Actionni13 ($209.26 in chips)
Seat 10: theflushmen1 ($140.06 in chips)
theflushmen1: posts small blind $1
theflushmen1 said, "ce2wc§"
theflushmen1 said, "2ec"
Actionni13: posts big blind $3
*** HOLE CARDS ***
theflushmen1 said, "e§c"
theflushmen1 said, "sx"
theflushmen1 said, "§e2"
theflushmen1 said, "cq"
theflushmen1 said, "sqw"
theflushmen1: raises $3 to $6
Actionni13: calls $3
*** FLOP *** [Tc Jd 2d]
Actionni13: checks
theflushmen1: bets $3
Actionni13: raises $3 to $6
theflushmen1 said, "what a cancer site"
theflushmen1: folds
Uncalled bet ($3) returned to Actionni13
Actionni13 collected $17.64 from pot
Actionni13: doesn't show hand
*** SUMMARY ***
Total pot $18 | Rake $0.36
Board [Tc Jd 2d]
Seat 7: Actionni13 (big blind) collected ($17.64)
Seat 10: theflushmen1 (button) (small blind) folded on the Flop


PokerStars Hand #145395366462:  Hold'em Limit ($3/$6 USD) - 2015/12/15 14:50:33 ET
Table 'Oskar II' 10-max Seat #7 is the button
Seat 7: Actionni13 ($161.76 in chips)
Seat 10: theflushmen1 ($188.06 in chips)
Actionni13: posts small blind $1
theflushmen1: posts big blind $3
*** HOLE CARDS ***
Actionni13: raises $3 to $6
theflushmen1: raises $3 to $9
Actionni13: calls $3
*** FLOP *** [Qh 8d 4s]
theflushmen1: bets $3
Actionni13: calls $3
*** TURN *** [Qh 8d 4s] [2h]
theflushmen1: bets $6
Actionni13: raises $6 to $12
theflushmen1: raises $6 to $18
Actionni13: raises $6 to $24
Betting is capped
theflushmen1: calls $6
*** RIVER *** [Qh 8d 4s 2h] [5d]
theflushmen1: bets $6
Actionni13: raises $6 to $12
theflushmen1: calls $6
*** SHOW DOWN ***
Actionni13: shows [8s 8h] (three of a kind, Eights)
theflushmen1: shows [2d 2c] (three of a kind, Deuces)
Actionni13 collected $95.50 from pot
theflushmen1 said, "dwdc|!"
*** SUMMARY ***
Total pot $96 | Rake $0.50
Board [Qh 8d 4s 2h 5d]
Seat 7: Actionni13 (button) (small blind) showed [8s 8h] and won ($95.50) with three of a kind, Eights
Seat 10: theflushmen1 (big blind) showed [2d 2c] and lost with three of a kind, Deuces


PokerStars Hand #145395353577:  Hold'em Limit ($3/$6 USD) - 2015/12/15 14:50:20 ET
Table 'Oskar II' 10-max Seat #10 is the button
Seat 7: Actionni13 ($164.76 in chips)
Seat 10: theflushmen1 ($185.18 in chips)
theflushmen1: posts small blind $1
Actionni13: posts big blind $3
*** HOLE CARDS ***
theflushmen1: calls $2
Actionni13: checks
*** FLOP *** [8c Jh 9d]
Actionni13: checks
theflushmen1: bets $3
Actionni13: folds
Uncalled bet ($3) returned to theflushmen1
theflushmen1 collected $5.88 from pot
*** SUMMARY ***
Total pot $6 | Rake $0.12
Board [8c Jh 9d]
Seat 7: Actionni13 (big blind) folded on the Flop
Seat 10: theflushmen1 (button) (small blind) collected ($5.88)


PokerStars Hand #145395465592:  Hold'em Limit ($3/$6 USD) - 2015/12/15 14:52:16 ET
Table 'Oskar II' 10-max Seat #10 is the button
Seat 7: Actionni13 ($203.90 in chips)
Seat 10: theflushmen1 ($144.46 in chips)
theflushmen1: posts small blind $1
Actionni13: posts big blind $3
*** HOLE CARDS ***
theflushmen1: folds
Uncalled bet ($2) returned to Actionni13
Actionni13 collected $2 from pot
Actionni13: doesn't show hand
*** SUMMARY ***
Total pot $2 | Rake $0
Seat 7: Actionni13 (big blind) collected ($2)
Seat 10: theflushmen1 (button) (small blind) folded before Flop


PokerStars Hand #145395454113:  Hold'em Limit ($3/$6 USD) - 2015/12/15 14:52:04 ET
Table 'Oskar II' 10-max Seat #7 is the button
Seat 7: Actionni13 ($212.90 in chips)
Seat 10: theflushmen1 ($135.82 in chips)
Actionni13: posts small blind $1
theflushmen1: posts big blind $3
*** HOLE CARDS ***
Actionni13: raises $3 to $6
theflushmen1: raises $3 to $9
Actionni13: calls $3
*** FLOP *** [Ks Ts 4s]
theflushmen1: bets $3
Actionni13: folds
Uncalled bet ($3) returned to theflushmen1
theflushmen1 collected $17.64 from pot
*** SUMMARY ***
Total pot $18 | Rake $0.36
Board [Ks Ts 4s]
Seat 7: Actionni13 (button) (small blind) folded on the Flop
Seat 10: theflushmen1 (big blind) collected ($17.64)


PokerStars Hand #145395450104:  Hold'em Limit ($3/$6 USD) - 2015/12/15 14:51:59 ET
Table 'Oskar II' 10-max Seat #10 is the button
Seat 7: Actionni13 ($211.90 in chips)
Seat 10: theflushmen1 ($136.82 in chips)
theflushmen1: posts small blind $1
Actionni13: posts big blind $3
*** HOLE CARDS ***
theflushmen1: folds
Uncalled bet ($2) returned to Actionni13
Actionni13 collected $2 from pot
Actionni13: doesn't show hand
*** SUMMARY ***
Total pot $2 | Rake $0
Seat 7: Actionni13 (big blind) collected ($2)
Seat 10: theflushmen1 (button) (small blind) folded before Flop


PokerStars Hand #145395443479:  Hold'em Limit ($3/$6 USD) - 2015/12/15 14:51:53 ET
Table 'Oskar II' 10-max Seat #7 is the button
Seat 7: Actionni13 ($208.90 in chips)
Seat 10: theflushmen1 ($139.82 in chips)
Actionni13: posts small blind $1
theflushmen1: posts big blind $3
*** HOLE CARDS ***
Actionni13: raises $3 to $6
theflushmen1: folds
Uncalled bet ($3) returned to Actionni13
Actionni13 collected $6 from pot
Actionni13: doesn't show hand
*** SUMMARY ***
Total pot $6 | Rake $0
Seat 7: Actionni13 (button) (small blind) collected ($6)
Seat 10: theflushmen1 (big blind) folded before Flop


PokerStars Hand #145395438941:  Hold'em Limit ($3/$6 USD) - 2015/12/15 14:51:48 ET
Table 'Oskar II' 10-max Seat #10 is the button
Seat 7: Actionni13 ($207.90 in chips)
Seat 10: theflushmen1 ($140.82 in chips)
theflushmen1: posts small blind $1
Actionni13: posts big blind $3
*** HOLE CARDS ***
theflushmen1: folds
Uncalled bet ($2) returned to Actionni13
Actionni13 collected $2 from pot
Actionni13: doesn't show hand
*** SUMMARY ***
Total pot $2 | Rake $0
Seat 7: Actionni13 (big blind) collected ($2)
Seat 10: theflushmen1 (button) (small blind) folded before Flop


PokerStars Hand #145395434196:  Hold'em Limit ($3/$6 USD) - 2015/12/15 14:51:43 ET
Table 'Oskar II' 10-max Seat #7 is the button
Seat 7: Actionni13 ($208.90 in chips)
Seat 10: theflushmen1 ($139.82 in chips)
Actionni13: posts small blind $1
theflushmen1: posts big blind $3
*** HOLE CARDS ***
Actionni13: folds
Uncalled bet ($2) returned to theflushmen1
theflushmen1 collected $2 from pot
*** SUMMARY ***
Total pot $2 | Rake $0
Seat 7: Actionni13 (button) (small blind) folded before Flop
Seat 10: theflushmen1 (big blind) collected ($2)


PokerStars Hand #145395428727:  Hold'em Limit ($3/$6 USD) - 2015/12/15 14:51:37 ET
Table 'Oskar II' 10-max Seat #10 is the button
Seat 7: Actionni13 ($211.90 in chips)
Seat 10: theflushmen1 ($136.82 in chips)
theflushmen1: posts small blind $1
Actionni13: posts big blind $3
*** HOLE CARDS ***
theflushmen1: raises $3 to $6
Actionni13: folds
Uncalled bet ($3) returned to theflushmen1
theflushmen1 collected $6 from pot
*** SUMMARY ***
Total pot $6 | Rake $0
Seat 7: Actionni13 (big blind) folded before Flop
Seat 10: theflushmen1 (button) (small blind) collected ($6)


PokerStars Hand #145395406458:  Hold'em Limit ($3/$6 USD) - 2015/12/15 14:51:14 ET
Table 'Oskar II' 10-max Seat #7 is the button
Seat 7: Actionni13 ($217.90 in chips)
Seat 10: theflushmen1 ($131.06 in chips)
Actionni13: posts small blind $1
theflushmen1: posts big blind $3
*** HOLE CARDS ***
Actionni13: raises $3 to $6
theflushmen1 said, "fuc,king cancer set up"
theflushmen1: calls $3
*** FLOP *** [5h 2s 9h]
theflushmen1: checks
theflushmen1 said, "kanker stars!!!!!!!!"
Actionni13: checks
*** TURN *** [5h 2s 9h] [Qc]
theflushmen1: bets $6
Actionni13: folds
Uncalled bet ($6) returned to theflushmen1
theflushmen1 collected $11.76 from pot
*** SUMMARY ***
Total pot $12 | Rake $0.24
Board [5h 2s 9h Qc]
Seat 7: Actionni13 (button) (small blind) folded on the Turn
Seat 10: theflushmen1 (big blind) collected ($11.76)


PokerStars Hand #145395486801:  Hold'em Limit ($3/$6 USD) - 2015/12/15 14:52:38 ET
Table 'Oskar II' 10-max Seat #10 is the button
Seat 7: Actionni13 ($198.90 in chips)
Seat 10: theflushmen1 ($149.22 in chips)
theflushmen1: posts small blind $1
Actionni13: posts big blind $3
*** HOLE CARDS ***
theflushmen1: raises $3 to $6
Actionni13: calls $3
*** FLOP *** [7d Ah 7s]
Actionni13: checks
theflushmen1: checks
*** TURN *** [7d Ah 7s] [Tc]
Actionni13: bets $6
theflushmen1: raises $6 to $12
Actionni13: raises $6 to $18
theflushmen1: calls $6
*** RIVER *** [7d Ah 7s Tc] [Td]
Actionni13: bets $6
theflushmen1: calls $6
*** SHOW DOWN ***
Actionni13: shows [5c 7h] (a full house, Sevens full of Tens)
theflushmen1 said, "what a cancer site"
theflushmen1 said, "dwCS"
theflushmen1 said, "VW"
theflushmen1: mucks hand
theflushmen1 said, "DR"
theflushmen1 said, "ADV"
theflushmen1 said, "CR2DE"
theflushmen1 said, "VCAD"
theflushmen1 said, "E"
theflushmen1 said, "ADV"
Actionni13 collected $59.50 from pot
theflushmen1 said, "A"
theflushmen1 said, "VA"
*** SUMMARY ***
Total pot $60 | Rake $0.50
Board [7d Ah 7s Tc Td]
Seat 7: Actionni13 (big blind) showed [5c 7h] and won ($59.50) with a full house, Sevens full of Tens
Seat 10: theflushmen1 (button) (small blind) mucked


PokerStars Hand #145395470763:  Hold'em Limit ($3/$6 USD) - 2015/12/15 14:52:21 ET
Table 'Oskar II' 10-max Seat #7 is the button
Seat 7: Actionni13 ($204.90 in chips)
Seat 10: theflushmen1 ($143.46 in chips)
Actionni13: posts small blind $1
theflushmen1: posts big blind $3
*** HOLE CARDS ***
Actionni13: raises $3 to $6
theflushmen1: calls $3
*** FLOP *** [Th Kc 6s]
theflushmen1: bets $3
Actionni13: folds
Uncalled bet ($3) returned to theflushmen1
theflushmen1 collected $11.76 from pot
*** SUMMARY ***
Total pot $12 | Rake $0.24
Board [Th Kc 6s]
Seat 7: Actionni13 (button) (small blind) folded on the Flop
Seat 10: theflushmen1 (big blind) collected ($11.76)


PokerStars Hand #145395583854:  Hold'em Limit ($3/$6 USD) - 2015/12/15 14:54:18 ET
Table 'Oskar II' 10-max Seat #7 is the button
Seat 7: Actionni13 ($215.16 in chips)
Seat 10: theflushmen1 ($131.50 in chips)
Actionni13: posts small blind $1
theflushmen1: posts big blind $3
*** HOLE CARDS ***
Actionni13: folds
Uncalled bet ($2) returned to theflushmen1
theflushmen1 collected $2 from pot
*** SUMMARY ***
Total pot $2 | Rake $0
Seat 7: Actionni13 (button) (small blind) folded before Flop
Seat 10: theflushmen1 (big blind) collected ($2)


PokerStars Hand #145395575608:  Hold'em Limit ($3/$6 USD) - 2015/12/15 14:54:10 ET
Table 'Oskar II' 10-max Seat #10 is the button
Seat 7: Actionni13 ($218.16 in chips)
Seat 10: theflushmen1 ($128.50 in chips)
theflushmen1: posts small blind $1
Actionni13: posts big blind $3
*** HOLE CARDS ***
theflushmen1: raises $3 to $6
Actionni13: folds
Uncalled bet ($3) returned to theflushmen1
theflushmen1 collected $6 from pot
*** SUMMARY ***
Total pot $6 | Rake $0
Seat 7: Actionni13 (big blind) folded before Flop
Seat 10: theflushmen1 (button) (small blind) collected ($6)


PokerStars Hand #145395564700:  Hold'em Limit ($3/$6 USD) - 2015/12/15 14:53:59 ET
Table 'Oskar II' 10-max Seat #7 is the button
Seat 7: Actionni13 ($212.40 in chips)
Seat 10: theflushmen1 ($134.50 in chips)
Actionni13: posts small blind $1
theflushmen1: posts big blind $3
*** HOLE CARDS ***
Actionni13: raises $3 to $6
theflushmen1: calls $3
*** FLOP *** [3s Qh 9h]
theflushmen1: checks
Actionni13: bets $3
theflushmen1: folds
Uncalled bet ($3) returned to Actionni13
Actionni13 collected $11.76 from pot
Actionni13: doesn't show hand
*** SUMMARY ***
Total pot $12 | Rake $0.24
Board [3s Qh 9h]
Seat 7: Actionni13 (button) (small blind) collected ($11.76)
Seat 10: theflushmen1 (big blind) folded on the Flop


PokerStars Hand #145395558802:  Hold'em Limit ($3/$6 USD) - 2015/12/15 14:53:52 ET
Table 'Oskar II' 10-max Seat #10 is the button
Seat 7: Actionni13 ($211.40 in chips)
Seat 10: theflushmen1 ($135.50 in chips)
theflushmen1: posts small blind $1
Actionni13: posts big blind $3
*** HOLE CARDS ***
theflushmen1: folds
Uncalled bet ($2) returned to Actionni13
Actionni13 collected $2 from pot
Actionni13: doesn't show hand
*** SUMMARY ***
Total pot $2 | Rake $0
Seat 7: Actionni13 (big blind) collected ($2)
Seat 10: theflushmen1 (button) (small blind) folded before Flop


PokerStars Hand #145395543672:  Hold'em Limit ($3/$6 USD) - 2015/12/15 14:53:37 ET
Table 'Oskar II' 10-max Seat #7 is the button
Seat 7: Actionni13 ($220.40 in chips)
Seat 10: theflushmen1 ($126.86 in chips)
Actionni13: posts small blind $1
theflushmen1: posts big blind $3
*** HOLE CARDS ***
Actionni13: raises $3 to $6
theflushmen1: calls $3
*** FLOP *** [2c 8c 2s]
theflushmen1: checks
Actionni13: bets $3
theflushmen1: calls $3
*** TURN *** [2c 8c 2s] [7c]
theflushmen1: checks
Actionni13: checks
*** RIVER *** [2c 8c 2s 7c] [6d]
theflushmen1: bets $6
Actionni13: folds
Uncalled bet ($6) returned to theflushmen1
theflushmen1 collected $17.64 from pot
*** SUMMARY ***
Total pot $18 | Rake $0.36
Board [2c 8c 2s 7c 6d]
Seat 7: Actionni13 (button) (small blind) folded on the River
Seat 10: theflushmen1 (big blind) collected ($17.64)


PokerStars Hand #145395538210:  Hold'em Limit ($3/$6 USD) - 2015/12/15 14:53:31 ET
Table 'Oskar II' 10-max Seat #10 is the button
Seat 7: Actionni13 ($219.40 in chips)
Seat 10: theflushmen1 ($127.86 in chips)
theflushmen1: posts small blind $1
Actionni13: posts big blind $3
*** HOLE CARDS ***
theflushmen1: folds
Uncalled bet ($2) returned to Actionni13
Actionni13 collected $2 from pot
Actionni13: doesn't show hand
*** SUMMARY ***
Total pot $2 | Rake $0
Seat 7: Actionni13 (big blind) collected ($2)
Seat 10: theflushmen1 (button) (small blind) folded before Flop


PokerStars Hand #145395513673:  Hold'em Limit ($3/$6 USD) - 2015/12/15 14:53:05 ET
Table 'Oskar II' 10-max Seat #7 is the button
Seat 7: Actionni13 ($228.40 in chips)
Seat 10: theflushmen1 ($119.22 in chips)
Actionni13: posts small blind $1
theflushmen1: posts big blind $3
*** HOLE CARDS ***
Actionni13: raises $3 to $6
theflushmen1 said, "WHAT A SICK FUC,KING CANCER JUDEN SITE]"
theflushmen1: calls $3
*** FLOP *** [7h 4h Qs]
theflushmen1: checks
Actionni13: bets $3
theflushmen1: raises $3 to $6
Actionni13: folds
Uncalled bet ($3) returned to theflushmen1
theflushmen1 collected $17.64 from pot
*** SUMMARY ***
Total pot $18 | Rake $0.36
Board [7h 4h Qs]
Seat 7: Actionni13 (button) (small blind) folded on the Flop
Seat 10: theflushmen1 (big blind) collected ($17.64)


PokerStars Hand #145395588425:  Hold'em Limit ($3/$6 USD) - 2015/12/15 14:54:23 ET
Table 'Oskar II' 10-max Seat #10 is the button
Seat 7: Actionni13 ($214.16 in chips)
Seat 10: theflushmen1 ($132.50 in chips)
theflushmen1: posts small blind $1
Actionni13: posts big blind $3
*** HOLE CARDS ***
theflushmen1: raises $3 to $6
patrikskjold joins the table at seat #8
Actionni13: calls $3
*** FLOP *** [3h 4d Js]
Actionni13: checks
theflushmen1: bets $3
Actionni13: folds
Uncalled bet ($3) returned to theflushmen1
theflushmen1 collected $11.76 from pot
*** SUMMARY ***
Total pot $12 | Rake $0.24
Board [3h 4d Js]
Seat 7: Actionni13 (big blind) folded on the Flop
Seat 10: theflushmen1 (button) (small blind) collected ($11.76)


PokerStars Hand #145404510373:  Hold'em Limit ($3/$6 USD) - 2015/12/15 17:29:32 ET
Table 'Oskar II' 10-max Seat #3 is the button
Seat 2: Chessnok ($304.89 in chips)
Seat 3: ChrisTuff ($151.44 in chips)
ChrisTuff: posts small blind $1
stronghawk: is sitting out
Chessnok: posts big blind $3
*** HOLE CARDS ***
ChrisTuff: raises $3 to $6
Chessnok: calls $3
*** FLOP *** [4d 5d 9c]
Chessnok: checks
ChrisTuff: checks
*** TURN *** [4d 5d 9c] [Th]
stronghawk leaves the table
Chessnok: bets $6
ChrisTuff: folds
Uncalled bet ($6) returned to Chessnok
Chessnok collected $11.76 from pot
Chessnok: doesn't show hand
*** SUMMARY ***
Total pot $12 | Rake $0.24
Board [4d 5d 9c Th]
Seat 2: Chessnok (big blind) collected ($11.76)
Seat 3: ChrisTuff (button) (small blind) folded on the Turn


