PokerStars Hand #147847089816:  Hold'em Limit ($3/$6 USD) - 2016/01/28 17:54:12 ET
Table 'Oskar' 10-max Seat #8 is the button
Seat 1: VolkovDmitri ($146.50 in chips)
Seat 8: ghazzoule ($83.35 in chips)
ghazzoule: posts small blind $1
VolkovDmitri: posts big blind $3
*** HOLE CARDS ***
ghazzoule: raises $3 to $6
VolkovDmitri: calls $3
*** FLOP *** [4c 2s 9c]
VolkovDmitri: checks
ghazzoule: bets $3
VolkovDmitri: raises $3 to $6
ghazzoule: raises $3 to $9
VolkovDmitri: calls $3
*** TURN *** [4c 2s 9c] [2c]
VolkovDmitri: checks
ghazzoule: bets $6
VolkovDmitri: calls $6
*** RIVER *** [4c 2s 9c 2c] [Tc]
VolkovDmitri: checks
ghazzoule: checks
*** SHOW DOWN ***
VolkovDmitri: shows [7s 4h] (two pair, Fours and Deuces)
ghazzoule: shows [8d 8s] (two pair, Eights and Deuces)
ghazzoule collected $41.50 from pot
*** SUMMARY ***
Total pot $42 | Rake $0.50
Board [4c 2s 9c 2c Tc]
Seat 1: VolkovDmitri (big blind) showed [7s 4h] and lost with two pair, Fours and Deuces
Seat 8: ghazzoule (button) (small blind) showed [8d 8s] and won ($41.50) with two pair, Eights and Deuces


PokerStars Hand #147847084859:  Hold'em Limit ($3/$6 USD) - 2016/01/28 17:54:07 ET
Table 'Oskar' 10-max Seat #1 is the button
Seat 1: VolkovDmitri ($143.50 in chips)
Seat 8: ghazzoule ($86.35 in chips)
VolkovDmitri: posts small blind $1
ghazzoule: posts big blind $3
*** HOLE CARDS ***
VolkovDmitri: raises $3 to $6
ghazzoule: folds
Uncalled bet ($3) returned to VolkovDmitri
VolkovDmitri collected $6 from pot
VolkovDmitri: doesn't show hand
*** SUMMARY ***
Total pot $6 | Rake $0
Seat 1: VolkovDmitri (button) (small blind) collected ($6)
Seat 8: ghazzoule (big blind) folded before Flop


PokerStars Hand #147847064827:  Hold'em Limit ($3/$6 USD) - 2016/01/28 17:53:45 ET
Table 'Oskar' 10-max Seat #8 is the button
Seat 1: VolkovDmitri ($120 in chips)
Seat 8: ghazzoule ($110.35 in chips)
ghazzoule: posts small blind $1
VolkovDmitri: posts big blind $3
*** HOLE CARDS ***
ghazzoule: raises $3 to $6
VolkovDmitri: raises $3 to $9
ghazzoule: calls $3
*** FLOP *** [4h 8h 5h]
VolkovDmitri: bets $3
ghazzoule: raises $3 to $6
VolkovDmitri: raises $3 to $9
ghazzoule: calls $3
*** TURN *** [4h 8h 5h] [Js]
VolkovDmitri: bets $6
ghazzoule: calls $6
*** RIVER *** [4h 8h 5h Js] [Qc]
VolkovDmitri: checks
ghazzoule: checks
*** SHOW DOWN ***
VolkovDmitri: shows [8d Ad] (a pair of Eights)
ghazzoule: mucks hand
VolkovDmitri collected $47.50 from pot
*** SUMMARY ***
Total pot $48 | Rake $0.50
Board [4h 8h 5h Js Qc]
Seat 1: VolkovDmitri (big blind) showed [8d Ad] and won ($47.50) with a pair of Eights
Seat 8: ghazzoule (button) (small blind) mucked


PokerStars Hand #147847113243:  Hold'em Limit ($3/$6 USD) - 2016/01/28 17:54:37 ET
Table 'Oskar' 10-max Seat #1 is the button
Seat 1: VolkovDmitri ($125.50 in chips)
Seat 8: ghazzoule ($103.85 in chips)
VolkovDmitri: posts small blind $1
ghazzoule: posts big blind $3
*** HOLE CARDS ***
VolkovDmitri: raises $3 to $6
ghazzoule: calls $3
*** FLOP *** [7h 4d Td]
ghazzoule: checks
VolkovDmitri: bets $3
ghazzoule: calls $3
*** TURN *** [7h 4d Td] [4s]
ghazzoule: checks
VolkovDmitri: checks
*** RIVER *** [7h 4d Td 4s] [6s]
ghazzoule: bets $6
VolkovDmitri: folds
Uncalled bet ($6) returned to ghazzoule
ghazzoule collected $17.64 from pot
ghazzoule: doesn't show hand
*** SUMMARY ***
Total pot $18 | Rake $0.36
Board [7h 4d Td 4s 6s]
Seat 1: VolkovDmitri (button) (small blind) folded on the River
Seat 8: ghazzoule (big blind) collected ($17.64)


PokerStars Hand #147847026879:  Hold'em Limit ($3/$6 USD) - 2016/01/28 17:53:04 ET
Table 'Oskar' 10-max Seat #1 is the button
Seat 1: VolkovDmitri ($128.12 in chips)
Seat 8: ghazzoule ($96.85 in chips)
VolkovDmitri: posts small blind $1
ghazzoule: posts big blind $3
*** HOLE CARDS ***
VolkovDmitri: raises $3 to $6
ghazzoule: folds
Uncalled bet ($3) returned to VolkovDmitri
VolkovDmitri collected $6 from pot
VolkovDmitri: doesn't show hand
*** SUMMARY ***
Total pot $6 | Rake $0
Seat 1: VolkovDmitri (button) (small blind) collected ($6)
Seat 8: ghazzoule (big blind) folded before Flop


PokerStars Hand #147847016314:  Hold'em Limit ($3/$6 USD) - 2016/01/28 17:52:53 ET
Table 'Oskar' 10-max Seat #8 is the button
Seat 1: VolkovDmitri ($134.12 in chips)
Seat 8: ghazzoule ($91.09 in chips)
ghazzoule: posts small blind $1
Zubasa07: is sitting out
VolkovDmitri: posts big blind $3
*** HOLE CARDS ***
ghazzoule: raises $3 to $6
VolkovDmitri: calls $3
*** FLOP *** [Qd Tc Js]
VolkovDmitri: checks
ghazzoule: bets $3
VolkovDmitri: folds
Uncalled bet ($3) returned to ghazzoule
ghazzoule collected $11.76 from pot
ghazzoule: doesn't show hand
*** SUMMARY ***
Total pot $12 | Rake $0.24
Board [Qd Tc Js]
Seat 1: VolkovDmitri (big blind) folded on the Flop
Seat 8: ghazzoule (button) (small blind) collected ($11.76)


PokerStars Hand #147847032262:  Hold'em Limit ($3/$6 USD) - 2016/01/28 17:53:10 ET
Table 'Oskar' 10-max Seat #8 is the button
Seat 1: VolkovDmitri ($131.12 in chips)
Seat 8: ghazzoule ($93.85 in chips)
ghazzoule: posts small blind $1
VolkovDmitri: posts big blind $3
*** HOLE CARDS ***
ghazzoule: folds
Uncalled bet ($2) returned to VolkovDmitri
VolkovDmitri collected $2 from pot
VolkovDmitri: doesn't show hand
*** SUMMARY ***
Total pot $2 | Rake $0
Seat 1: VolkovDmitri (big blind) collected ($2)
Seat 8: ghazzoule (button) (small blind) folded before Flop


