PokerStars Hand #145509869192:  Hold'em Limit ($3/$6 USD) - 2015/12/17 19:46:31 ET
Table 'Ostanina II' 2-max Seat #1 is the button
Seat 1: vitalik1203 ($34.92 in chips)
Seat 2: swarfiga755 ($107.14 in chips)
vitalik1203: posts small blind $1
swarfiga755: posts big blind $3
*** HOLE CARDS ***
vitalik1203: raises $3 to $6
swarfiga755: calls $3
*** FLOP *** [Qc 3s Jh]
swarfiga755: checks
vitalik1203: bets $3
swarfiga755: folds
Uncalled bet ($3) returned to vitalik1203
vitalik1203 collected $11.76 from pot
vitalik1203: doesn't show hand
*** SUMMARY ***
Total pot $12 | Rake $0.24
Board [Qc 3s Jh]
Seat 1: vitalik1203 (button) (small blind) collected ($11.76)
Seat 2: swarfiga755 (big blind) folded on the Flop


PokerStars Hand #145509860852:  Hold'em Limit ($3/$6 USD) - 2015/12/17 19:46:17 ET
Table 'Ostanina II' 2-max Seat #2 is the button
Seat 1: vitalik1203 ($43.92 in chips)
Seat 2: swarfiga755 ($98.50 in chips)
swarfiga755: posts small blind $1
vitalik1203: posts big blind $3
*** HOLE CARDS ***
swarfiga755: raises $3 to $6
vitalik1203: calls $3
*** FLOP *** [Qd 9s 2h]
vitalik1203: checks
swarfiga755: bets $3
vitalik1203: calls $3
*** TURN *** [Qd 9s 2h] [2s]
vitalik1203: checks
swarfiga755: bets $6
vitalik1203: folds
Uncalled bet ($6) returned to swarfiga755
swarfiga755 collected $17.64 from pot
swarfiga755: doesn't show hand
*** SUMMARY ***
Total pot $18 | Rake $0.36
Board [Qd 9s 2h 2s]
Seat 1: vitalik1203 (big blind) folded on the Turn
Seat 2: swarfiga755 (button) (small blind) collected ($17.64)


PokerStars Hand #145509850372:  Hold'em Limit ($3/$6 USD) - 2015/12/17 19:45:59 ET
Table 'Ostanina II' 2-max Seat #1 is the button
Seat 1: vitalik1203 ($70.92 in chips)
Seat 2: swarfiga755 ($72 in chips)
vitalik1203: posts small blind $1
swarfiga755: posts big blind $3
*** HOLE CARDS ***
vitalik1203: raises $3 to $6
swarfiga755: calls $3
*** FLOP *** [Ac As Qd]
swarfiga755: checks
vitalik1203: bets $3
swarfiga755: calls $3
*** TURN *** [Ac As Qd] [Js]
swarfiga755: checks
vitalik1203: bets $6
swarfiga755: raises $6 to $12
vitalik1203: calls $6
*** RIVER *** [Ac As Qd Js] [8s]
swarfiga755: bets $6
vitalik1203: calls $6
*** SHOW DOWN ***
swarfiga755: shows [5d Ah] (three of a kind, Aces)
vitalik1203: mucks hand
swarfiga755 collected $53.50 from pot
*** SUMMARY ***
Total pot $54 | Rake $0.50
Board [Ac As Qd Js 8s]
Seat 1: vitalik1203 (button) (small blind) mucked
Seat 2: swarfiga755 (big blind) showed [5d Ah] and won ($53.50) with three of a kind, Aces


PokerStars Hand #145509842655:  Hold'em Limit ($3/$6 USD) - 2015/12/17 19:45:46 ET
Table 'Ostanina II' 2-max Seat #2 is the button
Seat 1: vitalik1203 ($50.42 in chips)
Seat 2: swarfiga755 ($72 in chips)
swarfiga755: posts small blind $1
vitalik1203: posts big blind $3
*** HOLE CARDS ***
swarfiga755: raises $3 to $6
vitalik1203: calls $3
*** FLOP *** [7d Qd 7h]
vitalik1203: bets $3
swarfiga755: calls $3
*** TURN *** [7d Qd 7h] [Jd]
vitalik1203: bets $6
swarfiga755: calls $6
*** RIVER *** [7d Qd 7h Jd] [Kh]
vitalik1203: bets $6
swarfiga755: calls $6
*** SHOW DOWN ***
vitalik1203: shows [7s 4h] (three of a kind, Sevens)
swarfiga755: mucks hand
vitalik1203 collected $41.50 from pot
*** SUMMARY ***
Total pot $42 | Rake $0.50
Board [7d Qd 7h Jd Kh]
Seat 1: vitalik1203 (big blind) showed [7s 4h] and won ($41.50) with three of a kind, Sevens
Seat 2: swarfiga755 (button) (small blind) mucked


PokerStars Hand #145509884473:  Hold'em Limit ($3/$6 USD) - 2015/12/17 19:46:57 ET
Table 'Ostanina II' 2-max Seat #2 is the button
Seat 1: vitalik1203 ($47.44 in chips)
Seat 2: swarfiga755 ($94.14 in chips)
swarfiga755: posts small blind $1
vitalik1203: posts big blind $3
*** HOLE CARDS ***
swarfiga755: raises $3 to $6
vitalik1203: raises $3 to $9
swarfiga755: calls $3
*** FLOP *** [Qc 3d Kh]
vitalik1203: bets $3
swarfiga755: calls $3
*** TURN *** [Qc 3d Kh] [6d]
vitalik1203: bets $6
swarfiga755: calls $6
*** RIVER *** [Qc 3d Kh 6d] [9c]
vitalik1203: bets $6
swarfiga755: calls $6
*** SHOW DOWN ***
vitalik1203: shows [Qh 8d] (a pair of Queens)
swarfiga755: mucks hand
vitalik1203 collected $47.50 from pot
*** SUMMARY ***
Total pot $48 | Rake $0.50
Board [Qc 3d Kh 6d 9c]
Seat 1: vitalik1203 (big blind) showed [Qh 8d] and won ($47.50) with a pair of Queens
Seat 2: swarfiga755 (button) (small blind) mucked


PokerStars Hand #145509876911:  Hold'em Limit ($3/$6 USD) - 2015/12/17 19:46:44 ET
Table 'Ostanina II' 2-max Seat #1 is the button
Seat 1: vitalik1203 ($41.68 in chips)
Seat 2: swarfiga755 ($100.14 in chips)
vitalik1203: posts small blind $1
swarfiga755: posts big blind $3
*** HOLE CARDS ***
vitalik1203: raises $3 to $6
swarfiga755: calls $3
*** FLOP *** [Ac 3h Jh]
swarfiga755: checks
vitalik1203: checks
*** TURN *** [Ac 3h Jh] [7c]
swarfiga755: checks
vitalik1203: checks
*** RIVER *** [Ac 3h Jh 7c] [Td]
swarfiga755: checks
vitalik1203: checks
*** SHOW DOWN ***
swarfiga755: shows [8d 6d] (high card Ace)
vitalik1203: shows [Kc 2s] (high card Ace - King kicker)
vitalik1203 collected $11.76 from pot
*** SUMMARY ***
Total pot $12 | Rake $0.24
Board [Ac 3h Jh 7c Td]
Seat 1: vitalik1203 (button) (small blind) showed [Kc 2s] and won ($11.76) with high card Ace
Seat 2: swarfiga755 (big blind) showed [8d 6d] and lost with high card Ace


PokerStars Hand #145509873743:  Hold'em Limit ($3/$6 USD) - 2015/12/17 19:46:39 ET
Table 'Ostanina II' 2-max Seat #2 is the button
Seat 1: vitalik1203 ($40.68 in chips)
Seat 2: swarfiga755 ($101.14 in chips)
swarfiga755: posts small blind $1
vitalik1203: posts big blind $3
*** HOLE CARDS ***
swarfiga755: folds
Uncalled bet ($2) returned to vitalik1203
vitalik1203 collected $2 from pot
vitalik1203: doesn't show hand
*** SUMMARY ***
Total pot $2 | Rake $0
Seat 1: vitalik1203 (big blind) collected ($2)
Seat 2: swarfiga755 (button) (small blind) folded before Flop


PokerStars Hand #145509926266:  Hold'em Limit ($3/$6 USD) - 2015/12/17 19:48:08 ET
Table 'Ostanina II' 2-max Seat #2 is the button
Seat 1: vitalik1203 ($70.22 in chips)
Seat 2: swarfiga755 ($72 in chips)
swarfiga755: posts small blind $1
vitalik1203: posts big blind $3
*** HOLE CARDS ***
swarfiga755: raises $3 to $6
vitalik1203: calls $3
*** FLOP *** [Th 9d 7s]
vitalik1203: bets $3
swarfiga755: calls $3
*** TURN *** [Th 9d 7s] [Kc]
vitalik1203: bets $6
swarfiga755: calls $6
*** RIVER *** [Th 9d 7s Kc] [Jd]
vitalik1203: bets $6
swarfiga755: raises $6 to $12
vitalik1203: raises $6 to $18
swarfiga755: raises $6 to $24
Betting is capped
vitalik1203: calls $6
*** SHOW DOWN ***
swarfiga755: shows [Qs As] (a straight, Ten to Ace)
vitalik1203: mucks hand
swarfiga755 collected $77.50 from pot
*** SUMMARY ***
Total pot $78 | Rake $0.50
Board [Th 9d 7s Kc Jd]
Seat 1: vitalik1203 (big blind) mucked
Seat 2: swarfiga755 (button) (small blind) showed [Qs As] and won ($77.50) with a straight, Ten to Ace


PokerStars Hand #145509922033:  Hold'em Limit ($3/$6 USD) - 2015/12/17 19:48:01 ET
Table 'Ostanina II' 2-max Seat #1 is the button
Seat 1: vitalik1203 ($64.46 in chips)
Seat 2: swarfiga755 ($77.50 in chips)
vitalik1203: posts small blind $1
swarfiga755: posts big blind $3
*** HOLE CARDS ***
vitalik1203: raises $3 to $6
swarfiga755: calls $3
*** FLOP *** [3s 6s Kh]
swarfiga755: checks
vitalik1203: bets $3
swarfiga755: folds
Uncalled bet ($3) returned to vitalik1203
vitalik1203 collected $11.76 from pot
vitalik1203: doesn't show hand
*** SUMMARY ***
Total pot $12 | Rake $0.24
Board [3s 6s Kh]
Seat 1: vitalik1203 (button) (small blind) collected ($11.76)
Seat 2: swarfiga755 (big blind) folded on the Flop


PokerStars Hand #145509915776:  Hold'em Limit ($3/$6 USD) - 2015/12/17 19:47:50 ET
Table 'Ostanina II' 2-max Seat #2 is the button
Seat 1: vitalik1203 ($52.94 in chips)
Seat 2: swarfiga755 ($89.50 in chips)
swarfiga755: posts small blind $1
vitalik1203: posts big blind $3
*** HOLE CARDS ***
swarfiga755: raises $3 to $6
vitalik1203: raises $3 to $9
swarfiga755: calls $3
*** FLOP *** [3d 5h 2s]
vitalik1203: bets $3
swarfiga755: calls $3
*** TURN *** [3d 5h 2s] [As]
vitalik1203: bets $6
swarfiga755: folds
Uncalled bet ($6) returned to vitalik1203
vitalik1203 collected $23.52 from pot
vitalik1203: doesn't show hand
*** SUMMARY ***
Total pot $24 | Rake $0.48
Board [3d 5h 2s As]
Seat 1: vitalik1203 (big blind) collected ($23.52)
Seat 2: swarfiga755 (button) (small blind) folded on the Turn


PokerStars Hand #145509893230:  Hold'em Limit ($3/$6 USD) - 2015/12/17 19:47:12 ET
Table 'Ostanina II' 2-max Seat #1 is the button
Seat 1: vitalik1203 ($70.94 in chips)
Seat 2: swarfiga755 ($72 in chips)
vitalik1203: posts small blind $1
swarfiga755: posts big blind $3
*** HOLE CARDS ***
vitalik1203: raises $3 to $6
swarfiga755: calls $3
*** FLOP *** [Qd 7d Ad]
swarfiga755: checks
vitalik1203: bets $3
swarfiga755: raises $3 to $6
vitalik1203: calls $3
*** TURN *** [Qd 7d Ad] [3c]
swarfiga755: bets $6
vitalik1203: calls $6
*** RIVER *** [Qd 7d Ad 3c] [2c]
swarfiga755: bets $6
vitalik1203: folds
Uncalled bet ($6) returned to swarfiga755
swarfiga755 collected $35.50 from pot
swarfiga755: doesn't show hand
*** SUMMARY ***
Total pot $36 | Rake $0.50
Board [Qd 7d Ad 3c 2c]
Seat 1: vitalik1203 (button) (small blind) folded on the River
Seat 2: swarfiga755 (big blind) collected ($35.50)


PokerStars Hand #145509963517:  Hold'em Limit ($3/$6 USD) - 2015/12/17 19:49:12 ET
Table 'Ostanina II' 2-max Seat #1 is the button
Seat 1: vitalik1203 ($19.98 in chips)
Seat 2: swarfiga755 ($120.78 in chips)
vitalik1203: posts small blind $1
swarfiga755: posts big blind $3
*** HOLE CARDS ***
vitalik1203: folds
Uncalled bet ($2) returned to swarfiga755
swarfiga755 collected $2 from pot
swarfiga755: doesn't show hand
*** SUMMARY ***
Total pot $2 | Rake $0
Seat 1: vitalik1203 (button) (small blind) folded before Flop
Seat 2: swarfiga755 (big blind) collected ($2)


PokerStars Hand #145509957621:  Hold'em Limit ($3/$6 USD) - 2015/12/17 19:49:02 ET
Table 'Ostanina II' 2-max Seat #2 is the button
Seat 1: vitalik1203 ($25.98 in chips)
Seat 2: swarfiga755 ($115.02 in chips)
swarfiga755: posts small blind $1
vitalik1203: posts big blind $3
*** HOLE CARDS ***
swarfiga755: raises $3 to $6
vitalik1203: calls $3
*** FLOP *** [4d Qc Ts]
vitalik1203: checks
swarfiga755: bets $3
vitalik1203: folds
Uncalled bet ($3) returned to swarfiga755
swarfiga755 collected $11.76 from pot
swarfiga755: doesn't show hand
*** SUMMARY ***
Total pot $12 | Rake $0.24
Board [4d Qc Ts]
Seat 1: vitalik1203 (big blind) folded on the Flop
Seat 2: swarfiga755 (button) (small blind) collected ($11.76)


PokerStars Hand #145509948071:  Hold'em Limit ($3/$6 USD) - 2015/12/17 19:48:46 ET
Table 'Ostanina II' 2-max Seat #1 is the button
Seat 1: vitalik1203 ($37.98 in chips)
Seat 2: swarfiga755 ($103.50 in chips)
vitalik1203: posts small blind $1
swarfiga755: posts big blind $3
*** HOLE CARDS ***
vitalik1203: raises $3 to $6
swarfiga755: calls $3
*** FLOP *** [9s Ah 9d]
swarfiga755: checks
vitalik1203: bets $3
swarfiga755: raises $3 to $6
vitalik1203: calls $3
*** TURN *** [9s Ah 9d] [6c]
swarfiga755: checks
vitalik1203: checks
*** RIVER *** [9s Ah 9d 6c] [Qh]
swarfiga755: bets $6
vitalik1203: folds
Uncalled bet ($6) returned to swarfiga755
swarfiga755 collected $23.52 from pot
swarfiga755: doesn't show hand
*** SUMMARY ***
Total pot $24 | Rake $0.48
Board [9s Ah 9d 6c Qh]
Seat 1: vitalik1203 (button) (small blind) folded on the River
Seat 2: swarfiga755 (big blind) collected ($23.52)


PokerStars Hand #145509945530:  Hold'em Limit ($3/$6 USD) - 2015/12/17 19:48:41 ET
Table 'Ostanina II' 2-max Seat #2 is the button
Seat 1: vitalik1203 ($36.98 in chips)
Seat 2: swarfiga755 ($104.50 in chips)
swarfiga755: posts small blind $1
vitalik1203: posts big blind $3
*** HOLE CARDS ***
swarfiga755: folds
Uncalled bet ($2) returned to vitalik1203
vitalik1203 collected $2 from pot
vitalik1203: doesn't show hand
*** SUMMARY ***
Total pot $2 | Rake $0
Seat 1: vitalik1203 (big blind) collected ($2)
Seat 2: swarfiga755 (button) (small blind) folded before Flop


PokerStars Hand #145509938754:  Hold'em Limit ($3/$6 USD) - 2015/12/17 19:48:29 ET
Table 'Ostanina II' 2-max Seat #1 is the button
Seat 1: vitalik1203 ($31.22 in chips)
Seat 2: swarfiga755 ($110.50 in chips)
vitalik1203: posts small blind $1
swarfiga755: posts big blind $3
*** HOLE CARDS ***
vitalik1203: calls $2
swarfiga755: checks
*** FLOP *** [5s 4d 3c]
swarfiga755: checks
vitalik1203: bets $3
swarfiga755: calls $3
*** TURN *** [5s 4d 3c] [Jd]
swarfiga755: checks
vitalik1203: bets $6
swarfiga755: folds
Uncalled bet ($6) returned to vitalik1203
vitalik1203 collected $11.76 from pot
vitalik1203: doesn't show hand
*** SUMMARY ***
Total pot $12 | Rake $0.24
Board [5s 4d 3c Jd]
Seat 1: vitalik1203 (button) (small blind) collected ($11.76)
Seat 2: swarfiga755 (big blind) folded on the Turn


PokerStars Hand #145509985876:  Hold'em Limit ($3/$6 USD) - 2015/12/17 19:49:50 ET
Table 'Ostanina II' 2-max Seat #2 is the button
Seat 1: vitalik1203 ($7.80 in chips)
Seat 2: swarfiga755 ($132.30 in chips)
swarfiga755: posts small blind $1
vitalik1203: posts big blind $3
*** HOLE CARDS ***
swarfiga755: raises $3 to $6
vitalik1203: raises $1.80 to $7.80 and is all-in
swarfiga755: calls $1.80
*** FLOP *** [9c 9s 5c]
*** TURN *** [9c 9s 5c] [8c]
*** RIVER *** [9c 9s 5c 8c] [2h]
*** SHOW DOWN ***
vitalik1203: shows [7d Ks] (a pair of Nines)
swarfiga755: shows [4d 4s] (two pair, Nines and Fours)
swarfiga755 collected $15.29 from pot
*** SUMMARY ***
Total pot $15.60 | Rake $0.31
Board [9c 9s 5c 8c 2h]
Seat 1: vitalik1203 (big blind) showed [7d Ks] and lost with a pair of Nines
Seat 2: swarfiga755 (button) (small blind) showed [4d 4s] and won ($15.29) with two pair, Nines and Fours


PokerStars Hand #145509979703:  Hold'em Limit ($3/$6 USD) - 2015/12/17 19:49:40 ET
Table 'Ostanina II' 2-max Seat #1 is the button
Seat 1: vitalik1203 ($3.98 in chips)
Seat 2: swarfiga755 ($136.28 in chips)
vitalik1203: posts small blind $1
swarfiga755: posts big blind $3
*** HOLE CARDS ***
vitalik1203: raises $0.98 to $3.98 and is all-in
swarfiga755: calls $0.98
*** FLOP *** [6s 9s Jc]
*** TURN *** [6s 9s Jc] [9d]
*** RIVER *** [6s 9s Jc 9d] [As]
*** SHOW DOWN ***
swarfiga755: shows [8h 3d] (a pair of Nines)
vitalik1203: shows [Jh 6c] (two pair, Jacks and Nines)
vitalik1203 collected $7.80 from pot
*** SUMMARY ***
Total pot $7.96 | Rake $0.16
Board [6s 9s Jc 9d As]
Seat 1: vitalik1203 (button) (small blind) showed [Jh 6c] and won ($7.80) with two pair, Jacks and Nines
Seat 2: swarfiga755 (big blind) showed [8h 3d] and lost with a pair of Nines


PokerStars Hand #145509966113:  Hold'em Limit ($3/$6 USD) - 2015/12/17 19:49:16 ET
Table 'Ostanina II' 2-max Seat #2 is the button
Seat 1: vitalik1203 ($18.98 in chips)
Seat 2: swarfiga755 ($121.78 in chips)
swarfiga755: posts small blind $1
vitalik1203: posts big blind $3
*** HOLE CARDS ***
swarfiga755: raises $3 to $6
vitalik1203: calls $3
*** FLOP *** [3c 8c Jd]
vitalik1203: checks
swarfiga755: bets $3
vitalik1203: calls $3
*** TURN *** [3c 8c Jd] [5s]
vitalik1203: checks
swarfiga755: bets $6
vitalik1203: calls $6
*** RIVER *** [3c 8c Jd 5s] [Jh]
vitalik1203: checks
swarfiga755: bets $6
vitalik1203: folds
Uncalled bet ($6) returned to swarfiga755
swarfiga755 collected $29.50 from pot
swarfiga755: doesn't show hand
*** SUMMARY ***
Total pot $30 | Rake $0.50
Board [3c 8c Jd 5s Jh]
Seat 1: vitalik1203 (big blind) folded on the River
Seat 2: swarfiga755 (button) (small blind) collected ($29.50)


