PokerStars Hand #153788887465:  Hold'em Limit ($3/$6 USD) - 2016/05/24 15:37:14 ET
Table 'Ostara II' 6-max Seat #5 is the button
Seat 4: Madgit ($18 in chips)
Seat 5: kolaz03 ($72 in chips)
kolaz03: posts small blind $1
TinaTurner72: is sitting out
Madgit: posts big blind $3
*** HOLE CARDS ***
TinaTurner72 leaves the table
kolaz03: folds
Uncalled bet ($2) returned to Madgit
Madgit collected $2 from pot
Madgit: doesn't show hand
*** SUMMARY ***
Total pot $2 | Rake $0
Seat 4: Madgit (big blind) collected ($2)
Seat 5: kolaz03 (button) (small blind) folded before Flop


PokerStars Hand #153788893775:  Hold'em Limit ($3/$6 USD) - 2016/05/24 15:37:21 ET
Table 'Ostara II' 6-max Seat #4 is the button
Seat 4: Madgit ($19 in chips)
Seat 5: kolaz03 ($72 in chips)
Madgit: posts small blind $1
kolaz03: posts big blind $3
*** HOLE CARDS ***
Madgit: raises $3 to $6
kolaz03: calls $3
*** FLOP *** [4s Qc 8s]
kolaz03: checks
Madgit: bets $3
kolaz03: raises $3 to $6
Madgit: calls $3
*** TURN *** [4s Qc 8s] [2s]
kolaz03: bets $6
Madgit: raises $1 to $7 and is all-in
kolaz03: calls $1
*** RIVER *** [4s Qc 8s 2s] [Ah]
*** SHOW DOWN ***
kolaz03: shows [7d Qd] (a pair of Queens)
Madgit: shows [Kd 8d] (a pair of Eights)
kolaz03 collected $37.50 from pot
*** SUMMARY ***
Total pot $38 | Rake $0.50
Board [4s Qc 8s 2s Ah]
Seat 4: Madgit (button) (small blind) showed [Kd 8d] and lost with a pair of Eights
Seat 5: kolaz03 (big blind) showed [7d Qd] and won ($37.50) with a pair of Queens


PokerStars Hand #153789963589:  Hold'em Limit ($3/$6 USD) - 2016/05/24 15:57:07 ET
Table 'Ostara II' 6-max Seat #1 is the button
Seat 1: igmade ($113 in chips)
Seat 2: TinaTurner72 ($126.76 in chips)
igmade: posts small blind $1
Mr. X1825 joins the table at seat #3
TinaTurner72: posts big blind $3
*** HOLE CARDS ***
igmade: raises $3 to $6
TinaTurner72: calls $3
*** FLOP *** [9c 7d Jc]
TinaTurner72: checks
igmade: bets $3
TinaTurner72: folds
Uncalled bet ($3) returned to igmade
igmade collected $11.76 from pot
*** SUMMARY ***
Total pot $12 | Rake $0.24
Board [9c 7d Jc]
Seat 1: igmade (button) (small blind) collected ($11.76)
Seat 2: TinaTurner72 (big blind) folded on the Flop


PokerStars Hand #153789955609:  Hold'em Limit ($3/$6 USD) - 2016/05/24 15:56:56 ET
Table 'Ostara II' 6-max Seat #2 is the button
Seat 1: igmade ($119 in chips)
Seat 2: TinaTurner72 ($121 in chips)
TinaTurner72: posts small blind $1
igmade: posts big blind $3
*** HOLE CARDS ***
TinaTurner72: raises $3 to $6
igmade: calls $3
*** FLOP *** [As Ks Qs]
igmade: checks
TinaTurner72: bets $3
igmade: folds
Uncalled bet ($3) returned to TinaTurner72
TinaTurner72 collected $11.76 from pot
*** SUMMARY ***
Total pot $12 | Rake $0.24
Board [As Ks Qs]
Seat 1: igmade (big blind) folded on the Flop
Seat 2: TinaTurner72 (button) (small blind) collected ($11.76)


PokerStars Hand #153791160557:  Hold'em Limit ($3/$6 USD) - 2016/05/24 16:19:14 ET
Table 'Ostara II' 6-max Seat #4 is the button
Seat 2: pejoba ($23.28 in chips)
Seat 4: vestimokrec ($125.89 in chips)
Mr. X1825 will be allowed to play after the button
vestimokrec: posts small blind $1
Actionni13: is sitting out
pejoba: posts big blind $3
*** HOLE CARDS ***
vestimokrec: raises $3 to $6
pejoba: calls $3
*** FLOP *** [2h 8d Kh]
pejoba: bets $3
vestimokrec: folds
Uncalled bet ($3) returned to pejoba
pejoba collected $11.76 from pot
pejoba: doesn't show hand
*** SUMMARY ***
Total pot $12 | Rake $0.24
Board [2h 8d Kh]
Seat 2: pejoba (big blind) collected ($11.76)
Seat 4: vestimokrec (button) (small blind) folded on the Flop


PokerStars Hand #153791294249:  Hold'em Limit ($3/$6 USD) - 2016/05/24 16:21:38 ET
Table 'Ostara II' 6-max Seat #4 is the button
Seat 3: Mr. X1825 ($54.39 in chips)
Seat 4: vestimokrec ($120.25 in chips)
vestimokrec: posts small blind $1
Mr. X1825: posts big blind $3
*** HOLE CARDS ***
vestimokrec: folds
Uncalled bet ($2) returned to Mr. X1825
Mr. X1825 collected $2 from pot
Mr. X1825: doesn't show hand
*** SUMMARY ***
Total pot $2 | Rake $0
Seat 3: Mr. X1825 (big blind) collected ($2)
Seat 4: vestimokrec (button) (small blind) folded before Flop


