PokerStars Hand #174870309418:  Hold'em Limit ($3/$6 USD) - 2017/08/27 15:35:42 ET
Table 'Ostanina' 6-max Seat #2 is the button
Seat 2: nedo1414 ($120 in chips)
Seat 5: GoliafUa ($120 in chips)
nedo1414: posts small blind $1
HooD989 joins the table at seat #3
dmonr joins the table at seat #6
GoliafUa: posts big blind $3
*** HOLE CARDS ***
nedo1414: raises $3 to $6
GoliafUa: folds
Uncalled bet ($3) returned to nedo1414
nedo1414 collected $6 from pot
nedo1414: doesn't show hand
*** SUMMARY ***
Total pot $6 | Rake $0
Seat 2: nedo1414 (button) (small blind) collected ($6)
Seat 5: GoliafUa (big blind) folded before Flop


PokerStars Hand #174871171769:  Hold'em Limit ($3/$6 USD) - 2017/08/27 15:51:44 ET
Table 'Ostanina' 6-max Seat #2 is the button
Seat 1: masterblstr8 ($128.69 in chips)
Seat 2: nedo1414 ($206.94 in chips)
nedo1414: posts small blind $1
vestimokrec: is sitting out
Lobelt55: is sitting out
masterblstr8: posts big blind $3
*** HOLE CARDS ***
vestimokrec leaves the table
nedo1414: folds
Uncalled bet ($2) returned to masterblstr8
masterblstr8 collected $2 from pot
masterblstr8: doesn't show hand
*** SUMMARY ***
Total pot $2 | Rake $0
Seat 1: masterblstr8 (big blind) collected ($2)
Seat 2: nedo1414 (button) (small blind) folded before Flop


PokerStars Hand #174871200855:  Hold'em Limit ($3/$6 USD) - 2017/08/27 15:52:17 ET
Table 'Ostanina' 6-max Seat #2 is the button
Seat 1: masterblstr8 ($156.19 in chips)
Seat 2: nedo1414 ($178.94 in chips)
nedo1414: posts small blind $1
masterblstr8: posts big blind $3
*** HOLE CARDS ***
nedo1414: raises $3 to $6
masterblstr8: raises $3 to $9
nedo1414: calls $3
*** FLOP *** [Qd 6s 3d]
masterblstr8: bets $3
nedo1414: calls $3
*** TURN *** [Qd 6s 3d] [9h]
masterblstr8: bets $6
nedo1414: calls $6
*** RIVER *** [Qd 6s 3d 9h] [8d]
masterblstr8: checks
nedo1414: bets $6
masterblstr8: calls $6
*** SHOW DOWN ***
nedo1414: shows [Kd 4d] (a flush, King high)
masterblstr8: mucks hand
nedo1414 collected $47.50 from pot
*** SUMMARY ***
Total pot $48 | Rake $0.50
Board [Qd 6s 3d 9h 8d]
Seat 1: masterblstr8 (big blind) mucked
Seat 2: nedo1414 (button) (small blind) showed [Kd 4d] and won ($47.50) with a flush, King high


PokerStars Hand #174871240610:  Hold'em Limit ($3/$6 USD) - 2017/08/27 15:53:03 ET
Table 'Ostanina' 6-max Seat #2 is the button
Seat 1: masterblstr8 ($114.19 in chips)
Seat 2: nedo1414 ($219.94 in chips)
nedo1414: posts small blind $1
masterblstr8: posts big blind $3
*** HOLE CARDS ***
Lsalimov joins the table at seat #3
nedo1414: folds
Uncalled bet ($2) returned to masterblstr8
masterblstr8 collected $2 from pot
masterblstr8: doesn't show hand
*** SUMMARY ***
Total pot $2 | Rake $0
Seat 1: masterblstr8 (big blind) collected ($2)
Seat 2: nedo1414 (button) (small blind) folded before Flop


PokerStars Hand #174871219820:  Hold'em Limit ($3/$6 USD) - 2017/08/27 15:52:40 ET
Table 'Ostanina' 6-max Seat #1 is the button
Seat 1: masterblstr8 ($132.19 in chips)
Seat 2: nedo1414 ($202.44 in chips)
masterblstr8: posts small blind $1
nedo1414: posts big blind $3
*** HOLE CARDS ***
masterblstr8: raises $3 to $6
nedo1414: calls $3
*** FLOP *** [7s 5s 6d]
nedo1414: checks
masterblstr8: bets $3
nedo1414: raises $3 to $6
masterblstr8: calls $3
*** TURN *** [7s 5s 6d] [Qc]
nedo1414: checks
masterblstr8: bets $6
nedo1414: calls $6
*** RIVER *** [7s 5s 6d Qc] [8s]
nedo1414: checks
masterblstr8: checks
*** SHOW DOWN ***
nedo1414: shows [7h Kc] (a pair of Sevens)
masterblstr8: mucks hand
nedo1414 collected $35.50 from pot
*** SUMMARY ***
Total pot $36 | Rake $0.50
Board [7s 5s 6d Qc 8s]
Seat 1: masterblstr8 (button) (small blind) mucked
Seat 2: nedo1414 (big blind) showed [7h Kc] and won ($35.50) with a pair of Sevens


PokerStars Hand #174871244736:  Hold'em Limit ($3/$6 USD) - 2017/08/27 15:53:08 ET
Table 'Ostanina' 6-max Seat #1 is the button
Seat 1: masterblstr8 ($115.19 in chips)
Seat 2: nedo1414 ($218.94 in chips)
masterblstr8: posts small blind $1
nedo1414: posts big blind $3
*** HOLE CARDS ***
masterblstr8: raises $3 to $6
nedo1414: calls $3
*** FLOP *** [Th 6c 3s]
nedo1414: checks
masterblstr8: bets $3
nedo1414: calls $3
*** TURN *** [Th 6c 3s] [Js]
nedo1414: checks
masterblstr8: bets $6
nedo1414: calls $6
*** RIVER *** [Th 6c 3s Js] [Kc]
nedo1414: checks
masterblstr8: bets $6
nedo1414: calls $6
*** SHOW DOWN ***
masterblstr8: shows [Jh 5c] (a pair of Jacks)
nedo1414: mucks hand
masterblstr8 collected $41.50 from pot
*** SUMMARY ***
Total pot $42 | Rake $0.50
Board [Th 6c 3s Js Kc]
Seat 1: masterblstr8 (button) (small blind) showed [Jh 5c] and won ($41.50) with a pair of Jacks
Seat 2: nedo1414 (big blind) mucked


PokerStars Hand #174871324666:  Hold'em Limit ($3/$6 USD) - 2017/08/27 15:54:42 ET
Table 'Ostanina' 6-max Seat #2 is the button
Seat 1: masterblstr8 ($107.69 in chips)
Seat 2: nedo1414 ($235.05 in chips)
nedo1414: posts small blind $1
Lsalimov: is sitting out
masterblstr8: posts big blind $3
*** HOLE CARDS ***
nedo1414: raises $3 to $6
Lsalimov leaves the table
masterblstr8: calls $3
*** FLOP *** [3h Jd 5h]
masterblstr8: checks
nedo1414: bets $3
masterblstr8: calls $3
*** TURN *** [3h Jd 5h] [5d]
masterblstr8: checks
nedo1414: checks
*** RIVER *** [3h Jd 5h 5d] [8c]
masterblstr8: checks
nedo1414: bets $6
masterblstr8: folds
Uncalled bet ($6) returned to nedo1414
nedo1414 collected $17.64 from pot
nedo1414: doesn't show hand
*** SUMMARY ***
Total pot $18 | Rake $0.36
Board [3h Jd 5h 5d 8c]
Seat 1: masterblstr8 (big blind) folded on the River
Seat 2: nedo1414 (button) (small blind) collected ($17.64)


PokerStars Hand #174871339436:  Hold'em Limit ($3/$6 USD) - 2017/08/27 15:55:00 ET
Table 'Ostanina' 6-max Seat #1 is the button
Seat 1: masterblstr8 ($98.69 in chips)
Seat 2: nedo1414 ($243.69 in chips)
masterblstr8: posts small blind $1
nedo1414: posts big blind $3
*** HOLE CARDS ***
masterblstr8: raises $3 to $6
nedo1414: calls $3
*** FLOP *** [Th Ks Jh]
nedo1414: checks
masterblstr8: bets $3
nedo1414: folds
Uncalled bet ($3) returned to masterblstr8
masterblstr8 collected $11.76 from pot
masterblstr8: doesn't show hand
*** SUMMARY ***
Total pot $12 | Rake $0.24
Board [Th Ks Jh]
Seat 1: masterblstr8 (button) (small blind) collected ($11.76)
Seat 2: nedo1414 (big blind) folded on the Flop


PokerStars Hand #174871350954:  Hold'em Limit ($3/$6 USD) - 2017/08/27 15:55:14 ET
Table 'Ostanina' 6-max Seat #2 is the button
Seat 1: masterblstr8 ($104.45 in chips)
Seat 2: nedo1414 ($237.69 in chips)
nedo1414: posts small blind $1
masterblstr8: posts big blind $3
*** HOLE CARDS ***
nedo1414: raises $3 to $6
masterblstr8: calls $3
*** FLOP *** [Ah 4d 8s]
masterblstr8: checks
nedo1414: bets $3
masterblstr8: raises $3 to $6
nedo1414: folds
Uncalled bet ($3) returned to masterblstr8
masterblstr8 collected $17.64 from pot
masterblstr8: doesn't show hand
*** SUMMARY ***
Total pot $18 | Rake $0.36
Board [Ah 4d 8s]
Seat 1: masterblstr8 (big blind) collected ($17.64)
Seat 2: nedo1414 (button) (small blind) folded on the Flop


PokerStars Hand #174871358163:  Hold'em Limit ($3/$6 USD) - 2017/08/27 15:55:27 ET
Table 'Ostanina' 6-max Seat #1 is the button
Seat 1: masterblstr8 ($113.09 in chips)
Seat 2: nedo1414 ($228.69 in chips)
masterblstr8: posts small blind $1
nedo1414: posts big blind $3
*** HOLE CARDS ***
masterblstr8: raises $3 to $6
nedo1414: raises $3 to $9
masterblstr8: calls $3
*** FLOP *** [7c 4c 8c]
nedo1414: bets $3
masterblstr8: folds
Uncalled bet ($3) returned to nedo1414
nedo1414 collected $17.64 from pot
nedo1414: doesn't show hand
*** SUMMARY ***
Total pot $18 | Rake $0.36
Board [7c 4c 8c]
Seat 1: masterblstr8 (button) (small blind) folded on the Flop
Seat 2: nedo1414 (big blind) collected ($17.64)


PokerStars Hand #174871364169:  Hold'em Limit ($3/$6 USD) - 2017/08/27 15:55:37 ET
Table 'Ostanina' 6-max Seat #2 is the button
Seat 1: masterblstr8 ($104.09 in chips)
Seat 2: nedo1414 ($237.33 in chips)
nedo1414: posts small blind $1
masterblstr8: posts big blind $3
*** HOLE CARDS ***
nedo1414: raises $3 to $6
masterblstr8: calls $3
*** FLOP *** [Jh 5h 8c]
masterblstr8: checks
nedo1414: bets $3
masterblstr8: raises $3 to $6
nedo1414: calls $3
*** TURN *** [Jh 5h 8c] [Ad]
masterblstr8: bets $6
nedo1414: folds
Uncalled bet ($6) returned to masterblstr8
masterblstr8 collected $23.52 from pot
masterblstr8: doesn't show hand
*** SUMMARY ***
Total pot $24 | Rake $0.48
Board [Jh 5h 8c Ad]
Seat 1: masterblstr8 (big blind) collected ($23.52)
Seat 2: nedo1414 (button) (small blind) folded on the Turn


PokerStars Hand #174871377857:  Hold'em Limit ($3/$6 USD) - 2017/08/27 15:56:00 ET
Table 'Ostanina' 6-max Seat #1 is the button
Seat 1: masterblstr8 ($115.61 in chips)
Seat 2: nedo1414 ($225.33 in chips)
masterblstr8: posts small blind $1
nedo1414: posts big blind $3
*** HOLE CARDS ***
masterblstr8: folds
Uncalled bet ($2) returned to nedo1414
nedo1414 collected $2 from pot
nedo1414: doesn't show hand
*** SUMMARY ***
Total pot $2 | Rake $0
Seat 1: masterblstr8 (button) (small blind) folded before Flop
Seat 2: nedo1414 (big blind) collected ($2)


PokerStars Hand #174871382002:  Hold'em Limit ($3/$6 USD) - 2017/08/27 15:56:07 ET
Table 'Ostanina' 6-max Seat #2 is the button
Seat 1: masterblstr8 ($114.61 in chips)
Seat 2: nedo1414 ($226.33 in chips)
nedo1414: posts small blind $1
masterblstr8: posts big blind $3
*** HOLE CARDS ***
nedo1414: raises $3 to $6
masterblstr8: folds
Uncalled bet ($3) returned to nedo1414
nedo1414 collected $6 from pot
nedo1414: doesn't show hand
*** SUMMARY ***
Total pot $6 | Rake $0
Seat 1: masterblstr8 (big blind) folded before Flop
Seat 2: nedo1414 (button) (small blind) collected ($6)


PokerStars Hand #174871387486:  Hold'em Limit ($3/$6 USD) - 2017/08/27 15:56:16 ET
Table 'Ostanina' 6-max Seat #1 is the button
Seat 1: masterblstr8 ($111.61 in chips)
Seat 2: nedo1414 ($229.33 in chips)
masterblstr8: posts small blind $1
nedo1414: posts big blind $3
*** HOLE CARDS ***
masterblstr8: raises $3 to $6
nedo1414: calls $3
*** FLOP *** [5s 6s Ts]
nedo1414: checks
masterblstr8: bets $3
nedo1414: raises $3 to $6
masterblstr8: calls $3
*** TURN *** [5s 6s Ts] [Ah]
nedo1414: checks
masterblstr8: bets $6
nedo1414: calls $6
*** RIVER *** [5s 6s Ts Ah] [9c]
nedo1414: checks
masterblstr8: checks
*** SHOW DOWN ***
nedo1414: shows [9s 8c] (a pair of Nines)
masterblstr8: mucks hand
nedo1414 collected $35.50 from pot
*** SUMMARY ***
Total pot $36 | Rake $0.50
Board [5s 6s Ts Ah 9c]
Seat 1: masterblstr8 (button) (small blind) mucked
Seat 2: nedo1414 (big blind) showed [9s 8c] and won ($35.50) with a pair of Nines


PokerStars Hand #174871403811:  Hold'em Limit ($3/$6 USD) - 2017/08/27 15:56:44 ET
Table 'Ostanina' 6-max Seat #2 is the button
Seat 1: masterblstr8 ($93.61 in chips)
Seat 2: nedo1414 ($246.83 in chips)
nedo1414: posts small blind $1
masterblstr8: posts big blind $3
*** HOLE CARDS ***
nedo1414: raises $3 to $6
masterblstr8: calls $3
*** FLOP *** [3d 9s Jc]
masterblstr8: checks
nedo1414: checks
*** TURN *** [3d 9s Jc] [Jd]
masterblstr8: checks
nedo1414: checks
*** RIVER *** [3d 9s Jc Jd] [Kc]
masterblstr8: checks
nedo1414: checks
*** SHOW DOWN ***
masterblstr8: shows [6c Th] (a pair of Jacks)
nedo1414: mucks hand
masterblstr8 collected $11.76 from pot
*** SUMMARY ***
Total pot $12 | Rake $0.24
Board [3d 9s Jc Jd Kc]
Seat 1: masterblstr8 (big blind) showed [6c Th] and won ($11.76) with a pair of Jacks
Seat 2: nedo1414 (button) (small blind) mucked


PokerStars Hand #174871419939:  Hold'em Limit ($3/$6 USD) - 2017/08/27 15:57:11 ET
Table 'Ostanina' 6-max Seat #1 is the button
Seat 1: masterblstr8 ($99.37 in chips)
Seat 2: nedo1414 ($240.83 in chips)
masterblstr8: posts small blind $1
nedo1414: posts big blind $3
*** HOLE CARDS ***
masterblstr8: raises $3 to $6
nedo1414: calls $3
*** FLOP *** [8s 9h 9c]
nedo1414: checks
Lsalimov joins the table at seat #3
masterblstr8: bets $3
nedo1414: calls $3
*** TURN *** [8s 9h 9c] [5d]
nedo1414: checks
masterblstr8: checks
*** RIVER *** [8s 9h 9c 5d] [8h]
nedo1414: bets $6
masterblstr8: calls $6
*** SHOW DOWN ***
nedo1414: shows [Jd 9s] (a full house, Nines full of Eights)
masterblstr8: mucks hand
nedo1414 collected $29.50 from pot
*** SUMMARY ***
Total pot $30 | Rake $0.50
Board [8s 9h 9c 5d 8h]
Seat 1: masterblstr8 (button) (small blind) mucked
Seat 2: nedo1414 (big blind) showed [Jd 9s] and won ($29.50) with a full house, Nines full of Eights


