PokerStars Hand #145408698839:  Hold'em Limit ($3/$6 USD) - 2015/12/15 18:58:42 ET
Table 'Ostenia II' 2-max Seat #1 is the button
Seat 1: Pete81 ($59.55 in chips)
Seat 2: Necromadx ($393.06 in chips)
Pete81: posts small blind $1
Necromadx: posts big blind $3
*** HOLE CARDS ***
Pete81: raises $3 to $6
Necromadx: calls $3
*** FLOP *** [Ah 7c 8d]
Necromadx: checks
Pete81: bets $3
Necromadx: folds
Uncalled bet ($3) returned to Pete81
Pete81 collected $11.76 from pot
Pete81: doesn't show hand
*** SUMMARY ***
Total pot $12 | Rake $0.24
Board [Ah 7c 8d]
Seat 1: Pete81 (button) (small blind) collected ($11.76)
Seat 2: Necromadx (big blind) folded on the Flop


PokerStars Hand #145408689808:  Hold'em Limit ($3/$6 USD) - 2015/12/15 18:58:26 ET
Table 'Ostenia II' 2-max Seat #2 is the button
Seat 1: Pete81 ($59.80 in chips)
Seat 2: Necromadx ($393.31 in chips)
Necromadx: posts small blind $1
Pete81: posts big blind $3
*** HOLE CARDS ***
Necromadx: raises $3 to $6
Pete81: raises $3 to $9
Necromadx: calls $3
*** FLOP *** [Tc 2c 4h]
Pete81: bets $3
Necromadx: calls $3
*** TURN *** [Tc 2c 4h] [4s]
Pete81: bets $6
Necromadx: raises $6 to $12
Pete81: calls $6
*** RIVER *** [Tc 2c 4h 4s] [Kd]
Pete81: checks
Necromadx: bets $6
Pete81: calls $6
*** SHOW DOWN ***
Necromadx: shows [8h Th] (two pair, Tens and Fours)
Pete81: shows [6d Td] (two pair, Tens and Fours)
Pete81 collected $29.75 from pot
Necromadx collected $29.75 from pot
*** SUMMARY ***
Total pot $60 | Rake $0.50
Board [Tc 2c 4h 4s Kd]
Seat 1: Pete81 (big blind) showed [6d Td] and won ($29.75) with two pair, Tens and Fours
Seat 2: Necromadx (button) (small blind) showed [8h Th] and won ($29.75) with two pair, Tens and Fours


PokerStars Hand #145408686378:  Hold'em Limit ($3/$6 USD) - 2015/12/15 18:58:20 ET
Table 'Ostenia II' 2-max Seat #1 is the button
Seat 1: Pete81 ($60.80 in chips)
Seat 2: Necromadx ($392.31 in chips)
Pete81: posts small blind $1
Necromadx: posts big blind $3
*** HOLE CARDS ***
Pete81: folds
Uncalled bet ($2) returned to Necromadx
Necromadx collected $2 from pot
Necromadx: doesn't show hand
*** SUMMARY ***
Total pot $2 | Rake $0
Seat 1: Pete81 (button) (small blind) folded before Flop
Seat 2: Necromadx (big blind) collected ($2)


PokerStars Hand #145408681624:  Hold'em Limit ($3/$6 USD) - 2015/12/15 18:58:12 ET
Table 'Ostenia II' 2-max Seat #2 is the button
Seat 1: Pete81 ($66.80 in chips)
Seat 2: Necromadx ($386.55 in chips)
Necromadx: posts small blind $1
Pete81: posts big blind $3
*** HOLE CARDS ***
Necromadx: raises $3 to $6
Pete81: calls $3
*** FLOP *** [3d 9h 5s]
Pete81: checks
Necromadx: bets $3
Pete81: folds
Uncalled bet ($3) returned to Necromadx
Necromadx collected $11.76 from pot
Necromadx: doesn't show hand
*** SUMMARY ***
Total pot $12 | Rake $0.24
Board [3d 9h 5s]
Seat 1: Pete81 (big blind) folded on the Flop
Seat 2: Necromadx (button) (small blind) collected ($11.76)


PokerStars Hand #145408679122:  Hold'em Limit ($3/$6 USD) - 2015/12/15 18:58:07 ET
Table 'Ostenia II' 2-max Seat #1 is the button
Seat 1: Pete81 ($67.80 in chips)
Seat 2: Necromadx ($385.55 in chips)
Pete81: posts small blind $1
Necromadx: posts big blind $3
*** HOLE CARDS ***
Pete81: folds
Uncalled bet ($2) returned to Necromadx
Necromadx collected $2 from pot
Necromadx: doesn't show hand
*** SUMMARY ***
Total pot $2 | Rake $0
Seat 1: Pete81 (button) (small blind) folded before Flop
Seat 2: Necromadx (big blind) collected ($2)


PokerStars Hand #145408675743:  Hold'em Limit ($3/$6 USD) - 2015/12/15 18:58:02 ET
Table 'Ostenia II' 2-max Seat #2 is the button
Seat 1: Pete81 ($66.80 in chips)
Seat 2: Necromadx ($386.55 in chips)
Necromadx: posts small blind $1
Pete81: posts big blind $3
*** HOLE CARDS ***
Necromadx: folds
Uncalled bet ($2) returned to Pete81
Pete81 collected $2 from pot
Pete81: doesn't show hand
*** SUMMARY ***
Total pot $2 | Rake $0
Seat 1: Pete81 (big blind) collected ($2)
Seat 2: Necromadx (button) (small blind) folded before Flop


PokerStars Hand #145408668613:  Hold'em Limit ($3/$6 USD) - 2015/12/15 18:57:49 ET
Table 'Ostenia II' 2-max Seat #1 is the button
Seat 1: Pete81 ($3.47 in chips)
Seat 2: Necromadx ($390.02 in chips)
Pete81: posts small blind $1
Necromadx: posts big blind $3
*** HOLE CARDS ***
Pete81: raises $0.47 to $3.47 and is all-in
Necromadx: calls $0.47
*** FLOP *** [7h 3s 7c]
*** TURN *** [7h 3s 7c] [8d]
*** RIVER *** [7h 3s 7c 8d] [9c]
*** SHOW DOWN ***
Necromadx: shows [5d 2d] (a pair of Sevens)
Pete81: shows [Kd 7d] (three of a kind, Sevens)
Pete81 collected $6.80 from pot
*** SUMMARY ***
Total pot $6.94 | Rake $0.14
Board [7h 3s 7c 8d 9c]
Seat 1: Pete81 (button) (small blind) showed [Kd 7d] and won ($6.80) with three of a kind, Sevens
Seat 2: Necromadx (big blind) showed [5d 2d] and lost with a pair of Sevens


PokerStars Hand #145408719639:  Hold'em Limit ($3/$6 USD) - 2015/12/15 18:59:18 ET
Table 'Ostenia II' 2-max Seat #1 is the button
Seat 1: Pete81 ($31.31 in chips)
Seat 2: Necromadx ($420.56 in chips)
Pete81: posts small blind $1
Necromadx: posts big blind $3
*** HOLE CARDS ***
Pete81: raises $3 to $6
Necromadx: raises $3 to $9
Pete81: raises $3 to $12
Betting is capped
Necromadx: calls $3
*** FLOP *** [3h 9h 8d]
Necromadx: checks
Pete81: bets $3
Necromadx: raises $3 to $6
Pete81: calls $3
*** TURN *** [3h 9h 8d] [Ts]
Necromadx: bets $6
Pete81: raises $6 to $12
Necromadx: calls $6
*** RIVER *** [3h 9h 8d Ts] [Tc]
Necromadx: checks
Pete81: bets $1.31 and is all-in
Necromadx: calls $1.31
*** SHOW DOWN ***
Pete81: shows [Ac 7h] (a pair of Tens)
Necromadx: shows [8s As] (two pair, Tens and Eights)
Necromadx collected $62.12 from pot
*** SUMMARY ***
Total pot $62.62 | Rake $0.50
Board [3h 9h 8d Ts Tc]
Seat 1: Pete81 (button) (small blind) showed [Ac 7h] and lost with a pair of Tens
Seat 2: Necromadx (big blind) showed [8s As] and won ($62.12) with two pair, Tens and Eights


PokerStars Hand #145408716640:  Hold'em Limit ($3/$6 USD) - 2015/12/15 18:59:13 ET
Table 'Ostenia II' 2-max Seat #2 is the button
Seat 1: Pete81 ($34.31 in chips)
Seat 2: Necromadx ($417.56 in chips)
Necromadx: posts small blind $1
Pete81: posts big blind $3
*** HOLE CARDS ***
Necromadx: raises $3 to $6
Pete81: folds
Uncalled bet ($3) returned to Necromadx
Necromadx collected $6 from pot
Necromadx: doesn't show hand
*** SUMMARY ***
Total pot $6 | Rake $0
Seat 1: Pete81 (big blind) folded before Flop
Seat 2: Necromadx (button) (small blind) collected ($6)


PokerStars Hand #145408713960:  Hold'em Limit ($3/$6 USD) - 2015/12/15 18:59:08 ET
Table 'Ostenia II' 2-max Seat #1 is the button
Seat 1: Pete81 ($35.31 in chips)
Seat 2: Necromadx ($416.56 in chips)
Pete81: posts small blind $1
Necromadx: posts big blind $3
*** HOLE CARDS ***
Pete81: folds
Uncalled bet ($2) returned to Necromadx
Necromadx collected $2 from pot
Necromadx: doesn't show hand
*** SUMMARY ***
Total pot $2 | Rake $0
Seat 1: Pete81 (button) (small blind) folded before Flop
Seat 2: Necromadx (big blind) collected ($2)


PokerStars Hand #145408704221:  Hold'em Limit ($3/$6 USD) - 2015/12/15 18:58:51 ET
Table 'Ostenia II' 2-max Seat #2 is the button
Seat 1: Pete81 ($65.31 in chips)
Seat 2: Necromadx ($387.06 in chips)
Necromadx: posts small blind $1
Pete81: posts big blind $3
*** HOLE CARDS ***
Necromadx: raises $3 to $6
Pete81: raises $3 to $9
Necromadx: calls $3
*** FLOP *** [8c 7h Jc]
Pete81: bets $3
Necromadx: calls $3
*** TURN *** [8c 7h Jc] [4h]
Pete81: bets $6
Necromadx: raises $6 to $12
Pete81: calls $6
*** RIVER *** [8c 7h Jc 4h] [Ks]
Pete81: checks
Necromadx: bets $6
Pete81: calls $6
*** SHOW DOWN ***
Necromadx: shows [3d Js] (a pair of Jacks)
Pete81: mucks hand
Necromadx collected $59.50 from pot
*** SUMMARY ***
Total pot $60 | Rake $0.50
Board [8c 7h Jc 4h Ks]
Seat 1: Pete81 (big blind) mucked
Seat 2: Necromadx (button) (small blind) showed [3d Js] and won ($59.50) with a pair of Jacks


PokerStars Hand #145408817042:  Hold'em Limit ($3/$6 USD) - 2015/12/15 19:01:55 ET
Table 'Ostenia II' 2-max Seat #1 is the button
Seat 1: Pete81 ($27 in chips)
Seat 2: Necromadx ($483.63 in chips)
Pete81: posts small blind $1
Necromadx: posts big blind $3
*** HOLE CARDS ***
Pete81: folds
Uncalled bet ($2) returned to Necromadx
Necromadx collected $2 from pot
Necromadx: doesn't show hand
*** SUMMARY ***
Total pot $2 | Rake $0
Seat 1: Pete81 (button) (small blind) folded before Flop
Seat 2: Necromadx (big blind) collected ($2)


PokerStars Hand #145408803184:  Hold'em Limit ($3/$6 USD) - 2015/12/15 19:01:35 ET
Table 'Ostenia II' 2-max Seat #2 is the button
Seat 1: Pete81 ($57 in chips)
Seat 2: Necromadx ($454.13 in chips)
Necromadx: posts small blind $1
Pete81: posts big blind $3
*** HOLE CARDS ***
Necromadx: raises $3 to $6
Pete81: raises $3 to $9
Necromadx: calls $3
*** FLOP *** [Ad 7c 2c]
Pete81: bets $3
Necromadx: calls $3
*** TURN *** [Ad 7c 2c] [2h]
Pete81: bets $6
Necromadx: raises $6 to $12
Pete81: calls $6
*** RIVER *** [Ad 7c 2c 2h] [Jh]
Pete81: checks
Necromadx: bets $6
Pete81: calls $6
*** SHOW DOWN ***
Necromadx: shows [Kd Ah] (two pair, Aces and Deuces)
Pete81: mucks hand
Necromadx collected $59.50 from pot
*** SUMMARY ***
Total pot $60 | Rake $0.50
Board [Ad 7c 2c 2h Jh]
Seat 1: Pete81 (big blind) mucked
Seat 2: Necromadx (button) (small blind) showed [Kd Ah] and won ($59.50) with two pair, Aces and Deuces


PokerStars Hand #145408798604:  Hold'em Limit ($3/$6 USD) - 2015/12/15 19:01:28 ET
Table 'Ostenia II' 2-max Seat #1 is the button
Seat 1: Pete81 ($54 in chips)
Seat 2: Necromadx ($457.13 in chips)
Pete81: posts small blind $1
Necromadx: posts big blind $3
*** HOLE CARDS ***
Pete81: raises $3 to $6
Necromadx: folds
Uncalled bet ($3) returned to Pete81
Pete81 collected $6 from pot
Pete81: doesn't show hand
*** SUMMARY ***
Total pot $6 | Rake $0
Seat 1: Pete81 (button) (small blind) collected ($6)
Seat 2: Necromadx (big blind) folded before Flop


PokerStars Hand #145408791556:  Hold'em Limit ($3/$6 USD) - 2015/12/15 19:01:17 ET
Table 'Ostenia II' 2-max Seat #2 is the button
Seat 1: Pete81 ($60 in chips)
Seat 2: Necromadx ($451.37 in chips)
Necromadx: posts small blind $1
Pete81: posts big blind $3
*** HOLE CARDS ***
Necromadx: raises $3 to $6
Pete81: calls $3
*** FLOP *** [6s Th Ad]
Pete81: checks
Necromadx: bets $3
Pete81: folds
Uncalled bet ($3) returned to Necromadx
Necromadx collected $11.76 from pot
Necromadx: doesn't show hand
*** SUMMARY ***
Total pot $12 | Rake $0.24
Board [6s Th Ad]
Seat 1: Pete81 (big blind) folded on the Flop
Seat 2: Necromadx (button) (small blind) collected ($11.76)


PokerStars Hand #145408832243:  Hold'em Limit ($3/$6 USD) - 2015/12/15 19:02:17 ET
Table 'Ostenia II' 2-max Seat #1 is the button
Seat 1: Pete81 ($8 in chips)
Seat 2: Necromadx ($502.13 in chips)
Pete81: posts small blind $1
Necromadx: posts big blind $3
*** HOLE CARDS ***
Pete81: folds
Uncalled bet ($2) returned to Necromadx
Necromadx collected $2 from pot
Necromadx: doesn't show hand
*** SUMMARY ***
Total pot $2 | Rake $0
Seat 1: Pete81 (button) (small blind) folded before Flop
Seat 2: Necromadx (big blind) collected ($2)


PokerStars Hand #145408820501:  Hold'em Limit ($3/$6 USD) - 2015/12/15 19:02:00 ET
Table 'Ostenia II' 2-max Seat #2 is the button
Seat 1: Pete81 ($26 in chips)
Seat 2: Necromadx ($484.63 in chips)
Necromadx: posts small blind $1
Pete81: posts big blind $3
*** HOLE CARDS ***
Necromadx: raises $3 to $6
Pete81: calls $3
*** FLOP *** [7h 6s Js]
Pete81: checks
Necromadx: bets $3
Pete81: raises $3 to $6
Necromadx: calls $3
*** TURN *** [7h 6s Js] [2s]
Pete81: bets $6
Necromadx: calls $6
*** RIVER *** [7h 6s Js 2s] [4d]
Pete81: checks
Necromadx: checks
*** SHOW DOWN ***
Pete81: shows [Ts 8c] (high card Jack)
Necromadx: shows [Qd Ad] (high card Ace)
Necromadx collected $35.50 from pot
*** SUMMARY ***
Total pot $36 | Rake $0.50
Board [7h 6s Js 2s 4d]
Seat 1: Pete81 (big blind) showed [Ts 8c] and lost with high card Jack
Seat 2: Necromadx (button) (small blind) showed [Qd Ad] and won ($35.50) with high card Ace


