PokerStars Hand #145105184278:  Hold'em Limit ($3/$6 USD) - 2015/12/09 22:08:30 ET
Table 'Ostenia' 10-max Seat #1 is the button
Seat 1: Masqb ($126 in chips)
Seat 5: permafrost07 ($100 in chips)
Masqb: posts small blind $1
permafrost07: posts big blind $3
*** HOLE CARDS ***
Masqb: raises $3 to $6
permafrost07: raises $3 to $9
Masqb: calls $3
*** FLOP *** [2h 5h 9h]
permafrost07: bets $3
Masqb: calls $3
*** TURN *** [2h 5h 9h] [8d]
permafrost07: checks
Masqb: checks
*** RIVER *** [2h 5h 9h 8d] [Jd]
permafrost07: checks
Masqb: checks
*** SHOW DOWN ***
permafrost07: shows [As 7d] (high card Ace)
Masqb: shows [6s 2s] (a pair of Deuces)
Masqb collected $23.52 from pot
*** SUMMARY ***
Total pot $24 | Rake $0.48
Board [2h 5h 9h 8d Jd]
Seat 1: Masqb (button) (small blind) showed [6s 2s] and won ($23.52) with a pair of Deuces
Seat 5: permafrost07 (big blind) showed [As 7d] and lost with high card Ace


PokerStars Hand #145105202592:  Hold'em Limit ($3/$6 USD) - 2015/12/09 22:09:19 ET
Table 'Ostenia' 10-max Seat #5 is the button
Seat 1: Masqb ($137.52 in chips)
Seat 5: permafrost07 ($88 in chips)
permafrost07: posts small blind $1
Masqb: posts big blind $3
*** HOLE CARDS ***
permafrost07: raises $3 to $6
Masqb: raises $3 to $9
permafrost07: calls $3
*** FLOP *** [4d 2s Th]
Masqb: bets $3
permafrost07: folds
Uncalled bet ($3) returned to Masqb
Masqb collected $17.64 from pot
Masqb: doesn't show hand
*** SUMMARY ***
Total pot $18 | Rake $0.36
Board [4d 2s Th]
Seat 1: Masqb (big blind) collected ($17.64)
Seat 5: permafrost07 (button) (small blind) folded on the Flop


PokerStars Hand #145105214089:  Hold'em Limit ($3/$6 USD) - 2015/12/09 22:09:49 ET
Table 'Ostenia' 10-max Seat #1 is the button
Seat 1: Masqb ($146.16 in chips)
Seat 5: permafrost07 ($79 in chips)
Masqb: posts small blind $1
permafrost07: posts big blind $3
*** HOLE CARDS ***
Masqb: folds
Uncalled bet ($2) returned to permafrost07
permafrost07 collected $2 from pot
permafrost07: doesn't show hand
*** SUMMARY ***
Total pot $2 | Rake $0
Seat 1: Masqb (button) (small blind) folded before Flop
Seat 5: permafrost07 (big blind) collected ($2)


PokerStars Hand #145105219378:  Hold'em Limit ($3/$6 USD) - 2015/12/09 22:10:03 ET
Table 'Ostenia' 10-max Seat #5 is the button
Seat 1: Masqb ($145.16 in chips)
Seat 5: permafrost07 ($80 in chips)
permafrost07: posts small blind $1
Masqb: posts big blind $3
*** HOLE CARDS ***
permafrost07: raises $3 to $6
Masqb: calls $3
*** FLOP *** [5d 4h 7d]
Masqb: checks
permafrost07: bets $3
Masqb: raises $3 to $6
permafrost07: calls $3
*** TURN *** [5d 4h 7d] [Ad]
Masqb: checks
permafrost07: checks
*** RIVER *** [5d 4h 7d Ad] [7s]
Masqb: checks
permafrost07: bets $6
Masqb: calls $6
*** SHOW DOWN ***
permafrost07: shows [Kd Jd] (a flush, Ace high)
Masqb: mucks hand
permafrost07 collected $35.50 from pot
*** SUMMARY ***
Total pot $36 | Rake $0.50
Board [5d 4h 7d Ad 7s]
Seat 1: Masqb (big blind) mucked
Seat 5: permafrost07 (button) (small blind) showed [Kd Jd] and won ($35.50) with a flush, Ace high


PokerStars Hand #145105247848:  Hold'em Limit ($3/$6 USD) - 2015/12/09 22:11:20 ET
Table 'Ostenia' 10-max Seat #1 is the button
Seat 1: Masqb ($127.16 in chips)
Seat 5: permafrost07 ($97.50 in chips)
Masqb: posts small blind $1
permafrost07: posts big blind $3
*** HOLE CARDS ***
Masqb: raises $3 to $6
permafrost07: calls $3
*** FLOP *** [Jd 6d 2c]
permafrost07: checks
Masqb: bets $3
permafrost07: calls $3
*** TURN *** [Jd 6d 2c] [4c]
permafrost07: checks
Masqb: checks
*** RIVER *** [Jd 6d 2c 4c] [4h]
permafrost07: bets $6
Masqb: folds
Uncalled bet ($6) returned to permafrost07
permafrost07 collected $17.64 from pot
permafrost07: doesn't show hand
*** SUMMARY ***
Total pot $18 | Rake $0.36
Board [Jd 6d 2c 4c 4h]
Seat 1: Masqb (button) (small blind) folded on the River
Seat 5: permafrost07 (big blind) collected ($17.64)


PokerStars Hand #145105263630:  Hold'em Limit ($3/$6 USD) - 2015/12/09 22:12:02 ET
Table 'Ostenia' 10-max Seat #5 is the button
Seat 1: Masqb ($118.16 in chips)
Seat 5: permafrost07 ($106.14 in chips)
permafrost07: posts small blind $1
Masqb: posts big blind $3
*** HOLE CARDS ***
permafrost07: calls $2
Masqb: checks
*** FLOP *** [Qh 7c Qc]
Masqb: checks
permafrost07: checks
*** TURN *** [Qh 7c Qc] [4c]
Masqb: checks
permafrost07: bets $6
Masqb: folds
Uncalled bet ($6) returned to permafrost07
permafrost07 collected $5.88 from pot
permafrost07: doesn't show hand
*** SUMMARY ***
Total pot $6 | Rake $0.12
Board [Qh 7c Qc 4c]
Seat 1: Masqb (big blind) folded on the Turn
Seat 5: permafrost07 (button) (small blind) collected ($5.88)


PokerStars Hand #145105271926:  Hold'em Limit ($3/$6 USD) - 2015/12/09 22:12:24 ET
Table 'Ostenia' 10-max Seat #1 is the button
Seat 1: Masqb ($115.16 in chips)
Seat 5: permafrost07 ($109.02 in chips)
Masqb: posts small blind $1
permafrost07: posts big blind $3
*** HOLE CARDS ***
Masqb: raises $3 to $6
permafrost07: calls $3
*** FLOP *** [Ah As 8d]
permafrost07: checks
Masqb: bets $3
permafrost07: folds
Uncalled bet ($3) returned to Masqb
Masqb collected $11.76 from pot
Masqb: doesn't show hand
*** SUMMARY ***
Total pot $12 | Rake $0.24
Board [Ah As 8d]
Seat 1: Masqb (button) (small blind) collected ($11.76)
Seat 5: permafrost07 (big blind) folded on the Flop


PokerStars Hand #145105279078:  Hold'em Limit ($3/$6 USD) - 2015/12/09 22:12:43 ET
Table 'Ostenia' 10-max Seat #5 is the button
Seat 1: Masqb ($120.92 in chips)
Seat 5: permafrost07 ($103.02 in chips)
permafrost07: posts small blind $1
Masqb: posts big blind $3
*** HOLE CARDS ***
permafrost07: calls $2
Masqb: raises $3 to $6
permafrost07: raises $3 to $9
Masqb: calls $3
*** FLOP *** [8h Ts 9h]
Masqb: checks
permafrost07: bets $3
Masqb: calls $3
*** TURN *** [8h Ts 9h] [2c]
Masqb: checks
permafrost07: checks
*** RIVER *** [8h Ts 9h 2c] [8c]
Masqb: bets $6
permafrost07: calls $6
*** SHOW DOWN ***
Masqb: shows [9d 5c] (two pair, Nines and Eights)
permafrost07: mucks hand
Masqb collected $35.50 from pot
*** SUMMARY ***
Total pot $36 | Rake $0.50
Board [8h Ts 9h 2c 8c]
Seat 1: Masqb (big blind) showed [9d 5c] and won ($35.50) with two pair, Nines and Eights
Seat 5: permafrost07 (button) (small blind) mucked


PokerStars Hand #145105296978:  Hold'em Limit ($3/$6 USD) - 2015/12/09 22:13:32 ET
Table 'Ostenia' 10-max Seat #1 is the button
Seat 1: Masqb ($138.42 in chips)
Seat 5: permafrost07 ($85.02 in chips)
Masqb: posts small blind $1
permafrost07: posts big blind $3
*** HOLE CARDS ***
Masqb: raises $3 to $6
permafrost07: raises $3 to $9
Masqb: calls $3
*** FLOP *** [4s 2h 4c]
permafrost07: bets $3
asdfqwer1502 joins the table at seat #3
Masqb: calls $3
*** TURN *** [4s 2h 4c] [4d]
permafrost07: checks
Masqb: bets $6
permafrost07: calls $6
*** RIVER *** [4s 2h 4c 4d] [Qh]
permafrost07: checks
Masqb: checks
*** SHOW DOWN ***
permafrost07: shows [7s 9c] (three of a kind, Fours)
Masqb: shows [Ks 2s] (a full house, Fours full of Deuces)
Masqb collected $35.50 from pot
*** SUMMARY ***
Total pot $36 | Rake $0.50
Board [4s 2h 4c 4d Qh]
Seat 1: Masqb (button) (small blind) showed [Ks 2s] and won ($35.50) with a full house, Fours full of Deuces
Seat 5: permafrost07 (big blind) showed [7s 9c] and lost with three of a kind, Fours


PokerStars Hand #145105329325:  Hold'em Limit ($3/$6 USD) - 2015/12/09 22:14:58 ET
Table 'Ostenia' 10-max Seat #5 is the button
Seat 1: Masqb ($155.92 in chips)
Seat 5: permafrost07 ($67.02 in chips)
permafrost07: posts small blind $1
Masqb: posts big blind $3
*** HOLE CARDS ***
permafrost07: raises $3 to $6
Masqb: calls $3
*** FLOP *** [6s 8h Kh]
Masqb: checks
asdfqwer1502 leaves the table
permafrost07 is disconnected
permafrost07 has timed out while disconnected
permafrost07: checks
*** TURN *** [6s 8h Kh] [3c]
Masqb: checks
permafrost07: checks
*** RIVER *** [6s 8h Kh 3c] [6h]
Masqb: checks
permafrost07: checks
*** SHOW DOWN ***
Masqb: shows [Ts Qc] (a pair of Sixes)
permafrost07: mucks hand
Masqb collected $11.76 from pot
*** SUMMARY ***
Total pot $12 | Rake $0.24
Board [6s 8h Kh 3c 6h]
Seat 1: Masqb (big blind) showed [Ts Qc] and won ($11.76) with a pair of Sixes
Seat 5: permafrost07 (button) (small blind) mucked


PokerStars Hand #145105363026:  Hold'em Limit ($3/$6 USD) - 2015/12/09 22:16:28 ET
Table 'Ostenia' 10-max Seat #1 is the button
Seat 1: Masqb ($161.68 in chips)
Seat 5: permafrost07 ($61.02 in chips)
Masqb: posts small blind $1
permafrost07: posts big blind $3
*** HOLE CARDS ***
Masqb: raises $3 to $6
permafrost07: raises $3 to $9
Masqb: calls $3
*** FLOP *** [3d 9h 4s]
permafrost07: bets $3
Masqb: calls $3
*** TURN *** [3d 9h 4s] [Ts]
permafrost07: bets $6
Masqb: raises $6 to $12
permafrost07: calls $6
*** RIVER *** [3d 9h 4s Ts] [9c]
permafrost07: checks
Masqb: bets $6
permafrost07: folds
Uncalled bet ($6) returned to Masqb
Masqb collected $47.50 from pot
Masqb: doesn't show hand
*** SUMMARY ***
Total pot $48 | Rake $0.50
Board [3d 9h 4s Ts 9c]
Seat 1: Masqb (button) (small blind) collected ($47.50)
Seat 5: permafrost07 (big blind) folded on the River


PokerStars Hand #145105380594:  Hold'em Limit ($3/$6 USD) - 2015/12/09 22:17:15 ET
Table 'Ostenia' 10-max Seat #5 is the button
Seat 1: Masqb ($185.18 in chips)
Seat 5: permafrost07 ($37.02 in chips)
permafrost07: posts small blind $1
Masqb: posts big blind $3
*** HOLE CARDS ***
permafrost07: raises $3 to $6
Masqb: calls $3
*** FLOP *** [As 3s 8d]
Masqb: checks
permafrost07: checks
*** TURN *** [As 3s 8d] [8s]
Masqb: bets $6
permafrost07: folds
Uncalled bet ($6) returned to Masqb
Masqb collected $11.76 from pot
Masqb: doesn't show hand
*** SUMMARY ***
Total pot $12 | Rake $0.24
Board [As 3s 8d 8s]
Seat 1: Masqb (big blind) collected ($11.76)
Seat 5: permafrost07 (button) (small blind) folded on the Turn


PokerStars Hand #145105390704:  Hold'em Limit ($3/$6 USD) - 2015/12/09 22:17:42 ET
Table 'Ostenia' 10-max Seat #1 is the button
Seat 1: Masqb ($190.94 in chips)
Seat 5: permafrost07 ($31.02 in chips)
Masqb: posts small blind $1
permafrost07: posts big blind $3
*** HOLE CARDS ***
Masqb: raises $3 to $6
permafrost07: raises $3 to $9
Masqb: calls $3
*** FLOP *** [Kh 8c 9h]
permafrost07: bets $3
Masqb: calls $3
*** TURN *** [Kh 8c 9h] [3h]
permafrost07: bets $6
Masqb: raises $6 to $12
permafrost07: raises $6 to $18
Masqb: raises $6 to $24
Betting is capped
permafrost07: calls $1.02 and is all-in
Uncalled bet ($4.98) returned to Masqb
*** RIVER *** [Kh 8c 9h 3h] [Td]
*** SHOW DOWN ***
permafrost07: shows [Th Ad] (a pair of Tens)
Masqb: shows [Ks 5d] (a pair of Kings)
Masqb collected $61.54 from pot
*** SUMMARY ***
Total pot $62.04 | Rake $0.50
Board [Kh 8c 9h 3h Td]
Seat 1: Masqb (button) (small blind) showed [Ks 5d] and won ($61.54) with a pair of Kings
Seat 5: permafrost07 (big blind) showed [Th Ad] and lost with a pair of Tens


