PokerStars Hand #145072576300:  Hold'em Limit ($3/$6 USD) - 2015/12/09 10:09:03 ET
Table 'Ostenia' 10-max Seat #1 is the button
Seat 1: Vaboss63 ($37.64 in chips)
Seat 2: TinaTurner72 ($64 in chips)
Vaboss63: posts small blind $1
TinaTurner72: posts big blind $3
*** HOLE CARDS ***
Vaboss63: calls $2
TinaTurner72: raises $3 to $6
Vaboss63: calls $3
*** FLOP *** [Th 2c 8s]
TinaTurner72: bets $3
Vaboss63: calls $3
*** TURN *** [Th 2c 8s] [3d]
TinaTurner72: bets $6
Vaboss63: calls $6
*** RIVER *** [Th 2c 8s 3d] [4h]
TinaTurner72: bets $6
Vaboss63: calls $6
*** SHOW DOWN ***
TinaTurner72: shows [9c 8c] (a pair of Eights)
Vaboss63: mucks hand
TinaTurner72 collected $41.50 from pot
*** SUMMARY ***
Total pot $42 | Rake $0.50
Board [Th 2c 8s 3d 4h]
Seat 1: Vaboss63 (button) (small blind) mucked
Seat 2: TinaTurner72 (big blind) showed [9c 8c] and won ($41.50) with a pair of Eights


PokerStars Hand #145072598600:  Hold'em Limit ($3/$6 USD) - 2015/12/09 10:09:35 ET
Table 'Ostenia' 10-max Seat #2 is the button
Seat 1: Vaboss63 ($16.64 in chips)
Seat 2: TinaTurner72 ($84.50 in chips)
TinaTurner72: posts small blind $1
Vaboss63: posts big blind $3
*** HOLE CARDS ***
TinaTurner72: raises $3 to $6
Vaboss63: calls $3
*** FLOP *** [Ts Th 3d]
SashaYuvelir joins the table at seat #3
Vaboss63: bets $3
TinaTurner72: calls $3
*** TURN *** [Ts Th 3d] [Jd]
Vaboss63: checks
TinaTurner72: bets $6
Vaboss63: raises $1.64 to $7.64 and is all-in
TinaTurner72: calls $1.64
*** RIVER *** [Ts Th 3d Jd] [Ks]
*** SHOW DOWN ***
Vaboss63: shows [Kd 3c] (two pair, Kings and Tens)
TinaTurner72: shows [Ad As] (two pair, Aces and Tens)
TinaTurner72 collected $32.78 from pot
*** SUMMARY ***
Total pot $33.28 | Rake $0.50
Board [Ts Th 3d Jd Ks]
Seat 1: Vaboss63 (big blind) showed [Kd 3c] and lost with two pair, Kings and Tens
Seat 2: TinaTurner72 (button) (small blind) showed [Ad As] and won ($32.78) with two pair, Aces and Tens


