PokerStars Hand #146481240241:  Hold'em Limit ($3/$6 USD) - 2016/01/04 18:59:21 ET
Table 'Otero' 6-max Seat #6 is the button
Seat 2: stelios39 ($218.73 in chips)
Seat 6: 23STERVA ($178.35 in chips)
23STERVA: posts small blind $1
stelios39: posts big blind $3
*** HOLE CARDS ***
23STERVA: raises $3 to $6
stelios39: calls $3
*** FLOP *** [3s 4h Qd]
stelios39: checks
23STERVA: checks
*** TURN *** [3s 4h Qd] [6d]
stelios39: checks
23STERVA: checks
*** RIVER *** [3s 4h Qd 6d] [Qs]
stelios39: bets $6
23STERVA: folds
Uncalled bet ($6) returned to stelios39
stelios39 collected $11.76 from pot
stelios39: doesn't show hand
*** SUMMARY ***
Total pot $12 | Rake $0.24
Board [3s 4h Qd 6d Qs]
Seat 2: stelios39 (big blind) collected ($11.76)
Seat 6: 23STERVA (button) (small blind) folded on the River


PokerStars Hand #146485880211:  Hold'em Limit ($3/$6 USD) - 2016/01/04 20:52:17 ET
Table 'Otero' 6-max Seat #3 is the button
Seat 1: skaluah ($236.66 in chips)
Seat 3: harrydonkey ($65.06 in chips)
harrydonkey: posts small blind $1
skaluah: posts big blind $3
*** HOLE CARDS ***
harrydonkey: folds
Uncalled bet ($2) returned to skaluah
skaluah collected $2 from pot
*** SUMMARY ***
Total pot $2 | Rake $0
Seat 1: skaluah (big blind) collected ($2)
Seat 3: harrydonkey (button) (small blind) folded before Flop


PokerStars Hand #146485864075:  Hold'em Limit ($3/$6 USD) - 2016/01/04 20:51:48 ET
Table 'Otero' 6-max Seat #1 is the button
Seat 1: skaluah ($230.90 in chips)
Seat 3: harrydonkey ($71.06 in chips)
skaluah: posts small blind $1
BRIBRIXxX: is sitting out
harrydonkey: posts big blind $3
*** HOLE CARDS ***
skaluah: calls $2
BRIBRIXxX leaves the table
harrydonkey: checks
*** FLOP *** [6h 2d 7h]
harrydonkey: checks
skaluah: bets $3
harrydonkey: calls $3
*** TURN *** [6h 2d 7h] [7d]
harrydonkey: checks
skaluah: bets $6
harrydonkey: folds
Uncalled bet ($6) returned to skaluah
skaluah collected $11.76 from pot
*** SUMMARY ***
Total pot $12 | Rake $0.24
Board [6h 2d 7h 7d]
Seat 1: skaluah (button) (small blind) collected ($11.76)
Seat 3: harrydonkey (big blind) folded on the Turn


PokerStars Hand #146485884091:  Hold'em Limit ($3/$6 USD) - 2016/01/04 20:52:23 ET
Table 'Otero' 6-max Seat #1 is the button
Seat 1: skaluah ($237.66 in chips)
Seat 3: harrydonkey ($64.06 in chips)
skaluah: posts small blind $1
harrydonkey: posts big blind $3
*** HOLE CARDS ***
skaluah: calls $2
harrydonkey: checks
*** FLOP *** [2c 8h 9h]
harrydonkey: checks
skaluah: bets $3
harrydonkey: folds
Uncalled bet ($3) returned to skaluah
skaluah collected $5.88 from pot
*** SUMMARY ***
Total pot $6 | Rake $0.12
Board [2c 8h 9h]
Seat 1: skaluah (button) (small blind) collected ($5.88)
Seat 3: harrydonkey (big blind) folded on the Flop


PokerStars Hand #146487989110:  Hold'em Limit ($3/$6 USD) - 2016/01/04 22:03:31 ET
Table 'Otero' 6-max Seat #3 is the button
Seat 3: jammi-h ($127.64 in chips)
Seat 4: LifeisagameX ($52 in chips)
jammi-h: posts small blind $1
LifeisagameX: posts big blind $3
*** HOLE CARDS ***
jammi-h: folds
Uncalled bet ($2) returned to LifeisagameX
LifeisagameX collected $2 from pot
LifeisagameX: doesn't show hand
*** SUMMARY ***
Total pot $2 | Rake $0
Seat 3: jammi-h (button) (small blind) folded before Flop
Seat 4: LifeisagameX (big blind) collected ($2)


PokerStars Hand #146487974338:  Hold'em Limit ($3/$6 USD) - 2016/01/04 22:02:57 ET
Table 'Otero' 6-max Seat #4 is the button
Seat 3: jammi-h ($119 in chips)
Seat 4: LifeisagameX ($61 in chips)
LifeisagameX: posts small blind $1
jammi-h: posts big blind $3
*** HOLE CARDS ***
LifeisagameX: raises $3 to $6
jammi-h: raises $3 to $9
Bonsey_1 joins the table at seat #6
LifeisagameX: calls $3
*** FLOP *** [Qs Ad 9c]
jammi-h: bets $3
LifeisagameX: folds
Uncalled bet ($3) returned to jammi-h
jammi-h collected $17.64 from pot
jammi-h: doesn't show hand
*** SUMMARY ***
Total pot $18 | Rake $0.36
Board [Qs Ad 9c]
Seat 3: jammi-h (big blind) collected ($17.64)
Seat 4: LifeisagameX (button) (small blind) folded on the Flop


PokerStars Hand #146488031970:  Hold'em Limit ($3/$6 USD) - 2016/01/04 22:05:08 ET
Table 'Otero' 6-max Seat #3 is the button
Seat 3: jammi-h ($144.60 in chips)
Seat 6: Bonsey_1 ($71 in chips)
jammi-h: posts small blind $1
Bonsey_1: posts big blind $3
*** HOLE CARDS ***
jammi-h: raises $3 to $6
Bonsey_1: calls $3
*** FLOP *** [5h 4d 3c]
Bonsey_1: bets $3
jammi-h: calls $3
*** TURN *** [5h 4d 3c] [6s]
Bonsey_1: bets $6
jammi-h: raises $6 to $12
Bonsey_1: folds
Uncalled bet ($6) returned to jammi-h
jammi-h collected $29.50 from pot
jammi-h: doesn't show hand
*** SUMMARY ***
Total pot $30 | Rake $0.50
Board [5h 4d 3c 6s]
Seat 3: jammi-h (button) (small blind) collected ($29.50)
Seat 6: Bonsey_1 (big blind) folded on the Turn


PokerStars Hand #146488029657:  Hold'em Limit ($3/$6 USD) - 2016/01/04 22:05:03 ET
Table 'Otero' 6-max Seat #6 is the button
Seat 3: jammi-h ($143.60 in chips)
Seat 6: Bonsey_1 ($72 in chips)
Bonsey_1: posts small blind $1
jammi-h: posts big blind $3
*** HOLE CARDS ***
Bonsey_1: folds
Uncalled bet ($2) returned to jammi-h
jammi-h collected $2 from pot
jammi-h: doesn't show hand
*** SUMMARY ***
Total pot $2 | Rake $0
Seat 3: jammi-h (big blind) collected ($2)
Seat 6: Bonsey_1 (button) (small blind) folded before Flop


PokerStars Hand #146488018120:  Hold'em Limit ($3/$6 USD) - 2016/01/04 22:04:37 ET
Table 'Otero' 6-max Seat #3 is the button
Seat 3: jammi-h ($123.10 in chips)
Seat 6: Bonsey_1 ($93 in chips)
jammi-h: posts small blind $1
Bonsey_1: posts big blind $3
*** HOLE CARDS ***
jammi-h: raises $3 to $6
Bonsey_1: calls $3
*** FLOP *** [4h As 9h]
Bonsey_1: checks
jammi-h: bets $3
Bonsey_1: raises $3 to $6
jammi-h: raises $3 to $9
Bonsey_1: calls $3
*** TURN *** [4h As 9h] [3d]
Bonsey_1: checks
jammi-h: bets $6
Bonsey_1: calls $6
*** RIVER *** [4h As 9h 3d] [Qs]
Bonsey_1: checks
jammi-h: bets $6
Bonsey_1: folds
Uncalled bet ($6) returned to jammi-h
jammi-h collected $41.50 from pot
jammi-h: doesn't show hand
*** SUMMARY ***
Total pot $42 | Rake $0.50
Board [4h As 9h 3d Qs]
Seat 3: jammi-h (button) (small blind) collected ($41.50)
Seat 6: Bonsey_1 (big blind) folded on the River


PokerStars Hand #146488050638:  Hold'em Limit ($3/$6 USD) - 2016/01/04 22:05:51 ET
Table 'Otero' 6-max Seat #6 is the button
Seat 3: jammi-h ($161.62 in chips)
Seat 6: Bonsey_1 ($52.64 in chips)
Bonsey_1: posts small blind $1
jammi-h: posts big blind $3
*** HOLE CARDS ***
RomerJSimpsn joins the table at seat #4
Bonsey_1: folds
Uncalled bet ($2) returned to jammi-h
jammi-h collected $2 from pot
jammi-h: doesn't show hand
*** SUMMARY ***
Total pot $2 | Rake $0
Seat 3: jammi-h (big blind) collected ($2)
Seat 6: Bonsey_1 (button) (small blind) folded before Flop


PokerStars Hand #146488044318:  Hold'em Limit ($3/$6 USD) - 2016/01/04 22:05:36 ET
Table 'Otero' 6-max Seat #3 is the button
Seat 3: jammi-h ($150.10 in chips)
Seat 6: Bonsey_1 ($64.64 in chips)
jammi-h: posts small blind $1
Bonsey_1: posts big blind $3
*** HOLE CARDS ***
jammi-h: raises $3 to $6
Bonsey_1: raises $3 to $9
jammi-h: calls $3
*** FLOP *** [9h 3c 2c]
Bonsey_1: bets $3
jammi-h: calls $3
*** TURN *** [9h 3c 2c] [Js]
Bonsey_1: checks
jammi-h: bets $6
Bonsey_1: folds
Uncalled bet ($6) returned to jammi-h
jammi-h collected $23.52 from pot
*** SUMMARY ***
Total pot $24 | Rake $0.48
Board [9h 3c 2c Js]
Seat 3: jammi-h (button) (small blind) collected ($23.52)
Seat 6: Bonsey_1 (big blind) folded on the Turn


PokerStars Hand #146488287333:  Hold'em Limit ($3/$6 USD) - 2016/01/04 22:15:06 ET
Table 'Otero' 6-max Seat #3 is the button
Seat 3: jammi-h ($308.18 in chips)
Seat 6: Bonsey_1 ($67.62 in chips)
jammi-h: posts small blind $1
Bonsey_1: posts big blind $3
*** HOLE CARDS ***
jammi-h: folds
Uncalled bet ($2) returned to Bonsey_1
Bonsey_1 collected $2 from pot
Bonsey_1: doesn't show hand
*** SUMMARY ***
Total pot $2 | Rake $0
Seat 3: jammi-h (button) (small blind) folded before Flop
Seat 6: Bonsey_1 (big blind) collected ($2)


PokerStars Hand #146488285088:  Hold'em Limit ($3/$6 USD) - 2016/01/04 22:15:01 ET
Table 'Otero' 6-max Seat #6 is the button
Seat 3: jammi-h ($307.18 in chips)
Seat 6: Bonsey_1 ($68.62 in chips)
Bonsey_1: posts small blind $1
jammi-h: posts big blind $3
*** HOLE CARDS ***
Bonsey_1: folds
Uncalled bet ($2) returned to jammi-h
jammi-h collected $2 from pot
jammi-h: doesn't show hand
*** SUMMARY ***
Total pot $2 | Rake $0
Seat 3: jammi-h (big blind) collected ($2)
Seat 6: Bonsey_1 (button) (small blind) folded before Flop


PokerStars Hand #146488282522:  Hold'em Limit ($3/$6 USD) - 2016/01/04 22:14:55 ET
Table 'Otero' 6-max Seat #3 is the button
Seat 3: jammi-h ($308.18 in chips)
Seat 6: Bonsey_1 ($67.62 in chips)
jammi-h: posts small blind $1
Bonsey_1: posts big blind $3
*** HOLE CARDS ***
jammi-h: folds
Uncalled bet ($2) returned to Bonsey_1
Bonsey_1 collected $2 from pot
Bonsey_1: doesn't show hand
*** SUMMARY ***
Total pot $2 | Rake $0
Seat 3: jammi-h (button) (small blind) folded before Flop
Seat 6: Bonsey_1 (big blind) collected ($2)


PokerStars Hand #146488276743:  Hold'em Limit ($3/$6 USD) - 2016/01/04 22:14:41 ET
Table 'Otero' 6-max Seat #6 is the button
Seat 3: jammi-h ($299.54 in chips)
Seat 6: Bonsey_1 ($76.62 in chips)
Bonsey_1: posts small blind $1
jammi-h: posts big blind $3
*** HOLE CARDS ***
Bonsey_1: raises $3 to $6
RomerJSimpsn leaves the table
jammi-h: raises $3 to $9
Bonsey_1: calls $3
*** FLOP *** [4s Qd Qh]
jammi-h: bets $3
Bonsey_1: folds
Uncalled bet ($3) returned to jammi-h
jammi-h collected $17.64 from pot
jammi-h: doesn't show hand
*** SUMMARY ***
Total pot $18 | Rake $0.36
Board [4s Qd Qh]
Seat 3: jammi-h (big blind) collected ($17.64)
Seat 6: Bonsey_1 (button) (small blind) folded on the Flop


PokerStars Hand #146488317019:  Hold'em Limit ($3/$6 USD) - 2016/01/04 22:16:17 ET
Table 'Otero' 6-max Seat #6 is the button
Seat 3: jammi-h ($302.68 in chips)
Seat 6: Bonsey_1 ($71.76 in chips)
Bonsey_1: posts small blind $1
jammi-h: posts big blind $3
*** HOLE CARDS ***
Bonsey_1: raises $3 to $6
jammi-h: folds
Uncalled bet ($3) returned to Bonsey_1
Bonsey_1 collected $6 from pot
Bonsey_1: doesn't show hand
*** SUMMARY ***
Total pot $6 | Rake $0
Seat 3: jammi-h (big blind) folded before Flop
Seat 6: Bonsey_1 (button) (small blind) collected ($6)


PokerStars Hand #146488310426:  Hold'em Limit ($3/$6 USD) - 2016/01/04 22:16:01 ET
Table 'Otero' 6-max Seat #3 is the button
Seat 3: jammi-h ($311.68 in chips)
Seat 6: Bonsey_1 ($63.12 in chips)
jammi-h: posts small blind $1
Bonsey_1: posts big blind $3
*** HOLE CARDS ***
jammi-h: raises $3 to $6
Bonsey_1: calls $3
*** FLOP *** [4h 9d 6d]
Bonsey_1: checks
jammi-h: bets $3
Bonsey_1: calls $3
*** TURN *** [4h 9d 6d] [8s]
Bonsey_1: checks
jammi-h: checks
*** RIVER *** [4h 9d 6d 8s] [Td]
Bonsey_1: checks
jammi-h: checks
*** SHOW DOWN ***
Bonsey_1: shows [Jc 8d] (a pair of Eights)
jammi-h: mucks hand
Bonsey_1 collected $17.64 from pot
*** SUMMARY ***
Total pot $18 | Rake $0.36
Board [4h 9d 6d 8s Td]
Seat 3: jammi-h (button) (small blind) mucked
Seat 6: Bonsey_1 (big blind) showed [Jc 8d] and won ($17.64) with a pair of Eights


PokerStars Hand #146488303591:  Hold'em Limit ($3/$6 USD) - 2016/01/04 22:15:45 ET
Table 'Otero' 6-max Seat #6 is the button
Seat 3: jammi-h ($332.68 in chips)
Seat 6: Bonsey_1 ($42.62 in chips)
Bonsey_1: posts small blind $1
jammi-h: posts big blind $3
*** HOLE CARDS ***
Bonsey_1: raises $3 to $6
jammi-h: calls $3
*** FLOP *** [8s Td 2h]
jammi-h: bets $3
Bonsey_1: calls $3
*** TURN *** [8s Td 2h] [As]
jammi-h: bets $6
Bonsey_1: calls $6
*** RIVER *** [8s Td 2h As] [Qc]
jammi-h: bets $6
Bonsey_1: calls $6
*** SHOW DOWN ***
jammi-h: shows [6s 7c] (high card Ace)
Bonsey_1: shows [9h Ah] (a pair of Aces)
Bonsey_1 collected $41.50 from pot
*** SUMMARY ***
Total pot $42 | Rake $0.50
Board [8s Td 2h As Qc]
Seat 3: jammi-h (big blind) showed [6s 7c] and lost with high card Ace
Seat 6: Bonsey_1 (button) (small blind) showed [9h Ah] and won ($41.50) with a pair of Aces


PokerStars Hand #146488300839:  Hold'em Limit ($3/$6 USD) - 2016/01/04 22:15:39 ET
Table 'Otero' 6-max Seat #3 is the button
Seat 3: jammi-h ($333.68 in chips)
Seat 6: Bonsey_1 ($41.62 in chips)
jammi-h: posts small blind $1
Bonsey_1: posts big blind $3
*** HOLE CARDS ***
jammi-h: folds
Uncalled bet ($2) returned to Bonsey_1
Bonsey_1 collected $2 from pot
Bonsey_1: doesn't show hand
*** SUMMARY ***
Total pot $2 | Rake $0
Seat 3: jammi-h (button) (small blind) folded before Flop
Seat 6: Bonsey_1 (big blind) collected ($2)


PokerStars Hand #146488289808:  Hold'em Limit ($3/$6 USD) - 2016/01/04 22:15:12 ET
Table 'Otero' 6-max Seat #6 is the button
Seat 3: jammi-h ($307.18 in chips)
Seat 6: Bonsey_1 ($68.62 in chips)
Bonsey_1: posts small blind $1
jammi-h: posts big blind $3
*** HOLE CARDS ***
Bonsey_1: raises $3 to $6
jammi-h: raises $3 to $9
Bonsey_1: raises $3 to $12
Betting is capped
jammi-h: calls $3
*** FLOP *** [4s Qd 6c]
jammi-h: bets $3
Bonsey_1: calls $3
*** TURN *** [4s Qd 6c] [Ad]
jammi-h: bets $6
Bonsey_1: calls $6
*** RIVER *** [4s Qd 6c Ad] [Kc]
jammi-h: bets $6
Bonsey_1: calls $6
*** SHOW DOWN ***
jammi-h: shows [6s Ac] (two pair, Aces and Sixes)
Bonsey_1: mucks hand
jammi-h collected $53.50 from pot
*** SUMMARY ***
Total pot $54 | Rake $0.50
Board [4s Qd 6c Ad Kc]
Seat 3: jammi-h (big blind) showed [6s Ac] and won ($53.50) with two pair, Aces and Sixes
Seat 6: Bonsey_1 (button) (small blind) mucked


PokerStars Hand #146488338237:  Hold'em Limit ($3/$6 USD) - 2016/01/04 22:17:08 ET
Table 'Otero' 6-max Seat #3 is the button
Seat 3: jammi-h ($284.68 in chips)
Seat 6: Bonsey_1 ($89.28 in chips)
jammi-h: posts small blind $1
Bonsey_1: posts big blind $3
*** HOLE CARDS ***
jammi-h: raises $3 to $6
Bonsey_1: calls $3
*** FLOP *** [3h 5h 2d]
Bonsey_1: checks
jammi-h: bets $3
Bonsey_1: calls $3
*** TURN *** [3h 5h 2d] [Qc]
Bonsey_1: checks
jammi-h: checks
*** RIVER *** [3h 5h 2d Qc] [7h]
Bonsey_1: checks
jammi-h: bets $6
Bonsey_1: folds
Uncalled bet ($6) returned to jammi-h
jammi-h collected $17.64 from pot
jammi-h: doesn't show hand
*** SUMMARY ***
Total pot $18 | Rake $0.36
Board [3h 5h 2d Qc 7h]
Seat 3: jammi-h (button) (small blind) collected ($17.64)
Seat 6: Bonsey_1 (big blind) folded on the River


PokerStars Hand #146488335532:  Hold'em Limit ($3/$6 USD) - 2016/01/04 22:17:01 ET
Table 'Otero' 6-max Seat #6 is the button
Seat 3: jammi-h ($287.68 in chips)
Seat 6: Bonsey_1 ($86.28 in chips)
Bonsey_1: posts small blind $1
jammi-h: posts big blind $3
*** HOLE CARDS ***
Bonsey_1: raises $3 to $6
jammi-h: folds
Uncalled bet ($3) returned to Bonsey_1
Bonsey_1 collected $6 from pot
Bonsey_1: doesn't show hand
*** SUMMARY ***
Total pot $6 | Rake $0
Seat 3: jammi-h (big blind) folded before Flop
Seat 6: Bonsey_1 (button) (small blind) collected ($6)


PokerStars Hand #146488333527:  Hold'em Limit ($3/$6 USD) - 2016/01/04 22:16:57 ET
Table 'Otero' 6-max Seat #3 is the button
Seat 3: jammi-h ($288.68 in chips)
Seat 6: Bonsey_1 ($85.28 in chips)
jammi-h: posts small blind $1
Bonsey_1: posts big blind $3
*** HOLE CARDS ***
jammi-h: folds
Uncalled bet ($2) returned to Bonsey_1
Bonsey_1 collected $2 from pot
Bonsey_1: doesn't show hand
*** SUMMARY ***
Total pot $2 | Rake $0
Seat 3: jammi-h (button) (small blind) folded before Flop
Seat 6: Bonsey_1 (big blind) collected ($2)


PokerStars Hand #146488331343:  Hold'em Limit ($3/$6 USD) - 2016/01/04 22:16:51 ET
Table 'Otero' 6-max Seat #6 is the button
Seat 3: jammi-h ($287.68 in chips)
Seat 6: Bonsey_1 ($86.28 in chips)
Bonsey_1: posts small blind $1
jammi-h: posts big blind $3
*** HOLE CARDS ***
Bonsey_1: folds
Uncalled bet ($2) returned to jammi-h
jammi-h collected $2 from pot
jammi-h: doesn't show hand
*** SUMMARY ***
Total pot $2 | Rake $0
Seat 3: jammi-h (big blind) collected ($2)
Seat 6: Bonsey_1 (button) (small blind) folded before Flop


PokerStars Hand #146488329197:  Hold'em Limit ($3/$6 USD) - 2016/01/04 22:16:46 ET
Table 'Otero' 6-max Seat #3 is the button
Seat 3: jammi-h ($288.68 in chips)
Seat 6: Bonsey_1 ($85.28 in chips)
jammi-h: posts small blind $1
Bonsey_1: posts big blind $3
*** HOLE CARDS ***
jammi-h: folds
Uncalled bet ($2) returned to Bonsey_1
Bonsey_1 collected $2 from pot
Bonsey_1: doesn't show hand
*** SUMMARY ***
Total pot $2 | Rake $0
Seat 3: jammi-h (button) (small blind) folded before Flop
Seat 6: Bonsey_1 (big blind) collected ($2)


PokerStars Hand #146488326978:  Hold'em Limit ($3/$6 USD) - 2016/01/04 22:16:41 ET
Table 'Otero' 6-max Seat #6 is the button
Seat 3: jammi-h ($287.68 in chips)
Seat 6: Bonsey_1 ($86.28 in chips)
Bonsey_1: posts small blind $1
jammi-h: posts big blind $3
*** HOLE CARDS ***
Bonsey_1: folds
Uncalled bet ($2) returned to jammi-h
jammi-h collected $2 from pot
jammi-h: doesn't show hand
*** SUMMARY ***
Total pot $2 | Rake $0
Seat 3: jammi-h (big blind) collected ($2)
Seat 6: Bonsey_1 (button) (small blind) folded before Flop


PokerStars Hand #146488320087:  Hold'em Limit ($3/$6 USD) - 2016/01/04 22:16:24 ET
Table 'Otero' 6-max Seat #3 is the button
Seat 3: jammi-h ($299.68 in chips)
Seat 6: Bonsey_1 ($74.76 in chips)
jammi-h: posts small blind $1
Bonsey_1: posts big blind $3
*** HOLE CARDS ***
jammi-h: raises $3 to $6
Bonsey_1: raises $3 to $9
jammi-h: calls $3
*** FLOP *** [4s Qs 6c]
Bonsey_1: bets $3
jammi-h: calls $3
*** TURN *** [4s Qs 6c] [Tc]
Bonsey_1: bets $6
jammi-h: folds
Uncalled bet ($6) returned to Bonsey_1
Bonsey_1 collected $23.52 from pot
Bonsey_1: doesn't show hand
*** SUMMARY ***
Total pot $24 | Rake $0.48
Board [4s Qs 6c Tc]
Seat 3: jammi-h (button) (small blind) folded on the Turn
Seat 6: Bonsey_1 (big blind) collected ($23.52)


PokerStars Hand #146488364192:  Hold'em Limit ($3/$6 USD) - 2016/01/04 22:18:10 ET
Table 'Otero' 6-max Seat #6 is the button
Seat 3: jammi-h ($262.07 in chips)
Seat 6: Bonsey_1 ($110.53 in chips)
Bonsey_1: posts small blind $1
jammi-h: posts big blind $3
*** HOLE CARDS ***
Bonsey_1: raises $3 to $6
jammi-h: folds
Uncalled bet ($3) returned to Bonsey_1
Bonsey_1 collected $6 from pot
Bonsey_1: doesn't show hand
*** SUMMARY ***
Total pot $6 | Rake $0
Seat 3: jammi-h (big blind) folded before Flop
Seat 6: Bonsey_1 (button) (small blind) collected ($6)


PokerStars Hand #146488351921:  Hold'em Limit ($3/$6 USD) - 2016/01/04 22:17:41 ET
Table 'Otero' 6-max Seat #3 is the button
Seat 3: jammi-h ($293.07 in chips)
Seat 6: Bonsey_1 ($80.03 in chips)
jammi-h: posts small blind $1
Bonsey_1: posts big blind $3
*** HOLE CARDS ***
jammi-h: folds
Uncalled bet ($2) returned to Bonsey_1
Bonsey_1 collected $2 from pot
Bonsey_1: doesn't show hand
*** SUMMARY ***
Total pot $2 | Rake $0
Seat 3: jammi-h (button) (small blind) folded before Flop
Seat 6: Bonsey_1 (big blind) collected ($2)


PokerStars Hand #146488345561:  Hold'em Limit ($3/$6 USD) - 2016/01/04 22:17:25 ET
Table 'Otero' 6-max Seat #6 is the button
Seat 3: jammi-h ($293.32 in chips)
Seat 6: Bonsey_1 ($80.28 in chips)
Bonsey_1: posts small blind $1
jammi-h: posts big blind $3
*** HOLE CARDS ***
Bonsey_1: raises $3 to $6
jammi-h: calls $3
*** FLOP *** [Ts Js 9d]
jammi-h: bets $3
Bonsey_1: calls $3
*** TURN *** [Ts Js 9d] [Kc]
jammi-h: bets $6
Bonsey_1: calls $6
*** RIVER *** [Ts Js 9d Kc] [3c]
jammi-h: bets $6
Bonsey_1: calls $6
*** SHOW DOWN ***
jammi-h: shows [7s Ks] (a pair of Kings)
Bonsey_1: shows [Kh 5h] (a pair of Kings)
jammi-h collected $20.75 from pot
Bonsey_1 collected $20.75 from pot
*** SUMMARY ***
Total pot $42 | Rake $0.50
Board [Ts Js 9d Kc 3c]
Seat 3: jammi-h (big blind) showed [7s Ks] and won ($20.75) with a pair of Kings
Seat 6: Bonsey_1 (button) (small blind) showed [Kh 5h] and won ($20.75) with a pair of Kings


PokerStars Hand #146488353909:  Hold'em Limit ($3/$6 USD) - 2016/01/04 22:17:45 ET
Table 'Otero' 6-max Seat #6 is the button
Seat 3: jammi-h ($292.07 in chips)
Seat 6: Bonsey_1 ($81.03 in chips)
Bonsey_1: posts small blind $1
jammi-h: posts big blind $3
*** HOLE CARDS ***
Bonsey_1: raises $3 to $6
jammi-h: folds
Uncalled bet ($3) returned to Bonsey_1
Bonsey_1 collected $6 from pot
Bonsey_1: doesn't show hand
*** SUMMARY ***
Total pot $6 | Rake $0
Seat 3: jammi-h (big blind) folded before Flop
Seat 6: Bonsey_1 (button) (small blind) collected ($6)


PokerStars Hand #146488356577:  Hold'em Limit ($3/$6 USD) - 2016/01/04 22:17:52 ET
Table 'Otero' 6-max Seat #3 is the button
Seat 3: jammi-h ($289.07 in chips)
Seat 6: Bonsey_1 ($84.03 in chips)
jammi-h: posts small blind $1
Bonsey_1: posts big blind $3
*** HOLE CARDS ***
jammi-h: raises $3 to $6
Bonsey_1: raises $3 to $9
jammi-h: calls $3
*** FLOP *** [7s Ts 6h]
Bonsey_1: bets $3
jammi-h: raises $3 to $6
Bonsey_1: calls $3
*** TURN *** [7s Ts 6h] [3c]
Bonsey_1: checks
jammi-h: bets $6
Bonsey_1: calls $6
*** RIVER *** [7s Ts 6h 3c] [4c]
Bonsey_1: checks
jammi-h: bets $6
Bonsey_1: calls $6
*** SHOW DOWN ***
jammi-h: shows [8h 7d] (a pair of Sevens)
Bonsey_1: shows [8d 8s] (a pair of Eights)
Bonsey_1 collected $53.50 from pot
*** SUMMARY ***
Total pot $54 | Rake $0.50
Board [7s Ts 6h 3c 4c]
Seat 3: jammi-h (button) (small blind) showed [8h 7d] and lost with a pair of Sevens
Seat 6: Bonsey_1 (big blind) showed [8d 8s] and won ($53.50) with a pair of Eights


PokerStars Hand #146488366733:  Hold'em Limit ($3/$6 USD) - 2016/01/04 22:18:16 ET
Table 'Otero' 6-max Seat #3 is the button
Seat 3: jammi-h ($259.07 in chips)
Seat 6: Bonsey_1 ($113.53 in chips)
jammi-h: posts small blind $1
Bonsey_1: posts big blind $3
*** HOLE CARDS ***
jammi-h: raises $3 to $6
Bonsey_1: calls $3
*** FLOP *** [Jc 2d 6h]
Bonsey_1: checks
jammi-h: bets $3
Bonsey_1: calls $3
*** TURN *** [Jc 2d 6h] [6d]
Bonsey_1: checks
jammi-h: bets $6
Bonsey_1: calls $6
*** RIVER *** [Jc 2d 6h 6d] [6s]
Bonsey_1: checks
jammi-h: checks
*** SHOW DOWN ***
Bonsey_1: shows [Td Ac] (three of a kind, Sixes)
jammi-h: mucks hand
Bonsey_1 collected $29.50 from pot
*** SUMMARY ***
Total pot $30 | Rake $0.50
Board [Jc 2d 6h 6d 6s]
Seat 3: jammi-h (button) (small blind) mucked
Seat 6: Bonsey_1 (big blind) showed [Td Ac] and won ($29.50) with three of a kind, Sixes


PokerStars Hand #146488373901:  Hold'em Limit ($3/$6 USD) - 2016/01/04 22:18:33 ET
Table 'Otero' 6-max Seat #6 is the button
Seat 3: jammi-h ($244.07 in chips)
Seat 6: Bonsey_1 ($128.03 in chips)
Bonsey_1: posts small blind $1
jammi-h: posts big blind $3
*** HOLE CARDS ***
Bonsey_1: raises $3 to $6
jammi-h: raises $3 to $9
Bonsey_1: calls $3
*** FLOP *** [Ks Th 7s]
jammi-h: bets $3
Bonsey_1: calls $3
*** TURN *** [Ks Th 7s] [9h]
jammi-h: bets $6
Bonsey_1: calls $6
*** RIVER *** [Ks Th 7s 9h] [4c]
jammi-h: bets $6
Bonsey_1: calls $6
*** SHOW DOWN ***
jammi-h: shows [Jd Jc] (a pair of Jacks)
Bonsey_1: mucks hand
jammi-h collected $47.50 from pot
*** SUMMARY ***
Total pot $48 | Rake $0.50
Board [Ks Th 7s 9h 4c]
Seat 3: jammi-h (big blind) showed [Jd Jc] and won ($47.50) with a pair of Jacks
Seat 6: Bonsey_1 (button) (small blind) mucked


PokerStars Hand #146488381299:  Hold'em Limit ($3/$6 USD) - 2016/01/04 22:18:51 ET
Table 'Otero' 6-max Seat #3 is the button
Seat 3: jammi-h ($267.57 in chips)
Seat 6: Bonsey_1 ($104.03 in chips)
jammi-h: posts small blind $1
Bonsey_1: posts big blind $3
*** HOLE CARDS ***
jammi-h: raises $3 to $6
Bonsey_1: raises $3 to $9
jammi-h: raises $3 to $12
Betting is capped
Bonsey_1: calls $3
*** FLOP *** [9c 2d 4s]
Bonsey_1: checks
jammi-h: bets $3
Bonsey_1: raises $3 to $6
jammi-h: calls $3
*** TURN *** [9c 2d 4s] [3s]
Bonsey_1: bets $6
jammi-h: calls $6
*** RIVER *** [9c 2d 4s 3s] [8c]
Bonsey_1: bets $6
jammi-h: folds
Uncalled bet ($6) returned to Bonsey_1
Bonsey_1 collected $47.50 from pot
Bonsey_1: doesn't show hand
*** SUMMARY ***
Total pot $48 | Rake $0.50
Board [9c 2d 4s 3s 8c]
Seat 3: jammi-h (button) (small blind) folded on the River
Seat 6: Bonsey_1 (big blind) collected ($47.50)


PokerStars Hand #146488391632:  Hold'em Limit ($3/$6 USD) - 2016/01/04 22:19:15 ET
Table 'Otero' 6-max Seat #6 is the button
Seat 3: jammi-h ($243.57 in chips)
Seat 6: Bonsey_1 ($127.53 in chips)
Bonsey_1: posts small blind $1
jammi-h: posts big blind $3
*** HOLE CARDS ***
Bonsey_1: raises $3 to $6
jammi-h: calls $3
*** FLOP *** [9s 9c Jh]
jammi-h: bets $3
Bonsey_1: calls $3
*** TURN *** [9s 9c Jh] [Qs]
jammi-h: checks
Bonsey_1: checks
*** RIVER *** [9s 9c Jh Qs] [8c]
jammi-h: checks
Bonsey_1: checks
*** SHOW DOWN ***
jammi-h: shows [2c Ad] (a pair of Nines)
Bonsey_1: shows [6c Ac] (a pair of Nines)
jammi-h collected $8.82 from pot
Bonsey_1 collected $8.82 from pot
*** SUMMARY ***
Total pot $18 | Rake $0.36
Board [9s 9c Jh Qs 8c]
Seat 3: jammi-h (big blind) showed [2c Ad] and won ($8.82) with a pair of Nines
Seat 6: Bonsey_1 (button) (small blind) showed [6c Ac] and won ($8.82) with a pair of Nines


PokerStars Hand #146488400091:  Hold'em Limit ($3/$6 USD) - 2016/01/04 22:19:36 ET
Table 'Otero' 6-max Seat #3 is the button
Seat 3: jammi-h ($243.39 in chips)
Seat 6: Bonsey_1 ($127.35 in chips)
jammi-h: posts small blind $1
Bonsey_1: posts big blind $3
*** HOLE CARDS ***
jammi-h: folds
Uncalled bet ($2) returned to Bonsey_1
Bonsey_1 collected $2 from pot
Bonsey_1: doesn't show hand
*** SUMMARY ***
Total pot $2 | Rake $0
Seat 3: jammi-h (button) (small blind) folded before Flop
Seat 6: Bonsey_1 (big blind) collected ($2)


PokerStars Hand #146488405179:  Hold'em Limit ($3/$6 USD) - 2016/01/04 22:19:48 ET
Table 'Otero' 6-max Seat #6 is the button
Seat 3: jammi-h ($242.39 in chips)
Seat 6: Bonsey_1 ($128.35 in chips)
Bonsey_1: posts small blind $1
jammi-h: posts big blind $3
*** HOLE CARDS ***
Bonsey_1: raises $3 to $6
jammi-h: folds
Uncalled bet ($3) returned to Bonsey_1
Bonsey_1 collected $6 from pot
Bonsey_1: doesn't show hand
*** SUMMARY ***
Total pot $6 | Rake $0
Seat 3: jammi-h (big blind) folded before Flop
Seat 6: Bonsey_1 (button) (small blind) collected ($6)


PokerStars Hand #146488411982:  Hold'em Limit ($3/$6 USD) - 2016/01/04 22:20:04 ET
Table 'Otero' 6-max Seat #6 is the button
Seat 3: jammi-h ($238.39 in chips)
Seat 6: Bonsey_1 ($132.35 in chips)
Bonsey_1: posts small blind $1
jammi-h: posts big blind $3
*** HOLE CARDS ***
Bonsey_1: folds
Uncalled bet ($2) returned to jammi-h
jammi-h collected $2 from pot
jammi-h: doesn't show hand
*** SUMMARY ***
Total pot $2 | Rake $0
Seat 3: jammi-h (big blind) collected ($2)
Seat 6: Bonsey_1 (button) (small blind) folded before Flop


PokerStars Hand #146488408439:  Hold'em Limit ($3/$6 USD) - 2016/01/04 22:19:56 ET
Table 'Otero' 6-max Seat #3 is the button
Seat 3: jammi-h ($239.39 in chips)
Seat 6: Bonsey_1 ($131.35 in chips)
jammi-h: posts small blind $1
Bonsey_1: posts big blind $3
*** HOLE CARDS ***
jammi-h: folds
Uncalled bet ($2) returned to Bonsey_1
Bonsey_1 collected $2 from pot
Bonsey_1: doesn't show hand
*** SUMMARY ***
Total pot $2 | Rake $0
Seat 3: jammi-h (button) (small blind) folded before Flop
Seat 6: Bonsey_1 (big blind) collected ($2)


PokerStars Hand #146488414388:  Hold'em Limit ($3/$6 USD) - 2016/01/04 22:20:10 ET
Table 'Otero' 6-max Seat #3 is the button
Seat 3: jammi-h ($239.39 in chips)
Seat 6: Bonsey_1 ($131.35 in chips)
jammi-h: posts small blind $1
Bonsey_1: posts big blind $3
*** HOLE CARDS ***
jammi-h: raises $3 to $6
Bonsey_1: calls $3
*** FLOP *** [Ts 3s 3h]
Bonsey_1: checks
jammi-h: bets $3
Bonsey_1: calls $3
*** TURN *** [Ts 3s 3h] [Jc]
Bonsey_1: checks
jammi-h: bets $6
Bonsey_1: calls $6
*** RIVER *** [Ts 3s 3h Jc] [Td]
Bonsey_1: checks
jammi-h: bets $6
Bonsey_1: calls $6
*** SHOW DOWN ***
jammi-h: shows [Ah Tc] (a full house, Tens full of Threes)
Bonsey_1: mucks hand
jammi-h collected $41.50 from pot
*** SUMMARY ***
Total pot $42 | Rake $0.50
Board [Ts 3s 3h Jc Td]
Seat 3: jammi-h (button) (small blind) showed [Ah Tc] and won ($41.50) with a full house, Tens full of Threes
Seat 6: Bonsey_1 (big blind) mucked


PokerStars Hand #146488422487:  Hold'em Limit ($3/$6 USD) - 2016/01/04 22:20:30 ET
Table 'Otero' 6-max Seat #6 is the button
Seat 3: jammi-h ($259.89 in chips)
Seat 6: Bonsey_1 ($110.35 in chips)
Bonsey_1: posts small blind $1
jammi-h: posts big blind $3
*** HOLE CARDS ***
Bonsey_1: raises $3 to $6
jammi-h: folds
Uncalled bet ($3) returned to Bonsey_1
Bonsey_1 collected $6 from pot
Bonsey_1: doesn't show hand
*** SUMMARY ***
Total pot $6 | Rake $0
Seat 3: jammi-h (big blind) folded before Flop
Seat 6: Bonsey_1 (button) (small blind) collected ($6)


PokerStars Hand #146488426450:  Hold'em Limit ($3/$6 USD) - 2016/01/04 22:20:39 ET
Table 'Otero' 6-max Seat #3 is the button
Seat 3: jammi-h ($256.89 in chips)
Seat 6: Bonsey_1 ($113.35 in chips)
jammi-h: posts small blind $1
Bonsey_1: posts big blind $3
*** HOLE CARDS ***
jammi-h: raises $3 to $6
Bonsey_1: folds
Uncalled bet ($3) returned to jammi-h
jammi-h collected $6 from pot
jammi-h: doesn't show hand
*** SUMMARY ***
Total pot $6 | Rake $0
Seat 3: jammi-h (button) (small blind) collected ($6)
Seat 6: Bonsey_1 (big blind) folded before Flop


PokerStars Hand #146488431776:  Hold'em Limit ($3/$6 USD) - 2016/01/04 22:20:52 ET
Table 'Otero' 6-max Seat #3 is the button
Seat 3: jammi-h ($260.89 in chips)
Seat 6: Bonsey_1 ($109.35 in chips)
jammi-h: posts small blind $1
Bonsey_1: posts big blind $3
*** HOLE CARDS ***
jammi-h: raises $3 to $6
Bonsey_1: folds
Uncalled bet ($3) returned to jammi-h
jammi-h collected $6 from pot
jammi-h: doesn't show hand
*** SUMMARY ***
Total pot $6 | Rake $0
Seat 3: jammi-h (button) (small blind) collected ($6)
Seat 6: Bonsey_1 (big blind) folded before Flop


PokerStars Hand #146488434333:  Hold'em Limit ($3/$6 USD) - 2016/01/04 22:20:58 ET
Table 'Otero' 6-max Seat #6 is the button
Seat 3: jammi-h ($263.89 in chips)
Seat 6: Bonsey_1 ($106.35 in chips)
Bonsey_1: posts small blind $1
jammi-h: posts big blind $3
*** HOLE CARDS ***
Bonsey_1: raises $3 to $6
jammi-h: folds
Uncalled bet ($3) returned to Bonsey_1
Bonsey_1 collected $6 from pot
Bonsey_1: doesn't show hand
*** SUMMARY ***
Total pot $6 | Rake $0
Seat 3: jammi-h (big blind) folded before Flop
Seat 6: Bonsey_1 (button) (small blind) collected ($6)


PokerStars Hand #146488452718:  Hold'em Limit ($3/$6 USD) - 2016/01/04 22:21:42 ET
Table 'Otero' 6-max Seat #3 is the button
Seat 3: jammi-h ($277.39 in chips)
Seat 6: Bonsey_1 ($92.35 in chips)
jammi-h: posts small blind $1
Bonsey_1: posts big blind $3
*** HOLE CARDS ***
jammi-h: raises $3 to $6
Bonsey_1: folds
Uncalled bet ($3) returned to jammi-h
jammi-h collected $6 from pot
jammi-h: doesn't show hand
*** SUMMARY ***
Total pot $6 | Rake $0
Seat 3: jammi-h (button) (small blind) collected ($6)
Seat 6: Bonsey_1 (big blind) folded before Flop


PokerStars Hand #146488441667:  Hold'em Limit ($3/$6 USD) - 2016/01/04 22:21:16 ET
Table 'Otero' 6-max Seat #6 is the button
Seat 3: jammi-h ($259.89 in chips)
Seat 6: Bonsey_1 ($110.35 in chips)
Bonsey_1: posts small blind $1
jammi-h: posts big blind $3
*** HOLE CARDS ***
Bonsey_1: raises $3 to $6
jammi-h: raises $3 to $9
Bonsey_1: calls $3
*** FLOP *** [7h Qc 2h]
jammi-h: bets $3
Bonsey_1: calls $3
*** TURN *** [7h Qc 2h] [9c]
jammi-h: bets $6
Bonsey_1: calls $6
*** RIVER *** [7h Qc 2h 9c] [Ac]
jammi-h: bets $6
Bonsey_1: folds
Uncalled bet ($6) returned to jammi-h
jammi-h collected $35.50 from pot
jammi-h: doesn't show hand
*** SUMMARY ***
Total pot $36 | Rake $0.50
Board [7h Qc 2h 9c Ac]
Seat 3: jammi-h (big blind) collected ($35.50)
Seat 6: Bonsey_1 (button) (small blind) folded on the River


PokerStars Hand #146488457562:  Hold'em Limit ($3/$6 USD) - 2016/01/04 22:21:54 ET
Table 'Otero' 6-max Seat #3 is the button
Seat 3: jammi-h ($277.39 in chips)
Seat 6: Bonsey_1 ($92.35 in chips)
jammi-h: posts small blind $1
Bonsey_1: posts big blind $3
*** HOLE CARDS ***
jammi-h: raises $3 to $6
Bonsey_1: folds
Uncalled bet ($3) returned to jammi-h
jammi-h collected $6 from pot
jammi-h: doesn't show hand
*** SUMMARY ***
Total pot $6 | Rake $0
Seat 3: jammi-h (button) (small blind) collected ($6)
Seat 6: Bonsey_1 (big blind) folded before Flop


PokerStars Hand #146488454830:  Hold'em Limit ($3/$6 USD) - 2016/01/04 22:21:47 ET
Table 'Otero' 6-max Seat #6 is the button
Seat 3: jammi-h ($280.39 in chips)
Seat 6: Bonsey_1 ($89.35 in chips)
Bonsey_1: posts small blind $1
jammi-h: posts big blind $3
*** HOLE CARDS ***
Bonsey_1: raises $3 to $6
jammi-h: folds
Uncalled bet ($3) returned to Bonsey_1
Bonsey_1 collected $6 from pot
Bonsey_1: doesn't show hand
*** SUMMARY ***
Total pot $6 | Rake $0
Seat 3: jammi-h (big blind) folded before Flop
Seat 6: Bonsey_1 (button) (small blind) collected ($6)


PokerStars Hand #146488459948:  Hold'em Limit ($3/$6 USD) - 2016/01/04 22:22:00 ET
Table 'Otero' 6-max Seat #6 is the button
Seat 3: jammi-h ($280.39 in chips)
Seat 6: Bonsey_1 ($89.35 in chips)
Bonsey_1: posts small blind $1
jammi-h: posts big blind $3
*** HOLE CARDS ***
Bonsey_1: raises $3 to $6
jammi-h: calls $3
*** FLOP *** [8h 5d 6c]
jammi-h: bets $3
Bonsey_1: calls $3
*** TURN *** [8h 5d 6c] [Qd]
jammi-h: bets $6
Bonsey_1: calls $6
*** RIVER *** [8h 5d 6c Qd] [7s]
jammi-h: bets $6
Bonsey_1: calls $6
*** SHOW DOWN ***
jammi-h: shows [8s Kc] (a pair of Eights)
Bonsey_1: mucks hand
jammi-h collected $41.50 from pot
*** SUMMARY ***
Total pot $42 | Rake $0.50
Board [8h 5d 6c Qd 7s]
Seat 3: jammi-h (big blind) showed [8s Kc] and won ($41.50) with a pair of Eights
Seat 6: Bonsey_1 (button) (small blind) mucked


PokerStars Hand #146488468782:  Hold'em Limit ($3/$6 USD) - 2016/01/04 22:22:21 ET
Table 'Otero' 6-max Seat #6 is the button
Seat 3: jammi-h ($299.89 in chips)
Seat 6: Bonsey_1 ($69.35 in chips)
Bonsey_1: posts small blind $1
jammi-h: posts big blind $3
*** HOLE CARDS ***
Bonsey_1: raises $3 to $6
jammi-h: calls $3
*** FLOP *** [7s Js 8c]
jammi-h: checks
Bonsey_1: bets $3
jammi-h: folds
Uncalled bet ($3) returned to Bonsey_1
Bonsey_1 collected $11.76 from pot
Bonsey_1: doesn't show hand
*** SUMMARY ***
Total pot $12 | Rake $0.24
Board [7s Js 8c]
Seat 3: jammi-h (big blind) folded on the Flop
Seat 6: Bonsey_1 (button) (small blind) collected ($11.76)


PokerStars Hand #146488475982:  Hold'em Limit ($3/$6 USD) - 2016/01/04 22:22:38 ET
Table 'Otero' 6-max Seat #6 is the button
Seat 3: jammi-h ($292.89 in chips)
Seat 6: Bonsey_1 ($76.11 in chips)
Bonsey_1: posts small blind $1
jammi-h: posts big blind $3
*** HOLE CARDS ***
Bonsey_1: folds
Uncalled bet ($2) returned to jammi-h
jammi-h collected $2 from pot
jammi-h: doesn't show hand
*** SUMMARY ***
Total pot $2 | Rake $0
Seat 3: jammi-h (big blind) collected ($2)
Seat 6: Bonsey_1 (button) (small blind) folded before Flop


PokerStars Hand #146488478685:  Hold'em Limit ($3/$6 USD) - 2016/01/04 22:22:45 ET
Table 'Otero' 6-max Seat #3 is the button
Seat 3: jammi-h ($293.89 in chips)
Seat 6: Bonsey_1 ($75.11 in chips)
jammi-h: posts small blind $1
Bonsey_1: posts big blind $3
*** HOLE CARDS ***
jammi-h: raises $3 to $6
Bonsey_1: calls $3
*** FLOP *** [Qs 8d 5d]
Bonsey_1: checks
jammi-h: bets $3
Bonsey_1: calls $3
*** TURN *** [Qs 8d 5d] [2s]
Bonsey_1: checks
jammi-h: bets $6
Bonsey_1: folds
Uncalled bet ($6) returned to jammi-h
jammi-h collected $17.64 from pot
jammi-h: doesn't show hand
*** SUMMARY ***
Total pot $18 | Rake $0.36
Board [Qs 8d 5d 2s]
Seat 3: jammi-h (button) (small blind) collected ($17.64)
Seat 6: Bonsey_1 (big blind) folded on the Turn


PokerStars Hand #146488488633:  Hold'em Limit ($3/$6 USD) - 2016/01/04 22:23:09 ET
Table 'Otero' 6-max Seat #6 is the button
Seat 3: jammi-h ($302.53 in chips)
Seat 6: Bonsey_1 ($66.11 in chips)
Bonsey_1: posts small blind $1
jammi-h: posts big blind $3
*** HOLE CARDS ***
Bonsey_1: raises $3 to $6
jammi-h: raises $3 to $9
Bonsey_1: raises $3 to $12
Betting is capped
jammi-h: calls $3
*** FLOP *** [7s 3c 4d]
jammi-h: bets $3
Bonsey_1: raises $3 to $6
jammi-h: raises $3 to $9
Bonsey_1: raises $3 to $12
Betting is capped
jammi-h: calls $3
*** TURN *** [7s 3c 4d] [Ks]
jammi-h: checks
Bonsey_1: bets $6
jammi-h: calls $6
*** RIVER *** [7s 3c 4d Ks] [Qd]
jammi-h: checks
Bonsey_1: checks
*** SHOW DOWN ***
jammi-h: shows [7d 6d] (a pair of Sevens)
Bonsey_1: shows [Jc Js] (a pair of Jacks)
Bonsey_1 collected $59.50 from pot
*** SUMMARY ***
Total pot $60 | Rake $0.50
Board [7s 3c 4d Ks Qd]
Seat 3: jammi-h (big blind) showed [7d 6d] and lost with a pair of Sevens
Seat 6: Bonsey_1 (button) (small blind) showed [Jc Js] and won ($59.50) with a pair of Jacks


PokerStars Hand #146488497319:  Hold'em Limit ($3/$6 USD) - 2016/01/04 22:23:30 ET
Table 'Otero' 6-max Seat #3 is the button
Seat 3: jammi-h ($272.53 in chips)
Seat 6: Bonsey_1 ($95.61 in chips)
jammi-h: posts small blind $1
Bonsey_1: posts big blind $3
*** HOLE CARDS ***
jammi-h: raises $3 to $6
Bonsey_1: folds
Uncalled bet ($3) returned to jammi-h
jammi-h collected $6 from pot
*** SUMMARY ***
Total pot $6 | Rake $0
Seat 3: jammi-h (button) (small blind) collected ($6)
Seat 6: Bonsey_1 (big blind) folded before Flop


PokerStars Hand #146488499579:  Hold'em Limit ($3/$6 USD) - 2016/01/04 22:23:36 ET
Table 'Otero' 6-max Seat #6 is the button
Seat 3: jammi-h ($275.53 in chips)
Seat 6: Bonsey_1 ($92.61 in chips)
Bonsey_1: posts small blind $1
jammi-h: posts big blind $3
*** HOLE CARDS ***
Bonsey_1: raises $3 to $6
jammi-h: calls $3
*** FLOP *** [Tc 2h Qs]
jammi-h: bets $3
Bonsey_1: raises $3 to $6
jammi-h: folds
Uncalled bet ($3) returned to Bonsey_1
Bonsey_1 collected $17.64 from pot
Bonsey_1: doesn't show hand
*** SUMMARY ***
Total pot $18 | Rake $0.36
Board [Tc 2h Qs]
Seat 3: jammi-h (big blind) folded on the Flop
Seat 6: Bonsey_1 (button) (small blind) collected ($17.64)


PokerStars Hand #146488507711:  Hold'em Limit ($3/$6 USD) - 2016/01/04 22:23:56 ET
Table 'Otero' 6-max Seat #6 is the button
Seat 3: jammi-h ($265.53 in chips)
Seat 6: Bonsey_1 ($102.25 in chips)
Bonsey_1: posts small blind $1
jammi-h: posts big blind $3
*** HOLE CARDS ***
Bonsey_1: folds
Uncalled bet ($2) returned to jammi-h
jammi-h collected $2 from pot
jammi-h: doesn't show hand
*** SUMMARY ***
Total pot $2 | Rake $0
Seat 3: jammi-h (big blind) collected ($2)
Seat 6: Bonsey_1 (button) (small blind) folded before Flop


PokerStars Hand #146488510251:  Hold'em Limit ($3/$6 USD) - 2016/01/04 22:24:02 ET
Table 'Otero' 6-max Seat #3 is the button
Seat 3: jammi-h ($266.53 in chips)
Seat 6: Bonsey_1 ($101.25 in chips)
jammi-h: posts small blind $1
Bonsey_1: posts big blind $3
*** HOLE CARDS ***
jammi-h: folds
Uncalled bet ($2) returned to Bonsey_1
Bonsey_1 collected $2 from pot
Bonsey_1: doesn't show hand
*** SUMMARY ***
Total pot $2 | Rake $0
Seat 3: jammi-h (button) (small blind) folded before Flop
Seat 6: Bonsey_1 (big blind) collected ($2)


PokerStars Hand #146488520064:  Hold'em Limit ($3/$6 USD) - 2016/01/04 22:24:26 ET
Table 'Otero' 6-max Seat #3 is the button
Seat 3: jammi-h ($280.03 in chips)
Seat 6: Bonsey_1 ($87.25 in chips)
jammi-h: posts small blind $1
Bonsey_1: posts big blind $3
*** HOLE CARDS ***
jammi-h: folds
Uncalled bet ($2) returned to Bonsey_1
Bonsey_1 collected $2 from pot
Bonsey_1: doesn't show hand
*** SUMMARY ***
Total pot $2 | Rake $0
Seat 3: jammi-h (button) (small blind) folded before Flop
Seat 6: Bonsey_1 (big blind) collected ($2)


PokerStars Hand #146488512328:  Hold'em Limit ($3/$6 USD) - 2016/01/04 22:24:07 ET
Table 'Otero' 6-max Seat #6 is the button
Seat 3: jammi-h ($265.53 in chips)
Seat 6: Bonsey_1 ($102.25 in chips)
Bonsey_1: posts small blind $1
jammi-h: posts big blind $3
*** HOLE CARDS ***
Bonsey_1: raises $3 to $6
jammi-h: calls $3
*** FLOP *** [7h 7d 5d]
jammi-h: bets $3
Bonsey_1: calls $3
*** TURN *** [7h 7d 5d] [As]
jammi-h: bets $6
Bonsey_1: calls $6
*** RIVER *** [7h 7d 5d As] [Jd]
jammi-h: bets $6
Bonsey_1: folds
Uncalled bet ($6) returned to jammi-h
jammi-h collected $29.50 from pot
jammi-h: doesn't show hand
*** SUMMARY ***
Total pot $30 | Rake $0.50
Board [7h 7d 5d As Jd]
Seat 3: jammi-h (big blind) collected ($29.50)
Seat 6: Bonsey_1 (button) (small blind) folded on the River


PokerStars Hand #146488522136:  Hold'em Limit ($3/$6 USD) - 2016/01/04 22:24:31 ET
Table 'Otero' 6-max Seat #6 is the button
Seat 3: jammi-h ($279.03 in chips)
Seat 6: Bonsey_1 ($88.25 in chips)
Bonsey_1: posts small blind $1
jammi-h: posts big blind $3
*** HOLE CARDS ***
Bonsey_1: folds
Uncalled bet ($2) returned to jammi-h
jammi-h collected $2 from pot
jammi-h: doesn't show hand
*** SUMMARY ***
Total pot $2 | Rake $0
Seat 3: jammi-h (big blind) collected ($2)
Seat 6: Bonsey_1 (button) (small blind) folded before Flop


PokerStars Hand #146488524344:  Hold'em Limit ($3/$6 USD) - 2016/01/04 22:24:37 ET
Table 'Otero' 6-max Seat #3 is the button
Seat 3: jammi-h ($280.03 in chips)
Seat 6: Bonsey_1 ($87.25 in chips)
jammi-h: posts small blind $1
Bonsey_1: posts big blind $3
*** HOLE CARDS ***
jammi-h: raises $3 to $6
Bonsey_1: raises $3 to $9
jammi-h: calls $3
*** FLOP *** [3s 6s Ts]
Bonsey_1: bets $3
jammi-h: raises $3 to $6
Bonsey_1: calls $3
*** TURN *** [3s 6s Ts] [2d]
Bonsey_1: checks
jammi-h: bets $6
Bonsey_1: calls $6
*** RIVER *** [3s 6s Ts 2d] [Js]
Bonsey_1: checks
jammi-h: bets $6
Bonsey_1: calls $6
*** SHOW DOWN ***
jammi-h: shows [Qh 6h] (a pair of Sixes)
Bonsey_1: shows [Kd Td] (a pair of Tens)
Bonsey_1 collected $53.50 from pot
*** SUMMARY ***
Total pot $54 | Rake $0.50
Board [3s 6s Ts 2d Js]
Seat 3: jammi-h (button) (small blind) showed [Qh 6h] and lost with a pair of Sixes
Seat 6: Bonsey_1 (big blind) showed [Kd Td] and won ($53.50) with a pair of Tens


PokerStars Hand #146488535659:  Hold'em Limit ($3/$6 USD) - 2016/01/04 22:25:05 ET
Table 'Otero' 6-max Seat #3 is the button
Seat 3: jammi-h ($250.03 in chips)
Seat 6: Bonsey_1 ($116.75 in chips)
jammi-h: posts small blind $1
Bonsey_1: posts big blind $3
*** HOLE CARDS ***
jammi-h: folds
Uncalled bet ($2) returned to Bonsey_1
Bonsey_1 collected $2 from pot
Bonsey_1: doesn't show hand
*** SUMMARY ***
Total pot $2 | Rake $0
Seat 3: jammi-h (button) (small blind) folded before Flop
Seat 6: Bonsey_1 (big blind) collected ($2)


PokerStars Hand #146488532948:  Hold'em Limit ($3/$6 USD) - 2016/01/04 22:24:58 ET
Table 'Otero' 6-max Seat #6 is the button
Seat 3: jammi-h ($253.03 in chips)
Seat 6: Bonsey_1 ($113.75 in chips)
Bonsey_1: posts small blind $1
jammi-h: posts big blind $3
*** HOLE CARDS ***
Bonsey_1: raises $3 to $6
jammi-h: folds
Uncalled bet ($3) returned to Bonsey_1
Bonsey_1 collected $6 from pot
Bonsey_1: doesn't show hand
*** SUMMARY ***
Total pot $6 | Rake $0
Seat 3: jammi-h (big blind) folded before Flop
Seat 6: Bonsey_1 (button) (small blind) collected ($6)


PokerStars Hand #146488537773:  Hold'em Limit ($3/$6 USD) - 2016/01/04 22:25:10 ET
Table 'Otero' 6-max Seat #6 is the button
Seat 3: jammi-h ($249.03 in chips)
Seat 6: Bonsey_1 ($117.75 in chips)
Bonsey_1: posts small blind $1
jammi-h: posts big blind $3
*** HOLE CARDS ***
Bonsey_1: folds
Uncalled bet ($2) returned to jammi-h
jammi-h collected $2 from pot
jammi-h: doesn't show hand
*** SUMMARY ***
Total pot $2 | Rake $0
Seat 3: jammi-h (big blind) collected ($2)
Seat 6: Bonsey_1 (button) (small blind) folded before Flop


PokerStars Hand #146488539877:  Hold'em Limit ($3/$6 USD) - 2016/01/04 22:25:15 ET
Table 'Otero' 6-max Seat #3 is the button
Seat 3: jammi-h ($250.03 in chips)
Seat 6: Bonsey_1 ($116.75 in chips)
jammi-h: posts small blind $1
Bonsey_1: posts big blind $3
*** HOLE CARDS ***
jammi-h: raises $3 to $6
Bonsey_1: calls $3
*** FLOP *** [7d 9s 6d]
Bonsey_1: checks
jammi-h: bets $3
Bonsey_1: calls $3
*** TURN *** [7d 9s 6d] [Ks]
Bonsey_1: checks
jammi-h: bets $6
Bonsey_1: calls $6
*** RIVER *** [7d 9s 6d Ks] [8c]
Bonsey_1: checks
jammi-h: bets $6
Bonsey_1: folds
Uncalled bet ($6) returned to jammi-h
jammi-h collected $29.50 from pot
jammi-h: doesn't show hand
*** SUMMARY ***
Total pot $30 | Rake $0.50
Board [7d 9s 6d Ks 8c]
Seat 3: jammi-h (button) (small blind) collected ($29.50)
Seat 6: Bonsey_1 (big blind) folded on the River


PokerStars Hand #146488547434:  Hold'em Limit ($3/$6 USD) - 2016/01/04 22:25:34 ET
Table 'Otero' 6-max Seat #6 is the button
Seat 3: jammi-h ($264.53 in chips)
Seat 6: Bonsey_1 ($101.75 in chips)
Bonsey_1: posts small blind $1
jammi-h: posts big blind $3
*** HOLE CARDS ***
Bonsey_1: raises $3 to $6
jammi-h: raises $3 to $9
Bonsey_1: calls $3
*** FLOP *** [Jc 2h 6h]
jammi-h: bets $3
Bonsey_1: calls $3
*** TURN *** [Jc 2h 6h] [8s]
jammi-h: bets $6
Bonsey_1: calls $6
*** RIVER *** [Jc 2h 6h 8s] [Js]
jammi-h: bets $6
Bonsey_1: calls $6
*** SHOW DOWN ***
jammi-h: shows [4h 4d] (two pair, Jacks and Fours)
Bonsey_1: shows [7h 7c] (two pair, Jacks and Sevens)
Bonsey_1 collected $47.50 from pot
*** SUMMARY ***
Total pot $48 | Rake $0.50
Board [Jc 2h 6h 8s Js]
Seat 3: jammi-h (big blind) showed [4h 4d] and lost with two pair, Jacks and Fours
Seat 6: Bonsey_1 (button) (small blind) showed [7h 7c] and won ($47.50) with two pair, Jacks and Sevens


PokerStars Hand #146488554518:  Hold'em Limit ($3/$6 USD) - 2016/01/04 22:25:51 ET
Table 'Otero' 6-max Seat #3 is the button
Seat 3: jammi-h ($240.53 in chips)
Seat 6: Bonsey_1 ($125.25 in chips)
jammi-h: posts small blind $1
Bonsey_1: posts big blind $3
*** HOLE CARDS ***
jammi-h: raises $3 to $6
Bonsey_1: folds
Uncalled bet ($3) returned to jammi-h
jammi-h collected $6 from pot
jammi-h: doesn't show hand
*** SUMMARY ***
Total pot $6 | Rake $0
Seat 3: jammi-h (button) (small blind) collected ($6)
Seat 6: Bonsey_1 (big blind) folded before Flop


PokerStars Hand #146488559463:  Hold'em Limit ($3/$6 USD) - 2016/01/04 22:26:04 ET
Table 'Otero' 6-max Seat #3 is the button
Seat 3: jammi-h ($240.53 in chips)
Seat 6: Bonsey_1 ($125.25 in chips)
jammi-h: posts small blind $1
Bonsey_1: posts big blind $3
*** HOLE CARDS ***
jammi-h: folds
Uncalled bet ($2) returned to Bonsey_1
Bonsey_1 collected $2 from pot
Bonsey_1: doesn't show hand
*** SUMMARY ***
Total pot $2 | Rake $0
Seat 3: jammi-h (button) (small blind) folded before Flop
Seat 6: Bonsey_1 (big blind) collected ($2)


PokerStars Hand #146488556793:  Hold'em Limit ($3/$6 USD) - 2016/01/04 22:25:57 ET
Table 'Otero' 6-max Seat #6 is the button
Seat 3: jammi-h ($243.53 in chips)
Seat 6: Bonsey_1 ($122.25 in chips)
Bonsey_1: posts small blind $1
jammi-h: posts big blind $3
*** HOLE CARDS ***
Bonsey_1: raises $3 to $6
jammi-h: folds
Uncalled bet ($3) returned to Bonsey_1
Bonsey_1 collected $6 from pot
Bonsey_1: doesn't show hand
*** SUMMARY ***
Total pot $6 | Rake $0
Seat 3: jammi-h (big blind) folded before Flop
Seat 6: Bonsey_1 (button) (small blind) collected ($6)


PokerStars Hand #146488561460:  Hold'em Limit ($3/$6 USD) - 2016/01/04 22:26:09 ET
Table 'Otero' 6-max Seat #6 is the button
Seat 3: jammi-h ($239.53 in chips)
Seat 6: Bonsey_1 ($126.25 in chips)
Bonsey_1: posts small blind $1
jammi-h: posts big blind $3
*** HOLE CARDS ***
Bonsey_1: raises $3 to $6
jammi-h: calls $3
*** FLOP *** [Tc 9h 9d]
jammi-h: bets $3
Bonsey_1: calls $3
*** TURN *** [Tc 9h 9d] [8d]
jammi-h: bets $6
Bonsey_1: calls $6
*** RIVER *** [Tc 9h 9d 8d] [Js]
jammi-h: bets $6
Bonsey_1: calls $6
*** SHOW DOWN ***
jammi-h: shows [7h Ad] (a straight, Seven to Jack)
Bonsey_1: mucks hand
jammi-h collected $41.50 from pot
*** SUMMARY ***
Total pot $42 | Rake $0.50
Board [Tc 9h 9d 8d Js]
Seat 3: jammi-h (big blind) showed [7h Ad] and won ($41.50) with a straight, Seven to Jack
Seat 6: Bonsey_1 (button) (small blind) mucked


PokerStars Hand #146488571280:  Hold'em Limit ($3/$6 USD) - 2016/01/04 22:26:33 ET
Table 'Otero' 6-max Seat #3 is the button
Seat 3: jammi-h ($260.03 in chips)
Seat 6: Bonsey_1 ($105.25 in chips)
jammi-h: posts small blind $1
Bonsey_1: posts big blind $3
*** HOLE CARDS ***
jammi-h: folds
Uncalled bet ($2) returned to Bonsey_1
Bonsey_1 collected $2 from pot
Bonsey_1: doesn't show hand
*** SUMMARY ***
Total pot $2 | Rake $0
Seat 3: jammi-h (button) (small blind) folded before Flop
Seat 6: Bonsey_1 (big blind) collected ($2)


PokerStars Hand #146488575855:  Hold'em Limit ($3/$6 USD) - 2016/01/04 22:26:45 ET
Table 'Otero' 6-max Seat #3 is the button
Seat 3: jammi-h ($256.03 in chips)
Seat 6: Bonsey_1 ($109.25 in chips)
jammi-h: posts small blind $1
Bonsey_1: posts big blind $3
*** HOLE CARDS ***
jammi-h: folds
Uncalled bet ($2) returned to Bonsey_1
Bonsey_1 collected $2 from pot
Bonsey_1: doesn't show hand
*** SUMMARY ***
Total pot $2 | Rake $0
Seat 3: jammi-h (button) (small blind) folded before Flop
Seat 6: Bonsey_1 (big blind) collected ($2)


PokerStars Hand #146488573505:  Hold'em Limit ($3/$6 USD) - 2016/01/04 22:26:39 ET
Table 'Otero' 6-max Seat #6 is the button
Seat 3: jammi-h ($259.03 in chips)
Seat 6: Bonsey_1 ($106.25 in chips)
Bonsey_1: posts small blind $1
jammi-h: posts big blind $3
*** HOLE CARDS ***
Bonsey_1: raises $3 to $6
jammi-h: folds
Uncalled bet ($3) returned to Bonsey_1
Bonsey_1 collected $6 from pot
Bonsey_1: doesn't show hand
*** SUMMARY ***
Total pot $6 | Rake $0
Seat 3: jammi-h (big blind) folded before Flop
Seat 6: Bonsey_1 (button) (small blind) collected ($6)


PokerStars Hand #146488577917:  Hold'em Limit ($3/$6 USD) - 2016/01/04 22:26:50 ET
Table 'Otero' 6-max Seat #6 is the button
Seat 3: jammi-h ($255.03 in chips)
Seat 6: Bonsey_1 ($110.25 in chips)
Bonsey_1: posts small blind $1
jammi-h: posts big blind $3
*** HOLE CARDS ***
Bonsey_1: raises $3 to $6
jammi-h: calls $3
*** FLOP *** [3s 2s 9s]
jammi-h: bets $3
Bonsey_1: calls $3
*** TURN *** [3s 2s 9s] [2d]
jammi-h: bets $6
Bonsey_1: raises $6 to $12
jammi-h: calls $6
*** RIVER *** [3s 2s 9s 2d] [Kd]
jammi-h: checks
Bonsey_1: bets $6
jammi-h: calls $6
*** SHOW DOWN ***
Bonsey_1: shows [Ks Qs] (a flush, King high)
jammi-h: mucks hand
Bonsey_1 collected $53.50 from pot
*** SUMMARY ***
Total pot $54 | Rake $0.50
Board [3s 2s 9s 2d Kd]
Seat 3: jammi-h (big blind) mucked
Seat 6: Bonsey_1 (button) (small blind) showed [Ks Qs] and won ($53.50) with a flush, King high


PokerStars Hand #146488586573:  Hold'em Limit ($3/$6 USD) - 2016/01/04 22:27:11 ET
Table 'Otero' 6-max Seat #3 is the button
Seat 3: jammi-h ($228.03 in chips)
Seat 6: Bonsey_1 ($136.75 in chips)
jammi-h: posts small blind $1
Bonsey_1: posts big blind $3
*** HOLE CARDS ***
jammi-h: raises $3 to $6
Bonsey_1: calls $3
*** FLOP *** [As 5c 4d]
Bonsey_1: checks
jammi-h: bets $3
Bonsey_1: calls $3
*** TURN *** [As 5c 4d] [9c]
Bonsey_1: checks
jammi-h: bets $6
Bonsey_1: folds
Uncalled bet ($6) returned to jammi-h
jammi-h collected $17.64 from pot
jammi-h: doesn't show hand
*** SUMMARY ***
Total pot $18 | Rake $0.36
Board [As 5c 4d 9c]
Seat 3: jammi-h (button) (small blind) collected ($17.64)
Seat 6: Bonsey_1 (big blind) folded on the Turn


PokerStars Hand #146488597166:  Hold'em Limit ($3/$6 USD) - 2016/01/04 22:27:38 ET
Table 'Otero' 6-max Seat #6 is the button
Seat 3: jammi-h ($236.67 in chips)
Seat 6: Bonsey_1 ($127.75 in chips)
Bonsey_1: posts small blind $1
jammi-h: posts big blind $3
*** HOLE CARDS ***
Bonsey_1: raises $3 to $6
jammi-h: calls $3
*** FLOP *** [4c 2c 7d]
jammi-h: bets $3
Bonsey_1: calls $3
*** TURN *** [4c 2c 7d] [Ks]
jammi-h: bets $6
Bonsey_1: folds
Uncalled bet ($6) returned to jammi-h
jammi-h collected $17.64 from pot
jammi-h: doesn't show hand
*** SUMMARY ***
Total pot $18 | Rake $0.36
Board [4c 2c 7d Ks]
Seat 3: jammi-h (big blind) collected ($17.64)
Seat 6: Bonsey_1 (button) (small blind) folded on the Turn


PokerStars Hand #146488605707:  Hold'em Limit ($3/$6 USD) - 2016/01/04 22:27:59 ET
Table 'Otero' 6-max Seat #3 is the button
Seat 3: jammi-h ($245.31 in chips)
Seat 6: Bonsey_1 ($118.75 in chips)
jammi-h: posts small blind $1
Bonsey_1: posts big blind $3
*** HOLE CARDS ***
jammi-h: raises $3 to $6
Bonsey_1: folds
Uncalled bet ($3) returned to jammi-h
jammi-h collected $6 from pot
*** SUMMARY ***
Total pot $6 | Rake $0
Seat 3: jammi-h (button) (small blind) collected ($6)
Seat 6: Bonsey_1 (big blind) folded before Flop


PokerStars Hand #146488608484:  Hold'em Limit ($3/$6 USD) - 2016/01/04 22:28:06 ET
Table 'Otero' 6-max Seat #6 is the button
Seat 3: jammi-h ($248.31 in chips)
Seat 6: Bonsey_1 ($115.75 in chips)
Bonsey_1: posts small blind $1
jammi-h: posts big blind $3
*** HOLE CARDS ***
Bonsey_1: raises $3 to $6
jammi-h: calls $3
*** FLOP *** [8d 8c Kh]
jammi-h: bets $3
Bonsey_1: raises $3 to $6
jammi-h: folds
Uncalled bet ($3) returned to Bonsey_1
Bonsey_1 collected $17.64 from pot
Bonsey_1: doesn't show hand
*** SUMMARY ***
Total pot $18 | Rake $0.36
Board [8d 8c Kh]
Seat 3: jammi-h (big blind) folded on the Flop
Seat 6: Bonsey_1 (button) (small blind) collected ($17.64)


PokerStars Hand #146488615864:  Hold'em Limit ($3/$6 USD) - 2016/01/04 22:28:25 ET
Table 'Otero' 6-max Seat #6 is the button
Seat 3: jammi-h ($238.31 in chips)
Seat 6: Bonsey_1 ($125.39 in chips)
Bonsey_1: posts small blind $1
jammi-h: posts big blind $3
*** HOLE CARDS ***
Bonsey_1: folds
Uncalled bet ($2) returned to jammi-h
jammi-h collected $2 from pot
jammi-h: doesn't show hand
*** SUMMARY ***
Total pot $2 | Rake $0
Seat 3: jammi-h (big blind) collected ($2)
Seat 6: Bonsey_1 (button) (small blind) folded before Flop


PokerStars Hand #146488613873:  Hold'em Limit ($3/$6 USD) - 2016/01/04 22:28:20 ET
Table 'Otero' 6-max Seat #3 is the button
Seat 3: jammi-h ($239.31 in chips)
Seat 6: Bonsey_1 ($124.39 in chips)
jammi-h: posts small blind $1
Bonsey_1: posts big blind $3
*** HOLE CARDS ***
jammi-h: folds
Uncalled bet ($2) returned to Bonsey_1
Bonsey_1 collected $2 from pot
Bonsey_1: doesn't show hand
*** SUMMARY ***
Total pot $2 | Rake $0
Seat 3: jammi-h (button) (small blind) folded before Flop
Seat 6: Bonsey_1 (big blind) collected ($2)


PokerStars Hand #146488620324:  Hold'em Limit ($3/$6 USD) - 2016/01/04 22:28:36 ET
Table 'Otero' 6-max Seat #6 is the button
Seat 3: jammi-h ($238.31 in chips)
Seat 6: Bonsey_1 ($125.39 in chips)
Bonsey_1: posts small blind $1
jammi-h: posts big blind $3
*** HOLE CARDS ***
Bonsey_1: folds
Uncalled bet ($2) returned to jammi-h
jammi-h collected $2 from pot
jammi-h: doesn't show hand
*** SUMMARY ***
Total pot $2 | Rake $0
Seat 3: jammi-h (big blind) collected ($2)
Seat 6: Bonsey_1 (button) (small blind) folded before Flop


PokerStars Hand #146488617975:  Hold'em Limit ($3/$6 USD) - 2016/01/04 22:28:30 ET
Table 'Otero' 6-max Seat #3 is the button
Seat 3: jammi-h ($239.31 in chips)
Seat 6: Bonsey_1 ($124.39 in chips)
jammi-h: posts small blind $1
Bonsey_1: posts big blind $3
*** HOLE CARDS ***
jammi-h: folds
Uncalled bet ($2) returned to Bonsey_1
Bonsey_1 collected $2 from pot
Bonsey_1: doesn't show hand
*** SUMMARY ***
Total pot $2 | Rake $0
Seat 3: jammi-h (button) (small blind) folded before Flop
Seat 6: Bonsey_1 (big blind) collected ($2)


PokerStars Hand #146488622531:  Hold'em Limit ($3/$6 USD) - 2016/01/04 22:28:41 ET
Table 'Otero' 6-max Seat #3 is the button
Seat 3: jammi-h ($239.31 in chips)
Seat 6: Bonsey_1 ($124.39 in chips)
jammi-h: posts small blind $1
Bonsey_1: posts big blind $3
*** HOLE CARDS ***
jammi-h: raises $3 to $6
Bonsey_1: calls $3
*** FLOP *** [3d 3s Ks]
Bonsey_1: checks
jammi-h: bets $3
Bonsey_1: calls $3
*** TURN *** [3d 3s Ks] [Jd]
Bonsey_1: checks
jammi-h: bets $6
Bonsey_1: calls $6
*** RIVER *** [3d 3s Ks Jd] [Tc]
Bonsey_1: checks
jammi-h: bets $6
Bonsey_1: folds
Uncalled bet ($6) returned to jammi-h
jammi-h collected $29.50 from pot
jammi-h: doesn't show hand
*** SUMMARY ***
Total pot $30 | Rake $0.50
Board [3d 3s Ks Jd Tc]
Seat 3: jammi-h (button) (small blind) collected ($29.50)
Seat 6: Bonsey_1 (big blind) folded on the River


PokerStars Hand #146488629412:  Hold'em Limit ($3/$6 USD) - 2016/01/04 22:28:59 ET
Table 'Otero' 6-max Seat #6 is the button
Seat 3: jammi-h ($253.81 in chips)
Seat 6: Bonsey_1 ($109.39 in chips)
Bonsey_1: posts small blind $1
jammi-h: posts big blind $3
*** HOLE CARDS ***
Bonsey_1: raises $3 to $6
jammi-h: calls $3
*** FLOP *** [2d 8s 5c]
jammi-h: bets $3
Bonsey_1: calls $3
*** TURN *** [2d 8s 5c] [Js]
jammi-h: bets $6
Bonsey_1: calls $6
*** RIVER *** [2d 8s 5c Js] [Tc]
jammi-h: bets $6
Bonsey_1: calls $6
*** SHOW DOWN ***
jammi-h: shows [6h 4s] (high card Jack)
Bonsey_1: shows [Jc 3c] (a pair of Jacks)
Bonsey_1 collected $41.50 from pot
*** SUMMARY ***
Total pot $42 | Rake $0.50
Board [2d 8s 5c Js Tc]
Seat 3: jammi-h (big blind) showed [6h 4s] and lost with high card Jack
Seat 6: Bonsey_1 (button) (small blind) showed [Jc 3c] and won ($41.50) with a pair of Jacks


PokerStars Hand #146488636043:  Hold'em Limit ($3/$6 USD) - 2016/01/04 22:29:16 ET
Table 'Otero' 6-max Seat #3 is the button
Seat 3: jammi-h ($232.81 in chips)
Seat 6: Bonsey_1 ($129.89 in chips)
jammi-h: posts small blind $1
Bonsey_1: posts big blind $3
*** HOLE CARDS ***
jammi-h: raises $3 to $6
Bonsey_1: calls $3
*** FLOP *** [5d 6c Ah]
Bonsey_1: checks
jammi-h: bets $3
Bonsey_1: folds
Uncalled bet ($3) returned to jammi-h
jammi-h collected $11.76 from pot
jammi-h: doesn't show hand
*** SUMMARY ***
Total pot $12 | Rake $0.24
Board [5d 6c Ah]
Seat 3: jammi-h (button) (small blind) collected ($11.76)
Seat 6: Bonsey_1 (big blind) folded on the Flop


PokerStars Hand #146488642409:  Hold'em Limit ($3/$6 USD) - 2016/01/04 22:29:31 ET
Table 'Otero' 6-max Seat #6 is the button
Seat 3: jammi-h ($238.57 in chips)
Seat 6: Bonsey_1 ($123.89 in chips)
Bonsey_1: posts small blind $1
jammi-h: posts big blind $3
*** HOLE CARDS ***
Bonsey_1: raises $3 to $6
jammi-h: calls $3
*** FLOP *** [Jc Ks 3c]
jammi-h: bets $3
covasa andre joins the table at seat #2
Bonsey_1: calls $3
*** TURN *** [Jc Ks 3c] [Ah]
jammi-h: bets $6
Bonsey_1: calls $6
*** RIVER *** [Jc Ks 3c Ah] [5h]
jammi-h: bets $6
Bonsey_1: calls $6
*** SHOW DOWN ***
jammi-h: shows [9s Jh] (a pair of Jacks)
Bonsey_1: shows [Ad 2s] (a pair of Aces)
Bonsey_1 collected $41.50 from pot
*** SUMMARY ***
Total pot $42 | Rake $0.50
Board [Jc Ks 3c Ah 5h]
Seat 3: jammi-h (big blind) showed [9s Jh] and lost with a pair of Jacks
Seat 6: Bonsey_1 (button) (small blind) showed [Ad 2s] and won ($41.50) with a pair of Aces


PokerStars Hand #146488916239:  Hold'em Limit ($3/$6 USD) - 2016/01/04 22:41:09 ET
Table 'Otero' 6-max Seat #3 is the button
Seat 3: jammi-h ($252.46 in chips)
Seat 6: Bonsey_1 ($176.33 in chips)
yu1104 will be allowed to play after the button
jammi-h: posts small blind $1
Bonsey_1: posts big blind $3
*** HOLE CARDS ***
jammi-h: raises $3 to $6
Bonsey_1: calls $3
*** FLOP *** [6h Kd Qs]
Bonsey_1: checks
jammi-h: bets $3
Bonsey_1: calls $3
*** TURN *** [6h Kd Qs] [Js]
Bonsey_1: checks
jammi-h: bets $6
Bonsey_1: calls $6
*** RIVER *** [6h Kd Qs Js] [8h]
Bonsey_1: checks
jammi-h: checks
*** SHOW DOWN ***
Bonsey_1: shows [5c Qc] (a pair of Queens)
jammi-h: mucks hand
Bonsey_1 collected $29.50 from pot
*** SUMMARY ***
Total pot $30 | Rake $0.50
Board [6h Kd Qs Js 8h]
Seat 3: jammi-h (button) (small blind) mucked
Seat 6: Bonsey_1 (big blind) showed [5c Qc] and won ($29.50) with a pair of Queens


PokerStars Hand #146489049942:  Hold'em Limit ($3/$6 USD) - 2016/01/04 22:47:00 ET
Table 'Otero' 6-max Seat #6 is the button
Seat 3: jammi-h ($210.19 in chips)
Seat 6: Bonsey_1 ($222.78 in chips)
Bonsey_1: posts small blind $1
jammi-h: posts big blind $3
*** HOLE CARDS ***
Bonsey_1: raises $3 to $6
jammi-h: folds
Uncalled bet ($3) returned to Bonsey_1
Bonsey_1 collected $6 from pot
Bonsey_1: doesn't show hand
*** SUMMARY ***
Total pot $6 | Rake $0
Seat 3: jammi-h (big blind) folded before Flop
Seat 6: Bonsey_1 (button) (small blind) collected ($6)


PokerStars Hand #146489048061:  Hold'em Limit ($3/$6 USD) - 2016/01/04 22:46:55 ET
Table 'Otero' 6-max Seat #3 is the button
Seat 3: jammi-h ($211.19 in chips)
Seat 6: Bonsey_1 ($221.78 in chips)
jammi-h: posts small blind $1
Bonsey_1: posts big blind $3
*** HOLE CARDS ***
LotsaBalls12 joins the table at seat #4
jammi-h: folds
Uncalled bet ($2) returned to Bonsey_1
Bonsey_1 collected $2 from pot
Bonsey_1: doesn't show hand
*** SUMMARY ***
Total pot $2 | Rake $0
Seat 3: jammi-h (button) (small blind) folded before Flop
Seat 6: Bonsey_1 (big blind) collected ($2)


PokerStars Hand #146489045607:  Hold'em Limit ($3/$6 USD) - 2016/01/04 22:46:48 ET
Table 'Otero' 6-max Seat #6 is the button
Seat 3: jammi-h ($214.19 in chips)
Seat 6: Bonsey_1 ($218.78 in chips)
Bonsey_1: posts small blind $1
jammi-h: posts big blind $3
*** HOLE CARDS ***
Bonsey_1: raises $3 to $6
jammi-h: folds
Uncalled bet ($3) returned to Bonsey_1
Bonsey_1 collected $6 from pot
Bonsey_1: doesn't show hand
*** SUMMARY ***
Total pot $6 | Rake $0
Seat 3: jammi-h (big blind) folded before Flop
Seat 6: Bonsey_1 (button) (small blind) collected ($6)


PokerStars Hand #146489039911:  Hold'em Limit ($3/$6 USD) - 2016/01/04 22:46:33 ET
Table 'Otero' 6-max Seat #3 is the button
Seat 3: jammi-h ($205.55 in chips)
Seat 6: Bonsey_1 ($227.78 in chips)
jammi-h: posts small blind $1
Bonsey_1: posts big blind $3
*** HOLE CARDS ***
jammi-h: raises $3 to $6
Bonsey_1: calls $3
*** FLOP *** [6d 2h 8s]
Bonsey_1: checks
jammi-h: bets $3
Bonsey_1: calls $3
*** TURN *** [6d 2h 8s] [Ah]
Bonsey_1: checks
jammi-h: bets $6
Bonsey_1: folds
Uncalled bet ($6) returned to jammi-h
jammi-h collected $17.64 from pot
jammi-h: doesn't show hand
*** SUMMARY ***
Total pot $18 | Rake $0.36
Board [6d 2h 8s Ah]
Seat 3: jammi-h (button) (small blind) collected ($17.64)
Seat 6: Bonsey_1 (big blind) folded on the Turn


PokerStars Hand #146489033618:  Hold'em Limit ($3/$6 USD) - 2016/01/04 22:46:17 ET
Table 'Otero' 6-max Seat #6 is the button
Seat 3: jammi-h ($226.55 in chips)
Seat 6: Bonsey_1 ($207.28 in chips)
Bonsey_1: posts small blind $1
jammi-h: posts big blind $3
*** HOLE CARDS ***
Bonsey_1: raises $3 to $6
yu1104 leaves the table
jammi-h: calls $3
*** FLOP *** [6d 6h Ac]
jammi-h: bets $3
Bonsey_1: calls $3
*** TURN *** [6d 6h Ac] [7h]
jammi-h: bets $6
Bonsey_1: calls $6
*** RIVER *** [6d 6h Ac 7h] [Kh]
jammi-h: bets $6
Bonsey_1: calls $6
*** SHOW DOWN ***
jammi-h: shows [8h 7d] (two pair, Sevens and Sixes)
Bonsey_1: shows [Jc As] (two pair, Aces and Sixes)
Bonsey_1 collected $41.50 from pot
*** SUMMARY ***
Total pot $42 | Rake $0.50
Board [6d 6h Ac 7h Kh]
Seat 3: jammi-h (big blind) showed [8h 7d] and lost with two pair, Sevens and Sixes
Seat 6: Bonsey_1 (button) (small blind) showed [Jc As] and won ($41.50) with two pair, Aces and Sixes


PokerStars Hand #146492270053:  Hold'em Limit ($3/$6 USD) - 2016/01/05 1:42:09 ET
Table 'Otero' 6-max Seat #4 is the button
Seat 3: 777dag0 ($21.16 in chips)
Seat 4: stelios39 ($229.03 in chips)
stelios39: posts small blind $1
love_mmm: is sitting out
777dag0: posts big blind $3
*** HOLE CARDS ***
stelios39: raises $3 to $6
777dag0: calls $3
*** FLOP *** [Ad 6c 4c]
777dag0: checks
stelios39: bets $3
777dag0: folds
Uncalled bet ($3) returned to stelios39
stelios39 collected $11.76 from pot
stelios39: doesn't show hand
*** SUMMARY ***
Total pot $12 | Rake $0.24
Board [Ad 6c 4c]
Seat 3: 777dag0 (big blind) folded on the Flop
Seat 4: stelios39 (button) (small blind) collected ($11.76)


PokerStars Hand #146492273667:  Hold'em Limit ($3/$6 USD) - 2016/01/05 1:42:22 ET
Table 'Otero' 6-max Seat #3 is the button
Seat 3: 777dag0 ($15.16 in chips)
Seat 4: stelios39 ($234.79 in chips)
777dag0: posts small blind $1
stelios39: posts big blind $3
*** HOLE CARDS ***
777dag0: raises $3 to $6
stelios39: calls $3
*** FLOP *** [8s 5c Jc]
Hsj2012 leaves the table
stelios39: checks
777dag0: checks
*** TURN *** [8s 5c Jc] [3s]
Miele104 joins the table at seat #2
stelios39: bets $6
777dag0: folds
Uncalled bet ($6) returned to stelios39
stelios39 collected $11.76 from pot
stelios39: doesn't show hand
*** SUMMARY ***
Total pot $12 | Rake $0.24
Board [8s 5c Jc 3s]
Seat 3: 777dag0 (button) (small blind) folded on the Turn
Seat 4: stelios39 (big blind) collected ($11.76)


PokerStars Hand #146492298934:  Hold'em Limit ($3/$6 USD) - 2016/01/05 1:43:50 ET
Table 'Otero' 6-max Seat #2 is the button
Seat 2: eggihuser1 ($120 in chips)
Seat 4: stelios39 ($243.55 in chips)
eggihuser1: posts small blind $1
stelios39: posts big blind $3
*** HOLE CARDS ***
eggihuser1: calls $2
stelios39: checks
*** FLOP *** [8d 6s Jc]
stelios39: bets $3
eggihuser1: folds
Uncalled bet ($3) returned to stelios39
stelios39 collected $5.88 from pot
stelios39: doesn't show hand
*** SUMMARY ***
Total pot $6 | Rake $0.12
Board [8d 6s Jc]
Seat 2: eggihuser1 (button) (small blind) folded on the Flop
Seat 4: stelios39 (big blind) collected ($5.88)


PokerStars Hand #146492303155:  Hold'em Limit ($3/$6 USD) - 2016/01/05 1:44:05 ET
Table 'Otero' 6-max Seat #4 is the button
Seat 2: eggihuser1 ($117 in chips)
Seat 4: stelios39 ($246.43 in chips)
stelios39: posts small blind $1
eggihuser1: posts big blind $3
*** HOLE CARDS ***
stelios39: calls $2
eggihuser1: checks
*** FLOP *** [Kh 3c 4d]
eggihuser1: bets $3
stelios39: calls $3
*** TURN *** [Kh 3c 4d] [As]
eggihuser1: checks
stelios39: checks
*** RIVER *** [Kh 3c 4d As] [Ks]
eggihuser1: checks
stelios39: checks
*** SHOW DOWN ***
eggihuser1: shows [9s Tc] (a pair of Kings)
stelios39: shows [Ts 3s] (two pair, Kings and Threes)
stelios39 collected $11.76 from pot
*** SUMMARY ***
Total pot $12 | Rake $0.24
Board [Kh 3c 4d As Ks]
Seat 2: eggihuser1 (big blind) showed [9s Tc] and lost with a pair of Kings
Seat 4: stelios39 (button) (small blind) showed [Ts 3s] and won ($11.76) with two pair, Kings and Threes


PokerStars Hand #146492308547:  Hold'em Limit ($3/$6 USD) - 2016/01/05 1:44:24 ET
Table 'Otero' 6-max Seat #2 is the button
Seat 2: eggihuser1 ($111 in chips)
Seat 4: stelios39 ($252.19 in chips)
eggihuser1: posts small blind $1
stelios39: posts big blind $3
*** HOLE CARDS ***
eggihuser1: calls $2
stelios39: checks
*** FLOP *** [Ac 3c Qd]
ThatLostBoy joins the table at seat #6
stelios39: bets $3
eggihuser1: folds
Uncalled bet ($3) returned to stelios39
stelios39 collected $5.88 from pot
stelios39: doesn't show hand
*** SUMMARY ***
Total pot $6 | Rake $0.12
Board [Ac 3c Qd]
Seat 2: eggihuser1 (button) (small blind) folded on the Flop
Seat 4: stelios39 (big blind) collected ($5.88)


PokerStars Hand #146492753091:  Hold'em Limit ($3/$6 USD) - 2016/01/05 2:10:20 ET
Table 'Otero' 6-max Seat #2 is the button
Seat 1: Big Wints ($5.81 in chips)
Seat 2: eggihuser1 ($75.74 in chips)
eggihuser1: posts small blind $1
Big Wints: posts big blind $3
*** HOLE CARDS ***
eggihuser1: raises $3 to $6
Big Wints: calls $2.81 and is all-in
Uncalled bet ($0.19) returned to eggihuser1
*** FLOP *** [3d 4d 9d]
*** TURN *** [3d 4d 9d] [8h]
*** RIVER *** [3d 4d 9d 8h] [Jc]
*** SHOW DOWN ***
Big Wints: shows [4h 9h] (two pair, Nines and Fours)
eggihuser1: shows [2d Kh] (high card King)
Big Wints collected $11.39 from pot
*** SUMMARY ***
Total pot $11.62 | Rake $0.23
Board [3d 4d 9d 8h Jc]
Seat 1: Big Wints (big blind) showed [4h 9h] and won ($11.39) with two pair, Nines and Fours
Seat 2: eggihuser1 (button) (small blind) showed [2d Kh] and lost with high card King


PokerStars Hand #146492745045:  Hold'em Limit ($3/$6 USD) - 2016/01/05 2:09:53 ET
Table 'Otero' 6-max Seat #2 is the button
Seat 1: Big Wints ($9.81 in chips)
Seat 2: eggihuser1 ($71.86 in chips)
eggihuser1: posts small blind $1
love_mmm: is sitting out
Big Wints: posts big blind $3
*** HOLE CARDS ***
eggihuser1: calls $2
Big Wints: checks
*** FLOP *** [2s 6h Th]
love_mmm leaves the table
Big Wints: checks
eggihuser1: checks
*** TURN *** [2s 6h Th] [Jc]
Big Wints: checks
eggihuser1: checks
*** RIVER *** [2s 6h Th Jc] [6c]
Big Wints: checks
eggihuser1: checks
*** SHOW DOWN ***
Big Wints: shows [4d 5s] (a pair of Sixes)
eggihuser1: shows [7c 5c] (a pair of Sixes - Jack+Ten+Seven kicker)
eggihuser1 collected $5.88 from pot
*** SUMMARY ***
Total pot $6 | Rake $0.12
Board [2s 6h Th Jc 6c]
Seat 1: Big Wints (big blind) showed [4d 5s] and lost with a pair of Sixes
Seat 2: eggihuser1 (button) (small blind) showed [7c 5c] and won ($5.88) with a pair of Sixes


PokerStars Hand #146492751012:  Hold'em Limit ($3/$6 USD) - 2016/01/05 2:10:13 ET
Table 'Otero' 6-max Seat #1 is the button
Seat 1: Big Wints ($6.81 in chips)
Seat 2: eggihuser1 ($74.74 in chips)
Big Wints: posts small blind $1
eggihuser1: posts big blind $3
*** HOLE CARDS ***
Big Wints: folds
Uncalled bet ($2) returned to eggihuser1
eggihuser1 collected $2 from pot
*** SUMMARY ***
Total pot $2 | Rake $0
Seat 1: Big Wints (button) (small blind) folded before Flop
Seat 2: eggihuser1 (big blind) collected ($2)


PokerStars Hand #146492757346:  Hold'em Limit ($3/$6 USD) - 2016/01/05 2:10:35 ET
Table 'Otero' 6-max Seat #1 is the button
Seat 1: Big Wints ($11.39 in chips)
Seat 2: eggihuser1 ($69.93 in chips)
Big Wints: posts small blind $1
eggihuser1: posts big blind $3
*** HOLE CARDS ***
Big Wints: raises $3 to $6
eggihuser1: calls $3
*** FLOP *** [Jc 9s 8d]
eggihuser1: checks
Big Wints: bets $3
eggihuser1: calls $3
*** TURN *** [Jc 9s 8d] [Qc]
eggihuser1: checks
Big Wints: checks
*** RIVER *** [Jc 9s 8d Qc] [Qs]
eggihuser1: checks
Big Wints: checks
*** SHOW DOWN ***
eggihuser1: shows [Ah 6s] (a pair of Queens)
Big Wints: shows [5h As] (a pair of Queens)
eggihuser1 collected $8.82 from pot
Big Wints collected $8.82 from pot
*** SUMMARY ***
Total pot $18 | Rake $0.36
Board [Jc 9s 8d Qc Qs]
Seat 1: Big Wints (button) (small blind) showed [5h As] and won ($8.82) with a pair of Queens
Seat 2: eggihuser1 (big blind) showed [Ah 6s] and won ($8.82) with a pair of Queens


PokerStars Hand #146492768715:  Hold'em Limit ($3/$6 USD) - 2016/01/05 2:11:14 ET
Table 'Otero' 6-max Seat #2 is the button
Seat 1: Big Wints ($11.21 in chips)
Seat 2: eggihuser1 ($69.75 in chips)
eggihuser1: posts small blind $1
Big Wints: posts big blind $3
*** HOLE CARDS ***
eggihuser1: calls $2
Big Wints: raises $3 to $6
eggihuser1: raises $3 to $9
Big Wints: raises $2.21 to $11.21 and is all-in
Betting is capped
eggihuser1: calls $2.21
*** FLOP *** [Jd 6s 9c]
*** TURN *** [Jd 6s 9c] [Js]
*** RIVER *** [Jd 6s 9c Js] [2s]
*** SHOW DOWN ***
Big Wints: shows [Ac Qd] (a pair of Jacks)
eggihuser1: shows [Qs Ad] (a pair of Jacks)
Big Wints collected $10.99 from pot
eggihuser1 collected $10.98 from pot
*** SUMMARY ***
Total pot $22.42 | Rake $0.45
Board [Jd 6s 9c Js 2s]
Seat 1: Big Wints (big blind) showed [Ac Qd] and won ($10.99) with a pair of Jacks
Seat 2: eggihuser1 (button) (small blind) showed [Qs Ad] and won ($10.98) with a pair of Jacks


PokerStars Hand #146492780663:  Hold'em Limit ($3/$6 USD) - 2016/01/05 2:11:55 ET
Table 'Otero' 6-max Seat #2 is the button
Seat 1: Big Wints ($11.87 in chips)
Seat 2: eggihuser1 ($68.52 in chips)
eggihuser1: posts small blind $1
Big Wints: posts big blind $3
*** HOLE CARDS ***
eggihuser1: folds
Uncalled bet ($2) returned to Big Wints
Big Wints collected $2 from pot
Big Wints: doesn't show hand
*** SUMMARY ***
Total pot $2 | Rake $0
Seat 1: Big Wints (big blind) collected ($2)
Seat 2: eggihuser1 (button) (small blind) folded before Flop


PokerStars Hand #146492779128:  Hold'em Limit ($3/$6 USD) - 2016/01/05 2:11:50 ET
Table 'Otero' 6-max Seat #1 is the button
Seat 1: Big Wints ($12.87 in chips)
Seat 2: eggihuser1 ($67.52 in chips)
Big Wints: posts small blind $1
eggihuser1: posts big blind $3
*** HOLE CARDS ***
Big Wints: folds
Uncalled bet ($2) returned to eggihuser1
eggihuser1 collected $2 from pot
*** SUMMARY ***
Total pot $2 | Rake $0
Seat 1: Big Wints (button) (small blind) folded before Flop
Seat 2: eggihuser1 (big blind) collected ($2)


PokerStars Hand #146492775705:  Hold'em Limit ($3/$6 USD) - 2016/01/05 2:11:38 ET
Table 'Otero' 6-max Seat #2 is the button
Seat 1: Big Wints ($9.99 in chips)
Seat 2: eggihuser1 ($70.52 in chips)
eggihuser1: posts small blind $1
Big Wints: posts big blind $3
*** HOLE CARDS ***
eggihuser1: calls $2
Big Wints: checks
*** FLOP *** [3h Qh Kc]
Big Wints: bets $3
eggihuser1: folds
Uncalled bet ($3) returned to Big Wints
Big Wints collected $5.88 from pot
Big Wints: doesn't show hand
*** SUMMARY ***
Total pot $6 | Rake $0.12
Board [3h Qh Kc]
Seat 1: Big Wints (big blind) collected ($5.88)
Seat 2: eggihuser1 (button) (small blind) folded on the Flop


PokerStars Hand #146492774142:  Hold'em Limit ($3/$6 USD) - 2016/01/05 2:11:33 ET
Table 'Otero' 6-max Seat #1 is the button
Seat 1: Big Wints ($10.99 in chips)
Seat 2: eggihuser1 ($69.52 in chips)
Big Wints: posts small blind $1
eggihuser1: posts big blind $3
*** HOLE CARDS ***
Big Wints: folds
Uncalled bet ($2) returned to eggihuser1
eggihuser1 collected $2 from pot
*** SUMMARY ***
Total pot $2 | Rake $0
Seat 1: Big Wints (button) (small blind) folded before Flop
Seat 2: eggihuser1 (big blind) collected ($2)


PokerStars Hand #146492782573:  Hold'em Limit ($3/$6 USD) - 2016/01/05 2:12:02 ET
Table 'Otero' 6-max Seat #1 is the button
Seat 1: Big Wints ($12.87 in chips)
Seat 2: eggihuser1 ($67.52 in chips)
Big Wints: posts small blind $1
eggihuser1: posts big blind $3
*** HOLE CARDS ***
Big Wints: folds
Uncalled bet ($2) returned to eggihuser1
eggihuser1 collected $2 from pot
*** SUMMARY ***
Total pot $2 | Rake $0
Seat 1: Big Wints (button) (small blind) folded before Flop
Seat 2: eggihuser1 (big blind) collected ($2)


PokerStars Hand #146492790234:  Hold'em Limit ($3/$6 USD) - 2016/01/05 2:12:28 ET
Table 'Otero' 6-max Seat #1 is the button
Seat 1: Big Wints ($8.87 in chips)
Seat 2: eggihuser1 ($71.40 in chips)
Big Wints: posts small blind $1
eggihuser1: posts big blind $3
*** HOLE CARDS ***
Big Wints: folds
Uncalled bet ($2) returned to eggihuser1
eggihuser1 collected $2 from pot
*** SUMMARY ***
Total pot $2 | Rake $0
Seat 1: Big Wints (button) (small blind) folded before Flop
Seat 2: eggihuser1 (big blind) collected ($2)


PokerStars Hand #146492784485:  Hold'em Limit ($3/$6 USD) - 2016/01/05 2:12:08 ET
Table 'Otero' 6-max Seat #2 is the button
Seat 1: Big Wints ($11.87 in chips)
Seat 2: eggihuser1 ($68.52 in chips)
eggihuser1: posts small blind $1
Big Wints: posts big blind $3
*** HOLE CARDS ***
eggihuser1: calls $2
Big Wints: checks
*** FLOP *** [7s 8s 8h]
Big Wints: checks
eggihuser1: checks
*** TURN *** [7s 8s 8h] [As]
Big Wints: checks
eggihuser1: checks
*** RIVER *** [7s 8s 8h As] [6c]
Big Wints: checks
eggihuser1: checks
*** SHOW DOWN ***
Big Wints: shows [9h 2c] (a pair of Eights)
eggihuser1: shows [Kc 5s] (a pair of Eights - Ace+King kicker)
eggihuser1 collected $5.88 from pot
*** SUMMARY ***
Total pot $6 | Rake $0.12
Board [7s 8s 8h As 6c]
Seat 1: Big Wints (big blind) showed [9h 2c] and lost with a pair of Eights
Seat 2: eggihuser1 (button) (small blind) showed [Kc 5s] and won ($5.88) with a pair of Eights


PokerStars Hand #146492791830:  Hold'em Limit ($3/$6 USD) - 2016/01/05 2:12:33 ET
Table 'Otero' 6-max Seat #2 is the button
Seat 1: Big Wints ($7.87 in chips)
Seat 2: eggihuser1 ($72.40 in chips)
eggihuser1: posts small blind $1
Big Wints: posts big blind $3
*** HOLE CARDS ***
eggihuser1: calls $2
Big Wints: checks
*** FLOP *** [6d 3s 4s]
Big Wints: bets $3
eggihuser1: raises $3 to $6
Big Wints: calls $1.87 and is all-in
Uncalled bet ($1.13) returned to eggihuser1
*** TURN *** [6d 3s 4s] [Tc]
*** RIVER *** [6d 3s 4s Tc] [Jh]
*** SHOW DOWN ***
Big Wints: shows [7c 8d] (high card Jack)
eggihuser1: shows [5h Ks] (high card King)
eggihuser1 collected $15.43 from pot
*** SUMMARY ***
Total pot $15.74 | Rake $0.31
Board [6d 3s 4s Tc Jh]
Seat 1: Big Wints (big blind) showed [7c 8d] and lost with high card Jack
Seat 2: eggihuser1 (button) (small blind) showed [5h Ks] and won ($15.43) with high card King


