PokerStars Hand #151217059111:  Hold'em Limit ($3/$6 USD) - 2016/03/31 11:05:19 ET
Table 'Otero II' 10-max Seat #6 is the button
Seat 6: kairobs ($94 in chips)
Seat 7: BuzovaPro ($97.50 in chips)
kairobs: posts small blind $1
BuzovaPro: posts big blind $3
*** HOLE CARDS ***
kairobs: raises $3 to $6
BuzovaPro: calls $3
*** FLOP *** [6s 7h Qd]
BuzovaPro: checks
kairobs: bets $3
BuzovaPro: calls $3
*** TURN *** [6s 7h Qd] [3s]
BuzovaPro: checks
kairobs: bets $6
BuzovaPro: calls $6
*** RIVER *** [6s 7h Qd 3s] [Qc]
BuzovaPro: checks
kairobs: bets $6
BuzovaPro: folds
Uncalled bet ($6) returned to kairobs
kairobs collected $29.50 from pot
kairobs: doesn't show hand
*** SUMMARY ***
Total pot $30 | Rake $0.50
Board [6s 7h Qd 3s Qc]
Seat 6: kairobs (button) (small blind) collected ($29.50)
Seat 7: BuzovaPro (big blind) folded on the River


PokerStars Hand #151217099114:  Hold'em Limit ($3/$6 USD) - 2016/03/31 11:06:15 ET
Table 'Otero II' 10-max Seat #6 is the button
Seat 6: kairobs ($109.50 in chips)
Seat 7: BuzovaPro ($81.50 in chips)
kairobs: posts small blind $1
BuzovaPro: posts big blind $3
*** HOLE CARDS ***
kairobs: folds
Uncalled bet ($2) returned to BuzovaPro
BuzovaPro collected $2 from pot
BuzovaPro: doesn't show hand
*** SUMMARY ***
Total pot $2 | Rake $0
Seat 6: kairobs (button) (small blind) folded before Flop
Seat 7: BuzovaPro (big blind) collected ($2)


PokerStars Hand #151217090830:  Hold'em Limit ($3/$6 USD) - 2016/03/31 11:06:03 ET
Table 'Otero II' 10-max Seat #7 is the button
Seat 6: kairobs ($108.50 in chips)
Seat 7: BuzovaPro ($82.50 in chips)
BuzovaPro: posts small blind $1
kairobs: posts big blind $3
*** HOLE CARDS ***
BuzovaPro: folds
Uncalled bet ($2) returned to kairobs
kairobs collected $2 from pot
kairobs: doesn't show hand
*** SUMMARY ***
Total pot $2 | Rake $0
Seat 6: kairobs (big blind) collected ($2)
Seat 7: BuzovaPro (button) (small blind) folded before Flop


PokerStars Hand #151217106301:  Hold'em Limit ($3/$6 USD) - 2016/03/31 11:06:25 ET
Table 'Otero II' 10-max Seat #6 is the button
Seat 6: kairobs ($109.50 in chips)
Seat 7: BuzovaPro ($81.50 in chips)
kairobs: posts small blind $1
BuzovaPro: posts big blind $3
*** HOLE CARDS ***
kairobs: folds
Uncalled bet ($2) returned to BuzovaPro
BuzovaPro collected $2 from pot
BuzovaPro: doesn't show hand
*** SUMMARY ***
Total pot $2 | Rake $0
Seat 6: kairobs (button) (small blind) folded before Flop
Seat 7: BuzovaPro (big blind) collected ($2)


PokerStars Hand #151217102275:  Hold'em Limit ($3/$6 USD) - 2016/03/31 11:06:19 ET
Table 'Otero II' 10-max Seat #7 is the button
Seat 6: kairobs ($108.50 in chips)
Seat 7: BuzovaPro ($82.50 in chips)
BuzovaPro: posts small blind $1
kairobs: posts big blind $3
*** HOLE CARDS ***
BuzovaPro: folds
Uncalled bet ($2) returned to kairobs
kairobs collected $2 from pot
kairobs: doesn't show hand
*** SUMMARY ***
Total pot $2 | Rake $0
Seat 6: kairobs (big blind) collected ($2)
Seat 7: BuzovaPro (button) (small blind) folded before Flop


PokerStars Hand #151217014562:  Hold'em Limit ($3/$6 USD) - 2016/03/31 11:04:16 ET
Table 'Otero II' 10-max Seat #6 is the button
Seat 6: kairobs ($120 in chips)
Seat 7: BuzovaPro ($72 in chips)
kairobs: posts small blind $1
BuzovaPro: posts big blind $3
*** HOLE CARDS ***
kairobs: raises $3 to $6
BuzovaPro: raises $3 to $9
kairobs: calls $3
*** FLOP *** [Qd Jd Qs]
BuzovaPro: bets $3
kairobs: raises $3 to $6
BuzovaPro: calls $3
*** TURN *** [Qd Jd Qs] [9s]
BuzovaPro: checks
kairobs: bets $6
BuzovaPro: calls $6
*** RIVER *** [Qd Jd Qs 9s] [3c]
BuzovaPro: checks
kairobs: bets $6
BuzovaPro: calls $6
*** SHOW DOWN ***
kairobs: shows [Kd 8s] (a pair of Queens)
BuzovaPro: shows [Ts As] (a pair of Queens - Ace kicker)
BuzovaPro collected $53.50 from pot
*** SUMMARY ***
Total pot $54 | Rake $0.50
Board [Qd Jd Qs 9s 3c]
Seat 6: kairobs (button) (small blind) showed [Kd 8s] and lost with a pair of Queens
Seat 7: BuzovaPro (big blind) showed [Ts As] and won ($53.50) with a pair of Queens


PokerStars Hand #151217054882:  Hold'em Limit ($3/$6 USD) - 2016/03/31 11:05:13 ET
Table 'Otero II' 10-max Seat #7 is the button
Seat 6: kairobs ($93 in chips)
Seat 7: BuzovaPro ($98.50 in chips)
BuzovaPro: posts small blind $1
kairobs: posts big blind $3
*** HOLE CARDS ***
BuzovaPro: folds
Uncalled bet ($2) returned to kairobs
kairobs collected $2 from pot
kairobs: doesn't show hand
*** SUMMARY ***
Total pot $2 | Rake $0
Seat 6: kairobs (big blind) collected ($2)
Seat 7: BuzovaPro (button) (small blind) folded before Flop


PokerStars Hand #151217158735:  Hold'em Limit ($3/$6 USD) - 2016/03/31 11:07:38 ET
Table 'Otero II' 10-max Seat #6 is the button
Seat 6: kairobs ($70.50 in chips)
Seat 7: BuzovaPro ($119.50 in chips)
kairobs: posts small blind $1
BuzovaPro: posts big blind $3
*** HOLE CARDS ***
kairobs: folds
Uncalled bet ($2) returned to BuzovaPro
BuzovaPro collected $2 from pot
BuzovaPro: doesn't show hand
*** SUMMARY ***
Total pot $2 | Rake $0
Seat 6: kairobs (button) (small blind) folded before Flop
Seat 7: BuzovaPro (big blind) collected ($2)


PokerStars Hand #151217154495:  Hold'em Limit ($3/$6 USD) - 2016/03/31 11:07:32 ET
Table 'Otero II' 10-max Seat #7 is the button
Seat 6: kairobs ($69.50 in chips)
Seat 7: BuzovaPro ($120.50 in chips)
BuzovaPro: posts small blind $1
kairobs: posts big blind $3
*** HOLE CARDS ***
BuzovaPro: folds
Uncalled bet ($2) returned to kairobs
kairobs collected $2 from pot
kairobs: doesn't show hand
*** SUMMARY ***
Total pot $2 | Rake $0
Seat 6: kairobs (big blind) collected ($2)
Seat 7: BuzovaPro (button) (small blind) folded before Flop


PokerStars Hand #151217162263:  Hold'em Limit ($3/$6 USD) - 2016/03/31 11:07:43 ET
Table 'Otero II' 10-max Seat #7 is the button
Seat 6: kairobs ($69.50 in chips)
Seat 7: BuzovaPro ($120.50 in chips)
BuzovaPro: posts small blind $1
kairobs: posts big blind $3
*** HOLE CARDS ***
BuzovaPro: folds
Uncalled bet ($2) returned to kairobs
kairobs collected $2 from pot
kairobs: doesn't show hand
*** SUMMARY ***
Total pot $2 | Rake $0
Seat 6: kairobs (big blind) collected ($2)
Seat 7: BuzovaPro (button) (small blind) folded before Flop


PokerStars Hand #151217109875:  Hold'em Limit ($3/$6 USD) - 2016/03/31 11:06:30 ET
Table 'Otero II' 10-max Seat #7 is the button
Seat 6: kairobs ($108.50 in chips)
Seat 7: BuzovaPro ($82.50 in chips)
BuzovaPro: posts small blind $1
kairobs: posts big blind $3
*** HOLE CARDS ***
BuzovaPro: raises $3 to $6
kairobs: calls $3
*** FLOP *** [8d 5d 6d]
kairobs: checks
BuzovaPro: bets $3
kairobs: calls $3
*** TURN *** [8d 5d 6d] [Qs]
kairobs: checks
BuzovaPro: bets $6
kairobs: calls $6
*** RIVER *** [8d 5d 6d Qs] [4d]
kairobs: checks
BuzovaPro: bets $6
kairobs: calls $6
*** SHOW DOWN ***
BuzovaPro: shows [7s Jd] (a flush, Jack high)
kairobs: mucks hand
BuzovaPro collected $41.50 from pot
*** SUMMARY ***
Total pot $42 | Rake $0.50
Board [8d 5d 6d Qs 4d]
Seat 6: kairobs (big blind) mucked
Seat 7: BuzovaPro (button) (small blind) showed [7s Jd] and won ($41.50) with a flush, Jack high


PokerStars Hand #151217171702:  Hold'em Limit ($3/$6 USD) - 2016/03/31 11:07:56 ET
Table 'Otero II' 10-max Seat #7 is the button
Seat 6: kairobs ($69.50 in chips)
Seat 7: BuzovaPro ($120.50 in chips)
BuzovaPro: posts small blind $1
kairobs: posts big blind $3
*** HOLE CARDS ***
BuzovaPro: raises $3 to $6
kairobs: calls $3
*** FLOP *** [8s 2s 5c]
kairobs: checks
BuzovaPro: bets $3
kairobs: folds
Uncalled bet ($3) returned to BuzovaPro
BuzovaPro collected $11.76 from pot
BuzovaPro: doesn't show hand
*** SUMMARY ***
Total pot $12 | Rake $0.24
Board [8s 2s 5c]
Seat 6: kairobs (big blind) folded on the Flop
Seat 7: BuzovaPro (button) (small blind) collected ($11.76)


PokerStars Hand #151217189257:  Hold'em Limit ($3/$6 USD) - 2016/03/31 11:08:21 ET
Table 'Otero II' 10-max Seat #7 is the button
Seat 6: kairobs ($62.50 in chips)
Seat 7: BuzovaPro ($127.26 in chips)
BuzovaPro: posts small blind $1
kairobs: posts big blind $3
*** HOLE CARDS ***
BuzovaPro: raises $3 to $6
kairobs: calls $3
*** FLOP *** [5s 3d 6c]
kairobs: bets $3
BuzovaPro: calls $3
*** TURN *** [5s 3d 6c] [Ac]
kairobs: bets $6
BuzovaPro: calls $6
*** RIVER *** [5s 3d 6c Ac] [8d]
kairobs: bets $6
BuzovaPro: calls $6
*** SHOW DOWN ***
kairobs: shows [2d 8h] (a pair of Eights)
BuzovaPro: shows [8s Ks] (a pair of Eights - Ace+King kicker)
BuzovaPro collected $41.50 from pot
*** SUMMARY ***
Total pot $42 | Rake $0.50
Board [5s 3d 6c Ac 8d]
Seat 6: kairobs (big blind) showed [2d 8h] and lost with a pair of Eights
Seat 7: BuzovaPro (button) (small blind) showed [8s Ks] and won ($41.50) with a pair of Eights


PokerStars Hand #151217217333:  Hold'em Limit ($3/$6 USD) - 2016/03/31 11:09:00 ET
Table 'Otero II' 10-max Seat #7 is the button
Seat 6: kairobs ($40.50 in chips)
Seat 7: BuzovaPro ($148.76 in chips)
BuzovaPro: posts small blind $1
kairobs: posts big blind $3
*** HOLE CARDS ***
BuzovaPro: raises $3 to $6
kairobs: calls $3
*** FLOP *** [2s 8d Js]
kairobs: checks
BuzovaPro: checks
*** TURN *** [2s 8d Js] [4s]
kairobs: bets $6
BuzovaPro: calls $6
*** RIVER *** [2s 8d Js 4s] [Jc]
kairobs: bets $6
BuzovaPro: calls $6
*** SHOW DOWN ***
kairobs: shows [Ks 9d] (a pair of Jacks)
BuzovaPro: shows [Kd 4h] (two pair, Jacks and Fours)
BuzovaPro collected $35.50 from pot
*** SUMMARY ***
Total pot $36 | Rake $0.50
Board [2s 8d Js 4s Jc]
Seat 6: kairobs (big blind) showed [Ks 9d] and lost with a pair of Jacks
Seat 7: BuzovaPro (button) (small blind) showed [Kd 4h] and won ($35.50) with two pair, Jacks and Fours


PokerStars Hand #151217261825:  Hold'em Limit ($3/$6 USD) - 2016/03/31 11:10:03 ET
Table 'Otero II' 10-max Seat #6 is the button
Seat 6: kairobs ($148.50 in chips)
Seat 7: BuzovaPro ($166.26 in chips)
kairobs: posts small blind $1
BuzovaPro: posts big blind $3
*** HOLE CARDS ***
kairobs: folds
Uncalled bet ($2) returned to BuzovaPro
BuzovaPro collected $2 from pot
BuzovaPro: doesn't show hand
*** SUMMARY ***
Total pot $2 | Rake $0
Seat 6: kairobs (button) (small blind) folded before Flop
Seat 7: BuzovaPro (big blind) collected ($2)


PokerStars Hand #151217291618:  Hold'em Limit ($3/$6 USD) - 2016/03/31 11:10:45 ET
Table 'Otero II' 10-max Seat #6 is the button
Seat 6: kairobs ($120.50 in chips)
Seat 7: BuzovaPro ($193.76 in chips)
kairobs: posts small blind $1
BuzovaPro: posts big blind $3
*** HOLE CARDS ***
kairobs: folds
Uncalled bet ($2) returned to BuzovaPro
BuzovaPro collected $2 from pot
BuzovaPro: doesn't show hand
*** SUMMARY ***
Total pot $2 | Rake $0
Seat 6: kairobs (button) (small blind) folded before Flop
Seat 7: BuzovaPro (big blind) collected ($2)


PokerStars Hand #151217265034:  Hold'em Limit ($3/$6 USD) - 2016/03/31 11:10:07 ET
Table 'Otero II' 10-max Seat #7 is the button
Seat 6: kairobs ($147.50 in chips)
Seat 7: BuzovaPro ($167.26 in chips)
BuzovaPro: posts small blind $1
kairobs: posts big blind $3
*** HOLE CARDS ***
BuzovaPro: raises $3 to $6
kairobs: raises $3 to $9
BuzovaPro: calls $3
*** FLOP *** [Jc 4c Th]
kairobs: checks
BuzovaPro: bets $3
kairobs: raises $3 to $6
BuzovaPro: calls $3
*** TURN *** [Jc 4c Th] [Qc]
kairobs: bets $6
BuzovaPro: calls $6
*** RIVER *** [Jc 4c Th Qc] [2d]
kairobs: bets $6
BuzovaPro: calls $6
*** SHOW DOWN ***
kairobs: shows [As Td] (a pair of Tens)
BuzovaPro: shows [Jd 6s] (a pair of Jacks)
BuzovaPro collected $53.50 from pot
*** SUMMARY ***
Total pot $54 | Rake $0.50
Board [Jc 4c Th Qc 2d]
Seat 6: kairobs (big blind) showed [As Td] and lost with a pair of Tens
Seat 7: BuzovaPro (button) (small blind) showed [Jd 6s] and won ($53.50) with a pair of Jacks


PokerStars Hand #151217311236:  Hold'em Limit ($3/$6 USD) - 2016/03/31 11:11:13 ET
Table 'Otero II' 10-max Seat #6 is the button
Seat 6: kairobs ($113.50 in chips)
Seat 7: BuzovaPro ($200.52 in chips)
kairobs: posts small blind $1
BuzovaPro: posts big blind $3
*** HOLE CARDS ***
kairobs: raises $3 to $6
BuzovaPro: folds
Uncalled bet ($3) returned to kairobs
kairobs collected $6 from pot
kairobs: doesn't show hand
*** SUMMARY ***
Total pot $6 | Rake $0
Seat 6: kairobs (button) (small blind) collected ($6)
Seat 7: BuzovaPro (big blind) folded before Flop


PokerStars Hand #151217322872:  Hold'em Limit ($3/$6 USD) - 2016/03/31 11:11:29 ET
Table 'Otero II' 10-max Seat #7 is the button
Seat 6: kairobs ($116.50 in chips)
Seat 7: BuzovaPro ($197.52 in chips)
BuzovaPro: posts small blind $1
kairobs: posts big blind $3
*** HOLE CARDS ***
BuzovaPro: folds
Uncalled bet ($2) returned to kairobs
kairobs collected $2 from pot
kairobs: doesn't show hand
*** SUMMARY ***
Total pot $2 | Rake $0
Seat 6: kairobs (big blind) collected ($2)
Seat 7: BuzovaPro (button) (small blind) folded before Flop


PokerStars Hand #151217332936:  Hold'em Limit ($3/$6 USD) - 2016/03/31 11:11:44 ET
Table 'Otero II' 10-max Seat #6 is the button
Seat 6: kairobs ($117.50 in chips)
Seat 7: BuzovaPro ($196.52 in chips)
kairobs: posts small blind $1
BuzovaPro: posts big blind $3
*** HOLE CARDS ***
kairobs: folds
Uncalled bet ($2) returned to BuzovaPro
BuzovaPro collected $2 from pot
*** SUMMARY ***
Total pot $2 | Rake $0
Seat 6: kairobs (button) (small blind) folded before Flop
Seat 7: BuzovaPro (big blind) collected ($2)


PokerStars Hand #151217294566:  Hold'em Limit ($3/$6 USD) - 2016/03/31 11:10:49 ET
Table 'Otero II' 10-max Seat #7 is the button
Seat 6: kairobs ($119.50 in chips)
Seat 7: BuzovaPro ($194.76 in chips)
BuzovaPro: posts small blind $1
kairobs: posts big blind $3
*** HOLE CARDS ***
BuzovaPro: raises $3 to $6
kairobs: calls $3
*** FLOP *** [Ac Qc 2d]
kairobs: checks
BuzovaPro: checks
*** TURN *** [Ac Qc 2d] [6c]
kairobs: checks
BuzovaPro: bets $6
kairobs: folds
Uncalled bet ($6) returned to BuzovaPro
BuzovaPro collected $11.76 from pot
BuzovaPro: doesn't show hand
*** SUMMARY ***
Total pot $12 | Rake $0.24
Board [Ac Qc 2d 6c]
Seat 6: kairobs (big blind) folded on the Turn
Seat 7: BuzovaPro (button) (small blind) collected ($11.76)


PokerStars Hand #151217336414:  Hold'em Limit ($3/$6 USD) - 2016/03/31 11:11:49 ET
Table 'Otero II' 10-max Seat #7 is the button
Seat 6: kairobs ($116.50 in chips)
Seat 7: BuzovaPro ($197.52 in chips)
BuzovaPro: posts small blind $1
kairobs: posts big blind $3
*** HOLE CARDS ***
BuzovaPro: raises $3 to $6
kairobs: raises $3 to $9
BuzovaPro: calls $3
*** FLOP *** [Kd 7s 7c]
kairobs: checks
BuzovaPro: checks
*** TURN *** [Kd 7s 7c] [5d]
kairobs: checks
BuzovaPro: checks
*** RIVER *** [Kd 7s 7c 5d] [Td]
kairobs: checks
BuzovaPro: checks
*** SHOW DOWN ***
kairobs: shows [6s Qs] (a pair of Sevens)
BuzovaPro: mucks hand
kairobs collected $17.64 from pot
*** SUMMARY ***
Total pot $18 | Rake $0.36
Board [Kd 7s 7c 5d Td]
Seat 6: kairobs (big blind) showed [6s Qs] and won ($17.64) with a pair of Sevens
Seat 7: BuzovaPro (button) (small blind) mucked


PokerStars Hand #151217370871:  Hold'em Limit ($3/$6 USD) - 2016/03/31 11:12:37 ET
Table 'Otero II' 10-max Seat #6 is the button
Seat 6: kairobs ($125.14 in chips)
Seat 7: BuzovaPro ($188.52 in chips)
kairobs: posts small blind $1
BuzovaPro: posts big blind $3
*** HOLE CARDS ***
kairobs: raises $3 to $6
BuzovaPro: calls $3
*** FLOP *** [Kc 7s 5h]
BuzovaPro: checks
kairobs: checks
*** TURN *** [Kc 7s 5h] [Qs]
BuzovaPro: checks
kairobs: checks
*** RIVER *** [Kc 7s 5h Qs] [4s]
BuzovaPro: bets $6
kairobs: calls $6
*** SHOW DOWN ***
BuzovaPro: shows [5s Ts] (a flush, Queen high)
kairobs: mucks hand
BuzovaPro collected $23.52 from pot
*** SUMMARY ***
Total pot $24 | Rake $0.48
Board [Kc 7s 5h Qs 4s]
Seat 6: kairobs (button) (small blind) mucked
Seat 7: BuzovaPro (big blind) showed [5s Ts] and won ($23.52) with a flush, Queen high


PokerStars Hand #151217396538:  Hold'em Limit ($3/$6 USD) - 2016/03/31 11:13:13 ET
Table 'Otero II' 10-max Seat #7 is the button
Seat 6: kairobs ($113.14 in chips)
Seat 7: BuzovaPro ($200.04 in chips)
BuzovaPro: posts small blind $1
kairobs: posts big blind $3
*** HOLE CARDS ***
BuzovaPro: raises $3 to $6
kairobs: calls $3
*** FLOP *** [Qs 2c Kh]
kairobs: checks
BuzovaPro: bets $3
kairobs: folds
Uncalled bet ($3) returned to BuzovaPro
BuzovaPro collected $11.76 from pot
BuzovaPro: doesn't show hand
*** SUMMARY ***
Total pot $12 | Rake $0.24
Board [Qs 2c Kh]
Seat 6: kairobs (big blind) folded on the Flop
Seat 7: BuzovaPro (button) (small blind) collected ($11.76)


PokerStars Hand #151217409834:  Hold'em Limit ($3/$6 USD) - 2016/03/31 11:13:32 ET
Table 'Otero II' 10-max Seat #6 is the button
Seat 6: kairobs ($107.14 in chips)
Seat 7: BuzovaPro ($205.80 in chips)
kairobs: posts small blind $1
BuzovaPro: posts big blind $3
*** HOLE CARDS ***
kairobs: folds
Uncalled bet ($2) returned to BuzovaPro
BuzovaPro collected $2 from pot
BuzovaPro: doesn't show hand
*** SUMMARY ***
Total pot $2 | Rake $0
Seat 6: kairobs (button) (small blind) folded before Flop
Seat 7: BuzovaPro (big blind) collected ($2)


PokerStars Hand #151217414568:  Hold'em Limit ($3/$6 USD) - 2016/03/31 11:13:38 ET
Table 'Otero II' 10-max Seat #7 is the button
Seat 6: kairobs ($106.14 in chips)
Seat 7: BuzovaPro ($206.80 in chips)
BuzovaPro: posts small blind $1
kairobs: posts big blind $3
*** HOLE CARDS ***
BuzovaPro: raises $3 to $6
kairobs: folds
Uncalled bet ($3) returned to BuzovaPro
BuzovaPro collected $6 from pot
BuzovaPro: doesn't show hand
*** SUMMARY ***
Total pot $6 | Rake $0
Seat 6: kairobs (big blind) folded before Flop
Seat 7: BuzovaPro (button) (small blind) collected ($6)


PokerStars Hand #151217440078:  Hold'em Limit ($3/$6 USD) - 2016/03/31 11:14:14 ET
Table 'Otero II' 10-max Seat #7 is the button
Seat 6: kairobs ($108.90 in chips)
Seat 7: BuzovaPro ($203.80 in chips)
BuzovaPro: posts small blind $1
kairobs: posts big blind $3
*** HOLE CARDS ***
BuzovaPro: raises $3 to $6
kairobs: calls $3
*** FLOP *** [3d Qs 9s]
kairobs: checks
BuzovaPro: bets $3
kairobs: calls $3
*** TURN *** [3d Qs 9s] [2d]
kairobs: checks
BuzovaPro: bets $6
kairobs: calls $6
*** RIVER *** [3d Qs 9s 2d] [8d]
kairobs: checks
BuzovaPro: bets $6
kairobs: calls $6
*** SHOW DOWN ***
BuzovaPro: shows [8c Qd] (two pair, Queens and Eights)
kairobs: mucks hand
BuzovaPro collected $41.50 from pot
*** SUMMARY ***
Total pot $42 | Rake $0.50
Board [3d Qs 9s 2d 8d]
Seat 6: kairobs (big blind) mucked
Seat 7: BuzovaPro (button) (small blind) showed [8c Qd] and won ($41.50) with two pair, Queens and Eights


PokerStars Hand #151217421475:  Hold'em Limit ($3/$6 USD) - 2016/03/31 11:13:48 ET
Table 'Otero II' 10-max Seat #6 is the button
Seat 6: kairobs ($103.14 in chips)
Seat 7: BuzovaPro ($209.80 in chips)
kairobs: posts small blind $1
BuzovaPro: posts big blind $3
*** HOLE CARDS ***
kairobs: raises $3 to $6
BuzovaPro: calls $3
*** FLOP *** [Jd As Qd]
BuzovaPro: checks
kairobs: bets $3
BuzovaPro: folds
Uncalled bet ($3) returned to kairobs
kairobs collected $11.76 from pot
kairobs: doesn't show hand
*** SUMMARY ***
Total pot $12 | Rake $0.24
Board [Jd As Qd]
Seat 6: kairobs (button) (small blind) collected ($11.76)
Seat 7: BuzovaPro (big blind) folded on the Flop


PokerStars Hand #151217502724:  Hold'em Limit ($3/$6 USD) - 2016/03/31 11:15:42 ET
Table 'Otero II' 10-max Seat #7 is the button
Seat 6: kairobs ($113.40 in chips)
Seat 7: BuzovaPro ($198.30 in chips)
BuzovaPro: posts small blind $1
kairobs: posts big blind $3
*** HOLE CARDS ***
BuzovaPro: folds
Uncalled bet ($2) returned to kairobs
kairobs collected $2 from pot
kairobs: doesn't show hand
*** SUMMARY ***
Total pot $2 | Rake $0
Seat 6: kairobs (big blind) collected ($2)
Seat 7: BuzovaPro (button) (small blind) folded before Flop


PokerStars Hand #151217464570:  Hold'em Limit ($3/$6 USD) - 2016/03/31 11:14:48 ET
Table 'Otero II' 10-max Seat #6 is the button
Seat 6: kairobs ($87.90 in chips)
Seat 7: BuzovaPro ($224.30 in chips)
kairobs: posts small blind $1
BuzovaPro: posts big blind $3
*** HOLE CARDS ***
kairobs: raises $3 to $6
BuzovaPro: raises $3 to $9
kairobs: calls $3
*** FLOP *** [8s 2h 9h]
BuzovaPro: bets $3
kairobs: calls $3
*** TURN *** [8s 2h 9h] [8d]
BuzovaPro: bets $6
kairobs: raises $6 to $12
BuzovaPro: calls $6
*** RIVER *** [8s 2h 9h 8d] [7h]
BuzovaPro: checks
kairobs: bets $6
BuzovaPro: calls $6
*** SHOW DOWN ***
kairobs: shows [7c Qs] (two pair, Eights and Sevens)
BuzovaPro: mucks hand
kairobs collected $59.50 from pot
*** SUMMARY ***
Total pot $60 | Rake $0.50
Board [8s 2h 9h 8d 7h]
Seat 6: kairobs (button) (small blind) showed [7c Qs] and won ($59.50) with two pair, Eights and Sevens
Seat 7: BuzovaPro (big blind) mucked


PokerStars Hand #151217499560:  Hold'em Limit ($3/$6 USD) - 2016/03/31 11:15:37 ET
Table 'Otero II' 10-max Seat #6 is the button
Seat 6: kairobs ($114.40 in chips)
Seat 7: BuzovaPro ($197.30 in chips)
kairobs: posts small blind $1
BuzovaPro: posts big blind $3
*** HOLE CARDS ***
kairobs: folds
Uncalled bet ($2) returned to BuzovaPro
BuzovaPro collected $2 from pot
BuzovaPro: doesn't show hand
*** SUMMARY ***
Total pot $2 | Rake $0
Seat 6: kairobs (button) (small blind) folded before Flop
Seat 7: BuzovaPro (big blind) collected ($2)


PokerStars Hand #151217488184:  Hold'em Limit ($3/$6 USD) - 2016/03/31 11:15:21 ET
Table 'Otero II' 10-max Seat #7 is the button
Seat 6: kairobs ($117.40 in chips)
Seat 7: BuzovaPro ($194.30 in chips)
BuzovaPro: posts small blind $1
kairobs: posts big blind $3
*** HOLE CARDS ***
BuzovaPro: raises $3 to $6
kairobs: folds
Uncalled bet ($3) returned to BuzovaPro
BuzovaPro collected $6 from pot
BuzovaPro: doesn't show hand
*** SUMMARY ***
Total pot $6 | Rake $0
Seat 6: kairobs (big blind) folded before Flop
Seat 7: BuzovaPro (button) (small blind) collected ($6)


PokerStars Hand #151217527577:  Hold'em Limit ($3/$6 USD) - 2016/03/31 11:16:16 ET
Table 'Otero II' 10-max Seat #6 is the button
Seat 6: kairobs ($128.90 in chips)
Seat 7: BuzovaPro ($182.30 in chips)
kairobs: posts small blind $1
BuzovaPro: posts big blind $3
*** HOLE CARDS ***
kairobs: raises $3 to $6
BuzovaPro: raises $3 to $9
kairobs: calls $3
*** FLOP *** [Qh 8c 5s]
BuzovaPro: bets $3
kairobs: calls $3
*** TURN *** [Qh 8c 5s] [4h]
BuzovaPro: bets $6
kairobs: calls $6
*** RIVER *** [Qh 8c 5s 4h] [3c]
BuzovaPro: bets $6
kairobs: calls $6
*** SHOW DOWN ***
BuzovaPro: shows [Td Jd] (high card Queen)
kairobs: shows [Kd 7d] (high card King)
kairobs collected $47.50 from pot
*** SUMMARY ***
Total pot $48 | Rake $0.50
Board [Qh 8c 5s 4h 3c]
Seat 6: kairobs (button) (small blind) showed [Kd 7d] and won ($47.50) with high card King
Seat 7: BuzovaPro (big blind) showed [Td Jd] and lost with high card Queen


PokerStars Hand #151217523936:  Hold'em Limit ($3/$6 USD) - 2016/03/31 11:16:11 ET
Table 'Otero II' 10-max Seat #7 is the button
Seat 6: kairobs ($131.90 in chips)
Seat 7: BuzovaPro ($179.30 in chips)
BuzovaPro: posts small blind $1
kairobs: posts big blind $3
*** HOLE CARDS ***
BuzovaPro: raises $3 to $6
kairobs: folds
Uncalled bet ($3) returned to BuzovaPro
BuzovaPro collected $6 from pot
BuzovaPro: doesn't show hand
*** SUMMARY ***
Total pot $6 | Rake $0
Seat 6: kairobs (big blind) folded before Flop
Seat 7: BuzovaPro (button) (small blind) collected ($6)


PokerStars Hand #151217507342:  Hold'em Limit ($3/$6 USD) - 2016/03/31 11:15:48 ET
Table 'Otero II' 10-max Seat #6 is the button
Seat 6: kairobs ($114.40 in chips)
Seat 7: BuzovaPro ($197.30 in chips)
kairobs: posts small blind $1
BuzovaPro: posts big blind $3
*** HOLE CARDS ***
kairobs: raises $3 to $6
BuzovaPro: calls $3
*** FLOP *** [Jh 4d 7d]
BuzovaPro: checks
kairobs: checks
*** TURN *** [Jh 4d 7d] [Qh]
BuzovaPro: bets $6
kairobs: calls $6
*** RIVER *** [Jh 4d 7d Qh] [Qc]
BuzovaPro: bets $6
kairobs: raises $6 to $12
BuzovaPro: folds
Uncalled bet ($6) returned to kairobs
kairobs collected $35.50 from pot
kairobs: doesn't show hand
*** SUMMARY ***
Total pot $36 | Rake $0.50
Board [Jh 4d 7d Qh Qc]
Seat 6: kairobs (button) (small blind) collected ($35.50)
Seat 7: BuzovaPro (big blind) folded on the River


PokerStars Hand #151217593819:  Hold'em Limit ($3/$6 USD) - 2016/03/31 11:17:49 ET
Table 'Otero II' 10-max Seat #6 is the button
Seat 6: kairobs ($161.04 in chips)
Seat 7: BuzovaPro ($149.30 in chips)
kairobs: posts small blind $1
BuzovaPro: posts big blind $3
*** HOLE CARDS ***
kairobs: folds
Uncalled bet ($2) returned to BuzovaPro
BuzovaPro collected $2 from pot
BuzovaPro: doesn't show hand
*** SUMMARY ***
Total pot $2 | Rake $0
Seat 6: kairobs (button) (small blind) folded before Flop
Seat 7: BuzovaPro (big blind) collected ($2)


PokerStars Hand #151217550363:  Hold'em Limit ($3/$6 USD) - 2016/03/31 11:16:48 ET
Table 'Otero II' 10-max Seat #7 is the button
Seat 6: kairobs ($152.40 in chips)
Seat 7: BuzovaPro ($158.30 in chips)
BuzovaPro: posts small blind $1
kairobs: posts big blind $3
*** HOLE CARDS ***
BuzovaPro: raises $3 to $6
kairobs: raises $3 to $9
BuzovaPro: calls $3
*** FLOP *** [Qd Kh 3c]
kairobs: checks
BuzovaPro: checks
*** TURN *** [Qd Kh 3c] [Ts]
kairobs: bets $6
BuzovaPro: folds
Uncalled bet ($6) returned to kairobs
kairobs collected $17.64 from pot
kairobs: doesn't show hand
*** SUMMARY ***
Total pot $18 | Rake $0.36
Board [Qd Kh 3c Ts]
Seat 6: kairobs (big blind) collected ($17.64)
Seat 7: BuzovaPro (button) (small blind) folded on the Turn


PokerStars Hand #151217624881:  Hold'em Limit ($3/$6 USD) - 2016/03/31 11:18:32 ET
Table 'Otero II' 10-max Seat #7 is the button
Seat 6: kairobs ($174.54 in chips)
Seat 7: BuzovaPro ($135.06 in chips)
BuzovaPro: posts small blind $1
kairobs: posts big blind $3
*** HOLE CARDS ***
BuzovaPro: folds
Uncalled bet ($2) returned to kairobs
kairobs collected $2 from pot
kairobs: doesn't show hand
*** SUMMARY ***
Total pot $2 | Rake $0
Seat 6: kairobs (big blind) collected ($2)
Seat 7: BuzovaPro (button) (small blind) folded before Flop


PokerStars Hand #151217597070:  Hold'em Limit ($3/$6 USD) - 2016/03/31 11:17:53 ET
Table 'Otero II' 10-max Seat #7 is the button
Seat 6: kairobs ($160.04 in chips)
Seat 7: BuzovaPro ($150.30 in chips)
BuzovaPro: posts small blind $1
kairobs: posts big blind $3
*** HOLE CARDS ***
BuzovaPro: raises $3 to $6
kairobs: calls $3
*** FLOP *** [Jd Td 3c]
kairobs: checks
BuzovaPro: bets $3
kairobs: folds
Uncalled bet ($3) returned to BuzovaPro
BuzovaPro collected $11.76 from pot
BuzovaPro: doesn't show hand
*** SUMMARY ***
Total pot $12 | Rake $0.24
Board [Jd Td 3c]
Seat 6: kairobs (big blind) folded on the Flop
Seat 7: BuzovaPro (button) (small blind) collected ($11.76)


PokerStars Hand #151217611209:  Hold'em Limit ($3/$6 USD) - 2016/03/31 11:18:13 ET
Table 'Otero II' 10-max Seat #6 is the button
Seat 6: kairobs ($154.04 in chips)
Seat 7: BuzovaPro ($156.06 in chips)
kairobs: posts small blind $1
BuzovaPro: posts big blind $3
*** HOLE CARDS ***
kairobs: raises $3 to $6
BuzovaPro: calls $3
*** FLOP *** [Qh 2c 7d]
BuzovaPro: bets $3
kairobs: calls $3
*** TURN *** [Qh 2c 7d] [8c]
BuzovaPro: bets $6
kairobs: calls $6
*** RIVER *** [Qh 2c 7d 8c] [4c]
BuzovaPro: bets $6
kairobs: calls $6
*** SHOW DOWN ***
BuzovaPro: shows [Qd 3c] (a pair of Queens)
kairobs: shows [Ts Qs] (a pair of Queens - Ten kicker)
kairobs collected $41.50 from pot
*** SUMMARY ***
Total pot $42 | Rake $0.50
Board [Qh 2c 7d 8c 4c]
Seat 6: kairobs (button) (small blind) showed [Ts Qs] and won ($41.50) with a pair of Queens
Seat 7: BuzovaPro (big blind) showed [Qd 3c] and lost with a pair of Queens


PokerStars Hand #151217640000:  Hold'em Limit ($3/$6 USD) - 2016/03/31 11:18:52 ET
Table 'Otero II' 10-max Seat #6 is the button
Seat 6: kairobs ($175.54 in chips)
Seat 7: BuzovaPro ($134.06 in chips)
kairobs: posts small blind $1
BuzovaPro: posts big blind $3
*** HOLE CARDS ***
kairobs: folds
Uncalled bet ($2) returned to BuzovaPro
BuzovaPro collected $2 from pot
BuzovaPro: doesn't show hand
*** SUMMARY ***
Total pot $2 | Rake $0
Seat 6: kairobs (button) (small blind) folded before Flop
Seat 7: BuzovaPro (big blind) collected ($2)


PokerStars Hand #151217690519:  Hold'em Limit ($3/$6 USD) - 2016/03/31 11:20:02 ET
Table 'Otero II' 10-max Seat #6 is the button
Seat 6: kairobs ($189.04 in chips)
Seat 7: BuzovaPro ($120.06 in chips)
kairobs: posts small blind $1
BuzovaPro: posts big blind $3
*** HOLE CARDS ***
kairobs: raises $3 to $6
BuzovaPro: calls $3
*** FLOP *** [7c 7d 3d]
BuzovaPro: bets $3
kairobs: folds
Uncalled bet ($3) returned to BuzovaPro
BuzovaPro collected $11.76 from pot
BuzovaPro: doesn't show hand
*** SUMMARY ***
Total pot $12 | Rake $0.24
Board [7c 7d 3d]
Seat 6: kairobs (button) (small blind) folded on the Flop
Seat 7: BuzovaPro (big blind) collected ($11.76)


PokerStars Hand #151217643789:  Hold'em Limit ($3/$6 USD) - 2016/03/31 11:18:58 ET
Table 'Otero II' 10-max Seat #7 is the button
Seat 6: kairobs ($174.54 in chips)
Seat 7: BuzovaPro ($135.06 in chips)
BuzovaPro: posts small blind $1
kairobs: posts big blind $3
*** HOLE CARDS ***
BuzovaPro: raises $3 to $6
kairobs: raises $3 to $9
BuzovaPro: calls $3
*** FLOP *** [Kd 2s As]
kairobs: checks
BuzovaPro: checks
*** TURN *** [Kd 2s As] [3c]
kairobs: bets $6
BuzovaPro: calls $6
*** RIVER *** [Kd 2s As 3c] [Js]
kairobs: checks
BuzovaPro: checks
*** SHOW DOWN ***
kairobs: shows [Qh Qs] (a pair of Queens)
BuzovaPro: mucks hand
kairobs collected $29.50 from pot
*** SUMMARY ***
Total pot $30 | Rake $0.50
Board [Kd 2s As 3c Js]
Seat 6: kairobs (big blind) showed [Qh Qs] and won ($29.50) with a pair of Queens
Seat 7: BuzovaPro (button) (small blind) mucked


PokerStars Hand #151217699564:  Hold'em Limit ($3/$6 USD) - 2016/03/31 11:20:14 ET
Table 'Otero II' 10-max Seat #7 is the button
Seat 6: kairobs ($183.04 in chips)
Seat 7: BuzovaPro ($125.82 in chips)
BuzovaPro: posts small blind $1
kairobs: posts big blind $3
*** HOLE CARDS ***
BuzovaPro: raises $3 to $6
kairobs: calls $3
*** FLOP *** [Qh Ks 7c]
kairobs: checks
BuzovaPro: bets $3
kairobs: calls $3
*** TURN *** [Qh Ks 7c] [As]
kairobs: checks
BuzovaPro: checks
*** RIVER *** [Qh Ks 7c As] [5d]
kairobs: checks
BuzovaPro: checks
*** SHOW DOWN ***
kairobs: shows [6c 7d] (a pair of Sevens)
BuzovaPro: mucks hand
kairobs collected $17.64 from pot
*** SUMMARY ***
Total pot $18 | Rake $0.36
Board [Qh Ks 7c As 5d]
Seat 6: kairobs (big blind) showed [6c 7d] and won ($17.64) with a pair of Sevens
Seat 7: BuzovaPro (button) (small blind) mucked


PokerStars Hand #151217741566:  Hold'em Limit ($3/$6 USD) - 2016/03/31 11:21:12 ET
Table 'Otero II' 10-max Seat #7 is the button
Seat 6: kairobs ($197.44 in chips)
Seat 7: BuzovaPro ($110.82 in chips)
BuzovaPro: posts small blind $1
kairobs: posts big blind $3
*** HOLE CARDS ***
BuzovaPro: folds
Uncalled bet ($2) returned to kairobs
kairobs collected $2 from pot
kairobs: doesn't show hand
*** SUMMARY ***
Total pot $2 | Rake $0
Seat 6: kairobs (big blind) collected ($2)
Seat 7: BuzovaPro (button) (small blind) folded before Flop


PokerStars Hand #151217722117:  Hold'em Limit ($3/$6 USD) - 2016/03/31 11:20:46 ET
Table 'Otero II' 10-max Seat #6 is the button
Seat 6: kairobs ($191.68 in chips)
Seat 7: BuzovaPro ($116.82 in chips)
kairobs: posts small blind $1
BuzovaPro: posts big blind $3
*** HOLE CARDS ***
kairobs: raises $3 to $6
BuzovaPro: calls $3
*** FLOP *** [Ts 4c Kh]
BuzovaPro: checks
kairobs: checks
*** TURN *** [Ts 4c Kh] [2c]
BuzovaPro: checks
kairobs: bets $6
BuzovaPro: folds
Uncalled bet ($6) returned to kairobs
kairobs collected $11.76 from pot
kairobs: doesn't show hand
*** SUMMARY ***
Total pot $12 | Rake $0.24
Board [Ts 4c Kh 2c]
Seat 6: kairobs (button) (small blind) collected ($11.76)
Seat 7: BuzovaPro (big blind) folded on the Turn


PokerStars Hand #151217775756:  Hold'em Limit ($3/$6 USD) - 2016/03/31 11:21:59 ET
Table 'Otero II' 10-max Seat #7 is the button
Seat 6: kairobs ($195.44 in chips)
Seat 7: BuzovaPro ($112.70 in chips)
BuzovaPro: posts small blind $1
kairobs: posts big blind $3
*** HOLE CARDS ***
BuzovaPro: folds
Uncalled bet ($2) returned to kairobs
kairobs collected $2 from pot
kairobs: doesn't show hand
*** SUMMARY ***
Total pot $2 | Rake $0
Seat 6: kairobs (big blind) collected ($2)
Seat 7: BuzovaPro (button) (small blind) folded before Flop


PokerStars Hand #151217798893:  Hold'em Limit ($3/$6 USD) - 2016/03/31 11:22:31 ET
Table 'Otero II' 10-max Seat #6 is the button
Seat 6: kairobs ($196.44 in chips)
Seat 7: BuzovaPro ($111.70 in chips)
kairobs: posts small blind $1
BuzovaPro: posts big blind $3
*** HOLE CARDS ***
kairobs: raises $3 to $6
BuzovaPro: calls $3
*** FLOP *** [Js Kc Ks]
BuzovaPro: bets $3
kairobs: folds
Uncalled bet ($3) returned to BuzovaPro
BuzovaPro collected $11.76 from pot
BuzovaPro: doesn't show hand
*** SUMMARY ***
Total pot $12 | Rake $0.24
Board [Js Kc Ks]
Seat 6: kairobs (button) (small blind) folded on the Flop
Seat 7: BuzovaPro (big blind) collected ($11.76)


PokerStars Hand #151217758521:  Hold'em Limit ($3/$6 USD) - 2016/03/31 11:21:35 ET
Table 'Otero II' 10-max Seat #6 is the button
Seat 6: kairobs ($198.44 in chips)
Seat 7: BuzovaPro ($109.82 in chips)
kairobs: posts small blind $1
BuzovaPro: posts big blind $3
*** HOLE CARDS ***
kairobs: calls $2
BuzovaPro: checks
*** FLOP *** [Kc 6c Qd]
BuzovaPro: bets $3
kairobs: folds
Uncalled bet ($3) returned to BuzovaPro
BuzovaPro collected $5.88 from pot
*** SUMMARY ***
Total pot $6 | Rake $0.12
Board [Kc 6c Qd]
Seat 6: kairobs (button) (small blind) folded on the Flop
Seat 7: BuzovaPro (big blind) collected ($5.88)


PokerStars Hand #151217789066:  Hold'em Limit ($3/$6 USD) - 2016/03/31 11:22:17 ET
Table 'Otero II' 10-max Seat #7 is the button
Seat 6: kairobs ($195.44 in chips)
Seat 7: BuzovaPro ($112.70 in chips)
BuzovaPro: posts small blind $1
kairobs: posts big blind $3
*** HOLE CARDS ***
BuzovaPro: folds
Uncalled bet ($2) returned to kairobs
kairobs collected $2 from pot
kairobs: doesn't show hand
*** SUMMARY ***
Total pot $2 | Rake $0
Seat 6: kairobs (big blind) collected ($2)
Seat 7: BuzovaPro (button) (small blind) folded before Flop


PokerStars Hand #151217784307:  Hold'em Limit ($3/$6 USD) - 2016/03/31 11:22:11 ET
Table 'Otero II' 10-max Seat #6 is the button
Seat 6: kairobs ($196.44 in chips)
Seat 7: BuzovaPro ($111.70 in chips)
kairobs: posts small blind $1
BuzovaPro: posts big blind $3
*** HOLE CARDS ***
kairobs: folds
Uncalled bet ($2) returned to BuzovaPro
BuzovaPro collected $2 from pot
BuzovaPro: doesn't show hand
*** SUMMARY ***
Total pot $2 | Rake $0
Seat 6: kairobs (button) (small blind) folded before Flop
Seat 7: BuzovaPro (big blind) collected ($2)


PokerStars Hand #151217837997:  Hold'em Limit ($3/$6 USD) - 2016/03/31 11:23:24 ET
Table 'Otero II' 10-max Seat #6 is the button
Seat 6: kairobs ($187.44 in chips)
Seat 7: BuzovaPro ($120.46 in chips)
kairobs: posts small blind $1
BuzovaPro: posts big blind $3
*** HOLE CARDS ***
kairobs: calls $2
BuzovaPro: checks
*** FLOP *** [6h Kh Kc]
BuzovaPro: bets $3
kairobs: raises $3 to $6
BuzovaPro: calls $3
*** TURN *** [6h Kh Kc] [Qd]
BuzovaPro: checks
kairobs: bets $6
BuzovaPro: raises $6 to $12
kairobs: folds
Uncalled bet ($6) returned to BuzovaPro
BuzovaPro collected $29.50 from pot
BuzovaPro: doesn't show hand
*** SUMMARY ***
Total pot $30 | Rake $0.50
Board [6h Kh Kc Qd]
Seat 6: kairobs (button) (small blind) folded on the Turn
Seat 7: BuzovaPro (big blind) collected ($29.50)


PokerStars Hand #151217814843:  Hold'em Limit ($3/$6 USD) - 2016/03/31 11:22:52 ET
Table 'Otero II' 10-max Seat #7 is the button
Seat 6: kairobs ($190.44 in chips)
Seat 7: BuzovaPro ($117.46 in chips)
BuzovaPro: posts small blind $1
kairobs: posts big blind $3
*** HOLE CARDS ***
BuzovaPro: raises $3 to $6
kairobs: folds
Uncalled bet ($3) returned to BuzovaPro
BuzovaPro collected $6 from pot
BuzovaPro: doesn't show hand
*** SUMMARY ***
Total pot $6 | Rake $0
Seat 6: kairobs (big blind) folded before Flop
Seat 7: BuzovaPro (button) (small blind) collected ($6)


PokerStars Hand #151217833765:  Hold'em Limit ($3/$6 USD) - 2016/03/31 11:23:18 ET
Table 'Otero II' 10-max Seat #7 is the button
Seat 6: kairobs ($186.44 in chips)
Seat 7: BuzovaPro ($121.46 in chips)
BuzovaPro: posts small blind $1
kairobs: posts big blind $3
*** HOLE CARDS ***
BuzovaPro: folds
Uncalled bet ($2) returned to kairobs
kairobs collected $2 from pot
kairobs: doesn't show hand
*** SUMMARY ***
Total pot $2 | Rake $0
Seat 6: kairobs (big blind) collected ($2)
Seat 7: BuzovaPro (button) (small blind) folded before Flop


PokerStars Hand #151217830556:  Hold'em Limit ($3/$6 USD) - 2016/03/31 11:23:14 ET
Table 'Otero II' 10-max Seat #6 is the button
Seat 6: kairobs ($187.44 in chips)
Seat 7: BuzovaPro ($120.46 in chips)
kairobs: posts small blind $1
BuzovaPro: posts big blind $3
*** HOLE CARDS ***
kairobs: folds
Uncalled bet ($2) returned to BuzovaPro
BuzovaPro collected $2 from pot
BuzovaPro: doesn't show hand
*** SUMMARY ***
Total pot $2 | Rake $0
Seat 6: kairobs (button) (small blind) folded before Flop
Seat 7: BuzovaPro (big blind) collected ($2)


PokerStars Hand #151217885309:  Hold'em Limit ($3/$6 USD) - 2016/03/31 11:24:28 ET
Table 'Otero II' 10-max Seat #6 is the button
Seat 6: kairobs ($186.94 in chips)
Seat 7: BuzovaPro ($119.96 in chips)
kairobs: posts small blind $1
BuzovaPro: posts big blind $3
*** HOLE CARDS ***
kairobs: folds
Uncalled bet ($2) returned to BuzovaPro
BuzovaPro collected $2 from pot
BuzovaPro: doesn't show hand
*** SUMMARY ***
Total pot $2 | Rake $0
Seat 6: kairobs (button) (small blind) folded before Flop
Seat 7: BuzovaPro (big blind) collected ($2)


PokerStars Hand #151217854870:  Hold'em Limit ($3/$6 USD) - 2016/03/31 11:23:47 ET
Table 'Otero II' 10-max Seat #7 is the button
Seat 6: kairobs ($172.44 in chips)
Seat 7: BuzovaPro ($134.96 in chips)
BuzovaPro: posts small blind $1
kairobs: posts big blind $3
*** HOLE CARDS ***
BuzovaPro: raises $3 to $6
kairobs: calls $3
*** FLOP *** [5d Jc Kd]
kairobs: checks
BuzovaPro: bets $3
kairobs: calls $3
*** TURN *** [5d Jc Kd] [5h]
kairobs: checks
BuzovaPro: checks
*** RIVER *** [5d Jc Kd 5h] [5s]
kairobs: bets $6
BuzovaPro: calls $6
*** SHOW DOWN ***
kairobs: shows [9c Js] (a full house, Fives full of Jacks)
BuzovaPro: mucks hand
kairobs collected $29.50 from pot
*** SUMMARY ***
Total pot $30 | Rake $0.50
Board [5d Jc Kd 5h 5s]
Seat 6: kairobs (big blind) showed [9c Js] and won ($29.50) with a full house, Fives full of Jacks
Seat 7: BuzovaPro (button) (small blind) mucked


PokerStars Hand #151217945728:  Hold'em Limit ($3/$6 USD) - 2016/03/31 11:25:50 ET
Table 'Otero II' 10-max Seat #6 is the button
Seat 6: kairobs ($222.94 in chips)
Seat 7: BuzovaPro ($82.96 in chips)
kairobs: posts small blind $1
BuzovaPro: posts big blind $3
*** HOLE CARDS ***
kairobs: folds
Uncalled bet ($2) returned to BuzovaPro
BuzovaPro collected $2 from pot
BuzovaPro: doesn't show hand
*** SUMMARY ***
Total pot $2 | Rake $0
Seat 6: kairobs (button) (small blind) folded before Flop
Seat 7: BuzovaPro (big blind) collected ($2)


PokerStars Hand #151217917694:  Hold'em Limit ($3/$6 USD) - 2016/03/31 11:25:11 ET
Table 'Otero II' 10-max Seat #7 is the button
Seat 6: kairobs ($199.44 in chips)
Seat 7: BuzovaPro ($106.96 in chips)
BuzovaPro: posts small blind $1
kairobs: posts big blind $3
*** HOLE CARDS ***
BuzovaPro: raises $3 to $6
kairobs: calls $3
*** FLOP *** [Ah Jc Tc]
kairobs: checks
BuzovaPro: bets $3
kairobs: raises $3 to $6
BuzovaPro: calls $3
*** TURN *** [Ah Jc Tc] [3c]
kairobs: checks
BuzovaPro: bets $6
kairobs: raises $6 to $12
BuzovaPro: calls $6
*** RIVER *** [Ah Jc Tc 3c] [7h]
kairobs: checks
BuzovaPro: checks
*** SHOW DOWN ***
kairobs: shows [Ac 4c] (a flush, Ace high)
BuzovaPro: mucks hand
kairobs collected $47.50 from pot
*** SUMMARY ***
Total pot $48 | Rake $0.50
Board [Ah Jc Tc 3c 7h]
Seat 6: kairobs (big blind) showed [Ac 4c] and won ($47.50) with a flush, Ace high
Seat 7: BuzovaPro (button) (small blind) mucked


PokerStars Hand #151217913891:  Hold'em Limit ($3/$6 USD) - 2016/03/31 11:25:06 ET
Table 'Otero II' 10-max Seat #6 is the button
Seat 6: kairobs ($200.44 in chips)
Seat 7: BuzovaPro ($105.96 in chips)
kairobs: posts small blind $1
BuzovaPro: posts big blind $3
*** HOLE CARDS ***
kairobs: folds
Uncalled bet ($2) returned to BuzovaPro
BuzovaPro collected $2 from pot
BuzovaPro: doesn't show hand
*** SUMMARY ***
Total pot $2 | Rake $0
Seat 6: kairobs (button) (small blind) folded before Flop
Seat 7: BuzovaPro (big blind) collected ($2)


PokerStars Hand #151217961046:  Hold'em Limit ($3/$6 USD) - 2016/03/31 11:26:05 ET
Table 'Otero II' 10-max Seat #6 is the button
Seat 6: kairobs ($222.94 in chips)
Seat 7: BuzovaPro ($82.96 in chips)
kairobs: posts small blind $1
BuzovaPro: posts big blind $3
*** HOLE CARDS ***
kairobs: folds
Uncalled bet ($2) returned to BuzovaPro
BuzovaPro collected $2 from pot
BuzovaPro: doesn't show hand
*** SUMMARY ***
Total pot $2 | Rake $0
Seat 6: kairobs (button) (small blind) folded before Flop
Seat 7: BuzovaPro (big blind) collected ($2)


PokerStars Hand #151217949791:  Hold'em Limit ($3/$6 USD) - 2016/03/31 11:25:55 ET
Table 'Otero II' 10-max Seat #7 is the button
Seat 6: kairobs ($221.94 in chips)
Seat 7: BuzovaPro ($83.96 in chips)
BuzovaPro: posts small blind $1
kairobs: posts big blind $3
*** HOLE CARDS ***
BuzovaPro: folds
Uncalled bet ($2) returned to kairobs
kairobs collected $2 from pot
kairobs: doesn't show hand
*** SUMMARY ***
Total pot $2 | Rake $0
Seat 6: kairobs (big blind) collected ($2)
Seat 7: BuzovaPro (button) (small blind) folded before Flop


PokerStars Hand #151217964399:  Hold'em Limit ($3/$6 USD) - 2016/03/31 11:26:09 ET
Table 'Otero II' 10-max Seat #7 is the button
Seat 6: kairobs ($221.94 in chips)
Seat 7: BuzovaPro ($83.96 in chips)
BuzovaPro: posts small blind $1
kairobs: posts big blind $3
*** HOLE CARDS ***
BuzovaPro: raises $3 to $6
kairobs: calls $3
*** FLOP *** [8d 6c 3d]
kairobs: checks
BuzovaPro: checks
*** TURN *** [8d 6c 3d] [4s]
kairobs: checks
BuzovaPro: checks
*** RIVER *** [8d 6c 3d 4s] [5c]
kairobs: bets $6
BuzovaPro: folds
Uncalled bet ($6) returned to kairobs
kairobs collected $11.76 from pot
kairobs: doesn't show hand
*** SUMMARY ***
Total pot $12 | Rake $0.24
Board [8d 6c 3d 4s 5c]
Seat 6: kairobs (big blind) collected ($11.76)
Seat 7: BuzovaPro (button) (small blind) folded on the River


PokerStars Hand #151218003024:  Hold'em Limit ($3/$6 USD) - 2016/03/31 11:27:01 ET
Table 'Otero II' 10-max Seat #7 is the button
Seat 6: kairobs ($226.70 in chips)
Seat 7: BuzovaPro ($78.96 in chips)
BuzovaPro: posts small blind $1
kairobs: posts big blind $3
*** HOLE CARDS ***
BuzovaPro: folds
Uncalled bet ($2) returned to kairobs
kairobs collected $2 from pot
kairobs: doesn't show hand
*** SUMMARY ***
Total pot $2 | Rake $0
Seat 6: kairobs (big blind) collected ($2)
Seat 7: BuzovaPro (button) (small blind) folded before Flop


PokerStars Hand #151217999590:  Hold'em Limit ($3/$6 USD) - 2016/03/31 11:26:57 ET
Table 'Otero II' 10-max Seat #6 is the button
Seat 6: kairobs ($227.70 in chips)
Seat 7: BuzovaPro ($77.96 in chips)
kairobs: posts small blind $1
BuzovaPro: posts big blind $3
*** HOLE CARDS ***
kairobs: folds
Uncalled bet ($2) returned to BuzovaPro
BuzovaPro collected $2 from pot
BuzovaPro: doesn't show hand
*** SUMMARY ***
Total pot $2 | Rake $0
Seat 6: kairobs (button) (small blind) folded before Flop
Seat 7: BuzovaPro (big blind) collected ($2)


PokerStars Hand #151218008337:  Hold'em Limit ($3/$6 USD) - 2016/03/31 11:27:09 ET
Table 'Otero II' 10-max Seat #6 is the button
Seat 6: kairobs ($227.70 in chips)
Seat 7: BuzovaPro ($77.96 in chips)
kairobs: posts small blind $1
BuzovaPro: posts big blind $3
*** HOLE CARDS ***
kairobs: raises $3 to $6
BuzovaPro: raises $3 to $9
kairobs: calls $3
*** FLOP *** [3d Kc 7s]
BuzovaPro: bets $3
kairobs: folds
Uncalled bet ($3) returned to BuzovaPro
BuzovaPro collected $17.64 from pot
BuzovaPro: doesn't show hand
*** SUMMARY ***
Total pot $18 | Rake $0.36
Board [3d Kc 7s]
Seat 6: kairobs (button) (small blind) folded on the Flop
Seat 7: BuzovaPro (big blind) collected ($17.64)


PokerStars Hand #151218072042:  Hold'em Limit ($3/$6 USD) - 2016/03/31 11:28:35 ET
Table 'Otero II' 10-max Seat #6 is the button
Seat 6: kairobs ($179.70 in chips)
Seat 7: BuzovaPro ($125.10 in chips)
kairobs: posts small blind $1
BuzovaPro: posts big blind $3
*** HOLE CARDS ***
kairobs: raises $3 to $6
BuzovaPro: calls $3
*** FLOP *** [3s Ad 9d]
BuzovaPro: checks
kairobs: checks
*** TURN *** [3s Ad 9d] [Ts]
BuzovaPro: checks
kairobs: bets $6
BuzovaPro: raises $6 to $12
kairobs: calls $6
*** RIVER *** [3s Ad 9d Ts] [Ah]
BuzovaPro: bets $6
kairobs: calls $6
*** SHOW DOWN ***
BuzovaPro: shows [Ac 4s] (three of a kind, Aces)
kairobs: mucks hand
BuzovaPro collected $47.50 from pot
*** SUMMARY ***
Total pot $48 | Rake $0.50
Board [3s Ad 9d Ts Ah]
Seat 6: kairobs (button) (small blind) mucked
Seat 7: BuzovaPro (big blind) showed [Ac 4s] and won ($47.50) with three of a kind, Aces


PokerStars Hand #151218064740:  Hold'em Limit ($3/$6 USD) - 2016/03/31 11:28:25 ET
Table 'Otero II' 10-max Seat #7 is the button
Seat 6: kairobs ($178.70 in chips)
Seat 7: BuzovaPro ($126.10 in chips)
BuzovaPro: posts small blind $1
kairobs: posts big blind $3
*** HOLE CARDS ***
BuzovaPro: folds
Uncalled bet ($2) returned to kairobs
kairobs collected $2 from pot
kairobs: doesn't show hand
*** SUMMARY ***
Total pot $2 | Rake $0
Seat 6: kairobs (big blind) collected ($2)
Seat 7: BuzovaPro (button) (small blind) folded before Flop


PokerStars Hand #151218061468:  Hold'em Limit ($3/$6 USD) - 2016/03/31 11:28:21 ET
Table 'Otero II' 10-max Seat #6 is the button
Seat 6: kairobs ($179.70 in chips)
Seat 7: BuzovaPro ($125.10 in chips)
kairobs: posts small blind $1
BuzovaPro: posts big blind $3
*** HOLE CARDS ***
kairobs: folds
Uncalled bet ($2) returned to BuzovaPro
BuzovaPro collected $2 from pot
BuzovaPro: doesn't show hand
*** SUMMARY ***
Total pot $2 | Rake $0
Seat 6: kairobs (button) (small blind) folded before Flop
Seat 7: BuzovaPro (big blind) collected ($2)


PokerStars Hand #151218028639:  Hold'em Limit ($3/$6 USD) - 2016/03/31 11:27:36 ET
Table 'Otero II' 10-max Seat #7 is the button
Seat 6: kairobs ($218.70 in chips)
Seat 7: BuzovaPro ($86.60 in chips)
BuzovaPro: posts small blind $1
kairobs: posts big blind $3
*** HOLE CARDS ***
BuzovaPro: raises $3 to $6
kairobs: calls $3
*** FLOP *** [Td 4d 2c]
kairobs: bets $3
BuzovaPro: calls $3
*** TURN *** [Td 4d 2c] [7h]
kairobs: checks
BuzovaPro: bets $6
kairobs: raises $6 to $12
BuzovaPro: raises $6 to $18
kairobs: calls $6
*** RIVER *** [Td 4d 2c 7h] [6s]
kairobs: bets $6
BuzovaPro: raises $6 to $12
kairobs: calls $6
*** SHOW DOWN ***
BuzovaPro: shows [7d Tc] (two pair, Tens and Sevens)
kairobs: mucks hand
BuzovaPro collected $77.50 from pot
*** SUMMARY ***
Total pot $78 | Rake $0.50
Board [Td 4d 2c 7h 6s]
Seat 6: kairobs (big blind) mucked
Seat 7: BuzovaPro (button) (small blind) showed [7d Tc] and won ($77.50) with two pair, Tens and Sevens


PokerStars Hand #151218100287:  Hold'em Limit ($3/$6 USD) - 2016/03/31 11:29:14 ET
Table 'Otero II' 10-max Seat #7 is the button
Seat 6: kairobs ($155.70 in chips)
Seat 7: BuzovaPro ($148.60 in chips)
BuzovaPro: posts small blind $1
kairobs: posts big blind $3
*** HOLE CARDS ***
BuzovaPro: raises $3 to $6
kairobs: calls $3
*** FLOP *** [7c Jc 2s]
kairobs: checks
BuzovaPro: checks
*** TURN *** [7c Jc 2s] [Td]
kairobs: bets $6
BuzovaPro: calls $6
*** RIVER *** [7c Jc 2s Td] [5d]
kairobs: bets $6
BuzovaPro: folds
Uncalled bet ($6) returned to kairobs
kairobs collected $23.52 from pot
kairobs: doesn't show hand
*** SUMMARY ***
Total pot $24 | Rake $0.48
Board [7c Jc 2s Td 5d]
Seat 6: kairobs (big blind) collected ($23.52)
Seat 7: BuzovaPro (button) (small blind) folded on the River


PokerStars Hand #151218096935:  Hold'em Limit ($3/$6 USD) - 2016/03/31 11:29:09 ET
Table 'Otero II' 10-max Seat #6 is the button
Seat 6: kairobs ($156.70 in chips)
Seat 7: BuzovaPro ($147.60 in chips)
kairobs: posts small blind $1
BuzovaPro: posts big blind $3
*** HOLE CARDS ***
kairobs: folds
Uncalled bet ($2) returned to BuzovaPro
BuzovaPro collected $2 from pot
BuzovaPro: doesn't show hand
*** SUMMARY ***
Total pot $2 | Rake $0
Seat 6: kairobs (button) (small blind) folded before Flop
Seat 7: BuzovaPro (big blind) collected ($2)


PokerStars Hand #151218088463:  Hold'em Limit ($3/$6 USD) - 2016/03/31 11:28:58 ET
Table 'Otero II' 10-max Seat #7 is the button
Seat 6: kairobs ($155.70 in chips)
Seat 7: BuzovaPro ($148.60 in chips)
BuzovaPro: posts small blind $1
kairobs: posts big blind $3
*** HOLE CARDS ***
BuzovaPro: folds
Uncalled bet ($2) returned to kairobs
kairobs collected $2 from pot
kairobs: doesn't show hand
*** SUMMARY ***
Total pot $2 | Rake $0
Seat 6: kairobs (big blind) collected ($2)
Seat 7: BuzovaPro (button) (small blind) folded before Flop


PokerStars Hand #151218121369:  Hold'em Limit ($3/$6 USD) - 2016/03/31 11:29:43 ET
Table 'Otero II' 10-max Seat #6 is the button
Seat 6: kairobs ($167.22 in chips)
Seat 7: BuzovaPro ($136.60 in chips)
kairobs: posts small blind $1
BuzovaPro: posts big blind $3
*** HOLE CARDS ***
kairobs: raises $3 to $6
BuzovaPro: raises $3 to $9
kairobs: raises $3 to $12
Betting is capped
BuzovaPro: calls $3
*** FLOP *** [6d 3s Js]
BuzovaPro: checks
kairobs: checks
*** TURN *** [6d 3s Js] [5d]
BuzovaPro: bets $6
kairobs: calls $6
*** RIVER *** [6d 3s Js 5d] [9c]
BuzovaPro: bets $6
kairobs: calls $6
*** SHOW DOWN ***
BuzovaPro: shows [Ad 9d] (a pair of Nines)
kairobs: mucks hand
BuzovaPro collected $47.50 from pot
*** SUMMARY ***
Total pot $48 | Rake $0.50
Board [6d 3s Js 5d 9c]
Seat 6: kairobs (button) (small blind) mucked
Seat 7: BuzovaPro (big blind) showed [Ad 9d] and won ($47.50) with a pair of Nines


PokerStars Hand #151218194842:  Hold'em Limit ($3/$6 USD) - 2016/03/31 11:31:21 ET
Table 'Otero II' 10-max Seat #7 is the button
Seat 6: kairobs ($139.74 in chips)
Seat 7: BuzovaPro ($162.60 in chips)
BuzovaPro: posts small blind $1
kairobs: posts big blind $3
*** HOLE CARDS ***
BuzovaPro: raises $3 to $6
kairobs: calls $3
*** FLOP *** [9c Js Kc]
kairobs: checks
BuzovaPro: bets $3
kairobs: calls $3
*** TURN *** [9c Js Kc] [6s]
kairobs: bets $6
BuzovaPro: calls $6
*** RIVER *** [9c Js Kc 6s] [8h]
kairobs: bets $6
BuzovaPro: calls $6
*** SHOW DOWN ***
kairobs: shows [Kh 3d] (a pair of Kings)
BuzovaPro: mucks hand
kairobs collected $41.50 from pot
*** SUMMARY ***
Total pot $42 | Rake $0.50
Board [9c Js Kc 6s 8h]
Seat 6: kairobs (big blind) showed [Kh 3d] and won ($41.50) with a pair of Kings
Seat 7: BuzovaPro (button) (small blind) mucked


PokerStars Hand #151218173769:  Hold'em Limit ($3/$6 USD) - 2016/03/31 11:30:53 ET
Table 'Otero II' 10-max Seat #6 is the button
Seat 6: kairobs ($128.22 in chips)
Seat 7: BuzovaPro ($174.60 in chips)
kairobs: posts small blind $1
BuzovaPro: posts big blind $3
*** HOLE CARDS ***
kairobs: raises $3 to $6
BuzovaPro: calls $3
*** FLOP *** [Kc 9s 7h]
BuzovaPro: checks
kairobs: checks
*** TURN *** [Kc 9s 7h] [4c]
BuzovaPro: checks
kairobs: bets $6
BuzovaPro: calls $6
*** RIVER *** [Kc 9s 7h 4c] [6s]
BuzovaPro: checks
kairobs: checks
*** SHOW DOWN ***
BuzovaPro: shows [Jh Qs] (high card King)
kairobs: shows [6c Qc] (a pair of Sixes)
kairobs collected $23.52 from pot
*** SUMMARY ***
Total pot $24 | Rake $0.48
Board [Kc 9s 7h 4c 6s]
Seat 6: kairobs (button) (small blind) showed [6c Qc] and won ($23.52) with a pair of Sixes
Seat 7: BuzovaPro (big blind) showed [Jh Qs] and lost with high card King


PokerStars Hand #151218243046:  Hold'em Limit ($3/$6 USD) - 2016/03/31 11:32:25 ET
Table 'Otero II' 10-max Seat #6 is the button
Seat 6: kairobs ($183.74 in chips)
Seat 7: BuzovaPro ($117.60 in chips)
kairobs: posts small blind $1
BuzovaPro: posts big blind $3
*** HOLE CARDS ***
kairobs: folds
Uncalled bet ($2) returned to BuzovaPro
BuzovaPro collected $2 from pot
BuzovaPro: doesn't show hand
*** SUMMARY ***
Total pot $2 | Rake $0
Seat 6: kairobs (button) (small blind) folded before Flop
Seat 7: BuzovaPro (big blind) collected ($2)


PokerStars Hand #151218228946:  Hold'em Limit ($3/$6 USD) - 2016/03/31 11:32:06 ET
Table 'Otero II' 10-max Seat #7 is the button
Seat 6: kairobs ($163.24 in chips)
Seat 7: BuzovaPro ($138.60 in chips)
BuzovaPro: posts small blind $1
kairobs: posts big blind $3
*** HOLE CARDS ***
BuzovaPro: raises $3 to $6
kairobs: raises $3 to $9
BuzovaPro: calls $3
*** FLOP *** [Jh Jc 8h]
kairobs: checks
BuzovaPro: checks
*** TURN *** [Jh Jc 8h] [5h]
kairobs: checks
BuzovaPro: bets $6
kairobs: calls $6
*** RIVER *** [Jh Jc 8h 5h] [7h]
kairobs: bets $6
BuzovaPro: calls $6
*** SHOW DOWN ***
kairobs: shows [Kh Qd] (a flush, King high)
BuzovaPro: mucks hand
kairobs collected $41.50 from pot
*** SUMMARY ***
Total pot $42 | Rake $0.50
Board [Jh Jc 8h 5h 7h]
Seat 6: kairobs (big blind) showed [Kh Qd] and won ($41.50) with a flush, King high
Seat 7: BuzovaPro (button) (small blind) mucked


PokerStars Hand #151218223090:  Hold'em Limit ($3/$6 USD) - 2016/03/31 11:31:58 ET
Table 'Otero II' 10-max Seat #6 is the button
Seat 6: kairobs ($160.24 in chips)
Seat 7: BuzovaPro ($141.60 in chips)
kairobs: posts small blind $1
BuzovaPro: posts big blind $3
*** HOLE CARDS ***
kairobs: raises $3 to $6
BuzovaPro: folds
Uncalled bet ($3) returned to kairobs
kairobs collected $6 from pot
kairobs: doesn't show hand
*** SUMMARY ***
Total pot $6 | Rake $0
Seat 6: kairobs (button) (small blind) collected ($6)
Seat 7: BuzovaPro (big blind) folded before Flop


PokerStars Hand #151218246297:  Hold'em Limit ($3/$6 USD) - 2016/03/31 11:32:29 ET
Table 'Otero II' 10-max Seat #7 is the button
Seat 6: kairobs ($182.74 in chips)
Seat 7: BuzovaPro ($118.60 in chips)
BuzovaPro: posts small blind $1
kairobs: posts big blind $3
*** HOLE CARDS ***
BuzovaPro: raises $3 to $6
kairobs: calls $3
*** FLOP *** [Td Ts 8s]
kairobs: checks
BuzovaPro: checks
*** TURN *** [Td Ts 8s] [9s]
kairobs: checks
BuzovaPro: bets $6
kairobs: calls $6
*** RIVER *** [Td Ts 8s 9s] [4c]
kairobs: checks
BuzovaPro: checks
*** SHOW DOWN ***
kairobs: shows [4d 7d] (two pair, Tens and Fours)
BuzovaPro: mucks hand
kairobs collected $23.52 from pot
*** SUMMARY ***
Total pot $24 | Rake $0.48
Board [Td Ts 8s 9s 4c]
Seat 6: kairobs (big blind) showed [4d 7d] and won ($23.52) with two pair, Tens and Fours
Seat 7: BuzovaPro (button) (small blind) mucked


PokerStars Hand #151218261042:  Hold'em Limit ($3/$6 USD) - 2016/03/31 11:32:49 ET
Table 'Otero II' 10-max Seat #6 is the button
Seat 6: kairobs ($194.26 in chips)
Seat 7: BuzovaPro ($106.60 in chips)
kairobs: posts small blind $1
BuzovaPro: posts big blind $3
*** HOLE CARDS ***
kairobs: raises $3 to $6
BuzovaPro: calls $3
*** FLOP *** [Ks 4c 2c]
BuzovaPro: checks
kairobs: checks
*** TURN *** [Ks 4c 2c] [8c]
BuzovaPro: bets $6
kairobs: raises $6 to $12
BuzovaPro: calls $6
*** RIVER *** [Ks 4c 2c 8c] [Tc]
BuzovaPro: checks
Foxy Girl_85 joins the table at seat #1
kairobs: bets $6
BuzovaPro: calls $6
*** SHOW DOWN ***
kairobs: shows [Ac 9c] (a flush, Ace high)
BuzovaPro: mucks hand
kairobs collected $47.50 from pot
*** SUMMARY ***
Total pot $48 | Rake $0.50
Board [Ks 4c 2c 8c Tc]
Seat 6: kairobs (button) (small blind) showed [Ac 9c] and won ($47.50) with a flush, Ace high
Seat 7: BuzovaPro (big blind) mucked


PokerStars Hand #151218656097:  Hold'em Limit ($3/$6 USD) - 2016/03/31 11:41:33 ET
Table 'Otero II' 10-max Seat #5 is the button
Seat 1: Foxy Girl_85 ($96.81 in chips)
Seat 5: RowntreWilly ($20 in chips)
RowntreWilly: posts small blind $1
Foxy Girl_85: posts big blind $3
*** HOLE CARDS ***
DirtyDouble2 leaves the table
RowntreWilly: calls $2
Foxy Girl_85: checks
*** FLOP *** [Ah 8s 8h]
Foxy Girl_85: checks
RowntreWilly: bets $3
Foxy Girl_85: folds
Uncalled bet ($3) returned to RowntreWilly
RowntreWilly collected $5.88 from pot
RowntreWilly: doesn't show hand
*** SUMMARY ***
Total pot $6 | Rake $0.12
Board [Ah 8s 8h]
Seat 1: Foxy Girl_85 (big blind) folded on the Flop
Seat 5: RowntreWilly (button) (small blind) collected ($5.88)


PokerStars Hand #151218669052:  Hold'em Limit ($3/$6 USD) - 2016/03/31 11:41:50 ET
Table 'Otero II' 10-max Seat #1 is the button
Seat 1: Foxy Girl_85 ($93.81 in chips)
Seat 5: RowntreWilly ($22.88 in chips)
Foxy Girl_85: posts small blind $1
RowntreWilly: posts big blind $3
*** HOLE CARDS ***
Foxy Girl_85: calls $2
RowntreWilly: checks
*** FLOP *** [9d Ah 3s]
Punkyfee leaves the table
RowntreWilly: checks
Foxy Girl_85: bets $3
RowntreWilly: folds
Uncalled bet ($3) returned to Foxy Girl_85
Foxy Girl_85 collected $5.88 from pot
Foxy Girl_85: doesn't show hand
*** SUMMARY ***
Total pot $6 | Rake $0.12
Board [9d Ah 3s]
Seat 1: Foxy Girl_85 (button) (small blind) collected ($5.88)
Seat 5: RowntreWilly (big blind) folded on the Flop


PokerStars Hand #151225418766:  Hold'em Limit ($3/$6 USD) - 2016/03/31 13:58:15 ET
Table 'Otero II' 10-max Seat #5 is the button
Seat 4: liolilove ($80.16 in chips)
Seat 5: Ferblink.Rc ($137.30 in chips)
Ferblink.Rc: posts small blind $1
ravnen666: is sitting out
liolilove: posts big blind $3
*** HOLE CARDS ***
Ferblink.Rc: calls $2
ravnen666 leaves the table
liolilove: checks
*** FLOP *** [5s 7h 2h]
liolilove: checks
Ferblink.Rc: checks
*** TURN *** [5s 7h 2h] [7c]
liolilove: checks
Azrarn leaves the table
Ferblink.Rc: checks
*** RIVER *** [5s 7h 2h 7c] [Qd]
liolilove: bets $6
Ferblink.Rc: folds
Uncalled bet ($6) returned to liolilove
liolilove collected $5.88 from pot
liolilove: doesn't show hand
*** SUMMARY ***
Total pot $6 | Rake $0.12
Board [5s 7h 2h 7c Qd]
Seat 4: liolilove (big blind) collected ($5.88)
Seat 5: Ferblink.Rc (button) (small blind) folded on the River


PokerStars Hand #151225458722:  Hold'em Limit ($3/$6 USD) - 2016/03/31 13:59:11 ET
Table 'Otero II' 10-max Seat #4 is the button
Seat 4: liolilove ($83.04 in chips)
Seat 5: Ferblink.Rc ($134.30 in chips)
liolilove: posts small blind $1
Ferblink.Rc: posts big blind $3
*** HOLE CARDS ***
liolilove: raises $3 to $6
Ferblink.Rc: raises $3 to $9
liolilove: calls $3
*** FLOP *** [7h Jh 8h]
Ferblink.Rc: bets $3
liolilove: calls $3
*** TURN *** [7h Jh 8h] [2s]
Ferblink.Rc: checks
liolilove: bets $6
Ferblink.Rc: calls $6
*** RIVER *** [7h Jh 8h 2s] [3d]
Ferblink.Rc: checks
liolilove: bets $6
Ferblink.Rc: folds
Uncalled bet ($6) returned to liolilove
liolilove collected $35.50 from pot
liolilove: doesn't show hand
*** SUMMARY ***
Total pot $36 | Rake $0.50
Board [7h Jh 8h 2s 3d]
Seat 4: liolilove (button) (small blind) collected ($35.50)
Seat 5: Ferblink.Rc (big blind) folded on the River


