PokerStars Hand #147577144030:  Hold'em Limit ($3/$6 USD) - 2016/01/24 1:25:48 ET
Table 'Otero' 6-max Seat #6 is the button
Seat 1: Sugar_Mama2 ($297.29 in chips)
Seat 6: hairy1961 ($29.08 in chips)
hairy1961: posts small blind $1
Sugar_Mama2: posts big blind $3
*** HOLE CARDS ***
hairy1961: folds
Uncalled bet ($2) returned to Sugar_Mama2
Sugar_Mama2 collected $2 from pot
Sugar_Mama2: doesn't show hand
*** SUMMARY ***
Total pot $2 | Rake $0
Seat 1: Sugar_Mama2 (big blind) collected ($2)
Seat 6: hairy1961 (button) (small blind) folded before Flop


PokerStars Hand #147577138365:  Hold'em Limit ($3/$6 USD) - 2016/01/24 1:25:30 ET
Table 'Otero' 6-max Seat #1 is the button
Seat 1: Sugar_Mama2 ($279.79 in chips)
Seat 6: hairy1961 ($47.08 in chips)
Sugar_Mama2: posts small blind $1
hairy1961: posts big blind $3
*** HOLE CARDS ***
Modidred leaves the table
Sugar_Mama2: raises $3 to $6
hairy1961: raises $3 to $9
Sugar_Mama2: calls $3
*** FLOP *** [Th 7c 3c]
hairy1961: bets $3
Sugar_Mama2: calls $3
*** TURN *** [Th 7c 3c] [Ks]
hairy1961: bets $6
Sugar_Mama2: raises $6 to $12
hairy1961: folds
Uncalled bet ($6) returned to Sugar_Mama2
Sugar_Mama2 collected $35.50 from pot
Sugar_Mama2: doesn't show hand
*** SUMMARY ***
Total pot $36 | Rake $0.50
Board [Th 7c 3c Ks]
Seat 1: Sugar_Mama2 (button) (small blind) collected ($35.50)
Seat 6: hairy1961 (big blind) folded on the Turn


PokerStars Hand #147577145839:  Hold'em Limit ($3/$6 USD) - 2016/01/24 1:25:54 ET
Table 'Otero' 6-max Seat #1 is the button
Seat 1: Sugar_Mama2 ($298.29 in chips)
Seat 6: hairy1961 ($28.08 in chips)
Sugar_Mama2: posts small blind $1
hairy1961: posts big blind $3
*** HOLE CARDS ***
Sugar_Mama2: folds
Uncalled bet ($2) returned to hairy1961
hairy1961 collected $2 from pot
*** SUMMARY ***
Total pot $2 | Rake $0
Seat 1: Sugar_Mama2 (button) (small blind) folded before Flop
Seat 6: hairy1961 (big blind) collected ($2)


PokerStars Hand #147577147679:  Hold'em Limit ($3/$6 USD) - 2016/01/24 1:26:00 ET
Table 'Otero' 6-max Seat #6 is the button
Seat 1: Sugar_Mama2 ($297.29 in chips)
Seat 6: hairy1961 ($29.08 in chips)
hairy1961: posts small blind $1
Sugar_Mama2: posts big blind $3
*** HOLE CARDS ***
hairy1961: raises $3 to $6
Sugar_Mama2: raises $3 to $9
hairy1961: calls $3
*** FLOP *** [5d 3d 5h]
Sugar_Mama2: checks
hairy1961: checks
*** TURN *** [5d 3d 5h] [2s]
Sugar_Mama2: bets $6
hairy1961: calls $6
*** RIVER *** [5d 3d 5h 2s] [Qh]
Sugar_Mama2: bets $6
hairy1961: raises $6 to $12
Sugar_Mama2: raises $6 to $18
hairy1961: calls $2.08 and is all-in
Uncalled bet ($3.92) returned to Sugar_Mama2
*** SHOW DOWN ***
Sugar_Mama2: shows [3c 3s] (a full house, Threes full of Fives)
hairy1961: shows [Th Qc] (two pair, Queens and Fives)
Sugar_Mama2 collected $57.66 from pot
*** SUMMARY ***
Total pot $58.16 | Rake $0.50
Board [5d 3d 5h 2s Qh]
Seat 1: Sugar_Mama2 (big blind) showed [3c 3s] and won ($57.66) with a full house, Threes full of Fives
Seat 6: hairy1961 (button) (small blind) showed [Th Qc] and lost with two pair, Queens and Fives


PokerStars Hand #147579395415:  Hold'em Limit ($3/$6 USD) - 2016/01/24 3:23:07 ET
Table 'Otero' 6-max Seat #1 is the button
Seat 1: VolkovDmitri ($120 in chips)
Seat 3: Luarvik888 ($120 in chips)
VolkovDmitri: posts small blind $1
Luarvik888: posts big blind $3
*** HOLE CARDS ***
kakadu2015 joins the table at seat #2
VolkovDmitri: raises $3 to $6
Luarvik888: raises $3 to $9
VolkovDmitri: calls $3
*** FLOP *** [3c 6h Qs]
Luarvik888: checks
VolkovDmitri: checks
*** TURN *** [3c 6h Qs] [Qc]
Luarvik888: bets $6
VolkovDmitri: folds
Uncalled bet ($6) returned to Luarvik888
Luarvik888 collected $17.64 from pot
*** SUMMARY ***
Total pot $18 | Rake $0.36
Board [3c 6h Qs Qc]
Seat 1: VolkovDmitri (button) (small blind) folded on the Turn
Seat 3: Luarvik888 (big blind) collected ($17.64)


PokerStars Hand #147579405344:  Hold'em Limit ($3/$6 USD) - 2016/01/24 3:23:34 ET
Table 'Otero' 6-max Seat #3 is the button
Seat 1: VolkovDmitri ($120 in chips)
Seat 3: Luarvik888 ($128.64 in chips)
Luarvik888: posts small blind $1
VolkovDmitri: posts big blind $3
*** HOLE CARDS ***
Luarvik888: folds
Uncalled bet ($2) returned to VolkovDmitri
VolkovDmitri collected $2 from pot
VolkovDmitri: doesn't show hand
*** SUMMARY ***
Total pot $2 | Rake $0
Seat 1: VolkovDmitri (big blind) collected ($2)
Seat 3: Luarvik888 (button) (small blind) folded before Flop


