PokerStars Hand #144395216720:  Hold'em Limit ($3/$6 USD) - 2015/11/25 23:59:00 ET
Table 'Oterma' 6-max Seat #3 is the button
Seat 3: benbb ($41.64 in chips)
Seat 4: AzureCaper ($72 in chips)
benbb: posts small blind $1
AzureCaper: posts big blind $3
*** HOLE CARDS ***
benbb: raises $3 to $6
AzureCaper: raises $3 to $9
benbb: calls $3
*** FLOP *** [4d Jc 4s]
AzureCaper: bets $3
benbb: folds
Uncalled bet ($3) returned to AzureCaper
AzureCaper collected $17.64 from pot
AzureCaper: doesn't show hand
*** SUMMARY ***
Total pot $18 | Rake $0.36
Board [4d Jc 4s]
Seat 3: benbb (button) (small blind) folded on the Flop
Seat 4: AzureCaper (big blind) collected ($17.64)


PokerStars Hand #144395211440:  Hold'em Limit ($3/$6 USD) - 2015/11/25 23:58:36 ET
Table 'Oterma' 6-max Seat #4 is the button
Seat 3: benbb ($33 in chips)
Seat 4: AzureCaper ($72 in chips)
AzureCaper: posts small blind $1
benbb: posts big blind $3
*** HOLE CARDS ***
AzureCaper: raises $3 to $6
benbb: raises $3 to $9
AzureCaper: calls $3
*** FLOP *** [6d 3h Td]
benbb: bets $3
AzureCaper: folds
Uncalled bet ($3) returned to benbb
benbb collected $17.64 from pot
benbb: doesn't show hand
*** SUMMARY ***
Total pot $18 | Rake $0.36
Board [6d 3h Td]
Seat 3: benbb (big blind) collected ($17.64)
Seat 4: AzureCaper (button) (small blind) folded on the Flop


PokerStars Hand #144395220994:  Hold'em Limit ($3/$6 USD) - 2015/11/25 23:59:18 ET
Table 'Oterma' 6-max Seat #3 is the button
Seat 3: benbb ($33.64 in chips)
Seat 4: AzureCaper ($79.64 in chips)
benbb: posts small blind $1
AzureCaper: posts big blind $3
*** HOLE CARDS ***
benbb: folds
Uncalled bet ($2) returned to AzureCaper
AzureCaper collected $2 from pot
AzureCaper: doesn't show hand
*** SUMMARY ***
Total pot $2 | Rake $0
Seat 3: benbb (button) (small blind) folded before Flop
Seat 4: AzureCaper (big blind) collected ($2)


PokerStars Hand #144395223265:  Hold'em Limit ($3/$6 USD) - 2015/11/25 23:59:28 ET
Table 'Oterma' 6-max Seat #3 is the button
Seat 3: benbb ($29.64 in chips)
Seat 4: AzureCaper ($83.64 in chips)
benbb: posts small blind $1
AzureCaper: posts big blind $3
*** HOLE CARDS ***
benbb: raises $3 to $6
AzureCaper: calls $3
*** FLOP *** [3s 9h Qc]
AzureCaper: checks
benbb: bets $3
AzureCaper: folds
Uncalled bet ($3) returned to benbb
benbb collected $11.76 from pot
benbb: doesn't show hand
*** SUMMARY ***
Total pot $12 | Rake $0.24
Board [3s 9h Qc]
Seat 3: benbb (button) (small blind) collected ($11.76)
Seat 4: AzureCaper (big blind) folded on the Flop


PokerStars Hand #144395222019:  Hold'em Limit ($3/$6 USD) - 2015/11/25 23:59:23 ET
Table 'Oterma' 6-max Seat #4 is the button
Seat 3: benbb ($32.64 in chips)
Seat 4: AzureCaper ($80.64 in chips)
AzureCaper: posts small blind $1
benbb: posts big blind $3
*** HOLE CARDS ***
AzureCaper: raises $3 to $6
benbb: folds
Uncalled bet ($3) returned to AzureCaper
AzureCaper collected $6 from pot
AzureCaper: doesn't show hand
*** SUMMARY ***
Total pot $6 | Rake $0
Seat 3: benbb (big blind) folded before Flop
Seat 4: AzureCaper (button) (small blind) collected ($6)


PokerStars Hand #144395226164:  Hold'em Limit ($3/$6 USD) - 2015/11/25 23:59:41 ET
Table 'Oterma' 6-max Seat #4 is the button
Seat 3: benbb ($35.40 in chips)
Seat 4: AzureCaper ($77.64 in chips)
AzureCaper: posts small blind $1
benbb: posts big blind $3
*** HOLE CARDS ***
AzureCaper: raises $3 to $6
benbb: raises $3 to $9
AzureCaper: calls $3
*** FLOP *** [7d Ks 9h]
benbb: bets $3
AzureCaper: calls $3
*** TURN *** [7d Ks 9h] [2d]
benbb: bets $6
AzureCaper: raises $6 to $12
benbb: calls $6
*** RIVER *** [7d Ks 9h 2d] [7h]
benbb: checks
AzureCaper: bets $6
benbb: calls $6
*** SHOW DOWN ***
AzureCaper: shows [Td 6d] (a pair of Sevens)
benbb: shows [8s 2s] (two pair, Sevens and Deuces)
benbb collected $59.50 from pot
*** SUMMARY ***
Total pot $60 | Rake $0.50
Board [7d Ks 9h 2d 7h]
Seat 3: benbb (big blind) showed [8s 2s] and won ($59.50) with two pair, Sevens and Deuces
Seat 4: AzureCaper (button) (small blind) showed [Td 6d] and lost with a pair of Sevens


PokerStars Hand #144395241712:  Hold'em Limit ($3/$6 USD) - 2015/11/26 0:00:49 ET
Table 'Oterma' 6-max Seat #3 is the button
Seat 3: benbb ($77.42 in chips)
Seat 4: AzureCaper ($72 in chips)
benbb: posts small blind $1
AzureCaper: posts big blind $3
*** HOLE CARDS ***
benbb: raises $3 to $6
AzureCaper: calls $3
*** FLOP *** [Ks Ac Ad]
AzureCaper: bets $3
benbb: raises $3 to $6
AzureCaper: folds
Uncalled bet ($3) returned to benbb
benbb collected $17.64 from pot
benbb: doesn't show hand
*** SUMMARY ***
Total pot $18 | Rake $0.36
Board [Ks Ac Ad]
Seat 3: benbb (button) (small blind) collected ($17.64)
Seat 4: AzureCaper (big blind) folded on the Flop


PokerStars Hand #144395240669:  Hold'em Limit ($3/$6 USD) - 2015/11/26 0:00:44 ET
Table 'Oterma' 6-max Seat #4 is the button
Seat 3: benbb ($76.42 in chips)
Seat 4: AzureCaper ($73 in chips)
AzureCaper: posts small blind $1
benbb: posts big blind $3
*** HOLE CARDS ***
AzureCaper: folds
Uncalled bet ($2) returned to benbb
benbb collected $2 from pot
benbb: doesn't show hand
*** SUMMARY ***
Total pot $2 | Rake $0
Seat 3: benbb (big blind) collected ($2)
Seat 4: AzureCaper (button) (small blind) folded before Flop


PokerStars Hand #144395239521:  Hold'em Limit ($3/$6 USD) - 2015/11/26 0:00:39 ET
Table 'Oterma' 6-max Seat #3 is the button
Seat 3: benbb ($77.42 in chips)
Seat 4: AzureCaper ($72 in chips)
benbb: posts small blind $1
AzureCaper: posts big blind $3
*** HOLE CARDS ***
benbb: folds
Uncalled bet ($2) returned to AzureCaper
AzureCaper collected $2 from pot
AzureCaper: doesn't show hand
*** SUMMARY ***
Total pot $2 | Rake $0
Seat 3: benbb (button) (small blind) folded before Flop
Seat 4: AzureCaper (big blind) collected ($2)


PokerStars Hand #144395238091:  Hold'em Limit ($3/$6 USD) - 2015/11/26 0:00:33 ET
Table 'Oterma' 6-max Seat #4 is the button
Seat 3: benbb ($76.42 in chips)
Seat 4: AzureCaper ($72 in chips)
AzureCaper: posts small blind $1
benbb: posts big blind $3
*** HOLE CARDS ***
AzureCaper: folds
Uncalled bet ($2) returned to benbb
benbb collected $2 from pot
benbb: doesn't show hand
*** SUMMARY ***
Total pot $2 | Rake $0
Seat 3: benbb (big blind) collected ($2)
Seat 4: AzureCaper (button) (small blind) folded before Flop


PokerStars Hand #144395233272:  Hold'em Limit ($3/$6 USD) - 2015/11/26 0:00:12 ET
Table 'Oterma' 6-max Seat #3 is the button
Seat 3: benbb ($64.90 in chips)
Seat 4: AzureCaper ($72 in chips)
benbb: posts small blind $1
AzureCaper: posts big blind $3
*** HOLE CARDS ***
benbb: calls $2
AzureCaper: checks
*** FLOP *** [4s 7h 9d]
AzureCaper: bets $3
benbb: calls $3
*** TURN *** [4s 7h 9d] [9h]
AzureCaper: bets $6
benbb: calls $6
*** RIVER *** [4s 7h 9d 9h] [Ts]
AzureCaper: checks
benbb: checks
*** SHOW DOWN ***
AzureCaper: shows [6c 7d] (two pair, Nines and Sevens)
benbb: shows [7s Qd] (two pair, Nines and Sevens - Queen kicker)
benbb collected $23.52 from pot
*** SUMMARY ***
Total pot $24 | Rake $0.48
Board [4s 7h 9d 9h Ts]
Seat 3: benbb (button) (small blind) showed [7s Qd] and won ($23.52) with two pair, Nines and Sevens
Seat 4: AzureCaper (big blind) showed [6c 7d] and lost with two pair, Nines and Sevens


PokerStars Hand #144395244930:  Hold'em Limit ($3/$6 USD) - 2015/11/26 0:01:02 ET
Table 'Oterma' 6-max Seat #4 is the button
Seat 3: benbb ($86.06 in chips)
Seat 4: AzureCaper ($72 in chips)
AzureCaper: posts small blind $1
benbb: posts big blind $3
*** HOLE CARDS ***
AzureCaper: raises $3 to $6
benbb: calls $3
*** FLOP *** [2s 9s 5s]
benbb: checks
AzureCaper: bets $3
benbb: calls $3
*** TURN *** [2s 9s 5s] [Qd]
benbb: checks
AzureCaper: bets $6
benbb: calls $6
*** RIVER *** [2s 9s 5s Qd] [3h]
benbb: checks
AzureCaper: bets $6
benbb: folds
Uncalled bet ($6) returned to AzureCaper
AzureCaper collected $29.50 from pot
AzureCaper: doesn't show hand
*** SUMMARY ***
Total pot $30 | Rake $0.50
Board [2s 9s 5s Qd 3h]
Seat 3: benbb (big blind) folded on the River
Seat 4: AzureCaper (button) (small blind) collected ($29.50)


PokerStars Hand #144395253201:  Hold'em Limit ($3/$6 USD) - 2015/11/26 0:01:35 ET
Table 'Oterma' 6-max Seat #3 is the button
Seat 3: benbb ($71.06 in chips)
Seat 4: AzureCaper ($86.50 in chips)
benbb: posts small blind $1
AzureCaper: posts big blind $3
*** HOLE CARDS ***
benbb: raises $3 to $6
AzureCaper: raises $3 to $9
benbb: raises $3 to $12
Betting is capped
AzureCaper: calls $3
*** FLOP *** [9s 3s As]
AzureCaper: checks
benbb: bets $3
AzureCaper: calls $3
*** TURN *** [9s 3s As] [9h]
AzureCaper: checks
benbb: bets $6
AzureCaper: calls $6
*** RIVER *** [9s 3s As 9h] [7c]
AzureCaper: checks
benbb: checks
*** SHOW DOWN ***
AzureCaper: shows [5s 5h] (two pair, Nines and Fives)
benbb: mucks hand
AzureCaper collected $41.50 from pot
*** SUMMARY ***
Total pot $42 | Rake $0.50
Board [9s 3s As 9h 7c]
Seat 3: benbb (button) (small blind) mucked
Seat 4: AzureCaper (big blind) showed [5s 5h] and won ($41.50) with two pair, Nines and Fives


PokerStars Hand #144395265906:  Hold'em Limit ($3/$6 USD) - 2015/11/26 0:02:25 ET
Table 'Oterma' 6-max Seat #3 is the button
Seat 3: benbb ($79.56 in chips)
Seat 4: AzureCaper ($77 in chips)
benbb: posts small blind $1
AzureCaper: posts big blind $3
*** HOLE CARDS ***
gracetime joins the table at seat #2
benbb: raises $3 to $6
AzureCaper: folds
Uncalled bet ($3) returned to benbb
benbb collected $6 from pot
benbb: doesn't show hand
*** SUMMARY ***
Total pot $6 | Rake $0
Seat 3: benbb (button) (small blind) collected ($6)
Seat 4: AzureCaper (big blind) folded before Flop


PokerStars Hand #144395347733:  Hold'em Limit ($3/$6 USD) - 2015/11/26 0:07:46 ET
Table 'Oterma' 6-max Seat #4 is the button
Seat 2: gracetime ($49.04 in chips)
Seat 4: AzureCaper ($89.89 in chips)
AzureCaper: posts small blind $1
alexslep: is sitting out
gracetime: posts big blind $3
*** HOLE CARDS ***
AzureCaper: raises $3 to $6
gracetime: raises $3 to $9
AzureCaper: raises $3 to $12
Betting is capped
gracetime: calls $3
*** FLOP *** [Ks Tc Kh]
gracetime: checks
AzureCaper: bets $3
gracetime: raises $3 to $6
AzureCaper: calls $3
*** TURN *** [Ks Tc Kh] [9d]
gracetime: checks
AzureCaper: checks
*** RIVER *** [Ks Tc Kh 9d] [2d]
gracetime: bets $6
AzureCaper: raises $6 to $12
gracetime: raises $6 to $18
AzureCaper: calls $6
*** SHOW DOWN ***
gracetime: shows [Kc 3h] (three of a kind, Kings)
AzureCaper: shows [Kd Qd] (three of a kind, Kings - Queen kicker)
AzureCaper collected $71.50 from pot
alexslep leaves the table
*** SUMMARY ***
Total pot $72 | Rake $0.50
Board [Ks Tc Kh 9d 2d]
Seat 2: gracetime (big blind) showed [Kc 3h] and lost with three of a kind, Kings
Seat 4: AzureCaper (button) (small blind) showed [Kd Qd] and won ($71.50) with three of a kind, Kings


