PokerStars Hand #156801314505:  Hold'em Limit ($3/$6 USD) - 2016/08/03 4:43:35 ET
Table 'Otero' 6-max Seat #3 is the button
Seat 3: somexi ($47.08 in chips)
Seat 4: VolkovDmitri ($120 in chips)
somexi: posts small blind $1
VolkovDmitri: posts big blind $3
*** HOLE CARDS ***
somexi: folds
Uncalled bet ($2) returned to VolkovDmitri
VolkovDmitri collected $2 from pot
VolkovDmitri: doesn't show hand
*** SUMMARY ***
Total pot $2 | Rake $0
Seat 3: somexi (button) (small blind) folded before Flop
Seat 4: VolkovDmitri (big blind) collected ($2)


PokerStars Hand #156801342261:  Hold'em Limit ($3/$6 USD) - 2016/08/03 4:45:02 ET
Table 'Otero' 6-max Seat #4 is the button
Seat 3: somexi ($53.48 in chips)
Seat 4: VolkovDmitri ($126.76 in chips)
VolkovDmitri: posts small blind $1
somexi: posts big blind $3
*** HOLE CARDS ***
VolkovDmitri: raises $3 to $6
somexi: calls $3
*** FLOP *** [2c Js 7c]
somexi: bets $3
VolkovDmitri: folds
Uncalled bet ($3) returned to somexi
somexi collected $11.76 from pot
*** SUMMARY ***
Total pot $12 | Rake $0.24
Board [2c Js 7c]
Seat 3: somexi (big blind) collected ($11.76)
Seat 4: VolkovDmitri (button) (small blind) folded on the Flop


PokerStars Hand #156801340735:  Hold'em Limit ($3/$6 USD) - 2016/08/03 4:44:57 ET
Table 'Otero' 6-max Seat #3 is the button
Seat 3: somexi ($54.48 in chips)
Seat 4: VolkovDmitri ($125.76 in chips)
somexi: posts small blind $1
VolkovDmitri: posts big blind $3
*** HOLE CARDS ***
somexi: folds
Uncalled bet ($2) returned to VolkovDmitri
VolkovDmitri collected $2 from pot
VolkovDmitri: doesn't show hand
*** SUMMARY ***
Total pot $2 | Rake $0
Seat 3: somexi (button) (small blind) folded before Flop
Seat 4: VolkovDmitri (big blind) collected ($2)


PokerStars Hand #156801336943:  Hold'em Limit ($3/$6 USD) - 2016/08/03 4:44:45 ET
Table 'Otero' 6-max Seat #4 is the button
Seat 3: somexi ($60.48 in chips)
Seat 4: VolkovDmitri ($120 in chips)
VolkovDmitri: posts small blind $1
somexi: posts big blind $3
*** HOLE CARDS ***
VolkovDmitri: raises $3 to $6
somexi: calls $3
*** FLOP *** [Ac 6s Jh]
somexi: checks
VolkovDmitri: bets $3
somexi: folds
Uncalled bet ($3) returned to VolkovDmitri
VolkovDmitri collected $11.76 from pot
VolkovDmitri: doesn't show hand
*** SUMMARY ***
Total pot $12 | Rake $0.24
Board [Ac 6s Jh]
Seat 3: somexi (big blind) folded on the Flop
Seat 4: VolkovDmitri (button) (small blind) collected ($11.76)


PokerStars Hand #156801333095:  Hold'em Limit ($3/$6 USD) - 2016/08/03 4:44:33 ET
Table 'Otero' 6-max Seat #3 is the button
Seat 3: somexi ($54.72 in chips)
Seat 4: VolkovDmitri ($120 in chips)
somexi: posts small blind $1
VolkovDmitri: posts big blind $3
*** HOLE CARDS ***
somexi: raises $3 to $6
VolkovDmitri: calls $3
*** FLOP *** [9c 3d Th]
VolkovDmitri: checks
somexi: bets $3
VolkovDmitri: folds
Uncalled bet ($3) returned to somexi
somexi collected $11.76 from pot
*** SUMMARY ***
Total pot $12 | Rake $0.24
Board [9c 3d Th]
Seat 3: somexi (button) (small blind) collected ($11.76)
Seat 4: VolkovDmitri (big blind) folded on the Flop


PokerStars Hand #156801320990:  Hold'em Limit ($3/$6 USD) - 2016/08/03 4:43:55 ET
Table 'Otero' 6-max Seat #4 is the button
Seat 3: somexi ($46.08 in chips)
Seat 4: VolkovDmitri ($121 in chips)
VolkovDmitri: posts small blind $1
somexi: posts big blind $3
*** HOLE CARDS ***
VolkovDmitri: raises $3 to $6
somexi: raises $3 to $9
VolkovDmitri: calls $3
*** FLOP *** [Qd Kh 4s]
somexi: checks
VolkovDmitri: checks
*** TURN *** [Qd Kh 4s] [7h]
somexi: checks
VolkovDmitri: checks
*** RIVER *** [Qd Kh 4s 7h] [6c]
somexi: bets $6
VolkovDmitri: folds
Uncalled bet ($6) returned to somexi
somexi collected $17.64 from pot
*** SUMMARY ***
Total pot $18 | Rake $0.36
Board [Qd Kh 4s 7h 6c]
Seat 3: somexi (big blind) collected ($17.64)
Seat 4: VolkovDmitri (button) (small blind) folded on the River


PokerStars Hand #156801359899:  Hold'em Limit ($3/$6 USD) - 2016/08/03 4:45:56 ET
Table 'Otero' 6-max Seat #3 is the button
Seat 3: somexi ($79.74 in chips)
Seat 4: VolkovDmitri ($123 in chips)
somexi: posts small blind $1
VolkovDmitri: posts big blind $3
*** HOLE CARDS ***
somexi: calls $2
VolkovDmitri: raises $3 to $6
somexi: calls $3
*** FLOP *** [9c 4h 4s]
VolkovDmitri: bets $3
somexi: calls $3
*** TURN *** [9c 4h 4s] [6d]
VolkovDmitri: checks
somexi: checks
*** RIVER *** [9c 4h 4s 6d] [Ah]
win888day joins the table at seat #6
VolkovDmitri: checks
somexi: checks
*** SHOW DOWN ***
VolkovDmitri: shows [Jh 7c] (a pair of Fours)
somexi: shows [Kc 8h] (a pair of Fours - Ace+King kicker)
somexi collected $17.64 from pot
*** SUMMARY ***
Total pot $18 | Rake $0.36
Board [9c 4h 4s 6d Ah]
Seat 3: somexi (button) (small blind) showed [Kc 8h] and won ($17.64) with a pair of Fours
Seat 4: VolkovDmitri (big blind) showed [Jh 7c] and lost with a pair of Fours


PokerStars Hand #156801357668:  Hold'em Limit ($3/$6 USD) - 2016/08/03 4:45:49 ET
Table 'Otero' 6-max Seat #4 is the button
Seat 3: somexi ($82.74 in chips)
Seat 4: VolkovDmitri ($120 in chips)
SharkPro100 joins the table at seat #5
VolkovDmitri: posts small blind $1
somexi: posts big blind $3
*** HOLE CARDS ***
VolkovDmitri: raises $3 to $6
somexi: folds
Uncalled bet ($3) returned to VolkovDmitri
VolkovDmitri collected $6 from pot
VolkovDmitri: doesn't show hand
*** SUMMARY ***
Total pot $6 | Rake $0
Seat 3: somexi (big blind) folded before Flop
Seat 4: VolkovDmitri (button) (small blind) collected ($6)


PokerStars Hand #156801347685:  Hold'em Limit ($3/$6 USD) - 2016/08/03 4:45:19 ET
Table 'Otero' 6-max Seat #3 is the button
Seat 3: somexi ($59.24 in chips)
Seat 4: VolkovDmitri ($120.76 in chips)
somexi: posts small blind $1
VolkovDmitri: posts big blind $3
*** HOLE CARDS ***
somexi: raises $3 to $6
VolkovDmitri: raises $3 to $9
somexi: calls $3
*** FLOP *** [Jh 3d 5c]
VolkovDmitri: bets $3
somexi: calls $3
*** TURN *** [Jh 3d 5c] [3h]
VolkovDmitri: bets $6
somexi: raises $6 to $12
VolkovDmitri: calls $6
*** RIVER *** [Jh 3d 5c 3h] [As]
VolkovDmitri: checks
somexi: checks
*** SHOW DOWN ***
VolkovDmitri: shows [Th Ks] (a pair of Threes)
somexi: shows [Jd 9d] (two pair, Jacks and Threes)
somexi collected $47.50 from pot
*** SUMMARY ***
Total pot $48 | Rake $0.50
Board [Jh 3d 5c 3h As]
Seat 3: somexi (button) (small blind) showed [Jd 9d] and won ($47.50) with two pair, Jacks and Threes
Seat 4: VolkovDmitri (big blind) showed [Th Ks] and lost with a pair of Threes


PokerStars Hand #156801810624:  Hold'em Limit ($3/$6 USD) - 2016/08/03 5:08:35 ET
Table 'Otero' 6-max Seat #3 is the button
Seat 1: Icecold ($174.08 in chips)
Seat 3: $polu4atel*$ ($80.29 in chips)
$polu4atel*$: posts small blind $1
Seta Sipoo: is sitting out
Icecold: posts big blind $3
*** HOLE CARDS ***
$polu4atel*$: folds
Uncalled bet ($2) returned to Icecold
Icecold collected $2 from pot
*** SUMMARY ***
Total pot $2 | Rake $0
Seat 1: Icecold (big blind) collected ($2)
Seat 3: $polu4atel*$ (button) (small blind) folded before Flop


PokerStars Hand #156801812252:  Hold'em Limit ($3/$6 USD) - 2016/08/03 5:08:40 ET
Table 'Otero' 6-max Seat #1 is the button
Seat 1: Icecold ($175.08 in chips)
Seat 3: $polu4atel*$ ($79.29 in chips)
Icecold: posts small blind $1
$polu4atel*$: posts big blind $3
*** HOLE CARDS ***
Seta Sipoo leaves the table
Icecold: raises $3 to $6
$polu4atel*$: raises $3 to $9
Icecold: calls $3
*** FLOP *** [Qd Js 6c]
$polu4atel*$: bets $3
Icecold: calls $3
*** TURN *** [Qd Js 6c] [4s]
$polu4atel*$: bets $6
Icecold: calls $6
*** RIVER *** [Qd Js 6c 4s] [4c]
$polu4atel*$: checks
Icecold: checks
*** SHOW DOWN ***
$polu4atel*$: shows [3c 3s] (two pair, Fours and Threes)
Icecold: mucks hand
$polu4atel*$ collected $35.50 from pot
*** SUMMARY ***
Total pot $36 | Rake $0.50
Board [Qd Js 6c 4s 4c]
Seat 1: Icecold (button) (small blind) mucked
Seat 3: $polu4atel*$ (big blind) showed [3c 3s] and won ($35.50) with two pair, Fours and Threes


PokerStars Hand #156801819287:  Hold'em Limit ($3/$6 USD) - 2016/08/03 5:09:00 ET
Table 'Otero' 6-max Seat #3 is the button
Seat 1: Icecold ($157.08 in chips)
Seat 3: $polu4atel*$ ($96.79 in chips)
$polu4atel*$: posts small blind $1
Icecold: posts big blind $3
*** HOLE CARDS ***
$polu4atel*$: calls $2
Icecold: checks
*** FLOP *** [Ad 8d 5c]
Icecold: checks
$polu4atel*$: bets $3
Icecold: folds
Uncalled bet ($3) returned to $polu4atel*$
$polu4atel*$ collected $5.88 from pot
$polu4atel*$: doesn't show hand
*** SUMMARY ***
Total pot $6 | Rake $0.12
Board [Ad 8d 5c]
Seat 1: Icecold (big blind) folded on the Flop
Seat 3: $polu4atel*$ (button) (small blind) collected ($5.88)


