PokerStars Hand #147355611632:  Hold'em Limit ($3/$6 USD) - 2016/01/20 5:26:25 ET
Table 'Otila' 6-max Seat #3 is the button
Seat 2: _fayzulllo_ ($71.73 in chips)
Seat 3: ChOfW ($66 in chips)
ChOfW: posts small blind $1
_fayzulllo_: posts big blind $3
*** HOLE CARDS ***
RockKillerTY joins the table at seat #4
ChOfW: folds
Uncalled bet ($2) returned to _fayzulllo_
_fayzulllo_ collected $2 from pot
*** SUMMARY ***
Total pot $2 | Rake $0
Seat 2: _fayzulllo_ (big blind) collected ($2)
Seat 3: ChOfW (button) (small blind) folded before Flop


PokerStars Hand #147355690667:  Hold'em Limit ($3/$6 USD) - 2016/01/20 5:29:09 ET
Table 'Otila' 6-max Seat #4 is the button
Seat 3: ChOfW ($66 in chips)
Seat 4: RockKillerTY ($114.40 in chips)
RockKillerTY: posts small blind $1
_fayzulllo_: is sitting out
ChOfW: posts big blind $3
*** HOLE CARDS ***
_fayzulllo_ leaves the table
RockKillerTY: raises $3 to $6
ChOfW: calls $3
*** FLOP *** [5d Ts 6h]
ChOfW: checks
RockKillerTY: bets $3
ChOfW: folds
Uncalled bet ($3) returned to RockKillerTY
RockKillerTY collected $11.76 from pot
RockKillerTY: doesn't show hand
*** SUMMARY ***
Total pot $12 | Rake $0.24
Board [5d Ts 6h]
Seat 3: ChOfW (big blind) folded on the Flop
Seat 4: RockKillerTY (button) (small blind) collected ($11.76)


