PokerStars Hand #144528866737:  Hold'em Limit ($3/$6 USD) - 2015/11/28 17:06:01 ET
Table 'Otila II' 2-max Seat #1 is the button
Seat 1: jl45259071 ($837.98 in chips)
Seat 2: aenko ($164 in chips)
jl45259071: posts small blind $1
aenko: posts big blind $3
*** HOLE CARDS ***
jl45259071: calls $2
aenko: checks
*** FLOP *** [9c Th 5h]
aenko: checks
jl45259071: bets $3
aenko: calls $3
*** TURN *** [9c Th 5h] [4c]
aenko: checks
jl45259071: bets $6
aenko: calls $6
*** RIVER *** [9c Th 5h 4c] [2s]
aenko: checks
jl45259071: bets $6
aenko: calls $6
*** SHOW DOWN ***
jl45259071: shows [9h Kh] (a pair of Nines)
aenko: mucks hand
jl45259071 collected $35.50 from pot
*** SUMMARY ***
Total pot $36 | Rake $0.50
Board [9c Th 5h 4c 2s]
Seat 1: jl45259071 (button) (small blind) showed [9h Kh] and won ($35.50) with a pair of Nines
Seat 2: aenko (big blind) mucked


PokerStars Hand #144528887066:  Hold'em Limit ($3/$6 USD) - 2015/11/28 17:06:24 ET
Table 'Otila II' 2-max Seat #2 is the button
Seat 1: jl45259071 ($855.48 in chips)
Seat 2: aenko ($146 in chips)
aenko: posts small blind $1
jl45259071: posts big blind $3
*** HOLE CARDS ***
aenko: raises $3 to $6
jl45259071: calls $3
*** FLOP *** [8c 5s 9h]
jl45259071: checks
aenko: bets $3
jl45259071: calls $3
*** TURN *** [8c 5s 9h] [7c]
jl45259071: checks
aenko: bets $6
jl45259071: raises $6 to $12
aenko: calls $6
*** RIVER *** [8c 5s 9h 7c] [Qc]
jl45259071: bets $6
aenko: calls $6
*** SHOW DOWN ***
jl45259071: shows [3s 6s] (a straight, Five to Nine)
aenko: mucks hand
jl45259071 collected $53.50 from pot
*** SUMMARY ***
Total pot $54 | Rake $0.50
Board [8c 5s 9h 7c Qc]
Seat 1: jl45259071 (big blind) showed [3s 6s] and won ($53.50) with a straight, Five to Nine
Seat 2: aenko (button) (small blind) mucked


PokerStars Hand #144528839358:  Hold'em Limit ($3/$6 USD) - 2015/11/28 17:05:29 ET
Table 'Otila II' 2-max Seat #2 is the button
Seat 1: jl45259071 ($858.98 in chips)
Seat 2: aenko ($143.50 in chips)
aenko: posts small blind $1
jl45259071: posts big blind $3
*** HOLE CARDS ***
aenko: raises $3 to $6
jl45259071: calls $3
*** FLOP *** [2c 7s Td]
jl45259071: checks
aenko: bets $3
jl45259071: calls $3
*** TURN *** [2c 7s Td] [9s]
jl45259071: bets $6
aenko: raises $6 to $12
jl45259071: calls $6
*** RIVER *** [2c 7s Td 9s] [7h]
jl45259071: checks
aenko: bets $6
jl45259071: folds
Uncalled bet ($6) returned to aenko
aenko collected $41.50 from pot
aenko: doesn't show hand
*** SUMMARY ***
Total pot $42 | Rake $0.50
Board [2c 7s Td 9s 7h]
Seat 1: jl45259071 (big blind) folded on the River
Seat 2: aenko (button) (small blind) collected ($41.50)


PokerStars Hand #144528923196:  Hold'em Limit ($3/$6 USD) - 2015/11/28 17:07:05 ET
Table 'Otila II' 2-max Seat #2 is the button
Seat 1: jl45259071 ($854.98 in chips)
Seat 2: aenko ($146.50 in chips)
aenko: posts small blind $1
jl45259071: posts big blind $3
*** HOLE CARDS ***
aenko: folds
Uncalled bet ($2) returned to jl45259071
jl45259071 collected $2 from pot
jl45259071: doesn't show hand
*** SUMMARY ***
Total pot $2 | Rake $0
Seat 1: jl45259071 (big blind) collected ($2)
Seat 2: aenko (button) (small blind) folded before Flop


PokerStars Hand #144528904403:  Hold'em Limit ($3/$6 USD) - 2015/11/28 17:06:44 ET
Table 'Otila II' 2-max Seat #1 is the button
Seat 1: jl45259071 ($881.98 in chips)
Seat 2: aenko ($120 in chips)
jl45259071: posts small blind $1
aenko: posts big blind $3
*** HOLE CARDS ***
jl45259071: calls $2
aenko: checks
*** FLOP *** [9c 4h Ah]
aenko: checks
jl45259071: checks
*** TURN *** [9c 4h Ah] [5h]
aenko: bets $6
jl45259071: raises $6 to $12
aenko: raises $6 to $18
jl45259071: calls $6
*** RIVER *** [9c 4h Ah 5h] [Ad]
aenko: bets $6
jl45259071: calls $6
*** SHOW DOWN ***
aenko: shows [Jh 7h] (a flush, Ace high)
jl45259071: mucks hand
aenko collected $53.50 from pot
*** SUMMARY ***
Total pot $54 | Rake $0.50
Board [9c 4h Ah 5h Ad]
Seat 1: jl45259071 (button) (small blind) mucked
Seat 2: aenko (big blind) showed [Jh 7h] and won ($53.50) with a flush, Ace high


PokerStars Hand #144528928860:  Hold'em Limit ($3/$6 USD) - 2015/11/28 17:07:12 ET
Table 'Otila II' 2-max Seat #1 is the button
Seat 1: jl45259071 ($855.98 in chips)
Seat 2: aenko ($145.50 in chips)
jl45259071: posts small blind $1
aenko: posts big blind $3
*** HOLE CARDS ***
jl45259071: calls $2
aenko: checks
*** FLOP *** [2d 6s 4d]
aenko: checks
jl45259071: bets $3
aenko: calls $3
*** TURN *** [2d 6s 4d] [7c]
aenko: checks
jl45259071: bets $6
aenko: raises $6 to $12
jl45259071: raises $6 to $18
aenko: calls $6
*** RIVER *** [2d 6s 4d 7c] [Kh]
aenko: checks
jl45259071: checks
*** SHOW DOWN ***
aenko: shows [4h 7d] (two pair, Sevens and Fours)
jl45259071: mucks hand
aenko collected $47.50 from pot
*** SUMMARY ***
Total pot $48 | Rake $0.50
Board [2d 6s 4d 7c Kh]
Seat 1: jl45259071 (button) (small blind) mucked
Seat 2: aenko (big blind) showed [4h 7d] and won ($47.50) with two pair, Sevens and Fours


PokerStars Hand #144528970033:  Hold'em Limit ($3/$6 USD) - 2015/11/28 17:07:58 ET
Table 'Otila II' 2-max Seat #2 is the button
Seat 1: jl45259071 ($831.98 in chips)
Seat 2: aenko ($169 in chips)
aenko: posts small blind $1
jl45259071: posts big blind $3
*** HOLE CARDS ***
aenko: raises $3 to $6
jl45259071: calls $3
*** FLOP *** [5s 6s Qd]
jl45259071: checks
aenko: checks
*** TURN *** [5s 6s Qd] [2d]
jl45259071: bets $6
aenko: calls $6
*** RIVER *** [5s 6s Qd 2d] [4h]
jl45259071: checks
aenko: checks
*** SHOW DOWN ***
jl45259071: shows [As 2h] (a pair of Deuces)
aenko: mucks hand
jl45259071 collected $23.52 from pot
*** SUMMARY ***
Total pot $24 | Rake $0.48
Board [5s 6s Qd 2d 4h]
Seat 1: jl45259071 (big blind) showed [As 2h] and won ($23.52) with a pair of Deuces
Seat 2: aenko (button) (small blind) mucked


PokerStars Hand #144529005748:  Hold'em Limit ($3/$6 USD) - 2015/11/28 17:08:39 ET
Table 'Otila II' 2-max Seat #1 is the button
Seat 1: jl45259071 ($843.50 in chips)
Seat 2: aenko ($157 in chips)
jl45259071: posts small blind $1
aenko: posts big blind $3
*** HOLE CARDS ***
jl45259071: calls $2
aenko: raises $3 to $6
jl45259071: calls $3
*** FLOP *** [Kh 6d Kd]
aenko: bets $3
jl45259071: calls $3
*** TURN *** [Kh 6d Kd] [4d]
aenko: bets $6
jl45259071: calls $6
*** RIVER *** [Kh 6d Kd 4d] [8s]
aenko: bets $6
jl45259071: calls $6
*** SHOW DOWN ***
aenko: shows [4h 4s] (a full house, Fours full of Kings)
jl45259071: mucks hand
aenko collected $41.50 from pot
*** SUMMARY ***
Total pot $42 | Rake $0.50
Board [Kh 6d Kd 4d 8s]
Seat 1: jl45259071 (button) (small blind) mucked
Seat 2: aenko (big blind) showed [4h 4s] and won ($41.50) with a full house, Fours full of Kings


