PokerStars Hand #168835003962:  Hold'em Limit ($3/$6 USD) - 2017/04/10 6:21:09 ET
Table 'Otila' 6-max Seat #4 is the button
Seat 3: hairy1961 ($55.76 in chips)
Seat 4: MTails ($114 in chips)
MTails: posts small blind $1
hairy1961: posts big blind $3
*** HOLE CARDS ***
MTails: raises $3 to $6
hairy1961: folds
Uncalled bet ($3) returned to MTails
MTails collected $6 from pot
*** SUMMARY ***
Total pot $6 | Rake $0
Seat 3: hairy1961 (big blind) folded before Flop
Seat 4: MTails (button) (small blind) collected ($6)


PokerStars Hand #168834998090:  Hold'em Limit ($3/$6 USD) - 2017/04/10 6:20:54 ET
Table 'Otila' 6-max Seat #3 is the button
Seat 3: hairy1961 ($50 in chips)
Seat 4: MTails ($120 in chips)
hairy1961: posts small blind $1
MTails: posts big blind $3
*** HOLE CARDS ***
hairy1961: raises $3 to $6
MTails: calls $3
*** FLOP *** [Ad Ah 6d]
MTails: checks
hairy1961: bets $3
MTails: folds
Uncalled bet ($3) returned to hairy1961
hairy1961 collected $11.76 from pot
*** SUMMARY ***
Total pot $12 | Rake $0.24
Board [Ad Ah 6d]
Seat 3: hairy1961 (button) (small blind) collected ($11.76)
Seat 4: MTails (big blind) folded on the Flop


PokerStars Hand #168835006212:  Hold'em Limit ($3/$6 USD) - 2017/04/10 6:21:15 ET
Table 'Otila' 6-max Seat #3 is the button
Seat 3: hairy1961 ($52.76 in chips)
Seat 4: MTails ($117 in chips)
hairy1961: posts small blind $1
MTails: posts big blind $3
*** HOLE CARDS ***
hairy1961: raises $3 to $6
MTails: raises $3 to $9
hairy1961: calls $3
*** FLOP *** [Qd As Jc]
MTails: bets $3
hairy1961: calls $3
*** TURN *** [Qd As Jc] [7s]
MTails: checks
hairy1961: bets $6
MTails: raises $6 to $12
yayaya joins the table at seat #1
hairy1961: raises $6 to $18
MTails: calls $6
*** RIVER *** [Qd As Jc 7s] [Ah]
MTails: checks
hairy1961: bets $6
MTails: folds
Uncalled bet ($6) returned to hairy1961
hairy1961 collected $59.50 from pot
*** SUMMARY ***
Total pot $60 | Rake $0.50
Board [Qd As Jc 7s Ah]
Seat 3: hairy1961 (button) (small blind) collected ($59.50)
Seat 4: MTails (big blind) folded on the River


PokerStars Hand #168835121833:  Hold'em Limit ($3/$6 USD) - 2017/04/10 6:26:03 ET
Table 'Otila' 6-max Seat #3 is the button
Seat 1: yayaya ($155.11 in chips)
Seat 3: hairy1961 ($115.65 in chips)
hairy1961: posts small blind $1
MTails: is sitting out
yayaya: posts big blind $3
*** HOLE CARDS ***
hairy1961: raises $3 to $6
yayaya: calls $3
*** FLOP *** [Ad 2s Kh]
yayaya: checks
hairy1961: bets $3
yayaya: folds
Uncalled bet ($3) returned to hairy1961
hairy1961 collected $11.76 from pot
*** SUMMARY ***
Total pot $12 | Rake $0.24
Board [Ad 2s Kh]
Seat 1: yayaya (big blind) folded on the Flop
Seat 3: hairy1961 (button) (small blind) collected ($11.76)


PokerStars Hand #168835135428:  Hold'em Limit ($3/$6 USD) - 2017/04/10 6:26:37 ET
Table 'Otila' 6-max Seat #3 is the button
Seat 1: yayaya ($163.61 in chips)
Seat 3: hairy1961 ($106.41 in chips)
hairy1961: posts small blind $1
yayaya: posts big blind $3
*** HOLE CARDS ***
hairy1961: raises $3 to $6
yayaya: folds
Uncalled bet ($3) returned to hairy1961
hairy1961 collected $6 from pot
*** SUMMARY ***
Total pot $6 | Rake $0
Seat 1: yayaya (big blind) folded before Flop
Seat 3: hairy1961 (button) (small blind) collected ($6)


PokerStars Hand #168835140898:  Hold'em Limit ($3/$6 USD) - 2017/04/10 6:26:50 ET
Table 'Otila' 6-max Seat #3 is the button
Seat 1: yayaya ($163.61 in chips)
Seat 3: hairy1961 ($106.41 in chips)
hairy1961: posts small blind $1
yayaya: posts big blind $3
*** HOLE CARDS ***
hairy1961: folds
Uncalled bet ($2) returned to yayaya
yayaya collected $2 from pot
yayaya: doesn't show hand
*** SUMMARY ***
Total pot $2 | Rake $0
Seat 1: yayaya (big blind) collected ($2)
Seat 3: hairy1961 (button) (small blind) folded before Flop


PokerStars Hand #168835138188:  Hold'em Limit ($3/$6 USD) - 2017/04/10 6:26:44 ET
Table 'Otila' 6-max Seat #1 is the button
Seat 1: yayaya ($160.61 in chips)
Seat 3: hairy1961 ($109.41 in chips)
yayaya: posts small blind $1
hairy1961: posts big blind $3
*** HOLE CARDS ***
yayaya: raises $3 to $6
hairy1961: folds
Uncalled bet ($3) returned to yayaya
yayaya collected $6 from pot
yayaya: doesn't show hand
*** SUMMARY ***
Total pot $6 | Rake $0
Seat 1: yayaya (button) (small blind) collected ($6)
Seat 3: hairy1961 (big blind) folded before Flop


PokerStars Hand #168835126189:  Hold'em Limit ($3/$6 USD) - 2017/04/10 6:26:14 ET
Table 'Otila' 6-max Seat #1 is the button
Seat 1: yayaya ($149.11 in chips)
Seat 3: hairy1961 ($121.41 in chips)
yayaya: posts small blind $1
hairy1961: posts big blind $3
*** HOLE CARDS ***
yayaya: raises $3 to $6
hairy1961: calls $3
*** FLOP *** [Ac Qd Ks]
hairy1961: checks
yayaya: bets $3
hairy1961: calls $3
*** TURN *** [Ac Qd Ks] [2d]
hairy1961: checks
yayaya: checks
*** RIVER *** [Ac Qd Ks 2d] [Kh]
hairy1961: bets $6
yayaya: raises $6 to $12
hairy1961: folds
Uncalled bet ($6) returned to yayaya
yayaya collected $29.50 from pot
yayaya: doesn't show hand
*** SUMMARY ***
Total pot $30 | Rake $0.50
Board [Ac Qd Ks 2d Kh]
Seat 1: yayaya (button) (small blind) collected ($29.50)
Seat 3: hairy1961 (big blind) folded on the River


