PokerStars Hand #156317411352:  Hold'em Limit ($3/$6 USD) - 2016/07/22 19:07:48 ET
Table 'Otila' 6-max Seat #2 is the button
Seat 2: LOL period ($280.83 in chips)
Seat 3: Chessnok ($209.94 in chips)
LOL period: posts small blind $1
Chessnok: posts big blind $3
*** HOLE CARDS ***
LOL period: folds
Uncalled bet ($2) returned to Chessnok
Chessnok collected $2 from pot
Chessnok: doesn't show hand
*** SUMMARY ***
Total pot $2 | Rake $0
Seat 2: LOL period (button) (small blind) folded before Flop
Seat 3: Chessnok (big blind) collected ($2)


PokerStars Hand #156317402229:  Hold'em Limit ($3/$6 USD) - 2016/07/22 19:07:32 ET
Table 'Otila' 6-max Seat #3 is the button
Seat 2: LOL period ($283.83 in chips)
Seat 3: Chessnok ($206.94 in chips)
Chessnok: posts small blind $1
LOL period: posts big blind $3
*** HOLE CARDS ***
Chessnok: raises $3 to $6
LOL period: folds
Uncalled bet ($3) returned to Chessnok
Chessnok collected $6 from pot
Chessnok: doesn't show hand
*** SUMMARY ***
Total pot $6 | Rake $0
Seat 2: LOL period (big blind) folded before Flop
Seat 3: Chessnok (button) (small blind) collected ($6)


