PokerStars Hand #144921932145:  Hold'em Limit ($3/$6 USD) - 2015/12/06 13:22:42 ET
Table 'Otila II' 2-max Seat #1 is the button
Seat 1: elifnur2008 ($107.02 in chips)
Seat 2: sajajin267 ($22.97 in chips)
elifnur2008: posts small blind $1
sajajin267: posts big blind $3
*** HOLE CARDS ***
elifnur2008: raises $3 to $6
sajajin267: raises $3 to $9
elifnur2008: calls $3
*** FLOP *** [6s As Ks]
sajajin267: bets $3
elifnur2008: calls $3
*** TURN *** [6s As Ks] [Kc]
sajajin267: checks
elifnur2008: bets $6
sajajin267: folds
Uncalled bet ($6) returned to elifnur2008
elifnur2008 collected $23.52 from pot
elifnur2008: doesn't show hand
*** SUMMARY ***
Total pot $24 | Rake $0.48
Board [6s As Ks Kc]
Seat 1: elifnur2008 (button) (small blind) collected ($23.52)
Seat 2: sajajin267 (big blind) folded on the Turn


PokerStars Hand #144921910285:  Hold'em Limit ($3/$6 USD) - 2015/12/06 13:22:21 ET
Table 'Otila II' 2-max Seat #2 is the button
Seat 1: elifnur2008 ($95.50 in chips)
Seat 2: sajajin267 ($34.97 in chips)
sajajin267: posts small blind $1
elifnur2008: posts big blind $3
*** HOLE CARDS ***
sajajin267: raises $3 to $6
elifnur2008: calls $3
*** FLOP *** [8c Th Qc]
elifnur2008: checks
sajajin267: bets $3
elifnur2008: raises $3 to $6
sajajin267: calls $3
*** TURN *** [8c Th Qc] [6d]
elifnur2008: bets $6
sajajin267: folds
Uncalled bet ($6) returned to elifnur2008
elifnur2008 collected $23.52 from pot
elifnur2008: doesn't show hand
*** SUMMARY ***
Total pot $24 | Rake $0.48
Board [8c Th Qc 6d]
Seat 1: elifnur2008 (big blind) collected ($23.52)
Seat 2: sajajin267 (button) (small blind) folded on the Turn


PokerStars Hand #144921963044:  Hold'em Limit ($3/$6 USD) - 2015/12/06 13:23:12 ET
Table 'Otila II' 2-max Seat #1 is the button
Seat 1: elifnur2008 ($115.54 in chips)
Seat 2: sajajin267 ($13.97 in chips)
elifnur2008: posts small blind $1
sajajin267: posts big blind $3
*** HOLE CARDS ***
elifnur2008: raises $3 to $6
sajajin267: raises $3 to $9
elifnur2008: raises $3 to $12
Betting is capped
sajajin267: calls $3
*** FLOP *** [Qs Ac Qd]
sajajin267: bets $1.97 and is all-in
elifnur2008: calls $1.97
*** TURN *** [Qs Ac Qd] [5c]
*** RIVER *** [Qs Ac Qd 5c] [6d]
*** SHOW DOWN ***
sajajin267: shows [Kh 2h] (a pair of Queens)
elifnur2008: shows [As 3s] (two pair, Aces and Queens)
elifnur2008 collected $27.44 from pot
*** SUMMARY ***
Total pot $27.94 | Rake $0.50
Board [Qs Ac Qd 5c 6d]
Seat 1: elifnur2008 (button) (small blind) showed [As 3s] and won ($27.44) with two pair, Aces and Queens
Seat 2: sajajin267 (big blind) showed [Kh 2h] and lost with a pair of Queens


PokerStars Hand #144921952525:  Hold'em Limit ($3/$6 USD) - 2015/12/06 13:23:02 ET
Table 'Otila II' 2-max Seat #2 is the button
Seat 1: elifnur2008 ($118.54 in chips)
Seat 2: sajajin267 ($10.97 in chips)
sajajin267: posts small blind $1
elifnur2008: posts big blind $3
*** HOLE CARDS ***
sajajin267: raises $3 to $6
elifnur2008: folds
Uncalled bet ($3) returned to sajajin267
sajajin267 collected $6 from pot
sajajin267: doesn't show hand
*** SUMMARY ***
Total pot $6 | Rake $0
Seat 1: elifnur2008 (big blind) folded before Flop
Seat 2: sajajin267 (button) (small blind) collected ($6)


PokerStars Hand #144922295054:  Hold'em Limit ($3/$6 USD) - 2015/12/06 13:28:34 ET
Table 'Otila II' 2-max Seat #2 is the button
Seat 1: elifnur2008 ($146.51 in chips)
Seat 2: zidane624 ($23.21 in chips)
zidane624: posts small blind $1
elifnur2008: posts big blind $3
*** HOLE CARDS ***
zidane624: raises $3 to $6
elifnur2008: raises $3 to $9
zidane624: raises $3 to $12
Betting is capped
elifnur2008: calls $3
*** FLOP *** [5c 4d Kh]
elifnur2008: checks
zidane624: bets $3
elifnur2008: calls $3
*** TURN *** [5c 4d Kh] [Jh]
elifnur2008: checks
zidane624: checks
*** RIVER *** [5c 4d Kh Jh] [Qd]
elifnur2008: checks
zidane624: bets $6
elifnur2008: raises $6 to $12
zidane624: calls $2.21 and is all-in
Uncalled bet ($3.79) returned to elifnur2008
*** SHOW DOWN ***
elifnur2008: shows [Tc 9c] (a straight, Nine to King)
zidane624: shows [9s Ts] (a straight, Nine to King)
elifnur2008 collected $22.96 from pot
zidane624 collected $22.96 from pot
*** SUMMARY ***
Total pot $46.42 | Rake $0.50
Board [5c 4d Kh Jh Qd]
Seat 1: elifnur2008 (big blind) showed [Tc 9c] and won ($22.96) with a straight, Nine to King
Seat 2: zidane624 (button) (small blind) showed [9s Ts] and won ($22.96) with a straight, Nine to King


PokerStars Hand #144922375375:  Hold'em Limit ($3/$6 USD) - 2015/12/06 13:29:52 ET
Table 'Otila II' 2-max Seat #1 is the button
Seat 1: elifnur2008 ($90.30 in chips)
Seat 2: zidane624 ($77.92 in chips)
elifnur2008: posts small blind $1
zidane624: posts big blind $3
*** HOLE CARDS ***
elifnur2008: folds
Uncalled bet ($2) returned to zidane624
zidane624 collected $2 from pot
zidane624: doesn't show hand
*** SUMMARY ***
Total pot $2 | Rake $0
Seat 1: elifnur2008 (button) (small blind) folded before Flop
Seat 2: zidane624 (big blind) collected ($2)


PokerStars Hand #144922346831:  Hold'em Limit ($3/$6 USD) - 2015/12/06 13:29:24 ET
Table 'Otila II' 2-max Seat #2 is the button
Seat 1: elifnur2008 ($123.30 in chips)
Seat 2: zidane624 ($45.42 in chips)
zidane624: posts small blind $1
elifnur2008: posts big blind $3
*** HOLE CARDS ***
zidane624: raises $3 to $6
elifnur2008: raises $3 to $9
zidane624: calls $3
*** FLOP *** [3c 7h 9h]
elifnur2008: bets $3
zidane624: raises $3 to $6
elifnur2008: calls $3
*** TURN *** [3c 7h 9h] [9c]
elifnur2008: checks
zidane624: bets $6
elifnur2008: calls $6
*** RIVER *** [3c 7h 9h 9c] [5c]
elifnur2008: checks
zidane624: bets $6
elifnur2008: raises $6 to $12
zidane624: calls $6
*** SHOW DOWN ***
elifnur2008: shows [8s Th] (a pair of Nines)
zidane624: shows [6h 7s] (two pair, Nines and Sevens)
zidane624 collected $65.50 from pot
*** SUMMARY ***
Total pot $66 | Rake $0.50
Board [3c 7h 9h 9c 5c]
Seat 1: elifnur2008 (big blind) showed [8s Th] and lost with a pair of Nines
Seat 2: zidane624 (button) (small blind) showed [6h 7s] and won ($65.50) with two pair, Nines and Sevens


PokerStars Hand #144922321963:  Hold'em Limit ($3/$6 USD) - 2015/12/06 13:29:00 ET
Table 'Otila II' 2-max Seat #1 is the button
Seat 1: elifnur2008 ($146.26 in chips)
Seat 2: zidane624 ($22.96 in chips)
elifnur2008: posts small blind $1
zidane624: posts big blind $3
*** HOLE CARDS ***
elifnur2008: raises $3 to $6
zidane624: raises $3 to $9
elifnur2008: raises $3 to $12
Betting is capped
zidane624: calls $3
*** FLOP *** [Qd 2c 8d]
zidane624: bets $3
elifnur2008: calls $3
*** TURN *** [Qd 2c 8d] [Ks]
zidane624: bets $6
elifnur2008: raises $6 to $12
zidane624: calls $1.96 and is all-in
Uncalled bet ($4.04) returned to elifnur2008
*** RIVER *** [Qd 2c 8d Ks] [4c]
*** SHOW DOWN ***
zidane624: shows [Ah 4d] (a pair of Fours)
elifnur2008: shows [9h Ac] (high card Ace)
zidane624 collected $45.42 from pot
*** SUMMARY ***
Total pot $45.92 | Rake $0.50
Board [Qd 2c 8d Ks 4c]
Seat 1: elifnur2008 (button) (small blind) showed [9h Ac] and lost with high card Ace
Seat 2: zidane624 (big blind) showed [Ah 4d] and won ($45.42) with a pair of Fours


PokerStars Hand #144922430234:  Hold'em Limit ($3/$6 USD) - 2015/12/06 13:30:47 ET
Table 'Otila II' 2-max Seat #1 is the button
Seat 1: elifnur2008 ($126.30 in chips)
Seat 2: zidane624 ($40.92 in chips)
elifnur2008: posts small blind $1
zidane624: posts big blind $3
*** HOLE CARDS ***
elifnur2008: raises $3 to $6
zidane624: raises $3 to $9
elifnur2008: raises $3 to $12
Betting is capped
zidane624: calls $3
*** FLOP *** [2d 5d 2c]
zidane624: bets $3
elifnur2008: raises $3 to $6
zidane624: calls $3
*** TURN *** [2d 5d 2c] [6s]
zidane624: bets $6
elifnur2008: calls $6
*** RIVER *** [2d 5d 2c 6s] [Jd]
zidane624: bets $6
elifnur2008: calls $6
*** SHOW DOWN ***
zidane624: shows [9d Ts] (a pair of Deuces)
elifnur2008: shows [Qh Qs] (two pair, Queens and Deuces)
elifnur2008 collected $59.50 from pot
*** SUMMARY ***
Total pot $60 | Rake $0.50
Board [2d 5d 2c 6s Jd]
Seat 1: elifnur2008 (button) (small blind) showed [Qh Qs] and won ($59.50) with two pair, Queens and Deuces
Seat 2: zidane624 (big blind) showed [9d Ts] and lost with a pair of Deuces


PokerStars Hand #144922411606:  Hold'em Limit ($3/$6 USD) - 2015/12/06 13:30:28 ET
Table 'Otila II' 2-max Seat #2 is the button
Seat 1: elifnur2008 ($108.80 in chips)
Seat 2: zidane624 ($58.92 in chips)
zidane624: posts small blind $1
elifnur2008: posts big blind $3
*** HOLE CARDS ***
zidane624: raises $3 to $6
elifnur2008: raises $3 to $9
zidane624: calls $3
*** FLOP *** [8s Ac 3s]
elifnur2008: bets $3
zidane624: calls $3
*** TURN *** [8s Ac 3s] [Ah]
elifnur2008: bets $6
zidane624: calls $6
*** RIVER *** [8s Ac 3s Ah] [9h]
elifnur2008: bets $6
zidane624: folds
Uncalled bet ($6) returned to elifnur2008
elifnur2008 collected $35.50 from pot
elifnur2008: doesn't show hand
*** SUMMARY ***
Total pot $36 | Rake $0.50
Board [8s Ac 3s Ah 9h]
Seat 1: elifnur2008 (big blind) collected ($35.50)
Seat 2: zidane624 (button) (small blind) folded on the River


PokerStars Hand #144922407247:  Hold'em Limit ($3/$6 USD) - 2015/12/06 13:30:24 ET
Table 'Otila II' 2-max Seat #1 is the button
Seat 1: elifnur2008 ($109.80 in chips)
Seat 2: zidane624 ($57.92 in chips)
elifnur2008: posts small blind $1
zidane624: posts big blind $3
*** HOLE CARDS ***
elifnur2008: folds
Uncalled bet ($2) returned to zidane624
zidane624 collected $2 from pot
zidane624: doesn't show hand
*** SUMMARY ***
Total pot $2 | Rake $0
Seat 1: elifnur2008 (button) (small blind) folded before Flop
Seat 2: zidane624 (big blind) collected ($2)


PokerStars Hand #144922380332:  Hold'em Limit ($3/$6 USD) - 2015/12/06 13:29:57 ET
Table 'Otila II' 2-max Seat #2 is the button
Seat 1: elifnur2008 ($89.30 in chips)
Seat 2: zidane624 ($78.92 in chips)
zidane624: posts small blind $1
elifnur2008: posts big blind $3
*** HOLE CARDS ***
zidane624: raises $3 to $6
elifnur2008: calls $3
*** FLOP *** [6c 7s Kh]
elifnur2008: checks
zidane624: bets $3
elifnur2008: calls $3
*** TURN *** [6c 7s Kh] [6h]
elifnur2008: checks
zidane624: bets $6
elifnur2008: raises $6 to $12
zidane624: calls $6
*** RIVER *** [6c 7s Kh 6h] [3h]
elifnur2008: bets $6
zidane624: folds
Uncalled bet ($6) returned to elifnur2008
elifnur2008 collected $41.50 from pot
elifnur2008: doesn't show hand
*** SUMMARY ***
Total pot $42 | Rake $0.50
Board [6c 7s Kh 6h 3h]
Seat 1: elifnur2008 (big blind) collected ($41.50)
Seat 2: zidane624 (button) (small blind) folded on the River


PokerStars Hand #144922467787:  Hold'em Limit ($3/$6 USD) - 2015/12/06 13:31:23 ET
Table 'Otila II' 2-max Seat #1 is the button
Seat 1: elifnur2008 ($149.80 in chips)
Seat 2: zidane624 ($16.68 in chips)
elifnur2008: posts small blind $1
zidane624: posts big blind $3
*** HOLE CARDS ***
elifnur2008: raises $3 to $6
zidane624: raises $3 to $9
elifnur2008: calls $3
*** FLOP *** [7c 9s 7s]
zidane624: bets $3
elifnur2008: raises $3 to $6
zidane624: raises $1.68 to $7.68 and is all-in
elifnur2008: calls $1.68
*** TURN *** [7c 9s 7s] [Qd]
*** RIVER *** [7c 9s 7s Qd] [2s]
*** SHOW DOWN ***
zidane624: shows [5c 6h] (a pair of Sevens)
elifnur2008: shows [6s As] (a flush, Ace high)
elifnur2008 collected $32.86 from pot
*** SUMMARY ***
Total pot $33.36 | Rake $0.50
Board [7c 9s 7s Qd 2s]
Seat 1: elifnur2008 (button) (small blind) showed [6s As] and won ($32.86) with a flush, Ace high
Seat 2: zidane624 (big blind) showed [5c 6h] and lost with a pair of Sevens


PokerStars Hand #144922455394:  Hold'em Limit ($3/$6 USD) - 2015/12/06 13:31:11 ET
Table 'Otila II' 2-max Seat #2 is the button
Seat 1: elifnur2008 ($155.80 in chips)
Seat 2: zidane624 ($10.92 in chips)
zidane624: posts small blind $1
elifnur2008: posts big blind $3
*** HOLE CARDS ***
zidane624: raises $3 to $6
elifnur2008: calls $3
*** FLOP *** [Ah Js Th]
elifnur2008: checks
zidane624: bets $3
elifnur2008: folds
Uncalled bet ($3) returned to zidane624
zidane624 collected $11.76 from pot
zidane624: doesn't show hand
*** SUMMARY ***
Total pot $12 | Rake $0.24
Board [Ah Js Th]
Seat 1: elifnur2008 (big blind) folded on the Flop
Seat 2: zidane624 (button) (small blind) collected ($11.76)


