PokerStars Hand #166399410222:  Hold'em Limit ($3/$6 USD) - 2017/02/18 11:06:16 ET
Table 'Otila' 6-max Seat #1 is the button
Seat 1: Great_Kang ($148.66 in chips)
Seat 6: ManuelSikora ($102.72 in chips)
Great_Kang: posts small blind $1
ManuelSikora: posts big blind $3
*** HOLE CARDS ***
Great_Kang: raises $3 to $6
ManuelSikora: calls $3
*** FLOP *** [7d Jh 3d]
ManuelSikora: checks
Great_Kang: checks
*** TURN *** [7d Jh 3d] [7c]
ManuelSikora: checks
Great_Kang: checks
*** RIVER *** [7d Jh 3d 7c] [3s]
ManuelSikora: checks
Great_Kang: checks
*** SHOW DOWN ***
ManuelSikora: shows [Qh 4s] (two pair, Sevens and Threes)
Great_Kang: shows [Ts Qd] (two pair, Sevens and Threes)
ManuelSikora collected $5.88 from pot
Great_Kang collected $5.88 from pot
*** SUMMARY ***
Total pot $12 | Rake $0.24
Board [7d Jh 3d 7c 3s]
Seat 1: Great_Kang (button) (small blind) showed [Ts Qd] and won ($5.88) with two pair, Sevens and Threes
Seat 6: ManuelSikora (big blind) showed [Qh 4s] and won ($5.88) with two pair, Sevens and Threes


PokerStars Hand #166399430003:  Hold'em Limit ($3/$6 USD) - 2017/02/18 11:06:41 ET
Table 'Otila' 6-max Seat #6 is the button
Seat 1: Great_Kang ($148.54 in chips)
Seat 6: ManuelSikora ($102.60 in chips)
ManuelSikora: posts small blind $1
Great_Kang: posts big blind $3
*** HOLE CARDS ***
ManuelSikora: raises $3 to $6
Great_Kang: calls $3
*** FLOP *** [9s Ts Kd]
Great_Kang: checks
ManuelSikora: checks
*** TURN *** [9s Ts Kd] [9d]
Great_Kang: checks
ManuelSikora: checks
*** RIVER *** [9s Ts Kd 9d] [7s]
Great_Kang: checks
ManuelSikora: checks
*** SHOW DOWN ***
Great_Kang: shows [Ah 8c] (a pair of Nines)
ManuelSikora: mucks hand
Great_Kang collected $11.76 from pot
*** SUMMARY ***
Total pot $12 | Rake $0.24
Board [9s Ts Kd 9d 7s]
Seat 1: Great_Kang (big blind) showed [Ah 8c] and won ($11.76) with a pair of Nines
Seat 6: ManuelSikora (button) (small blind) mucked


PokerStars Hand #166399398776:  Hold'em Limit ($3/$6 USD) - 2017/02/18 11:06:01 ET
Table 'Otila' 6-max Seat #6 is the button
Seat 1: Great_Kang ($140.02 in chips)
Seat 6: ManuelSikora ($111.72 in chips)
ManuelSikora: posts small blind $1
Great_Kang: posts big blind $3
*** HOLE CARDS ***
ManuelSikora: raises $3 to $6
Great_Kang: calls $3
*** FLOP *** [2s 7h 8d]
Great_Kang: checks
ManuelSikora: bets $3
Great_Kang: calls $3
*** TURN *** [2s 7h 8d] [As]
Great_Kang: checks
ManuelSikora: checks
*** RIVER *** [2s 7h 8d As] [2d]
Great_Kang: checks
ManuelSikora: checks
*** SHOW DOWN ***
Great_Kang: shows [7s 5d] (two pair, Sevens and Deuces)
ManuelSikora: mucks hand
Great_Kang collected $17.64 from pot
*** SUMMARY ***
Total pot $18 | Rake $0.36
Board [2s 7h 8d As 2d]
Seat 1: Great_Kang (big blind) showed [7s 5d] and won ($17.64) with two pair, Sevens and Deuces
Seat 6: ManuelSikora (button) (small blind) mucked


PokerStars Hand #166399450875:  Hold'em Limit ($3/$6 USD) - 2017/02/18 11:07:07 ET
Table 'Otila' 6-max Seat #6 is the button
Seat 1: Great_Kang ($153.30 in chips)
Seat 6: ManuelSikora ($97.60 in chips)
ManuelSikora: posts small blind $1
Great_Kang: posts big blind $3
*** HOLE CARDS ***
ManuelSikora: raises $3 to $6
Great_Kang: calls $3
*** FLOP *** [7c 2s Qs]
Great_Kang: checks
ManuelSikora: checks
*** TURN *** [7c 2s Qs] [Kd]
Great_Kang: checks
ManuelSikora: bets $6
Great_Kang: folds
Uncalled bet ($6) returned to ManuelSikora
ManuelSikora collected $11.76 from pot
ManuelSikora: doesn't show hand
*** SUMMARY ***
Total pot $12 | Rake $0.24
Board [7c 2s Qs Kd]
Seat 1: Great_Kang (big blind) folded on the Turn
Seat 6: ManuelSikora (button) (small blind) collected ($11.76)


PokerStars Hand #166399464923:  Hold'em Limit ($3/$6 USD) - 2017/02/18 11:07:26 ET
Table 'Otila' 6-max Seat #1 is the button
Seat 1: Great_Kang ($147.30 in chips)
Seat 6: ManuelSikora ($103.36 in chips)
Great_Kang: posts small blind $1
ManuelSikora: posts big blind $3
*** HOLE CARDS ***
Great_Kang: raises $3 to $6
ManuelSikora: raises $3 to $9
Great_Kang: calls $3
*** FLOP *** [6d 9h 7s]
ManuelSikora: bets $3
Great_Kang: calls $3
*** TURN *** [6d 9h 7s] [4s]
ManuelSikora: checks
Great_Kang: bets $6
ManuelSikora: folds
Uncalled bet ($6) returned to Great_Kang
Great_Kang collected $23.52 from pot
Great_Kang: doesn't show hand
*** SUMMARY ***
Total pot $24 | Rake $0.48
Board [6d 9h 7s 4s]
Seat 1: Great_Kang (button) (small blind) collected ($23.52)
Seat 6: ManuelSikora (big blind) folded on the Turn


PokerStars Hand #166399486582:  Hold'em Limit ($3/$6 USD) - 2017/02/18 11:07:53 ET
Table 'Otila' 6-max Seat #6 is the button
Seat 1: Great_Kang ($158.82 in chips)
Seat 6: ManuelSikora ($91.36 in chips)
ManuelSikora: posts small blind $1
Great_Kang: posts big blind $3
*** HOLE CARDS ***
ManuelSikora: raises $3 to $6
Great_Kang: calls $3
*** FLOP *** [4c 8h 3d]
Great_Kang: checks
ManuelSikora: bets $3
Great_Kang: raises $3 to $6
ManuelSikora: raises $3 to $9
Great_Kang: calls $3
*** TURN *** [4c 8h 3d] [Ts]
Great_Kang: checks
ManuelSikora: checks
*** RIVER *** [4c 8h 3d Ts] [7d]
Great_Kang: checks
ManuelSikora: bets $6
Great_Kang: calls $6
*** SHOW DOWN ***
ManuelSikora: shows [8c 8s] (three of a kind, Eights)
Great_Kang: mucks hand
ManuelSikora collected $41.50 from pot
*** SUMMARY ***
Total pot $42 | Rake $0.50
Board [4c 8h 3d Ts 7d]
Seat 1: Great_Kang (big blind) mucked
Seat 6: ManuelSikora (button) (small blind) showed [8c 8s] and won ($41.50) with three of a kind, Eights


PokerStars Hand #166399523234:  Hold'em Limit ($3/$6 USD) - 2017/02/18 11:08:33 ET
Table 'Otila' 6-max Seat #6 is the button
Seat 1: Great_Kang ($136.82 in chips)
Seat 6: ManuelSikora ($112.86 in chips)
ManuelSikora: posts small blind $1
Great_Kang: posts big blind $3
*** HOLE CARDS ***
ManuelSikora: calls $2
Great_Kang: raises $3 to $6
ManuelSikora: calls $3
*** FLOP *** [4c 6s 2d]
Great_Kang: bets $3
ManuelSikora: calls $3
*** TURN *** [4c 6s 2d] [3d]
Great_Kang: bets $6
ManuelSikora: calls $6
*** RIVER *** [4c 6s 2d 3d] [6c]
Great_Kang: bets $6
ManuelSikora: raises $6 to $12
Great_Kang: calls $6
*** SHOW DOWN ***
ManuelSikora: shows [Ad 5c] (a straight, Deuce to Six)
Great_Kang: mucks hand
ManuelSikora collected $53.50 from pot
*** SUMMARY ***
Total pot $54 | Rake $0.50
Board [4c 6s 2d 3d 6c]
Seat 1: Great_Kang (big blind) mucked
Seat 6: ManuelSikora (button) (small blind) showed [Ad 5c] and won ($53.50) with a straight, Deuce to Six


PokerStars Hand #166399552166:  Hold'em Limit ($3/$6 USD) - 2017/02/18 11:09:10 ET
Table 'Otila' 6-max Seat #6 is the button
Seat 1: Great_Kang ($131.52 in chips)
Seat 6: ManuelSikora ($127.36 in chips)
ManuelSikora: posts small blind $1
Great_Kang: posts big blind $3
*** HOLE CARDS ***
ManuelSikora: raises $3 to $6
Great_Kang: calls $3
*** FLOP *** [Td Ac Qs]
Great_Kang: checks
ManuelSikora: checks
*** TURN *** [Td Ac Qs] [6s]
Great_Kang: checks
ManuelSikora: checks
*** RIVER *** [Td Ac Qs 6s] [6c]
Great_Kang: checks
ManuelSikora: bets $6
Great_Kang: calls $6
*** SHOW DOWN ***
ManuelSikora: shows [Qc 8h] (two pair, Queens and Sixes)
Great_Kang: mucks hand
ManuelSikora collected $23.52 from pot
*** SUMMARY ***
Total pot $24 | Rake $0.48
Board [Td Ac Qs 6s 6c]
Seat 1: Great_Kang (big blind) mucked
Seat 6: ManuelSikora (button) (small blind) showed [Qc 8h] and won ($23.52) with two pair, Queens and Sixes


PokerStars Hand #166399564765:  Hold'em Limit ($3/$6 USD) - 2017/02/18 11:09:26 ET
Table 'Otila' 6-max Seat #1 is the button
Seat 1: Great_Kang ($120 in chips)
Seat 6: ManuelSikora ($138.88 in chips)
Great_Kang: posts small blind $1
ManuelSikora: posts big blind $3
*** HOLE CARDS ***
Great_Kang: raises $3 to $6
ManuelSikora: calls $3
*** FLOP *** [7c 8s 9c]
ManuelSikora: bets $3
Great_Kang: calls $3
*** TURN *** [7c 8s 9c] [Qs]
ManuelSikora: bets $6
Great_Kang: raises $6 to $12
ManuelSikora: calls $6
*** RIVER *** [7c 8s 9c Qs] [8c]
ManuelSikora: checks
Great_Kang: bets $6
ManuelSikora: folds
Uncalled bet ($6) returned to Great_Kang
Great_Kang collected $41.50 from pot
Great_Kang: doesn't show hand
*** SUMMARY ***
Total pot $42 | Rake $0.50
Board [7c 8s 9c Qs 8c]
Seat 1: Great_Kang (button) (small blind) collected ($41.50)
Seat 6: ManuelSikora (big blind) folded on the River


PokerStars Hand #166399536311:  Hold'em Limit ($3/$6 USD) - 2017/02/18 11:08:50 ET
Table 'Otila' 6-max Seat #1 is the button
Seat 1: Great_Kang ($120 in chips)
Seat 6: ManuelSikora ($139.36 in chips)
Great_Kang: posts small blind $1
ManuelSikora: posts big blind $3
*** HOLE CARDS ***
Great_Kang: raises $3 to $6
ManuelSikora: calls $3
*** FLOP *** [5h 4d 2h]
ManuelSikora: bets $3
Great_Kang: raises $3 to $6
ManuelSikora: calls $3
*** TURN *** [5h 4d 2h] [Jh]
ManuelSikora: checks
Great_Kang: bets $6
ManuelSikora: folds
Uncalled bet ($6) returned to Great_Kang
Great_Kang collected $23.52 from pot
Great_Kang: doesn't show hand
*** SUMMARY ***
Total pot $24 | Rake $0.48
Board [5h 4d 2h Jh]
Seat 1: Great_Kang (button) (small blind) collected ($23.52)
Seat 6: ManuelSikora (big blind) folded on the Turn


PokerStars Hand #166399580419:  Hold'em Limit ($3/$6 USD) - 2017/02/18 11:09:46 ET
Table 'Otila' 6-max Seat #6 is the button
Seat 1: Great_Kang ($140.50 in chips)
Seat 6: ManuelSikora ($117.88 in chips)
ManuelSikora: posts small blind $1
Great_Kang: posts big blind $3
*** HOLE CARDS ***
ManuelSikora: raises $3 to $6
Great_Kang: calls $3
*** FLOP *** [As 4h 7c]
Great_Kang: checks
ManuelSikora: checks
*** TURN *** [As 4h 7c] [5d]
Great_Kang: bets $6
ManuelSikora: calls $6
*** RIVER *** [As 4h 7c 5d] [3s]
Great_Kang: bets $6
ManuelSikora: calls $6
*** SHOW DOWN ***
Great_Kang: shows [9s 6h] (a straight, Three to Seven)
ManuelSikora: mucks hand
Great_Kang collected $35.50 from pot
*** SUMMARY ***
Total pot $36 | Rake $0.50
Board [As 4h 7c 5d 3s]
Seat 1: Great_Kang (big blind) showed [9s 6h] and won ($35.50) with a straight, Three to Seven
Seat 6: ManuelSikora (button) (small blind) mucked


PokerStars Hand #166399610182:  Hold'em Limit ($3/$6 USD) - 2017/02/18 11:10:25 ET
Table 'Otila' 6-max Seat #1 is the button
Seat 1: Great_Kang ($158 in chips)
Seat 6: ManuelSikora ($99.88 in chips)
Great_Kang: posts small blind $1
ManuelSikora: posts big blind $3
*** HOLE CARDS ***
Great_Kang: raises $3 to $6
ManuelSikora: calls $3
*** FLOP *** [Js 3c 7s]
ManuelSikora: bets $3
Great_Kang: folds
Uncalled bet ($3) returned to ManuelSikora
ManuelSikora collected $11.76 from pot
ManuelSikora: doesn't show hand
*** SUMMARY ***
Total pot $12 | Rake $0.24
Board [Js 3c 7s]
Seat 1: Great_Kang (button) (small blind) folded on the Flop
Seat 6: ManuelSikora (big blind) collected ($11.76)


PokerStars Hand #166399618049:  Hold'em Limit ($3/$6 USD) - 2017/02/18 11:10:35 ET
Table 'Otila' 6-max Seat #6 is the button
Seat 1: Great_Kang ($152 in chips)
Seat 6: ManuelSikora ($105.64 in chips)
ManuelSikora: posts small blind $1
Great_Kang: posts big blind $3
*** HOLE CARDS ***
ManuelSikora: raises $3 to $6
Great_Kang: calls $3
*** FLOP *** [9d Td Qh]
Great_Kang: checks
ManuelSikora: checks
*** TURN *** [9d Td Qh] [Qd]
Great_Kang: checks
ManuelSikora: checks
*** RIVER *** [9d Td Qh Qd] [5d]
Great_Kang: checks
ManuelSikora: bets $6
Great_Kang: calls $6
*** SHOW DOWN ***
ManuelSikora: shows [3d 6c] (a flush, Queen high)
Great_Kang: mucks hand
ManuelSikora collected $23.52 from pot
*** SUMMARY ***
Total pot $24 | Rake $0.48
Board [9d Td Qh Qd 5d]
Seat 1: Great_Kang (big blind) mucked
Seat 6: ManuelSikora (button) (small blind) showed [3d 6c] and won ($23.52) with a flush, Queen high


PokerStars Hand #166399633927:  Hold'em Limit ($3/$6 USD) - 2017/02/18 11:10:55 ET
Table 'Otila' 6-max Seat #1 is the button
Seat 1: Great_Kang ($140 in chips)
Seat 6: ManuelSikora ($117.16 in chips)
Great_Kang: posts small blind $1
ManuelSikora: posts big blind $3
*** HOLE CARDS ***
Great_Kang: raises $3 to $6
ManuelSikora: raises $3 to $9
Great_Kang: calls $3
*** FLOP *** [4d 4c 2s]
ManuelSikora: bets $3
Great_Kang: folds
Uncalled bet ($3) returned to ManuelSikora
ManuelSikora collected $17.64 from pot
ManuelSikora: doesn't show hand
*** SUMMARY ***
Total pot $18 | Rake $0.36
Board [4d 4c 2s]
Seat 1: Great_Kang (button) (small blind) folded on the Flop
Seat 6: ManuelSikora (big blind) collected ($17.64)


PokerStars Hand #166399644020:  Hold'em Limit ($3/$6 USD) - 2017/02/18 11:11:08 ET
Table 'Otila' 6-max Seat #6 is the button
Seat 1: Great_Kang ($131 in chips)
Seat 6: ManuelSikora ($125.80 in chips)
ManuelSikora: posts small blind $1
Great_Kang: posts big blind $3
*** HOLE CARDS ***
ManuelSikora: raises $3 to $6
Great_Kang: calls $3
*** FLOP *** [2s 7d 8h]
Great_Kang: checks
ManuelSikora: bets $3
Great_Kang: raises $3 to $6
ManuelSikora: calls $3
*** TURN *** [2s 7d 8h] [Ad]
Great_Kang: checks
ManuelSikora: checks
*** RIVER *** [2s 7d 8h Ad] [Ah]
Great_Kang: bets $6
ManuelSikora: calls $6
*** SHOW DOWN ***
Great_Kang: shows [4s 8s] (two pair, Aces and Eights)
ManuelSikora: mucks hand
Great_Kang collected $35.50 from pot
*** SUMMARY ***
Total pot $36 | Rake $0.50
Board [2s 7d 8h Ad Ah]
Seat 1: Great_Kang (big blind) showed [4s 8s] and won ($35.50) with two pair, Aces and Eights
Seat 6: ManuelSikora (button) (small blind) mucked


PokerStars Hand #166399663827:  Hold'em Limit ($3/$6 USD) - 2017/02/18 11:11:33 ET
Table 'Otila' 6-max Seat #1 is the button
Seat 1: Great_Kang ($148.50 in chips)
Seat 6: ManuelSikora ($107.80 in chips)
Great_Kang: posts small blind $1
ManuelSikora: posts big blind $3
*** HOLE CARDS ***
Great_Kang: folds
Uncalled bet ($2) returned to ManuelSikora
ManuelSikora collected $2 from pot
ManuelSikora: doesn't show hand
*** SUMMARY ***
Total pot $2 | Rake $0
Seat 1: Great_Kang (button) (small blind) folded before Flop
Seat 6: ManuelSikora (big blind) collected ($2)


PokerStars Hand #166399668419:  Hold'em Limit ($3/$6 USD) - 2017/02/18 11:11:39 ET
Table 'Otila' 6-max Seat #6 is the button
Seat 1: Great_Kang ($147.50 in chips)
Seat 6: ManuelSikora ($108.80 in chips)
ManuelSikora: posts small blind $1
Great_Kang: posts big blind $3
*** HOLE CARDS ***
ManuelSikora: raises $3 to $6
Great_Kang: calls $3
*** FLOP *** [7c 6s Kc]
Great_Kang: checks
ManuelSikora: checks
*** TURN *** [7c 6s Kc] [9h]
Great_Kang: bets $6
ManuelSikora: calls $6
*** RIVER *** [7c 6s Kc 9h] [6h]
Great_Kang: bets $6
ManuelSikora: calls $6
*** SHOW DOWN ***
Great_Kang: shows [5d 9s] (two pair, Nines and Sixes)
ManuelSikora: mucks hand
Great_Kang collected $35.50 from pot
*** SUMMARY ***
Total pot $36 | Rake $0.50
Board [7c 6s Kc 9h 6h]
Seat 1: Great_Kang (big blind) showed [5d 9s] and won ($35.50) with two pair, Nines and Sixes
Seat 6: ManuelSikora (button) (small blind) mucked


PokerStars Hand #166399682710:  Hold'em Limit ($3/$6 USD) - 2017/02/18 11:11:57 ET
Table 'Otila' 6-max Seat #1 is the button
Seat 1: Great_Kang ($165 in chips)
Seat 6: ManuelSikora ($90.80 in chips)
Great_Kang: posts small blind $1
ManuelSikora: posts big blind $3
*** HOLE CARDS ***
Great_Kang: raises $3 to $6
ManuelSikora: calls $3
*** FLOP *** [Qc 4h Th]
ManuelSikora: checks
Great_Kang: bets $3
ManuelSikora: folds
Uncalled bet ($3) returned to Great_Kang
Great_Kang collected $11.76 from pot
Great_Kang: doesn't show hand
*** SUMMARY ***
Total pot $12 | Rake $0.24
Board [Qc 4h Th]
Seat 1: Great_Kang (button) (small blind) collected ($11.76)
Seat 6: ManuelSikora (big blind) folded on the Flop


PokerStars Hand #166399694860:  Hold'em Limit ($3/$6 USD) - 2017/02/18 11:12:13 ET
Table 'Otila' 6-max Seat #6 is the button
Seat 1: Great_Kang ($170.76 in chips)
Seat 6: ManuelSikora ($84.80 in chips)
ManuelSikora: posts small blind $1
Great_Kang: posts big blind $3
*** HOLE CARDS ***
ManuelSikora: raises $3 to $6
Great_Kang: folds
Uncalled bet ($3) returned to ManuelSikora
ManuelSikora collected $6 from pot
ManuelSikora: doesn't show hand
*** SUMMARY ***
Total pot $6 | Rake $0
Seat 1: Great_Kang (big blind) folded before Flop
Seat 6: ManuelSikora (button) (small blind) collected ($6)


PokerStars Hand #166399700588:  Hold'em Limit ($3/$6 USD) - 2017/02/18 11:12:21 ET
Table 'Otila' 6-max Seat #1 is the button
Seat 1: Great_Kang ($167.76 in chips)
Seat 6: ManuelSikora ($87.80 in chips)
Great_Kang: posts small blind $1
ManuelSikora: posts big blind $3
*** HOLE CARDS ***
Great_Kang: raises $3 to $6
ManuelSikora: calls $3
*** FLOP *** [3s 6h 5s]
ManuelSikora: bets $3
Great_Kang: raises $3 to $6
ManuelSikora: calls $3
*** TURN *** [3s 6h 5s] [6s]
ManuelSikora: bets $6
Great_Kang: calls $6
*** RIVER *** [3s 6h 5s 6s] [9s]
ManuelSikora: bets $6
Great_Kang: folds
Uncalled bet ($6) returned to ManuelSikora
ManuelSikora collected $35.50 from pot
ManuelSikora: doesn't show hand
*** SUMMARY ***
Total pot $36 | Rake $0.50
Board [3s 6h 5s 6s 9s]
Seat 1: Great_Kang (button) (small blind) folded on the River
Seat 6: ManuelSikora (big blind) collected ($35.50)


PokerStars Hand #166399711817:  Hold'em Limit ($3/$6 USD) - 2017/02/18 11:12:35 ET
Table 'Otila' 6-max Seat #6 is the button
Seat 1: Great_Kang ($149.76 in chips)
Seat 6: ManuelSikora ($105.30 in chips)
ManuelSikora: posts small blind $1
Great_Kang: posts big blind $3
*** HOLE CARDS ***
ManuelSikora: raises $3 to $6
Great_Kang: calls $3
*** FLOP *** [Th 3c 9s]
Great_Kang: checks
ManuelSikora: checks
*** TURN *** [Th 3c 9s] [Qd]
Great_Kang: bets $6
ManuelSikora: calls $6
*** RIVER *** [Th 3c 9s Qd] [Ks]
Great_Kang: bets $6
ManuelSikora: calls $6
*** SHOW DOWN ***
Great_Kang: shows [5h Js] (a straight, Nine to King)
ManuelSikora: mucks hand
Great_Kang collected $35.50 from pot
*** SUMMARY ***
Total pot $36 | Rake $0.50
Board [Th 3c 9s Qd Ks]
Seat 1: Great_Kang (big blind) showed [5h Js] and won ($35.50) with a straight, Nine to King
Seat 6: ManuelSikora (button) (small blind) mucked


PokerStars Hand #166399768036:  Hold'em Limit ($3/$6 USD) - 2017/02/18 11:13:47 ET
Table 'Otila' 6-max Seat #1 is the button
Seat 1: Great_Kang ($140.08 in chips)
Seat 6: ManuelSikora ($113.38 in chips)
Great_Kang: posts small blind $1
ManuelSikora: posts big blind $3
*** HOLE CARDS ***
Great_Kang: raises $3 to $6
ManuelSikora: calls $3
*** FLOP *** [Ks Qh 5d]
ManuelSikora: bets $3
Great_Kang: calls $3
*** TURN *** [Ks Qh 5d] [Jd]
ManuelSikora: checks
Great_Kang: bets $6
ManuelSikora: calls $6
*** RIVER *** [Ks Qh 5d Jd] [4d]
ManuelSikora: checks
Great_Kang: bets $6
ManuelSikora: folds
Uncalled bet ($6) returned to Great_Kang
Great_Kang collected $29.50 from pot
Great_Kang: doesn't show hand
*** SUMMARY ***
Total pot $30 | Rake $0.50
Board [Ks Qh 5d Jd 4d]
Seat 1: Great_Kang (button) (small blind) collected ($29.50)
Seat 6: ManuelSikora (big blind) folded on the River


PokerStars Hand #166399727576:  Hold'em Limit ($3/$6 USD) - 2017/02/18 11:12:55 ET
Table 'Otila' 6-max Seat #1 is the button
Seat 1: Great_Kang ($167.26 in chips)
Seat 6: ManuelSikora ($87.30 in chips)
Great_Kang: posts small blind $1
ManuelSikora: posts big blind $3
*** HOLE CARDS ***
Great_Kang: raises $3 to $6
ManuelSikora: calls $3
*** FLOP *** [2h 7s 9d]
ManuelSikora: bets $3
Great_Kang: calls $3
*** TURN *** [2h 7s 9d] [7c]
ManuelSikora: checks
Great_Kang: checks
*** RIVER *** [2h 7s 9d 7c] [Ad]
ManuelSikora: checks
Great_Kang: checks
*** SHOW DOWN ***
ManuelSikora: shows [Kc 4h] (a pair of Sevens)
Great_Kang: shows [Kd 6c] (a pair of Sevens)
ManuelSikora collected $8.82 from pot
Great_Kang collected $8.82 from pot
*** SUMMARY ***
Total pot $18 | Rake $0.36
Board [2h 7s 9d 7c Ad]
Seat 1: Great_Kang (button) (small blind) showed [Kd 6c] and won ($8.82) with a pair of Sevens
Seat 6: ManuelSikora (big blind) showed [Kc 4h] and won ($8.82) with a pair of Sevens


PokerStars Hand #166399739508:  Hold'em Limit ($3/$6 USD) - 2017/02/18 11:13:10 ET
Table 'Otila' 6-max Seat #6 is the button
Seat 1: Great_Kang ($167.08 in chips)
Seat 6: ManuelSikora ($87.12 in chips)
ManuelSikora: posts small blind $1
Great_Kang: posts big blind $3
*** HOLE CARDS ***
ManuelSikora: raises $3 to $6
Great_Kang: raises $3 to $9
ManuelSikora: calls $3
*** FLOP *** [5h Ks 7d]
Great_Kang: bets $3
ManuelSikora: calls $3
*** TURN *** [5h Ks 7d] [9c]
Great_Kang: checks
ManuelSikora: checks
*** RIVER *** [5h Ks 7d 9c] [5c]
Great_Kang: bets $6
ManuelSikora: calls $6
*** SHOW DOWN ***
Great_Kang: shows [6c 6h] (two pair, Sixes and Fives)
ManuelSikora: shows [4d Kd] (two pair, Kings and Fives)
ManuelSikora collected $35.50 from pot
*** SUMMARY ***
Total pot $36 | Rake $0.50
Board [5h Ks 7d 9c 5c]
Seat 1: Great_Kang (big blind) showed [6c 6h] and lost with two pair, Sixes and Fives
Seat 6: ManuelSikora (button) (small blind) showed [4d Kd] and won ($35.50) with two pair, Kings and Fives


PokerStars Hand #166399750913:  Hold'em Limit ($3/$6 USD) - 2017/02/18 11:13:25 ET
Table 'Otila' 6-max Seat #1 is the button
Seat 1: Great_Kang ($149.08 in chips)
Seat 6: ManuelSikora ($104.62 in chips)
Great_Kang: posts small blind $1
ManuelSikora: posts big blind $3
*** HOLE CARDS ***
Great_Kang: raises $3 to $6
ManuelSikora: calls $3
*** FLOP *** [2c 9d 2h]
ManuelSikora: bets $3
Great_Kang: folds
Uncalled bet ($3) returned to ManuelSikora
ManuelSikora collected $11.76 from pot
ManuelSikora: doesn't show hand
*** SUMMARY ***
Total pot $12 | Rake $0.24
Board [2c 9d 2h]
Seat 1: Great_Kang (button) (small blind) folded on the Flop
Seat 6: ManuelSikora (big blind) collected ($11.76)


PokerStars Hand #166399760832:  Hold'em Limit ($3/$6 USD) - 2017/02/18 11:13:37 ET
Table 'Otila' 6-max Seat #6 is the button
Seat 1: Great_Kang ($143.08 in chips)
Seat 6: ManuelSikora ($110.38 in chips)
ManuelSikora: posts small blind $1
Great_Kang: posts big blind $3
*** HOLE CARDS ***
ManuelSikora: raises $3 to $6
Great_Kang: folds
Uncalled bet ($3) returned to ManuelSikora
ManuelSikora collected $6 from pot
ManuelSikora: doesn't show hand
*** SUMMARY ***
Total pot $6 | Rake $0
Seat 1: Great_Kang (big blind) folded before Flop
Seat 6: ManuelSikora (button) (small blind) collected ($6)


PokerStars Hand #166399795128:  Hold'em Limit ($3/$6 USD) - 2017/02/18 11:14:21 ET
Table 'Otila' 6-max Seat #1 is the button
Seat 1: Great_Kang ($142.58 in chips)
Seat 6: ManuelSikora ($109.90 in chips)
Great_Kang: posts small blind $1
ManuelSikora: posts big blind $3
*** HOLE CARDS ***
Great_Kang: raises $3 to $6
ManuelSikora: calls $3
*** FLOP *** [Ks Jd 6s]
ManuelSikora: bets $3
Great_Kang: calls $3
*** TURN *** [Ks Jd 6s] [Tc]
ManuelSikora: checks
Great_Kang: checks
*** RIVER *** [Ks Jd 6s Tc] [Js]
ManuelSikora: checks
Great_Kang: checks
*** SHOW DOWN ***
ManuelSikora: shows [2h 9h] (a pair of Jacks)
Great_Kang: shows [4s 4d] (two pair, Jacks and Fours)
Great_Kang collected $17.64 from pot
*** SUMMARY ***
Total pot $18 | Rake $0.36
Board [Ks Jd 6s Tc Js]
Seat 1: Great_Kang (button) (small blind) showed [4s 4d] and won ($17.64) with two pair, Jacks and Fours
Seat 6: ManuelSikora (big blind) showed [2h 9h] and lost with a pair of Jacks


PokerStars Hand #166399782786:  Hold'em Limit ($3/$6 USD) - 2017/02/18 11:14:06 ET
Table 'Otila' 6-max Seat #6 is the button
Seat 1: Great_Kang ($154.58 in chips)
Seat 6: ManuelSikora ($98.38 in chips)
ManuelSikora: posts small blind $1
Great_Kang: posts big blind $3
*** HOLE CARDS ***
ManuelSikora: raises $3 to $6
Great_Kang: raises $3 to $9
ManuelSikora: calls $3
*** FLOP *** [Qd 7d 7h]
Great_Kang: bets $3
ManuelSikora: calls $3
*** TURN *** [Qd 7d 7h] [4h]
Great_Kang: checks
ManuelSikora: checks
*** RIVER *** [Qd 7d 7h 4h] [3d]
Great_Kang: checks
ManuelSikora: checks
*** SHOW DOWN ***
Great_Kang: shows [Kc Jc] (a pair of Sevens)
ManuelSikora: shows [3h Td] (two pair, Sevens and Threes)
ManuelSikora collected $23.52 from pot
*** SUMMARY ***
Total pot $24 | Rake $0.48
Board [Qd 7d 7h 4h 3d]
Seat 1: Great_Kang (big blind) showed [Kc Jc] and lost with a pair of Sevens
Seat 6: ManuelSikora (button) (small blind) showed [3h Td] and won ($23.52) with two pair, Sevens and Threes


PokerStars Hand #166399818178:  Hold'em Limit ($3/$6 USD) - 2017/02/18 11:14:51 ET
Table 'Otila' 6-max Seat #6 is the button
Seat 1: Great_Kang ($151.22 in chips)
Seat 6: ManuelSikora ($100.90 in chips)
ManuelSikora: posts small blind $1
Great_Kang: posts big blind $3
*** HOLE CARDS ***
ManuelSikora: raises $3 to $6
Great_Kang: calls $3
*** FLOP *** [2c As 7d]
Great_Kang: checks
ManuelSikora: checks
*** TURN *** [2c As 7d] [8s]
Great_Kang: checks
ManuelSikora: checks
*** RIVER *** [2c As 7d 8s] [Jh]
Great_Kang: checks
ManuelSikora: checks
*** SHOW DOWN ***
Great_Kang: shows [Th 5h] (high card Ace)
ManuelSikora: mucks hand
Great_Kang collected $11.76 from pot
*** SUMMARY ***
Total pot $12 | Rake $0.24
Board [2c As 7d 8s Jh]
Seat 1: Great_Kang (big blind) showed [Th 5h] and won ($11.76) with high card Ace
Seat 6: ManuelSikora (button) (small blind) mucked


PokerStars Hand #166399850905:  Hold'em Limit ($3/$6 USD) - 2017/02/18 11:15:32 ET
Table 'Otila' 6-max Seat #6 is the button
Seat 1: Great_Kang ($135.98 in chips)
Seat 6: ManuelSikora ($115.40 in chips)
ManuelSikora: posts small blind $1
Great_Kang: posts big blind $3
*** HOLE CARDS ***
ManuelSikora: raises $3 to $6
Great_Kang: raises $3 to $9
ManuelSikora: raises $3 to $12
Betting is capped
Great_Kang: calls $3
*** FLOP *** [4h Qc Ts]
Great_Kang: checks
ManuelSikora: bets $3
Great_Kang: calls $3
*** TURN *** [4h Qc Ts] [3d]
Great_Kang: checks
ManuelSikora: checks
*** RIVER *** [4h Qc Ts 3d] [Qs]
Great_Kang: bets $6
ManuelSikora: calls $6
*** SHOW DOWN ***
Great_Kang: shows [Qd 8d] (three of a kind, Queens)
ManuelSikora: mucks hand
Great_Kang collected $41.50 from pot
*** SUMMARY ***
Total pot $42 | Rake $0.50
Board [4h Qc Ts 3d Qs]
Seat 1: Great_Kang (big blind) showed [Qd 8d] and won ($41.50) with three of a kind, Queens
Seat 6: ManuelSikora (button) (small blind) mucked


PokerStars Hand #166399837407:  Hold'em Limit ($3/$6 USD) - 2017/02/18 11:15:15 ET
Table 'Otila' 6-max Seat #1 is the button
Seat 1: Great_Kang ($156.98 in chips)
Seat 6: ManuelSikora ($94.90 in chips)
Great_Kang: posts small blind $1
ManuelSikora: posts big blind $3
*** HOLE CARDS ***
Great_Kang: raises $3 to $6
ManuelSikora: calls $3
*** FLOP *** [Qd 3d 3s]
ManuelSikora: bets $3
Great_Kang: calls $3
*** TURN *** [Qd 3d 3s] [7s]
ManuelSikora: bets $6
Great_Kang: calls $6
*** RIVER *** [Qd 3d 3s 7s] [4s]
ManuelSikora: bets $6
Great_Kang: calls $6
*** SHOW DOWN ***
ManuelSikora: shows [Tc Qh] (two pair, Queens and Threes)
Great_Kang: mucks hand
ManuelSikora collected $41.50 from pot
*** SUMMARY ***
Total pot $42 | Rake $0.50
Board [Qd 3d 3s 7s 4s]
Seat 1: Great_Kang (button) (small blind) mucked
Seat 6: ManuelSikora (big blind) showed [Tc Qh] and won ($41.50) with two pair, Queens and Threes


PokerStars Hand #166399904109:  Hold'em Limit ($3/$6 USD) - 2017/02/18 11:16:40 ET
Table 'Otila' 6-max Seat #1 is the button
Seat 1: Great_Kang ($188.50 in chips)
Seat 6: ManuelSikora ($61.40 in chips)
Great_Kang: posts small blind $1
ManuelSikora: posts big blind $3
*** HOLE CARDS ***
Great_Kang: raises $3 to $6
ManuelSikora: calls $3
*** FLOP *** [6s 2c 5h]
ManuelSikora: bets $3
Great_Kang: calls $3
*** TURN *** [6s 2c 5h] [Ac]
ManuelSikora: bets $6
Great_Kang: calls $6
*** RIVER *** [6s 2c 5h Ac] [7d]
ManuelSikora: bets $6
Great_Kang: folds
Uncalled bet ($6) returned to ManuelSikora
ManuelSikora collected $29.50 from pot
ManuelSikora: doesn't show hand
*** SUMMARY ***
Total pot $30 | Rake $0.50
Board [6s 2c 5h Ac 7d]
Seat 1: Great_Kang (button) (small blind) folded on the River
Seat 6: ManuelSikora (big blind) collected ($29.50)


PokerStars Hand #166399889726:  Hold'em Limit ($3/$6 USD) - 2017/02/18 11:16:22 ET
Table 'Otila' 6-max Seat #6 is the button
Seat 1: Great_Kang ($176.98 in chips)
Seat 6: ManuelSikora ($73.40 in chips)
ManuelSikora: posts small blind $1
Great_Kang: posts big blind $3
*** HOLE CARDS ***
ManuelSikora: raises $3 to $6
Great_Kang: raises $3 to $9
ManuelSikora: calls $3
*** FLOP *** [Th Ac 6h]
Great_Kang: bets $3
ManuelSikora: calls $3
*** TURN *** [Th Ac 6h] [Tc]
Great_Kang: bets $6
ManuelSikora: folds
Uncalled bet ($6) returned to Great_Kang
Great_Kang collected $23.52 from pot
Great_Kang: doesn't show hand
*** SUMMARY ***
Total pot $24 | Rake $0.48
Board [Th Ac 6h Tc]
Seat 1: Great_Kang (big blind) collected ($23.52)
Seat 6: ManuelSikora (button) (small blind) folded on the Turn


PokerStars Hand #166399878414:  Hold'em Limit ($3/$6 USD) - 2017/02/18 11:16:07 ET
Table 'Otila' 6-max Seat #1 is the button
Seat 1: Great_Kang ($156.48 in chips)
Seat 6: ManuelSikora ($94.40 in chips)
Great_Kang: posts small blind $1
ManuelSikora: posts big blind $3
*** HOLE CARDS ***
Great_Kang: raises $3 to $6
ManuelSikora: calls $3
*** FLOP *** [Jd 4c 3c]
ManuelSikora: bets $3
Great_Kang: calls $3
*** TURN *** [Jd 4c 3c] [As]
ManuelSikora: bets $6
Great_Kang: calls $6
*** RIVER *** [Jd 4c 3c As] [Qs]
ManuelSikora: bets $6
Great_Kang: calls $6
*** SHOW DOWN ***
ManuelSikora: shows [Ks 4s] (a pair of Fours)
Great_Kang: shows [5c 5h] (a pair of Fives)
Great_Kang collected $41.50 from pot
*** SUMMARY ***
Total pot $42 | Rake $0.50
Board [Jd 4c 3c As Qs]
Seat 1: Great_Kang (button) (small blind) showed [5c 5h] and won ($41.50) with a pair of Fives
Seat 6: ManuelSikora (big blind) showed [Ks 4s] and lost with a pair of Fours


PokerStars Hand #166399915954:  Hold'em Limit ($3/$6 USD) - 2017/02/18 11:16:55 ET
Table 'Otila' 6-max Seat #6 is the button
Seat 1: Great_Kang ($173.50 in chips)
Seat 6: ManuelSikora ($75.90 in chips)
ManuelSikora: posts small blind $1
Great_Kang: posts big blind $3
*** HOLE CARDS ***
ManuelSikora: raises $3 to $6
Great_Kang: folds
Uncalled bet ($3) returned to ManuelSikora
ManuelSikora collected $6 from pot
ManuelSikora: doesn't show hand
*** SUMMARY ***
Total pot $6 | Rake $0
Seat 1: Great_Kang (big blind) folded before Flop
Seat 6: ManuelSikora (button) (small blind) collected ($6)


PokerStars Hand #166399939336:  Hold'em Limit ($3/$6 USD) - 2017/02/18 11:17:25 ET
Table 'Otila' 6-max Seat #6 is the button
Seat 1: Great_Kang ($185 in chips)
Seat 6: ManuelSikora ($63.90 in chips)
ManuelSikora: posts small blind $1
Great_Kang: posts big blind $3
*** HOLE CARDS ***
ManuelSikora: raises $3 to $6
Great_Kang: raises $3 to $9
ManuelSikora: raises $3 to $12
Betting is capped
Great_Kang: calls $3
*** FLOP *** [9s Td 6d]
Great_Kang: checks
ManuelSikora: checks
*** TURN *** [9s Td 6d] [5h]
Great_Kang: checks
ManuelSikora: checks
*** RIVER *** [9s Td 6d 5h] [6h]
Great_Kang: checks
ManuelSikora: checks
*** SHOW DOWN ***
Great_Kang: shows [8h Ah] (a pair of Sixes)
ManuelSikora: shows [4d 5d] (two pair, Sixes and Fives)
ManuelSikora collected $23.52 from pot
*** SUMMARY ***
Total pot $24 | Rake $0.48
Board [9s Td 6d 5h 6h]
Seat 1: Great_Kang (big blind) showed [8h Ah] and lost with a pair of Sixes
Seat 6: ManuelSikora (button) (small blind) showed [4d 5d] and won ($23.52) with two pair, Sixes and Fives


PokerStars Hand #166399920514:  Hold'em Limit ($3/$6 USD) - 2017/02/18 11:17:01 ET
Table 'Otila' 6-max Seat #1 is the button
Seat 1: Great_Kang ($170.50 in chips)
Seat 6: ManuelSikora ($78.90 in chips)
Great_Kang: posts small blind $1
ManuelSikora: posts big blind $3
*** HOLE CARDS ***
Great_Kang: raises $3 to $6
ManuelSikora: calls $3
*** FLOP *** [4h Jh 8c]
ManuelSikora: bets $3
Great_Kang: calls $3
*** TURN *** [4h Jh 8c] [5h]
ManuelSikora: bets $6
Great_Kang: calls $6
*** RIVER *** [4h Jh 8c 5h] [7c]
ManuelSikora: checks
Great_Kang: checks
*** SHOW DOWN ***
ManuelSikora: shows [3d Ah] (high card Ace)
Great_Kang: shows [4d Kd] (a pair of Fours)
Great_Kang collected $29.50 from pot
*** SUMMARY ***
Total pot $30 | Rake $0.50
Board [4h Jh 8c 5h 7c]
Seat 1: Great_Kang (button) (small blind) showed [4d Kd] and won ($29.50) with a pair of Fours
Seat 6: ManuelSikora (big blind) showed [3d Ah] and lost with high card Ace


PokerStars Hand #166399978179:  Hold'em Limit ($3/$6 USD) - 2017/02/18 11:18:15 ET
Table 'Otila' 6-max Seat #6 is the button
Seat 1: Great_Kang ($178.76 in chips)
Seat 6: ManuelSikora ($69.42 in chips)
ManuelSikora: posts small blind $1
Great_Kang: posts big blind $3
*** HOLE CARDS ***
ManuelSikora: raises $3 to $6
Great_Kang: raises $3 to $9
ManuelSikora: calls $3
*** FLOP *** [Tc 2h 9h]
Great_Kang: bets $3
ManuelSikora: raises $3 to $6
Great_Kang: calls $3
*** TURN *** [Tc 2h 9h] [6h]
Great_Kang: bets $6
ManuelSikora: calls $6
*** RIVER *** [Tc 2h 9h 6h] [Ad]
Great_Kang: bets $6
ManuelSikora: calls $6
*** SHOW DOWN ***
Great_Kang: shows [6s 6d] (three of a kind, Sixes)
ManuelSikora: mucks hand
Great_Kang collected $53.50 from pot
*** SUMMARY ***
Total pot $54 | Rake $0.50
Board [Tc 2h 9h 6h Ad]
Seat 1: Great_Kang (big blind) showed [6s 6d] and won ($53.50) with three of a kind, Sixes
Seat 6: ManuelSikora (button) (small blind) mucked


PokerStars Hand #166399966686:  Hold'em Limit ($3/$6 USD) - 2017/02/18 11:18:00 ET
Table 'Otila' 6-max Seat #1 is the button
Seat 1: Great_Kang ($173 in chips)
Seat 6: ManuelSikora ($75.42 in chips)
Great_Kang: posts small blind $1
ManuelSikora: posts big blind $3
*** HOLE CARDS ***
Great_Kang: raises $3 to $6
ManuelSikora: calls $3
*** FLOP *** [2d 8d Ts]
ManuelSikora: checks
Great_Kang: bets $3
ManuelSikora: folds
Uncalled bet ($3) returned to Great_Kang
Great_Kang collected $11.76 from pot
Great_Kang: doesn't show hand
*** SUMMARY ***
Total pot $12 | Rake $0.24
Board [2d 8d Ts]
Seat 1: Great_Kang (button) (small blind) collected ($11.76)
Seat 6: ManuelSikora (big blind) folded on the Flop


PokerStars Hand #166400005713:  Hold'em Limit ($3/$6 USD) - 2017/02/18 11:18:50 ET
Table 'Otila' 6-max Seat #1 is the button
Seat 1: Great_Kang ($205.26 in chips)
Seat 6: ManuelSikora ($42.42 in chips)
Great_Kang: posts small blind $1
ManuelSikora: posts big blind $3
*** HOLE CARDS ***
Great_Kang: raises $3 to $6
ManuelSikora: calls $3
*** FLOP *** [2h Jc 9h]
ManuelSikora: bets $3
Great_Kang: calls $3
*** TURN *** [2h Jc 9h] [Ts]
ManuelSikora: bets $6
Great_Kang: folds
Uncalled bet ($6) returned to ManuelSikora
ManuelSikora collected $17.64 from pot
ManuelSikora: doesn't show hand
*** SUMMARY ***
Total pot $18 | Rake $0.36
Board [2h Jc 9h Ts]
Seat 1: Great_Kang (button) (small blind) folded on the Turn
Seat 6: ManuelSikora (big blind) collected ($17.64)


PokerStars Hand #166400040547:  Hold'em Limit ($3/$6 USD) - 2017/02/18 11:19:34 ET
Table 'Otila' 6-max Seat #1 is the button
Seat 1: Great_Kang ($178.26 in chips)
Seat 6: ManuelSikora ($68.56 in chips)
Great_Kang: posts small blind $1
ManuelSikora: posts big blind $3
*** HOLE CARDS ***
Great_Kang: raises $3 to $6
ManuelSikora: calls $3
*** FLOP *** [Ah Qh 4c]
ManuelSikora: bets $3
Great_Kang: raises $3 to $6
ManuelSikora: calls $3
*** TURN *** [Ah Qh 4c] [4s]
ManuelSikora: bets $6
Great_Kang: raises $6 to $12
ManuelSikora: raises $6 to $18
Great_Kang: calls $6
*** RIVER *** [Ah Qh 4c 4s] [5d]
ManuelSikora: bets $6
Great_Kang: calls $6
*** SHOW DOWN ***
ManuelSikora: shows [4h 6c] (three of a kind, Fours)
Great_Kang: shows [4d 6h] (three of a kind, Fours)
ManuelSikora collected $35.75 from pot
Great_Kang collected $35.75 from pot
*** SUMMARY ***
Total pot $72 | Rake $0.50
Board [Ah Qh 4c 4s 5d]
Seat 1: Great_Kang (button) (small blind) showed [4d 6h] and won ($35.75) with three of a kind, Fours
Seat 6: ManuelSikora (big blind) showed [4h 6c] and won ($35.75) with three of a kind, Fours


PokerStars Hand #166400020673:  Hold'em Limit ($3/$6 USD) - 2017/02/18 11:19:09 ET
Table 'Otila' 6-max Seat #6 is the button
Seat 1: Great_Kang ($196.26 in chips)
Seat 6: ManuelSikora ($51.06 in chips)
ManuelSikora: posts small blind $1
Great_Kang: posts big blind $3
*** HOLE CARDS ***
ManuelSikora: raises $3 to $6
Great_Kang: calls $3
*** FLOP *** [4s 8c 9s]
Great_Kang: checks
ManuelSikora: checks
*** TURN *** [4s 8c 9s] [7h]
Great_Kang: bets $6
ManuelSikora: calls $6
*** RIVER *** [4s 8c 9s 7h] [3c]
Great_Kang: bets $6
ManuelSikora: calls $6
*** SHOW DOWN ***
Great_Kang: shows [3d Td] (a pair of Threes)
ManuelSikora: shows [6d 8h] (a pair of Eights)
ManuelSikora collected $35.50 from pot
*** SUMMARY ***
Total pot $36 | Rake $0.50
Board [4s 8c 9s 7h 3c]
Seat 1: Great_Kang (big blind) showed [3d Td] and lost with a pair of Threes
Seat 6: ManuelSikora (button) (small blind) showed [6d 8h] and won ($35.50) with a pair of Eights


PokerStars Hand #166400056218:  Hold'em Limit ($3/$6 USD) - 2017/02/18 11:19:54 ET
Table 'Otila' 6-max Seat #6 is the button
Seat 1: Great_Kang ($178.01 in chips)
Seat 6: ManuelSikora ($68.31 in chips)
ManuelSikora: posts small blind $1
Great_Kang: posts big blind $3
*** HOLE CARDS ***
ManuelSikora: raises $3 to $6
Great_Kang: raises $3 to $9
ManuelSikora: calls $3
*** FLOP *** [7h Ks 9c]
Great_Kang: bets $3
ManuelSikora: calls $3
*** TURN *** [7h Ks 9c] [9h]
Great_Kang: bets $6
ManuelSikora: folds
Uncalled bet ($6) returned to Great_Kang
Great_Kang collected $23.52 from pot
Great_Kang: doesn't show hand
*** SUMMARY ***
Total pot $24 | Rake $0.48
Board [7h Ks 9c 9h]
Seat 1: Great_Kang (big blind) collected ($23.52)
Seat 6: ManuelSikora (button) (small blind) folded on the Turn


PokerStars Hand #166400091441:  Hold'em Limit ($3/$6 USD) - 2017/02/18 11:20:39 ET
Table 'Otila' 6-max Seat #6 is the button
Seat 1: Great_Kang ($180.53 in chips)
Seat 6: ManuelSikora ($64.95 in chips)
ManuelSikora: posts small blind $1
Great_Kang: posts big blind $3
*** HOLE CARDS ***
ManuelSikora: raises $3 to $6
Great_Kang: calls $3
*** FLOP *** [9c 2h As]
Great_Kang: checks
ManuelSikora: checks
*** TURN *** [9c 2h As] [6h]
Great_Kang: checks
ManuelSikora: checks
*** RIVER *** [9c 2h As 6h] [Qs]
Great_Kang: bets $6
ManuelSikora: folds
Uncalled bet ($6) returned to Great_Kang
Great_Kang collected $11.76 from pot
Great_Kang: doesn't show hand
*** SUMMARY ***
Total pot $12 | Rake $0.24
Board [9c 2h As 6h Qs]
Seat 1: Great_Kang (big blind) collected ($11.76)
Seat 6: ManuelSikora (button) (small blind) folded on the River


PokerStars Hand #166400085793:  Hold'em Limit ($3/$6 USD) - 2017/02/18 11:20:32 ET
Table 'Otila' 6-max Seat #1 is the button
Seat 1: Great_Kang ($177.53 in chips)
Seat 6: ManuelSikora ($67.95 in chips)
Great_Kang: posts small blind $1
ManuelSikora: posts big blind $3
*** HOLE CARDS ***
Great_Kang: raises $3 to $6
ManuelSikora: folds
Uncalled bet ($3) returned to Great_Kang
Great_Kang collected $6 from pot
Great_Kang: doesn't show hand
*** SUMMARY ***
Total pot $6 | Rake $0
Seat 1: Great_Kang (button) (small blind) collected ($6)
Seat 6: ManuelSikora (big blind) folded before Flop


PokerStars Hand #166400079563:  Hold'em Limit ($3/$6 USD) - 2017/02/18 11:20:24 ET
Table 'Otila' 6-max Seat #6 is the button
Seat 1: Great_Kang ($180.53 in chips)
Seat 6: ManuelSikora ($64.95 in chips)
ManuelSikora: posts small blind $1
Great_Kang: posts big blind $3
*** HOLE CARDS ***
ManuelSikora: raises $3 to $6
Great_Kang: folds
Uncalled bet ($3) returned to ManuelSikora
ManuelSikora collected $6 from pot
ManuelSikora: doesn't show hand
*** SUMMARY ***
Total pot $6 | Rake $0
Seat 1: Great_Kang (big blind) folded before Flop
Seat 6: ManuelSikora (button) (small blind) collected ($6)


PokerStars Hand #166400067759:  Hold'em Limit ($3/$6 USD) - 2017/02/18 11:20:08 ET
Table 'Otila' 6-max Seat #1 is the button
Seat 1: Great_Kang ($189.53 in chips)
Seat 6: ManuelSikora ($56.31 in chips)
Great_Kang: posts small blind $1
ManuelSikora: posts big blind $3
*** HOLE CARDS ***
Great_Kang: raises $3 to $6
ManuelSikora: calls $3
*** FLOP *** [3s Ts 3c]
ManuelSikora: bets $3
Great_Kang: calls $3
*** TURN *** [3s Ts 3c] [5d]
ManuelSikora: bets $6
Great_Kang: folds
Uncalled bet ($6) returned to ManuelSikora
ManuelSikora collected $17.64 from pot
ManuelSikora: doesn't show hand
*** SUMMARY ***
Total pot $18 | Rake $0.36
Board [3s Ts 3c 5d]
Seat 1: Great_Kang (button) (small blind) folded on the Turn
Seat 6: ManuelSikora (big blind) collected ($17.64)


PokerStars Hand #166400125783:  Hold'em Limit ($3/$6 USD) - 2017/02/18 11:21:23 ET
Table 'Otila' 6-max Seat #6 is the button
Seat 1: Great_Kang ($171.29 in chips)
Seat 6: ManuelSikora ($73.45 in chips)
ManuelSikora: posts small blind $1
Great_Kang: posts big blind $3
*** HOLE CARDS ***
ManuelSikora: raises $3 to $6
Great_Kang: calls $3
*** FLOP *** [Td 2s Ad]
Great_Kang: checks
ManuelSikora: checks
*** TURN *** [Td 2s Ad] [4h]
Great_Kang: checks
ManuelSikora: bets $6
Great_Kang: folds
Uncalled bet ($6) returned to ManuelSikora
ManuelSikora collected $11.76 from pot
ManuelSikora: doesn't show hand
*** SUMMARY ***
Total pot $12 | Rake $0.24
Board [Td 2s Ad 4h]
Seat 1: Great_Kang (big blind) folded on the Turn
Seat 6: ManuelSikora (button) (small blind) collected ($11.76)


PokerStars Hand #166400104986:  Hold'em Limit ($3/$6 USD) - 2017/02/18 11:20:56 ET
Table 'Otila' 6-max Seat #1 is the button
Seat 1: Great_Kang ($186.29 in chips)
Seat 6: ManuelSikora ($58.95 in chips)
Great_Kang: posts small blind $1
ManuelSikora: posts big blind $3
*** HOLE CARDS ***
Great_Kang: raises $3 to $6
ManuelSikora: calls $3
*** FLOP *** [4h 6c 8s]
ManuelSikora: bets $3
Great_Kang: calls $3
*** TURN *** [4h 6c 8s] [4s]
ManuelSikora: bets $6
Great_Kang: calls $6
*** RIVER *** [4h 6c 8s 4s] [9s]
ManuelSikora: bets $6
Great_Kang: folds
Uncalled bet ($6) returned to ManuelSikora
ManuelSikora collected $29.50 from pot
ManuelSikora: doesn't show hand
*** SUMMARY ***
Total pot $30 | Rake $0.50
Board [4h 6c 8s 4s 9s]
Seat 1: Great_Kang (button) (small blind) folded on the River
Seat 6: ManuelSikora (big blind) collected ($29.50)


PokerStars Hand #166400144136:  Hold'em Limit ($3/$6 USD) - 2017/02/18 11:21:47 ET
Table 'Otila' 6-max Seat #1 is the button
Seat 1: Great_Kang ($165.29 in chips)
Seat 6: ManuelSikora ($79.21 in chips)
Great_Kang: posts small blind $1
ManuelSikora: posts big blind $3
*** HOLE CARDS ***
Great_Kang: raises $3 to $6
ManuelSikora: raises $3 to $9
Great_Kang: calls $3
*** FLOP *** [Kc 6c Tc]
ManuelSikora: bets $3
Great_Kang: calls $3
*** TURN *** [Kc 6c Tc] [Kh]
ManuelSikora: bets $6
Great_Kang: calls $6
*** RIVER *** [Kc 6c Tc Kh] [Qh]
ManuelSikora: bets $6
Great_Kang: calls $6
*** SHOW DOWN ***
ManuelSikora: shows [Ad 8d] (a pair of Kings)
Great_Kang: shows [2h Qc] (two pair, Kings and Queens)
Great_Kang collected $47.50 from pot
*** SUMMARY ***
Total pot $48 | Rake $0.50
Board [Kc 6c Tc Kh Qh]
Seat 1: Great_Kang (button) (small blind) showed [2h Qc] and won ($47.50) with two pair, Kings and Queens
Seat 6: ManuelSikora (big blind) showed [Ad 8d] and lost with a pair of Kings


PokerStars Hand #166400175430:  Hold'em Limit ($3/$6 USD) - 2017/02/18 11:22:27 ET
Table 'Otila' 6-max Seat #1 is the button
Seat 1: Great_Kang ($188.55 in chips)
Seat 6: ManuelSikora ($54.97 in chips)
Great_Kang: posts small blind $1
ManuelSikora: posts big blind $3
*** HOLE CARDS ***
Great_Kang: raises $3 to $6
ManuelSikora: calls $3
*** FLOP *** [2h Ts 6d]
ManuelSikora: bets $3
Great_Kang: calls $3
*** TURN *** [2h Ts 6d] [3d]
ManuelSikora: bets $6
Great_Kang: calls $6
*** RIVER *** [2h Ts 6d 3d] [9s]
ManuelSikora: bets $6
Great_Kang: folds
Uncalled bet ($6) returned to ManuelSikora
ManuelSikora collected $29.50 from pot
ManuelSikora: doesn't show hand
*** SUMMARY ***
Total pot $30 | Rake $0.50
Board [2h Ts 6d 3d 9s]
Seat 1: Great_Kang (button) (small blind) folded on the River
Seat 6: ManuelSikora (big blind) collected ($29.50)


PokerStars Hand #166400160416:  Hold'em Limit ($3/$6 USD) - 2017/02/18 11:22:08 ET
Table 'Otila' 6-max Seat #6 is the button
Seat 1: Great_Kang ($188.79 in chips)
Seat 6: ManuelSikora ($55.21 in chips)
ManuelSikora: posts small blind $1
Great_Kang: posts big blind $3
*** HOLE CARDS ***
ManuelSikora: raises $3 to $6
Great_Kang: calls $3
*** FLOP *** [3h 9c Ac]
Great_Kang: checks
ManuelSikora: checks
*** TURN *** [3h 9c Ac] [As]
Great_Kang: checks
ManuelSikora: checks
*** RIVER *** [3h 9c Ac As] [9d]
Great_Kang: bets $6
ManuelSikora: calls $6
*** SHOW DOWN ***
Great_Kang: shows [Kd 8h] (two pair, Aces and Nines)
ManuelSikora: shows [Kc 7c] (two pair, Aces and Nines)
Great_Kang collected $11.76 from pot
ManuelSikora collected $11.76 from pot
*** SUMMARY ***
Total pot $24 | Rake $0.48
Board [3h 9c Ac As 9d]
Seat 1: Great_Kang (big blind) showed [Kd 8h] and won ($11.76) with two pair, Aces and Nines
Seat 6: ManuelSikora (button) (small blind) showed [Kc 7c] and won ($11.76) with two pair, Aces and Nines


PokerStars Hand #166400241157:  Hold'em Limit ($3/$6 USD) - 2017/02/18 11:23:52 ET
Table 'Otila' 6-max Seat #1 is the button
Seat 1: Great_Kang ($187.81 in chips)
Seat 6: ManuelSikora ($53.73 in chips)
Great_Kang: posts small blind $1
ManuelSikora: posts big blind $3
*** HOLE CARDS ***
Great_Kang: raises $3 to $6
ManuelSikora: calls $3
*** FLOP *** [8s Qc 2s]
ManuelSikora: bets $3
Great_Kang: folds
Uncalled bet ($3) returned to ManuelSikora
ManuelSikora collected $11.76 from pot
ManuelSikora: doesn't show hand
*** SUMMARY ***
Total pot $12 | Rake $0.24
Board [8s Qc 2s]
Seat 1: Great_Kang (button) (small blind) folded on the Flop
Seat 6: ManuelSikora (big blind) collected ($11.76)


PokerStars Hand #166400227242:  Hold'em Limit ($3/$6 USD) - 2017/02/18 11:23:34 ET
Table 'Otila' 6-max Seat #6 is the button
Seat 1: Great_Kang ($158.31 in chips)
Seat 6: ManuelSikora ($83.73 in chips)
ManuelSikora: posts small blind $1
Great_Kang: posts big blind $3
*** HOLE CARDS ***
ManuelSikora: raises $3 to $6
Great_Kang: raises $3 to $9
ManuelSikora: calls $3
*** FLOP *** [2d 4s 5h]
Great_Kang: bets $3
ManuelSikora: raises $3 to $6
Great_Kang: raises $3 to $9
ManuelSikora: calls $3
*** TURN *** [2d 4s 5h] [5c]
Great_Kang: bets $6
ManuelSikora: calls $6
*** RIVER *** [2d 4s 5h 5c] [Kd]
Great_Kang: bets $6
ManuelSikora: calls $6
*** SHOW DOWN ***
Great_Kang: shows [Js Jh] (two pair, Jacks and Fives)
ManuelSikora: mucks hand
Great_Kang collected $59.50 from pot
*** SUMMARY ***
Total pot $60 | Rake $0.50
Board [2d 4s 5h 5c Kd]
Seat 1: Great_Kang (big blind) showed [Js Jh] and won ($59.50) with two pair, Jacks and Fives
Seat 6: ManuelSikora (button) (small blind) mucked


PokerStars Hand #166400211665:  Hold'em Limit ($3/$6 USD) - 2017/02/18 11:23:14 ET
Table 'Otila' 6-max Seat #1 is the button
Seat 1: Great_Kang ($173.31 in chips)
Seat 6: ManuelSikora ($69.23 in chips)
Great_Kang: posts small blind $1
ManuelSikora: posts big blind $3
*** HOLE CARDS ***
Great_Kang: raises $3 to $6
ManuelSikora: calls $3
*** FLOP *** [6s Jd Td]
ManuelSikora: bets $3
Great_Kang: calls $3
*** TURN *** [6s Jd Td] [Kh]
ManuelSikora: bets $6
Great_Kang: calls $6
*** RIVER *** [6s Jd Td Kh] [Ts]
ManuelSikora: bets $6
Great_Kang: folds
Uncalled bet ($6) returned to ManuelSikora
ManuelSikora collected $29.50 from pot
ManuelSikora: doesn't show hand
*** SUMMARY ***
Total pot $30 | Rake $0.50
Board [6s Jd Td Kh Ts]
Seat 1: Great_Kang (button) (small blind) folded on the River
Seat 6: ManuelSikora (big blind) collected ($29.50)


PokerStars Hand #166400247978:  Hold'em Limit ($3/$6 USD) - 2017/02/18 11:24:01 ET
Table 'Otila' 6-max Seat #6 is the button
Seat 1: Great_Kang ($181.81 in chips)
Seat 6: ManuelSikora ($59.49 in chips)
ManuelSikora: posts small blind $1
Great_Kang: posts big blind $3
*** HOLE CARDS ***
ManuelSikora: raises $3 to $6
Great_Kang: folds
Uncalled bet ($3) returned to ManuelSikora
ManuelSikora collected $6 from pot
ManuelSikora: doesn't show hand
*** SUMMARY ***
Total pot $6 | Rake $0
Seat 1: Great_Kang (big blind) folded before Flop
Seat 6: ManuelSikora (button) (small blind) collected ($6)


PokerStars Hand #166400189040:  Hold'em Limit ($3/$6 USD) - 2017/02/18 11:22:45 ET
Table 'Otila' 6-max Seat #6 is the button
Seat 1: Great_Kang ($173.55 in chips)
Seat 6: ManuelSikora ($69.47 in chips)
ManuelSikora: posts small blind $1
Great_Kang: posts big blind $3
*** HOLE CARDS ***
ManuelSikora: raises $3 to $6
Great_Kang: raises $3 to $9
ManuelSikora: raises $3 to $12
Betting is capped
Great_Kang: calls $3
*** FLOP *** [Qs Th 3h]
Great_Kang: checks
ManuelSikora: checks
*** TURN *** [Qs Th 3h] [Td]
Great_Kang: checks
ManuelSikora: checks
*** RIVER *** [Qs Th 3h Td] [Kc]
Great_Kang: checks
ManuelSikora: checks
*** SHOW DOWN ***
Great_Kang: shows [Ah 9c] (a pair of Tens)
ManuelSikora: shows [Ad 7s] (a pair of Tens)
Great_Kang collected $11.76 from pot
ManuelSikora collected $11.76 from pot
*** SUMMARY ***
Total pot $24 | Rake $0.48
Board [Qs Th 3h Td Kc]
Seat 1: Great_Kang (big blind) showed [Ah 9c] and won ($11.76) with a pair of Tens
Seat 6: ManuelSikora (button) (small blind) showed [Ad 7s] and won ($11.76) with a pair of Tens


PokerStars Hand #166400271248:  Hold'em Limit ($3/$6 USD) - 2017/02/18 11:24:31 ET
Table 'Otila' 6-max Seat #1 is the button
Seat 1: Great_Kang ($171.81 in chips)
Seat 6: ManuelSikora ($69.25 in chips)
Great_Kang: posts small blind $1
ManuelSikora: posts big blind $3
*** HOLE CARDS ***
Great_Kang: raises $3 to $6
Krillbjrn joins the table at seat #3
ManuelSikora: raises $3 to $9
Great_Kang: calls $3
*** FLOP *** [2d Qh 2c]
ManuelSikora: bets $3
Great_Kang: calls $3
*** TURN *** [2d Qh 2c] [9h]
ManuelSikora: bets $6
Great_Kang: raises $6 to $12
ManuelSikora: calls $6
*** RIVER *** [2d Qh 2c 9h] [2s]
ManuelSikora: checks
Great_Kang: bets $6
ManuelSikora: folds
Uncalled bet ($6) returned to Great_Kang
Great_Kang collected $47.50 from pot
Great_Kang: doesn't show hand
*** SUMMARY ***
Total pot $48 | Rake $0.50
Board [2d Qh 2c 9h 2s]
Seat 1: Great_Kang (button) (small blind) collected ($47.50)
Seat 6: ManuelSikora (big blind) folded on the River


PokerStars Hand #166400257772:  Hold'em Limit ($3/$6 USD) - 2017/02/18 11:24:14 ET
Table 'Otila' 6-max Seat #6 is the button
Seat 1: Great_Kang ($177.81 in chips)
Seat 6: ManuelSikora ($63.49 in chips)
ManuelSikora: posts small blind $1
Great_Kang: posts big blind $3
*** HOLE CARDS ***
ManuelSikora: raises $3 to $6
Great_Kang: calls $3
*** FLOP *** [8d 8c 6d]
Great_Kang: checks
ManuelSikora: checks
*** TURN *** [8d 8c 6d] [5d]
Great_Kang: checks
ManuelSikora: checks
*** RIVER *** [8d 8c 6d 5d] [8h]
Great_Kang: checks
ManuelSikora: checks
*** SHOW DOWN ***
Great_Kang: shows [Jc 9h] (three of a kind, Eights)
ManuelSikora: shows [Qs Ad] (three of a kind, Eights - Ace kicker)
ManuelSikora collected $11.76 from pot
*** SUMMARY ***
Total pot $12 | Rake $0.24
Board [8d 8c 6d 5d 8h]
Seat 1: Great_Kang (big blind) showed [Jc 9h] and lost with three of a kind, Eights
Seat 6: ManuelSikora (button) (small blind) showed [Qs Ad] and won ($11.76) with three of a kind, Eights


PokerStars Hand #166400253375:  Hold'em Limit ($3/$6 USD) - 2017/02/18 11:24:08 ET
Table 'Otila' 6-max Seat #1 is the button
Seat 1: Great_Kang ($178.81 in chips)
Seat 6: ManuelSikora ($62.49 in chips)
Great_Kang: posts small blind $1
ManuelSikora: posts big blind $3
*** HOLE CARDS ***
Great_Kang: folds
Uncalled bet ($2) returned to ManuelSikora
ManuelSikora collected $2 from pot
ManuelSikora: doesn't show hand
*** SUMMARY ***
Total pot $2 | Rake $0
Seat 1: Great_Kang (button) (small blind) folded before Flop
Seat 6: ManuelSikora (big blind) collected ($2)


PokerStars Hand #166400286072:  Hold'em Limit ($3/$6 USD) - 2017/02/18 11:24:50 ET
Table 'Otila' 6-max Seat #6 is the button
Seat 1: Great_Kang ($195.31 in chips)
Seat 6: ManuelSikora ($45.25 in chips)
ManuelSikora: posts small blind $1
Great_Kang: posts big blind $3
*** HOLE CARDS ***
ManuelSikora: raises $3 to $6
Great_Kang: calls $3
*** FLOP *** [Qc 6d 9h]
Great_Kang: checks
ManuelSikora: checks
*** TURN *** [Qc 6d 9h] [7s]
Great_Kang: bets $6
ManuelSikora: calls $6
*** RIVER *** [Qc 6d 9h 7s] [3c]
Great_Kang: bets $6
ManuelSikora: raises $6 to $12
Great_Kang: calls $6
*** SHOW DOWN ***
ManuelSikora: shows [9s 9d] (three of a kind, Nines)
Great_Kang: mucks hand
ManuelSikora collected $47.50 from pot
*** SUMMARY ***
Total pot $48 | Rake $0.50
Board [Qc 6d 9h 7s 3c]
Seat 1: Great_Kang (big blind) mucked
Seat 6: ManuelSikora (button) (small blind) showed [9s 9d] and won ($47.50) with three of a kind, Nines


PokerStars Hand #166401007243:  Hold'em Limit ($3/$6 USD) - 2017/02/18 11:40:19 ET
Table 'Otila' 6-max Seat #2 is the button
Seat 1: Great_Kang ($177.69 in chips)
Seat 2: TinaTurner72 ($116 in chips)
TinaTurner72: posts small blind $1
Great_Kang: posts big blind $3
*** HOLE CARDS ***
TinaTurner72: raises $3 to $6
LWNS leaves the table
Great_Kang: folds
Uncalled bet ($3) returned to TinaTurner72
TinaTurner72 collected $6 from pot
TinaTurner72: doesn't show hand
*** SUMMARY ***
Total pot $6 | Rake $0
Seat 1: Great_Kang (big blind) folded before Flop
Seat 2: TinaTurner72 (button) (small blind) collected ($6)


PokerStars Hand #166409166461:  Hold'em Limit ($3/$6 USD) - 2017/02/18 14:17:52 ET
Table 'Otila' 6-max Seat #3 is the button
Seat 1: andrey0709 ($99 in chips)
Seat 3: belik555 ($91 in chips)
belik555: posts small blind $1
andrey0709: posts big blind $3
*** HOLE CARDS ***
belik555: raises $3 to $6
cbarnes joins the table at seat #6
andrey0709: folds
Uncalled bet ($3) returned to belik555
belik555 collected $6 from pot
belik555: doesn't show hand
*** SUMMARY ***
Total pot $6 | Rake $0
Seat 1: andrey0709 (big blind) folded before Flop
Seat 3: belik555 (button) (small blind) collected ($6)


PokerStars Hand #166409174785:  Hold'em Limit ($3/$6 USD) - 2017/02/18 14:18:01 ET
Table 'Otila' 6-max Seat #1 is the button
Seat 1: andrey0709 ($96 in chips)
Seat 3: belik555 ($94 in chips)
andrey0709: posts small blind $1
belik555: posts big blind $3
*** HOLE CARDS ***
andrey0709: folds
Uncalled bet ($2) returned to belik555
belik555 collected $2 from pot
belik555: doesn't show hand
*** SUMMARY ***
Total pot $2 | Rake $0
Seat 1: andrey0709 (button) (small blind) folded before Flop
Seat 3: belik555 (big blind) collected ($2)


PokerStars Hand #166410136257:  Hold'em Limit ($3/$6 USD) - 2017/02/18 14:35:47 ET
Table 'Otila' 6-max Seat #1 is the button
Seat 1: andrey0709 ($70.10 in chips)
Seat 3: belik555 ($119.79 in chips)
andrey0709: posts small blind $1
belik555: posts big blind $3
*** HOLE CARDS ***
andrey0709: folds
Uncalled bet ($2) returned to belik555
belik555 collected $2 from pot
belik555: doesn't show hand
*** SUMMARY ***
Total pot $2 | Rake $0
Seat 1: andrey0709 (button) (small blind) folded before Flop
Seat 3: belik555 (big blind) collected ($2)


PokerStars Hand #166410121608:  Hold'em Limit ($3/$6 USD) - 2017/02/18 14:35:31 ET
Table 'Otila' 6-max Seat #3 is the button
Seat 1: andrey0709 ($61.46 in chips)
Seat 3: belik555 ($128.79 in chips)
belik555: posts small blind $1
andrey0709: posts big blind $3
*** HOLE CARDS ***
belik555: raises $3 to $6
andrey0709: calls $3
*** FLOP *** [4s Ah 8d]
andrey0709: checks
belik555: bets $3
andrey0709: calls $3
*** TURN *** [4s Ah 8d] [Jd]
andrey0709: checks
belik555: checks
*** RIVER *** [4s Ah 8d Jd] [7h]
andrey0709: bets $6
belik555: folds
Uncalled bet ($6) returned to andrey0709
andrey0709 collected $17.64 from pot
*** SUMMARY ***
Total pot $18 | Rake $0.36
Board [4s Ah 8d Jd 7h]
Seat 1: andrey0709 (big blind) collected ($17.64)
Seat 3: belik555 (button) (small blind) folded on the River


PokerStars Hand #166410108342:  Hold'em Limit ($3/$6 USD) - 2017/02/18 14:35:16 ET
Table 'Otila' 6-max Seat #1 is the button
Seat 1: andrey0709 ($49.94 in chips)
Seat 3: belik555 ($140.79 in chips)
andrey0709: posts small blind $1
Krazy90: is sitting out
belik555: posts big blind $3
*** HOLE CARDS ***
andrey0709: raises $3 to $6
belik555: calls $3
*** FLOP *** [5h 4d 7h]
Krazy90 leaves the table
belik555: checks
andrey0709: checks
*** TURN *** [5h 4d 7h] [Kh]
belik555: bets $6
andrey0709: raises $6 to $12
belik555: folds
Uncalled bet ($6) returned to andrey0709
andrey0709 collected $23.52 from pot
*** SUMMARY ***
Total pot $24 | Rake $0.48
Board [5h 4d 7h Kh]
Seat 1: andrey0709 (button) (small blind) collected ($23.52)
Seat 3: belik555 (big blind) folded on the Turn


PokerStars Hand #166410140668:  Hold'em Limit ($3/$6 USD) - 2017/02/18 14:35:52 ET
Table 'Otila' 6-max Seat #3 is the button
Seat 1: andrey0709 ($69.10 in chips)
Seat 3: belik555 ($120.79 in chips)
belik555: posts small blind $1
andrey0709: posts big blind $3
*** HOLE CARDS ***
belik555: raises $3 to $6
andrey0709: calls $3
*** FLOP *** [Ad Qd 9s]
andrey0709: checks
belik555: bets $3
andrey0709: folds
Uncalled bet ($3) returned to belik555
belik555 collected $11.76 from pot
belik555: doesn't show hand
*** SUMMARY ***
Total pot $12 | Rake $0.24
Board [Ad Qd 9s]
Seat 1: andrey0709 (big blind) folded on the Flop
Seat 3: belik555 (button) (small blind) collected ($11.76)


PokerStars Hand #166410188178:  Hold'em Limit ($3/$6 USD) - 2017/02/18 14:36:45 ET
Table 'Otila' 6-max Seat #3 is the button
Seat 1: andrey0709 ($78.50 in chips)
Seat 3: belik555 ($110.55 in chips)
belik555: posts small blind $1
andrey0709: posts big blind $3
*** HOLE CARDS ***
belik555: raises $3 to $6
andrey0709: folds
Uncalled bet ($3) returned to belik555
belik555 collected $6 from pot
belik555: doesn't show hand
*** SUMMARY ***
Total pot $6 | Rake $0
Seat 1: andrey0709 (big blind) folded before Flop
Seat 3: belik555 (button) (small blind) collected ($6)


PokerStars Hand #166410171787:  Hold'em Limit ($3/$6 USD) - 2017/02/18 14:36:27 ET
Table 'Otila' 6-max Seat #1 is the button
Seat 1: andrey0709 ($72.74 in chips)
Seat 3: belik555 ($116.55 in chips)
andrey0709: posts small blind $1
belik555: posts big blind $3
*** HOLE CARDS ***
andrey0709: calls $2
belik555: checks
*** FLOP *** [Js 3c Ah]
laubes04 joins the table at seat #2
belik555: bets $3
andrey0709: calls $3
*** TURN *** [Js 3c Ah] [7h]
belik555: checks
andrey0709: bets $6
belik555: folds
Uncalled bet ($6) returned to andrey0709
andrey0709 collected $11.76 from pot
*** SUMMARY ***
Total pot $12 | Rake $0.24
Board [Js 3c Ah 7h]
Seat 1: andrey0709 (button) (small blind) collected ($11.76)
Seat 3: belik555 (big blind) folded on the Turn


PokerStars Hand #166410165613:  Hold'em Limit ($3/$6 USD) - 2017/02/18 14:36:20 ET
Table 'Otila' 6-max Seat #3 is the button
Seat 1: andrey0709 ($71.74 in chips)
Seat 3: belik555 ($117.55 in chips)
belik555: posts small blind $1
andrey0709: posts big blind $3
*** HOLE CARDS ***
belik555: folds
Uncalled bet ($2) returned to andrey0709
andrey0709 collected $2 from pot
*** SUMMARY ***
Total pot $2 | Rake $0
Seat 1: andrey0709 (big blind) collected ($2)
Seat 3: belik555 (button) (small blind) folded before Flop


PokerStars Hand #166410465818:  Hold'em Limit ($3/$6 USD) - 2017/02/18 14:41:54 ET
Table 'Otila' 6-max Seat #3 is the button
Seat 2: laubes04 ($164.06 in chips)
Seat 3: belik555 ($91 in chips)
belik555: posts small blind $1
laubes04: posts big blind $3
*** HOLE CARDS ***
andrey0709 leaves the table
belik555: raises $3 to $6
laubes04: calls $3
*** FLOP *** [6h Kc 2d]
laubes04: checks
belik555: bets $3
laubes04: folds
Uncalled bet ($3) returned to belik555
belik555 collected $11.76 from pot
belik555: doesn't show hand
*** SUMMARY ***
Total pot $12 | Rake $0.24
Board [6h Kc 2d]
Seat 2: laubes04 (big blind) folded on the Flop
Seat 3: belik555 (button) (small blind) collected ($11.76)


