PokerStars Hand #164573333560:  Hold'em Limit ($3/$6 USD) - 2017/01/14 14:36:02 ET
Table 'Ottegebe' 6-max Seat #3 is the button
Seat 3: Blikon ($120 in chips)
Seat 4: TbIP-TbIP 88 ($72 in chips)
Blikon: posts small blind $1
TbIP-TbIP 88: posts big blind $3
*** HOLE CARDS ***
Blikon: folds
Uncalled bet ($2) returned to TbIP-TbIP 88
TbIP-TbIP 88 collected $2 from pot
TbIP-TbIP 88: doesn't show hand
*** SUMMARY ***
Total pot $2 | Rake $0
Seat 3: Blikon (button) (small blind) folded before Flop
Seat 4: TbIP-TbIP 88 (big blind) collected ($2)


PokerStars Hand #164573347917:  Hold'em Limit ($3/$6 USD) - 2017/01/14 14:36:17 ET
Table 'Ottegebe' 6-max Seat #4 is the button
Seat 3: Blikon ($119 in chips)
Seat 4: TbIP-TbIP 88 ($73 in chips)
TbIP-TbIP 88: posts small blind $1
Blikon: posts big blind $3
*** HOLE CARDS ***
TbIP-TbIP 88: raises $3 to $6
Blikon: calls $3
*** FLOP *** [8c Ts 3d]
Blikon: checks
TbIP-TbIP 88: bets $3
Blikon: calls $3
*** TURN *** [8c Ts 3d] [5c]
Blikon: checks
TbIP-TbIP 88: bets $6
Blikon: raises $6 to $12
TbIP-TbIP 88: calls $6
*** RIVER *** [8c Ts 3d 5c] [9s]
Blikon: bets $6
TbIP-TbIP 88: calls $6
*** SHOW DOWN ***
Blikon: shows [7c 6c] (a straight, Six to Ten)
TbIP-TbIP 88: mucks hand
Blikon collected $53.50 from pot
*** SUMMARY ***
Total pot $54 | Rake $0.50
Board [8c Ts 3d 5c 9s]
Seat 3: Blikon (big blind) showed [7c 6c] and won ($53.50) with a straight, Six to Ten
Seat 4: TbIP-TbIP 88 (button) (small blind) mucked


PokerStars Hand #164573379765:  Hold'em Limit ($3/$6 USD) - 2017/01/14 14:36:50 ET
Table 'Ottegebe' 6-max Seat #3 is the button
Seat 3: Blikon ($145.50 in chips)
Seat 4: TbIP-TbIP 88 ($72 in chips)
Blikon: posts small blind $1
TbIP-TbIP 88: posts big blind $3
*** HOLE CARDS ***
Blikon: raises $3 to $6
TbIP-TbIP 88: calls $3
*** FLOP *** [3h As 5h]
TbIP-TbIP 88: checks
Blikon: bets $3
TbIP-TbIP 88: calls $3
*** TURN *** [3h As 5h] [9s]
TbIP-TbIP 88: checks
Blikon: checks
*** RIVER *** [3h As 5h 9s] [Ad]
TbIP-TbIP 88: checks
Blikon: checks
habari786 joins the table at seat #6
*** SHOW DOWN ***
TbIP-TbIP 88: shows [8d Qh] (a pair of Aces)
Blikon: mucks hand
TbIP-TbIP 88 collected $17.64 from pot
*** SUMMARY ***
Total pot $18 | Rake $0.36
Board [3h As 5h 9s Ad]
Seat 3: Blikon (button) (small blind) mucked
Seat 4: TbIP-TbIP 88 (big blind) showed [8d Qh] and won ($17.64) with a pair of Aces


PokerStars Hand #164573462371:  Hold'em Limit ($3/$6 USD) - 2017/01/14 14:38:17 ET
Table 'Ottegebe' 6-max Seat #3 is the button
Seat 3: Blikon ($121.57 in chips)
Seat 6: habari786 ($33 in chips)
Blikon: posts small blind $1
TbIP-TbIP 88: is sitting out
habari786: posts big blind $3
*** HOLE CARDS ***
Blikon: raises $3 to $6
Psynto joins the table at seat #5
TbIP-TbIP 88 leaves the table
habari786: raises $3 to $9
Blikon: calls $3
*** FLOP *** [Jc 6h As]
habari786: bets $3
Blikon: folds
Uncalled bet ($3) returned to habari786
habari786 collected $17.64 from pot
habari786: doesn't show hand
*** SUMMARY ***
Total pot $18 | Rake $0.36
Board [Jc 6h As]
Seat 3: Blikon (button) (small blind) folded on the Flop
Seat 6: habari786 (big blind) collected ($17.64)


PokerStars Hand #164573475487:  Hold'em Limit ($3/$6 USD) - 2017/01/14 14:38:30 ET
Table 'Ottegebe' 6-max Seat #6 is the button
Seat 3: Blikon ($126.34 in chips)
Seat 6: habari786 ($41.64 in chips)
habari786: posts small blind $1
Blikon: posts big blind $3
*** HOLE CARDS ***
habari786: raises $3 to $6
Blikon: calls $3
*** FLOP *** [2s 2h 6c]
Blikon: checks
habari786: checks
*** TURN *** [2s 2h 6c] [5c]
Blikon: checks
habari786: checks
*** RIVER *** [2s 2h 6c 5c] [Qd]
Blikon: checks
habari786: bets $6
Blikon: folds
Uncalled bet ($6) returned to habari786
habari786 collected $11.76 from pot
habari786: doesn't show hand
*** SUMMARY ***
Total pot $12 | Rake $0.24
Board [2s 2h 6c 5c Qd]
Seat 3: Blikon (big blind) folded on the River
Seat 6: habari786 (button) (small blind) collected ($11.76)


PokerStars Hand #164574380179:  Hold'em Limit ($3/$6 USD) - 2017/01/14 14:54:19 ET
Table 'Ottegebe' 6-max Seat #5 is the button
Seat 3: Blikon ($49.67 in chips)
Seat 5: Psynto ($120.39 in chips)
Psynto: posts small blind $1
habari786: is sitting out
Blikon: posts big blind $3
*** HOLE CARDS ***
Psynto: raises $3 to $6
Blikon: calls $3
*** FLOP *** [2h Qh 3d]
Blikon: checks
Psynto: bets $3
Blikon: folds
Uncalled bet ($3) returned to Psynto
Psynto collected $11.76 from pot
Psynto: doesn't show hand
*** SUMMARY ***
Total pot $12 | Rake $0.24
Board [2h Qh 3d]
Seat 3: Blikon (big blind) folded on the Flop
Seat 5: Psynto (button) (small blind) collected ($11.76)


PokerStars Hand #164574418925:  Hold'em Limit ($3/$6 USD) - 2017/01/14 14:55:00 ET
Table 'Ottegebe' 6-max Seat #3 is the button
Seat 3: Blikon ($78.81 in chips)
Seat 5: Psynto ($90.15 in chips)
Blikon: posts small blind $1
Psynto: posts big blind $3
*** HOLE CARDS ***
Blikon: folds
Uncalled bet ($2) returned to Psynto
habari786 leaves the table
Psynto collected $2 from pot
Psynto: doesn't show hand
*** SUMMARY ***
Total pot $2 | Rake $0
Seat 3: Blikon (button) (small blind) folded before Flop
Seat 5: Psynto (big blind) collected ($2)


PokerStars Hand #164574404286:  Hold'em Limit ($3/$6 USD) - 2017/01/14 14:54:44 ET
Table 'Ottegebe' 6-max Seat #5 is the button
Seat 3: Blikon ($70.17 in chips)
Seat 5: Psynto ($99.15 in chips)
Psynto: posts small blind $1
Blikon: posts big blind $3
*** HOLE CARDS ***
Psynto: raises $3 to $6
Blikon: calls $3
*** FLOP *** [7c 8h 2h]
Blikon: checks
Psynto: bets $3
Blikon: calls $3
*** TURN *** [7c 8h 2h] [5s]
Blikon: checks
Psynto: checks
*** RIVER *** [7c 8h 2h 5s] [5d]
Blikon: bets $6
chargerF28 leaves the table
Psynto: folds
Uncalled bet ($6) returned to Blikon
Blikon collected $17.64 from pot
*** SUMMARY ***
Total pot $18 | Rake $0.36
Board [7c 8h 2h 5s 5d]
Seat 3: Blikon (big blind) collected ($17.64)
Seat 5: Psynto (button) (small blind) folded on the River


PokerStars Hand #164574389612:  Hold'em Limit ($3/$6 USD) - 2017/01/14 14:54:29 ET
Table 'Ottegebe' 6-max Seat #3 is the button
Seat 3: Blikon ($43.67 in chips)
Seat 5: Psynto ($126.15 in chips)
Blikon: posts small blind $1
Psynto: posts big blind $3
*** HOLE CARDS ***
Blikon: raises $3 to $6
Psynto: calls $3
*** FLOP *** [2h Th 8d]
Psynto: checks
Blikon: bets $3
Psynto: raises $3 to $6
Blikon: raises $3 to $9
Psynto: calls $3
*** TURN *** [2h Th 8d] [7h]
Psynto: checks
Blikon: bets $6
Psynto: calls $6
*** RIVER *** [2h Th 8d 7h] [7s]
Psynto: checks
Blikon: bets $6
Psynto: calls $6
*** SHOW DOWN ***
Blikon: shows [Tc Ks] (two pair, Tens and Sevens)
Psynto: mucks hand
Blikon collected $53.50 from pot
*** SUMMARY ***
Total pot $54 | Rake $0.50
Board [2h Th 8d 7h 7s]
Seat 3: Blikon (button) (small blind) showed [Tc Ks] and won ($53.50) with two pair, Tens and Sevens
Seat 5: Psynto (big blind) mucked


PokerStars Hand #164574443699:  Hold'em Limit ($3/$6 USD) - 2017/01/14 14:55:31 ET
Table 'Ottegebe' 6-max Seat #3 is the button
Seat 3: Blikon ($71.81 in chips)
Seat 5: Psynto ($96.91 in chips)
Blikon: posts small blind $1
Psynto: posts big blind $3
*** HOLE CARDS ***
Blikon: folds
Uncalled bet ($2) returned to Psynto
Psynto collected $2 from pot
Psynto: doesn't show hand
*** SUMMARY ***
Total pot $2 | Rake $0
Seat 3: Blikon (button) (small blind) folded before Flop
Seat 5: Psynto (big blind) collected ($2)


PokerStars Hand #164574430089:  Hold'em Limit ($3/$6 USD) - 2017/01/14 14:55:12 ET
Table 'Ottegebe' 6-max Seat #5 is the button
Seat 3: Blikon ($77.81 in chips)
Seat 5: Psynto ($91.15 in chips)
Psynto: posts small blind $1
Blikon: posts big blind $3
*** HOLE CARDS ***
Psynto: raises $3 to $6
Blikon: calls $3
*** FLOP *** [Kh Ah 6s]
Blikon: checks
Psynto: bets $3
Blikon: folds
Uncalled bet ($3) returned to Psynto
Psynto collected $11.76 from pot
Psynto: doesn't show hand
*** SUMMARY ***
Total pot $12 | Rake $0.24
Board [Kh Ah 6s]
Seat 3: Blikon (big blind) folded on the Flop
Seat 5: Psynto (button) (small blind) collected ($11.76)


PokerStars Hand #164574484819:  Hold'em Limit ($3/$6 USD) - 2017/01/14 14:56:26 ET
Table 'Ottegebe' 6-max Seat #3 is the button
Seat 3: Blikon ($66.31 in chips)
Seat 5: Psynto ($101.43 in chips)
Blikon: posts small blind $1
Psynto: posts big blind $3
*** HOLE CARDS ***
Blikon: raises $3 to $6
Psynto: calls $3
*** FLOP *** [3h Ad Ks]
Psynto: checks
Blikon: bets $3
Psynto: folds
Uncalled bet ($3) returned to Blikon
Blikon collected $11.76 from pot
*** SUMMARY ***
Total pot $12 | Rake $0.24
Board [3h Ad Ks]
Seat 3: Blikon (button) (small blind) collected ($11.76)
Seat 5: Psynto (big blind) folded on the Flop


PokerStars Hand #164574478616:  Hold'em Limit ($3/$6 USD) - 2017/01/14 14:56:18 ET
Table 'Ottegebe' 6-max Seat #5 is the button
Seat 3: Blikon ($69.31 in chips)
Seat 5: Psynto ($98.43 in chips)
Psynto: posts small blind $1
Blikon: posts big blind $3
*** HOLE CARDS ***
Psynto: raises $3 to $6
Blikon: folds
Uncalled bet ($3) returned to Psynto
Psynto collected $6 from pot
Psynto: doesn't show hand
*** SUMMARY ***
Total pot $6 | Rake $0
Seat 3: Blikon (big blind) folded before Flop
Seat 5: Psynto (button) (small blind) collected ($6)


PokerStars Hand #164574466691:  Hold'em Limit ($3/$6 USD) - 2017/01/14 14:56:02 ET
Table 'Ottegebe' 6-max Seat #3 is the button
Seat 3: Blikon ($54.81 in chips)
Seat 5: Psynto ($113.43 in chips)
Blikon: posts small blind $1
Psynto: posts big blind $3
*** HOLE CARDS ***
Blikon: raises $3 to $6
Psynto: raises $3 to $9
Blikon: raises $3 to $12
Betting is capped
Psynto: calls $3
*** FLOP *** [6d 5h 2c]
Psynto: checks
Blikon: bets $3
Psynto: calls $3
*** TURN *** [6d 5h 2c] [Kd]
Psynto: checks
Blikon: checks
*** RIVER *** [6d 5h 2c Kd] [7d]
Psynto: checks
Blikon: checks
*** SHOW DOWN ***
Psynto: shows [4h 4c] (a pair of Fours)
Blikon: shows [6h Ah] (a pair of Sixes)
Blikon collected $29.50 from pot
*** SUMMARY ***
Total pot $30 | Rake $0.50
Board [6d 5h 2c Kd 7d]
Seat 3: Blikon (button) (small blind) showed [6h Ah] and won ($29.50) with a pair of Sixes
Seat 5: Psynto (big blind) showed [4h 4c] and lost with a pair of Fours


PokerStars Hand #164574456389:  Hold'em Limit ($3/$6 USD) - 2017/01/14 14:55:48 ET
Table 'Ottegebe' 6-max Seat #5 is the button
Seat 3: Blikon ($66.81 in chips)
Seat 5: Psynto ($101.91 in chips)
Psynto: posts small blind $1
Blikon: posts big blind $3
*** HOLE CARDS ***
Psynto: raises $3 to $6
Blikon: calls $3
*** FLOP *** [9h 6c 4c]
Blikon: checks
Psynto: checks
*** TURN *** [9h 6c 4c] [Th]
Blikon: bets $6
Psynto: raises $6 to $12
Blikon: folds
Uncalled bet ($6) returned to Psynto
Psynto collected $23.52 from pot
Psynto: doesn't show hand
*** SUMMARY ***
Total pot $24 | Rake $0.48
Board [9h 6c 4c Th]
Seat 3: Blikon (big blind) folded on the Turn
Seat 5: Psynto (button) (small blind) collected ($23.52)


PokerStars Hand #164574451624:  Hold'em Limit ($3/$6 USD) - 2017/01/14 14:55:42 ET
Table 'Ottegebe' 6-max Seat #3 is the button
Seat 3: Blikon ($67.81 in chips)
Seat 5: Psynto ($100.91 in chips)
Blikon: posts small blind $1
Psynto: posts big blind $3
*** HOLE CARDS ***
Blikon: folds
Uncalled bet ($2) returned to Psynto
Psynto collected $2 from pot
Psynto: doesn't show hand
*** SUMMARY ***
Total pot $2 | Rake $0
Seat 3: Blikon (button) (small blind) folded before Flop
Seat 5: Psynto (big blind) collected ($2)


PokerStars Hand #164574447680:  Hold'em Limit ($3/$6 USD) - 2017/01/14 14:55:36 ET
Table 'Ottegebe' 6-max Seat #5 is the button
Seat 3: Blikon ($70.81 in chips)
Seat 5: Psynto ($97.91 in chips)
Psynto: posts small blind $1
Blikon: posts big blind $3
*** HOLE CARDS ***
Psynto: raises $3 to $6
Blikon: folds
Uncalled bet ($3) returned to Psynto
Psynto collected $6 from pot
Psynto: doesn't show hand
*** SUMMARY ***
Total pot $6 | Rake $0
Seat 3: Blikon (big blind) folded before Flop
Seat 5: Psynto (button) (small blind) collected ($6)


PokerStars Hand #164574510037:  Hold'em Limit ($3/$6 USD) - 2017/01/14 14:57:00 ET
Table 'Ottegebe' 6-max Seat #5 is the button
Seat 3: Blikon ($86.59 in chips)
Seat 5: Psynto ($80.43 in chips)
Psynto: posts small blind $1
Blikon: posts big blind $3
*** HOLE CARDS ***
Psynto: raises $3 to $6
Blikon: raises $3 to $9
Psynto: calls $3
*** FLOP *** [2c 3c 6c]
Blikon: bets $3
Psynto: calls $3
*** TURN *** [2c 3c 6c] [8d]
Blikon: bets $6
Psynto: raises $6 to $12
Blikon: calls $6
*** RIVER *** [2c 3c 6c 8d] [3s]
Blikon: checks
Psynto: bets $6
Blikon: calls $6
*** SHOW DOWN ***
Psynto: shows [5c Kc] (a flush, King high)
Blikon: mucks hand
tnuh_wjg joins the table at seat #4
Psynto collected $59.50 from pot
*** SUMMARY ***
Total pot $60 | Rake $0.50
Board [2c 3c 6c 8d 3s]
Seat 3: Blikon (big blind) mucked
Seat 5: Psynto (button) (small blind) showed [5c Kc] and won ($59.50) with a flush, King high


PokerStars Hand #164574505182:  Hold'em Limit ($3/$6 USD) - 2017/01/14 14:56:54 ET
Table 'Ottegebe' 6-max Seat #3 is the button
Seat 3: Blikon ($83.59 in chips)
Seat 5: Psynto ($83.43 in chips)
Blikon: posts small blind $1
Psynto: posts big blind $3
*** HOLE CARDS ***
Blikon: raises $3 to $6
Psynto: folds
Uncalled bet ($3) returned to Blikon
Blikon collected $6 from pot
*** SUMMARY ***
Total pot $6 | Rake $0
Seat 3: Blikon (button) (small blind) collected ($6)
Seat 5: Psynto (big blind) folded before Flop


PokerStars Hand #164574491860:  Hold'em Limit ($3/$6 USD) - 2017/01/14 14:56:36 ET
Table 'Ottegebe' 6-max Seat #5 is the button
Seat 3: Blikon ($72.07 in chips)
Seat 5: Psynto ($95.43 in chips)
Psynto: posts small blind $1
Blikon: posts big blind $3
*** HOLE CARDS ***
Psynto: raises $3 to $6
Blikon: raises $3 to $9
Psynto: calls $3
*** FLOP *** [Qh Qs 6d]
Blikon: bets $3
Psynto: calls $3
*** TURN *** [Qh Qs 6d] [Ad]
Blikon: checks
Psynto: checks
*** RIVER *** [Qh Qs 6d Ad] [5h]
Blikon: bets $6
Psynto: folds
Uncalled bet ($6) returned to Blikon
Blikon collected $23.52 from pot
*** SUMMARY ***
Total pot $24 | Rake $0.48
Board [Qh Qs 6d Ad 5h]
Seat 3: Blikon (big blind) collected ($23.52)
Seat 5: Psynto (button) (small blind) folded on the River


PokerStars Hand #164574726433:  Hold'em Limit ($3/$6 USD) - 2017/01/14 15:01:39 ET
Table 'Ottegebe' 6-max Seat #4 is the button
Seat 4: tnuh_wjg ($131.88 in chips)
Seat 6: LuckyScal ($121.37 in chips)
tnuh_wjg: posts small blind $1
Psynto: is sitting out
LuckyScal: posts big blind $3
*** HOLE CARDS ***
tnuh_wjg: raises $3 to $6
Psynto leaves the table
LuckyScal: calls $3
*** FLOP *** [Ac 3s 8c]
LuckyScal: checks
tnuh_wjg: bets $3
LuckyScal: folds
Uncalled bet ($3) returned to tnuh_wjg
tnuh_wjg collected $11.76 from pot
tnuh_wjg: doesn't show hand
*** SUMMARY ***
Total pot $12 | Rake $0.24
Board [Ac 3s 8c]
Seat 4: tnuh_wjg (button) (small blind) collected ($11.76)
Seat 6: LuckyScal (big blind) folded on the Flop


PokerStars Hand #164574947724:  Hold'em Limit ($3/$6 USD) - 2017/01/14 15:05:32 ET
Table 'Ottegebe' 6-max Seat #3 is the button
Seat 3: Blikon ($44.58 in chips)
Seat 6: LuckyScal ($117.54 in chips)
Blikon: posts small blind $1
tnuh_wjg: is sitting out
LuckyScal: posts big blind $3
*** HOLE CARDS ***
Blikon: raises $3 to $6
LuckyScal: calls $3
*** FLOP *** [7d Js Th]
LuckyScal: checks
Blikon: bets $3
LuckyScal: calls $3
*** TURN *** [7d Js Th] [9s]
LuckyScal: bets $6
Blikon: calls $6
*** RIVER *** [7d Js Th 9s] [Jh]
LuckyScal: bets $6
Blikon: calls $6
*** SHOW DOWN ***
LuckyScal: shows [8h 5h] (a straight, Seven to Jack)
Blikon: mucks hand
LuckyScal collected $41.50 from pot
*** SUMMARY ***
Total pot $42 | Rake $0.50
Board [7d Js Th 9s Jh]
Seat 3: Blikon (button) (small blind) mucked
Seat 6: LuckyScal (big blind) showed [8h 5h] and won ($41.50) with a straight, Seven to Jack


PokerStars Hand #164574995689:  Hold'em Limit ($3/$6 USD) - 2017/01/14 15:06:20 ET
Table 'Ottegebe' 6-max Seat #3 is the button
Seat 3: Blikon ($24.58 in chips)
Seat 6: LuckyScal ($137.04 in chips)
Blikon: posts small blind $1
LuckyScal: posts big blind $3
*** HOLE CARDS ***
Blikon: folds
Uncalled bet ($2) returned to LuckyScal
LuckyScal collected $2 from pot
LuckyScal: doesn't show hand
*** SUMMARY ***
Total pot $2 | Rake $0
Seat 3: Blikon (button) (small blind) folded before Flop
Seat 6: LuckyScal (big blind) collected ($2)


PokerStars Hand #164574982842:  Hold'em Limit ($3/$6 USD) - 2017/01/14 15:06:07 ET
Table 'Ottegebe' 6-max Seat #6 is the button
Seat 3: Blikon ($23.58 in chips)
Seat 6: LuckyScal ($138.04 in chips)
LuckyScal: posts small blind $1
Blikon: posts big blind $3
*** HOLE CARDS ***
LuckyScal: folds
Uncalled bet ($2) returned to Blikon
Blikon collected $2 from pot
*** SUMMARY ***
Total pot $2 | Rake $0
Seat 3: Blikon (big blind) collected ($2)
Seat 6: LuckyScal (button) (small blind) folded before Flop


PokerStars Hand #164575000823:  Hold'em Limit ($3/$6 USD) - 2017/01/14 15:06:25 ET
Table 'Ottegebe' 6-max Seat #6 is the button
Seat 3: Blikon ($23.58 in chips)
Seat 6: LuckyScal ($138.04 in chips)
LuckyScal: posts small blind $1
Blikon: posts big blind $3
*** HOLE CARDS ***
LuckyScal: raises $3 to $6
Blikon: raises $3 to $9
LuckyScal: calls $3
*** FLOP *** [Kh 2s Tc]
tnuh_wjg is disconnected
Blikon: bets $3
LuckyScal: calls $3
*** TURN *** [Kh 2s Tc] [4c]
Blikon: bets $6
LuckyScal: raises $6 to $12
Blikon: calls $5.58 and is all-in
Uncalled bet ($0.42) returned to LuckyScal
*** RIVER *** [Kh 2s Tc 4c] [8d]
*** SHOW DOWN ***
Blikon: shows [Ac 8c] (a pair of Eights)
LuckyScal: shows [Qh Ks] (a pair of Kings)
LuckyScal collected $46.66 from pot
*** SUMMARY ***
Total pot $47.16 | Rake $0.50
Board [Kh 2s Tc 4c 8d]
Seat 3: Blikon (big blind) showed [Ac 8c] and lost with a pair of Eights
Seat 6: LuckyScal (button) (small blind) showed [Qh Ks] and won ($46.66) with a pair of Kings


