PokerStars Hand #148134555688:  Hold'em Limit ($3/$6 USD) - 2016/02/02 17:18:36 ET
Table 'Ottegebe' 6-max Seat #3 is the button
Seat 1: Zubasa07 ($535.50 in chips)
Seat 3: Thierry1735 ($84 in chips)
Thierry1735: posts small blind $1
Zubasa07: posts big blind $3
*** HOLE CARDS ***
Thierry1735: raises $3 to $6
Zubasa07: calls $3
*** FLOP *** [9d 4h 9s]
Zubasa07: checks
Thierry1735: bets $3
Zubasa07: raises $3 to $6
Thierry1735: calls $3
*** TURN *** [9d 4h 9s] [Ad]
Zubasa07: bets $6
Thierry1735: calls $6
*** RIVER *** [9d 4h 9s Ad] [Qd]
Zubasa07: bets $6
Thierry1735: calls $6
*** SHOW DOWN ***
Zubasa07: shows [Jh 4c] (two pair, Nines and Fours)
Thierry1735: shows [Js Ah] (two pair, Aces and Nines)
Thierry1735 collected $47.50 from pot
*** SUMMARY ***
Total pot $48 | Rake $0.50
Board [9d 4h 9s Ad Qd]
Seat 1: Zubasa07 (big blind) showed [Jh 4c] and lost with two pair, Nines and Fours
Seat 3: Thierry1735 (button) (small blind) showed [Js Ah] and won ($47.50) with two pair, Aces and Nines


PokerStars Hand #148134511513:  Hold'em Limit ($3/$6 USD) - 2016/02/02 17:17:53 ET
Table 'Ottegebe' 6-max Seat #1 is the button
Seat 1: Zubasa07 ($500 in chips)
Seat 3: Thierry1735 ($120 in chips)
Zubasa07: posts small blind $1
Thierry1735: posts big blind $3
*** HOLE CARDS ***
Zubasa07: raises $3 to $6
Thierry1735: raises $3 to $9
Zubasa07: calls $3
*** FLOP *** [2s 7c Ah]
Thierry1735: bets $3
Zubasa07: calls $3
*** TURN *** [2s 7c Ah] [3h]
Thierry1735: bets $6
Zubasa07: raises $6 to $12
Thierry1735: raises $6 to $18
Freeky Marek joins the table at seat #2
Zubasa07: calls $6
*** RIVER *** [2s 7c Ah 3h] [6h]
Thierry1735: bets $6
Zubasa07: calls $6
*** SHOW DOWN ***
Thierry1735: shows [8c 9s] (high card Ace)
Zubasa07: shows [Ks Ad] (a pair of Aces)
Zubasa07 collected $71.50 from pot
*** SUMMARY ***
Total pot $72 | Rake $0.50
Board [2s 7c Ah 3h 6h]
Seat 1: Zubasa07 (button) (small blind) showed [Ks Ad] and won ($71.50) with a pair of Aces
Seat 3: Thierry1735 (big blind) showed [8c 9s] and lost with high card Ace


PokerStars Hand #148139721687:  Hold'em Limit ($3/$6 USD) - 2016/02/02 18:52:11 ET
Table 'Ottegebe' 6-max Seat #2 is the button
Seat 2: canplaypoker ($93.76 in chips)
Seat 4: BuzovaPro ($75 in chips)
canplaypoker: posts small blind $1
BuzovaPro: posts big blind $3
*** HOLE CARDS ***
canplaypoker: raises $3 to $6
BuzovaPro: calls $3
*** FLOP *** [5c 8s Jh]
BuzovaPro: checks
canplaypoker: bets $3
BuzovaPro: folds
Uncalled bet ($3) returned to canplaypoker
canplaypoker collected $11.76 from pot
canplaypoker: doesn't show hand
*** SUMMARY ***
Total pot $12 | Rake $0.24
Board [5c 8s Jh]
Seat 2: canplaypoker (button) (small blind) collected ($11.76)
Seat 4: BuzovaPro (big blind) folded on the Flop


PokerStars Hand #148139716091:  Hold'em Limit ($3/$6 USD) - 2016/02/02 18:52:04 ET
Table 'Ottegebe' 6-max Seat #4 is the button
Seat 2: canplaypoker ($96.76 in chips)
Seat 4: BuzovaPro ($72 in chips)
BuzovaPro: posts small blind $1
canplaypoker: posts big blind $3
*** HOLE CARDS ***
BuzovaPro: raises $3 to $6
canplaypoker: folds
Uncalled bet ($3) returned to BuzovaPro
BuzovaPro collected $6 from pot
BuzovaPro: doesn't show hand
*** SUMMARY ***
Total pot $6 | Rake $0
Seat 2: canplaypoker (big blind) folded before Flop
Seat 4: BuzovaPro (button) (small blind) collected ($6)


PokerStars Hand #148139707056:  Hold'em Limit ($3/$6 USD) - 2016/02/02 18:51:52 ET
Table 'Ottegebe' 6-max Seat #2 is the button
Seat 2: canplaypoker ($91 in chips)
Seat 4: BuzovaPro ($72 in chips)
canplaypoker: posts small blind $1
BuzovaPro: posts big blind $3
*** HOLE CARDS ***
canplaypoker: raises $3 to $6
BuzovaPro: calls $3
*** FLOP *** [Qs Qd 7h]
BuzovaPro: checks
canplaypoker: bets $3
BuzovaPro: folds
Uncalled bet ($3) returned to canplaypoker
canplaypoker collected $11.76 from pot
*** SUMMARY ***
Total pot $12 | Rake $0.24
Board [Qs Qd 7h]
Seat 2: canplaypoker (button) (small blind) collected ($11.76)
Seat 4: BuzovaPro (big blind) folded on the Flop


PokerStars Hand #148139763561:  Hold'em Limit ($3/$6 USD) - 2016/02/02 18:53:05 ET
Table 'Ottegebe' 6-max Seat #4 is the button
Seat 2: canplaypoker ($100.16 in chips)
Seat 4: BuzovaPro ($73 in chips)
BuzovaPro: posts small blind $1
canplaypoker: posts big blind $3
*** HOLE CARDS ***
BuzovaPro: raises $3 to $6
canplaypoker: calls $3
*** FLOP *** [9c Kc Qs]
Brama Br joins the table at seat #6
canplaypoker: checks
BuzovaPro: bets $3
canplaypoker: folds
Uncalled bet ($3) returned to BuzovaPro
BuzovaPro collected $11.76 from pot
BuzovaPro: doesn't show hand
*** SUMMARY ***
Total pot $12 | Rake $0.24
Board [9c Kc Qs]
Seat 2: canplaypoker (big blind) folded on the Flop
Seat 4: BuzovaPro (button) (small blind) collected ($11.76)


PokerStars Hand #148139759758:  Hold'em Limit ($3/$6 USD) - 2016/02/02 18:53:00 ET
Table 'Ottegebe' 6-max Seat #2 is the button
Seat 2: canplaypoker ($101.16 in chips)
Seat 4: BuzovaPro ($72 in chips)
canplaypoker: posts small blind $1
BuzovaPro: posts big blind $3
*** HOLE CARDS ***
canplaypoker: folds
Uncalled bet ($2) returned to BuzovaPro
BuzovaPro collected $2 from pot
BuzovaPro: doesn't show hand
*** SUMMARY ***
Total pot $2 | Rake $0
Seat 2: canplaypoker (button) (small blind) folded before Flop
Seat 4: BuzovaPro (big blind) collected ($2)


PokerStars Hand #148139749183:  Hold'em Limit ($3/$6 USD) - 2016/02/02 18:52:46 ET
Table 'Ottegebe' 6-max Seat #4 is the button
Seat 2: canplaypoker ($92.52 in chips)
Seat 4: BuzovaPro ($78.76 in chips)
BuzovaPro: posts small blind $1
canplaypoker: posts big blind $3
*** HOLE CARDS ***
BuzovaPro: raises $3 to $6
canplaypoker: raises $3 to $9
BuzovaPro: calls $3
*** FLOP *** [9c Ac Ah]
canplaypoker: bets $3
BuzovaPro: folds
Uncalled bet ($3) returned to canplaypoker
canplaypoker collected $17.64 from pot
canplaypoker: doesn't show hand
*** SUMMARY ***
Total pot $18 | Rake $0.36
Board [9c Ac Ah]
Seat 2: canplaypoker (big blind) collected ($17.64)
Seat 4: BuzovaPro (button) (small blind) folded on the Flop


PokerStars Hand #148139742181:  Hold'em Limit ($3/$6 USD) - 2016/02/02 18:52:37 ET
Table 'Ottegebe' 6-max Seat #2 is the button
Seat 2: canplaypoker ($93.52 in chips)
Seat 4: BuzovaPro ($77.76 in chips)
canplaypoker: posts small blind $1
BuzovaPro: posts big blind $3
*** HOLE CARDS ***
canplaypoker: folds
Uncalled bet ($2) returned to BuzovaPro
BuzovaPro collected $2 from pot
BuzovaPro: doesn't show hand
*** SUMMARY ***
Total pot $2 | Rake $0
Seat 2: canplaypoker (button) (small blind) folded before Flop
Seat 4: BuzovaPro (big blind) collected ($2)


PokerStars Hand #148139732439:  Hold'em Limit ($3/$6 USD) - 2016/02/02 18:52:25 ET
Table 'Ottegebe' 6-max Seat #4 is the button
Seat 2: canplaypoker ($99.52 in chips)
Seat 4: BuzovaPro ($72 in chips)
BuzovaPro: posts small blind $1
canplaypoker: posts big blind $3
*** HOLE CARDS ***
BuzovaPro: raises $3 to $6
canplaypoker: calls $3
*** FLOP *** [As 6c 2d]
canplaypoker: checks
BuzovaPro: bets $3
canplaypoker: folds
Uncalled bet ($3) returned to BuzovaPro
BuzovaPro collected $11.76 from pot
BuzovaPro: doesn't show hand
*** SUMMARY ***
Total pot $12 | Rake $0.24
Board [As 6c 2d]
Seat 2: canplaypoker (big blind) folded on the Flop
Seat 4: BuzovaPro (button) (small blind) collected ($11.76)


PokerStars Hand #148139774401:  Hold'em Limit ($3/$6 USD) - 2016/02/02 18:53:19 ET
Table 'Ottegebe' 6-max Seat #2 is the button
Seat 2: canplaypoker ($94.16 in chips)
Seat 4: BuzovaPro ($78.76 in chips)
canplaypoker: posts small blind $1
BuzovaPro: posts big blind $3
*** HOLE CARDS ***
canplaypoker: raises $3 to $6
BuzovaPro: calls $3
*** FLOP *** [2s 5c 5d]
BuzovaPro: checks
canplaypoker: checks
*** TURN *** [2s 5c 5d] [3c]
BuzovaPro: bets $6
canplaypoker: calls $6
*** RIVER *** [2s 5c 5d 3c] [7h]
BuzovaPro: bets $6
canplaypoker: calls $6
*** SHOW DOWN ***
BuzovaPro: shows [5s Jd] (three of a kind, Fives)
canplaypoker: mucks hand
BuzovaPro collected $35.50 from pot
*** SUMMARY ***
Total pot $36 | Rake $0.50
Board [2s 5c 5d 3c 7h]
Seat 2: canplaypoker (button) (small blind) mucked
Seat 4: BuzovaPro (big blind) showed [5s Jd] and won ($35.50) with three of a kind, Fives


