PokerStars Hand #158055373724:  Hold'em Limit ($3/$6 USD) - 2016/09/02 8:10:01 ET
Table 'Ottilia' 10-max Seat #7 is the button
Seat 7: VolkovDmitri ($120 in chips)
Seat 10: anebodil ($90 in chips)
VolkovDmitri: posts small blind $1
anebodil: posts big blind $3
*** HOLE CARDS ***
VolkovDmitri: raises $3 to $6
anebodil: folds
Uncalled bet ($3) returned to VolkovDmitri
VolkovDmitri collected $6 from pot
VolkovDmitri: doesn't show hand
*** SUMMARY ***
Total pot $6 | Rake $0
Seat 7: VolkovDmitri (button) (small blind) collected ($6)
Seat 10: anebodil (big blind) folded before Flop


PokerStars Hand #158055380000:  Hold'em Limit ($3/$6 USD) - 2016/09/02 8:10:13 ET
Table 'Ottilia' 10-max Seat #10 is the button
Seat 7: VolkovDmitri ($123 in chips)
Seat 10: anebodil ($87 in chips)
anebodil: posts small blind $1
VolkovDmitri: posts big blind $3
*** HOLE CARDS ***
anebodil: raises $3 to $6
VolkovDmitri: calls $3
*** FLOP *** [4h As 9s]
VolkovDmitri: checks
anebodil: bets $3
VolkovDmitri: folds
Uncalled bet ($3) returned to anebodil
anebodil collected $11.76 from pot
*** SUMMARY ***
Total pot $12 | Rake $0.24
Board [4h As 9s]
Seat 7: VolkovDmitri (big blind) folded on the Flop
Seat 10: anebodil (button) (small blind) collected ($11.76)


PokerStars Hand #158055392108:  Hold'em Limit ($3/$6 USD) - 2016/09/02 8:10:40 ET
Table 'Ottilia' 10-max Seat #7 is the button
Seat 7: VolkovDmitri ($120 in chips)
Seat 10: anebodil ($92.76 in chips)
VolkovDmitri: posts small blind $1
anebodil: posts big blind $3
*** HOLE CARDS ***
VolkovDmitri: raises $3 to $6
anebodil: calls $3
*** FLOP *** [3s Th As]
anebodil: checks
VolkovDmitri: bets $3
anebodil: folds
Uncalled bet ($3) returned to VolkovDmitri
VolkovDmitri collected $11.76 from pot
VolkovDmitri: doesn't show hand
*** SUMMARY ***
Total pot $12 | Rake $0.24
Board [3s Th As]
Seat 7: VolkovDmitri (button) (small blind) collected ($11.76)
Seat 10: anebodil (big blind) folded on the Flop


PokerStars Hand #158055397938:  Hold'em Limit ($3/$6 USD) - 2016/09/02 8:10:52 ET
Table 'Ottilia' 10-max Seat #10 is the button
Seat 7: VolkovDmitri ($125.76 in chips)
Seat 10: anebodil ($86.76 in chips)
anebodil: posts small blind $1
VolkovDmitri: posts big blind $3
*** HOLE CARDS ***
anebodil: calls $2
VolkovDmitri: raises $3 to $6
anebodil: calls $3
*** FLOP *** [Jd 8h 3c]
VolkovDmitri: bets $3
anebodil: calls $3
*** TURN *** [Jd 8h 3c] [6c]
VolkovDmitri: bets $6
anebodil: calls $6
*** RIVER *** [Jd 8h 3c 6c] [9c]
VolkovDmitri: checks
anebodil: bets $6
VolkovDmitri: folds
Uncalled bet ($6) returned to anebodil
anebodil collected $29.50 from pot
*** SUMMARY ***
Total pot $30 | Rake $0.50
Board [Jd 8h 3c 6c 9c]
Seat 7: VolkovDmitri (big blind) folded on the River
Seat 10: anebodil (button) (small blind) collected ($29.50)


PokerStars Hand #158055417298:  Hold'em Limit ($3/$6 USD) - 2016/09/02 8:11:32 ET
Table 'Ottilia' 10-max Seat #7 is the button
Seat 7: VolkovDmitri ($120 in chips)
Seat 10: anebodil ($101.26 in chips)
VolkovDmitri: posts small blind $1
anebodil: posts big blind $3
*** HOLE CARDS ***
VolkovDmitri: raises $3 to $6
anebodil: calls $3
*** FLOP *** [9s 8s 5s]
anebodil: checks
VolkovDmitri: bets $3
anebodil: calls $3
*** TURN *** [9s 8s 5s] [3c]
anebodil: checks
lebedevMikha joins the table at seat #9
VolkovDmitri: bets $6
anebodil: calls $6
*** RIVER *** [9s 8s 5s 3c] [3d]
anebodil: checks
VolkovDmitri: bets $6
anebodil: calls $6
*** SHOW DOWN ***
VolkovDmitri: shows [6h 6s] (two pair, Sixes and Threes)
anebodil: mucks hand
VolkovDmitri collected $41.50 from pot
*** SUMMARY ***
Total pot $42 | Rake $0.50
Board [9s 8s 5s 3c 3d]
Seat 7: VolkovDmitri (button) (small blind) showed [6h 6s] and won ($41.50) with two pair, Sixes and Threes
Seat 10: anebodil (big blind) mucked


PokerStars Hand #158055432169:  Hold'em Limit ($3/$6 USD) - 2016/09/02 8:12:04 ET
Table 'Ottilia' 10-max Seat #10 is the button
Seat 7: VolkovDmitri ($140.50 in chips)
Seat 10: anebodil ($80.26 in chips)
anebodil: posts small blind $1
VolkovDmitri: posts big blind $3
*** HOLE CARDS ***
anebodil: raises $3 to $6
VolkovDmitri: raises $3 to $9
anebodil: calls $3
*** FLOP *** [7s Td 4d]
VolkovDmitri: bets $3
anebodil: calls $3
*** TURN *** [7s Td 4d] [3d]
VolkovDmitri: checks
anebodil: bets $6
VolkovDmitri: folds
Uncalled bet ($6) returned to anebodil
anebodil collected $23.52 from pot
*** SUMMARY ***
Total pot $24 | Rake $0.48
Board [7s Td 4d 3d]
Seat 7: VolkovDmitri (big blind) folded on the Turn
Seat 10: anebodil (button) (small blind) collected ($23.52)


PokerStars Hand #158055622408:  Hold'em Limit ($3/$6 USD) - 2016/09/02 8:18:42 ET
Table 'Ottilia' 10-max Seat #7 is the button
Seat 7: VolkovDmitri ($159.02 in chips)
Seat 10: anebodil ($91.52 in chips)
VolkovDmitri: posts small blind $1
anebodil: posts big blind $3
*** HOLE CARDS ***
VolkovDmitri: raises $3 to $6
anebodil: folds
Uncalled bet ($3) returned to VolkovDmitri
VolkovDmitri collected $6 from pot
VolkovDmitri: doesn't show hand
*** SUMMARY ***
Total pot $6 | Rake $0
Seat 7: VolkovDmitri (button) (small blind) collected ($6)
Seat 10: anebodil (big blind) folded before Flop


PokerStars Hand #158055626782:  Hold'em Limit ($3/$6 USD) - 2016/09/02 8:18:51 ET
Table 'Ottilia' 10-max Seat #10 is the button
Seat 7: VolkovDmitri ($162.02 in chips)
Seat 10: anebodil ($88.52 in chips)
anebodil: posts small blind $1
VolkovDmitri: posts big blind $3
*** HOLE CARDS ***
anebodil: calls $2
Agrotait joins the table at seat #1
VolkovDmitri: raises $3 to $6
anebodil: calls $3
*** FLOP *** [2s Js Ah]
VolkovDmitri: bets $3
anebodil: folds
Uncalled bet ($3) returned to VolkovDmitri
VolkovDmitri collected $11.76 from pot
VolkovDmitri: doesn't show hand
*** SUMMARY ***
Total pot $12 | Rake $0.24
Board [2s Js Ah]
Seat 7: VolkovDmitri (big blind) collected ($11.76)
Seat 10: anebodil (button) (small blind) folded on the Flop


