PokerStars Hand #172715488444:  Hold'em Limit ($3/$6 USD) - 2017/07/07 8:43:47 ET
Table 'Ottilia' 6-max Seat #4 is the button
Seat 3: Auge72 ($59 in chips)
Seat 4: Anchig ($121 in chips)
Anchig: posts small blind $1
Auge72: posts big blind $3
*** HOLE CARDS ***
Anchig: raises $3 to $6
Auge72: folds
Uncalled bet ($3) returned to Anchig
Anchig collected $6 from pot
Anchig: doesn't show hand
*** SUMMARY ***
Total pot $6 | Rake $0
Seat 3: Auge72 (big blind) folded before Flop
Seat 4: Anchig (button) (small blind) collected ($6)


PokerStars Hand #172715513853:  Hold'em Limit ($3/$6 USD) - 2017/07/07 8:44:42 ET
Table 'Ottilia' 6-max Seat #3 is the button
Seat 3: Auge72 ($34 in chips)
Seat 4: Anchig ($145.50 in chips)
Auge72: posts small blind $1
Anchig: posts big blind $3
*** HOLE CARDS ***
Auge72: raises $3 to $6
Anchig: calls $3
*** FLOP *** [8s 6c Js]
Anchig: checks
Auge72: checks
*** TURN *** [8s 6c Js] [2d]
Anchig: bets $6
Auge72: calls $6
*** RIVER *** [8s 6c Js 2d] [Tc]
Anchig: checks
Auge72: checks
*** SHOW DOWN ***
Anchig: shows [3s Ks] (high card King)
Auge72: shows [Qh Ad] (high card Ace)
Auge72 collected $23.52 from pot
*** SUMMARY ***
Total pot $24 | Rake $0.48
Board [8s 6c Js 2d Tc]
Seat 3: Auge72 (button) (small blind) showed [Qh Ad] and won ($23.52) with high card Ace
Seat 4: Anchig (big blind) showed [3s Ks] and lost with high card King


PokerStars Hand #172715508232:  Hold'em Limit ($3/$6 USD) - 2017/07/07 8:44:30 ET
Table 'Ottilia' 6-max Seat #4 is the button
Seat 3: Auge72 ($33 in chips)
Seat 4: Anchig ($146.50 in chips)
Anchig: posts small blind $1
Auge72: posts big blind $3
*** HOLE CARDS ***
Anchig: folds
Uncalled bet ($2) returned to Auge72
Auge72 collected $2 from pot
Auge72: doesn't show hand
*** SUMMARY ***
Total pot $2 | Rake $0
Seat 3: Auge72 (big blind) collected ($2)
Seat 4: Anchig (button) (small blind) folded before Flop


PokerStars Hand #172715505021:  Hold'em Limit ($3/$6 USD) - 2017/07/07 8:44:23 ET
Table 'Ottilia' 6-max Seat #3 is the button
Seat 3: Auge72 ($30 in chips)
Seat 4: Anchig ($149.50 in chips)
Auge72: posts small blind $1
Anchig: posts big blind $3
*** HOLE CARDS ***
Auge72: raises $3 to $6
Anchig: folds
Uncalled bet ($3) returned to Auge72
Auge72 collected $6 from pot
Auge72: doesn't show hand
*** SUMMARY ***
Total pot $6 | Rake $0
Seat 3: Auge72 (button) (small blind) collected ($6)
Seat 4: Anchig (big blind) folded before Flop


PokerStars Hand #172715498324:  Hold'em Limit ($3/$6 USD) - 2017/07/07 8:44:08 ET
Table 'Ottilia' 6-max Seat #4 is the button
Seat 3: Auge72 ($51 in chips)
Seat 4: Anchig ($129 in chips)
Anchig: posts small blind $1
Auge72: posts big blind $3
*** HOLE CARDS ***
Anchig: raises $3 to $6
Auge72: calls $3
*** FLOP *** [Qd 7s 9d]
Auge72: checks
Anchig: bets $3
Auge72: calls $3
*** TURN *** [Qd 7s 9d] [6h]
Auge72: checks
Anchig: bets $6
Auge72: calls $6
*** RIVER *** [Qd 7s 9d 6h] [2c]
Auge72: checks
Anchig: bets $6
Auge72: calls $6
*** SHOW DOWN ***
Anchig: shows [6c 9h] (two pair, Nines and Sixes)
Auge72: mucks hand
Anchig collected $41.50 from pot
*** SUMMARY ***
Total pot $42 | Rake $0.50
Board [Qd 7s 9d 6h 2c]
Seat 3: Auge72 (big blind) mucked
Seat 4: Anchig (button) (small blind) showed [6c 9h] and won ($41.50) with two pair, Nines and Sixes


PokerStars Hand #172715495906:  Hold'em Limit ($3/$6 USD) - 2017/07/07 8:44:03 ET
Table 'Ottilia' 6-max Seat #3 is the button
Seat 3: Auge72 ($52 in chips)
Seat 4: Anchig ($128 in chips)
Auge72: posts small blind $1
Anchig: posts big blind $3
*** HOLE CARDS ***
Auge72: folds
Uncalled bet ($2) returned to Anchig
Anchig collected $2 from pot
Anchig: doesn't show hand
*** SUMMARY ***
Total pot $2 | Rake $0
Seat 3: Auge72 (button) (small blind) folded before Flop
Seat 4: Anchig (big blind) collected ($2)


PokerStars Hand #172715493685:  Hold'em Limit ($3/$6 USD) - 2017/07/07 8:43:58 ET
Table 'Ottilia' 6-max Seat #4 is the button
Seat 3: Auge72 ($55 in chips)
Seat 4: Anchig ($125 in chips)
Anchig: posts small blind $1
Auge72: posts big blind $3
*** HOLE CARDS ***
Anchig: raises $3 to $6
Auge72: folds
Uncalled bet ($3) returned to Anchig
Anchig collected $6 from pot
Anchig: doesn't show hand
*** SUMMARY ***
Total pot $6 | Rake $0
Seat 3: Auge72 (big blind) folded before Flop
Seat 4: Anchig (button) (small blind) collected ($6)


PokerStars Hand #172715491342:  Hold'em Limit ($3/$6 USD) - 2017/07/07 8:43:53 ET
Table 'Ottilia' 6-max Seat #3 is the button
Seat 3: Auge72 ($56 in chips)
Seat 4: Anchig ($124 in chips)
Auge72: posts small blind $1
Anchig: posts big blind $3
*** HOLE CARDS ***
Auge72: folds
Uncalled bet ($2) returned to Anchig
Anchig collected $2 from pot
Anchig: doesn't show hand
*** SUMMARY ***
Total pot $2 | Rake $0
Seat 3: Auge72 (button) (small blind) folded before Flop
Seat 4: Anchig (big blind) collected ($2)


PokerStars Hand #172715534005:  Hold'em Limit ($3/$6 USD) - 2017/07/07 8:45:24 ET
Table 'Ottilia' 6-max Seat #3 is the button
Seat 3: Auge72 ($24.52 in chips)
Seat 4: Anchig ($154 in chips)
Auge72: posts small blind $1
Anchig: posts big blind $3
*** HOLE CARDS ***
Auge72: raises $3 to $6
Anchig: raises $3 to $9
Auge72: raises $3 to $12
Betting is capped
Anchig: calls $3
*** FLOP *** [2s Ts Ac]
Anchig: bets $3
Auge72: raises $3 to $6
Anchig: raises $3 to $9
Auge72: raises $3 to $12
Betting is capped
Anchig: calls $3
*** TURN *** [2s Ts Ac] [Jc]
Anchig: bets $6
Auge72: calls $0.52 and is all-in
Uncalled bet ($5.48) returned to Anchig
*** RIVER *** [2s Ts Ac Jc] [5c]
*** SHOW DOWN ***
Anchig: shows [Ks Tc] (a pair of Tens)
Auge72: shows [8h As] (a pair of Aces)
Auge72 collected $48.54 from pot
*** SUMMARY ***
Total pot $49.04 | Rake $0.50
Board [2s Ts Ac Jc 5c]
Seat 3: Auge72 (button) (small blind) showed [8h As] and won ($48.54) with a pair of Aces
Seat 4: Anchig (big blind) showed [Ks Tc] and lost with a pair of Tens


PokerStars Hand #172715527071:  Hold'em Limit ($3/$6 USD) - 2017/07/07 8:45:10 ET
Table 'Ottilia' 6-max Seat #4 is the button
Seat 3: Auge72 ($45.52 in chips)
Seat 4: Anchig ($133.50 in chips)
Anchig: posts small blind $1
Auge72: posts big blind $3
*** HOLE CARDS ***
Anchig: raises $3 to $6
Auge72: calls $3
*** FLOP *** [2s 2d 2h]
Auge72: checks
Anchig: bets $3
Auge72: calls $3
*** TURN *** [2s 2d 2h] [5s]
Auge72: checks
Anchig: bets $6
Auge72: calls $6
*** RIVER *** [2s 2d 2h 5s] [Js]
Auge72: checks
Anchig: bets $6
Auge72: calls $6
*** SHOW DOWN ***
Anchig: shows [6h 5d] (a full house, Deuces full of Fives)
Auge72: mucks hand
Anchig collected $41.50 from pot
*** SUMMARY ***
Total pot $42 | Rake $0.50
Board [2s 2d 2h 5s Js]
Seat 3: Auge72 (big blind) mucked
Seat 4: Anchig (button) (small blind) showed [6h 5d] and won ($41.50) with a full house, Deuces full of Fives


PokerStars Hand #172715523035:  Hold'em Limit ($3/$6 USD) - 2017/07/07 8:45:01 ET
Table 'Ottilia' 6-max Seat #3 is the button
Seat 3: Auge72 ($46.52 in chips)
Seat 4: Anchig ($132.50 in chips)
Auge72: posts small blind $1
Anchig: posts big blind $3
*** HOLE CARDS ***
Auge72: folds
Uncalled bet ($2) returned to Anchig
Anchig collected $2 from pot
Anchig: doesn't show hand
*** SUMMARY ***
Total pot $2 | Rake $0
Seat 3: Auge72 (button) (small blind) folded before Flop
Seat 4: Anchig (big blind) collected ($2)


PokerStars Hand #172715520591:  Hold'em Limit ($3/$6 USD) - 2017/07/07 8:44:56 ET
Table 'Ottilia' 6-max Seat #4 is the button
Seat 3: Auge72 ($45.52 in chips)
Seat 4: Anchig ($133.50 in chips)
Anchig: posts small blind $1
Auge72: posts big blind $3
*** HOLE CARDS ***
Anchig: folds
Uncalled bet ($2) returned to Auge72
Auge72 collected $2 from pot
*** SUMMARY ***
Total pot $2 | Rake $0
Seat 3: Auge72 (big blind) collected ($2)
Seat 4: Anchig (button) (small blind) folded before Flop


PokerStars Hand #172715549391:  Hold'em Limit ($3/$6 USD) - 2017/07/07 8:45:57 ET
Table 'Ottilia' 6-max Seat #3 is the button
Seat 3: Auge72 ($18.54 in chips)
Seat 4: Anchig ($158.98 in chips)
Auge72: posts small blind $1
Anchig: posts big blind $3
*** HOLE CARDS ***
Auge72: folds
Uncalled bet ($2) returned to Anchig
Auge72 leaves the table
Anchig collected $2 from pot
Anchig: doesn't show hand
*** SUMMARY ***
Total pot $2 | Rake $0
Seat 3: Auge72 (button) (small blind) folded before Flop
Seat 4: Anchig (big blind) collected ($2)


PokerStars Hand #172715541690:  Hold'em Limit ($3/$6 USD) - 2017/07/07 8:45:41 ET
Table 'Ottilia' 6-max Seat #4 is the button
Seat 3: Auge72 ($48.54 in chips)
Seat 4: Anchig ($129.48 in chips)
Anchig: posts small blind $1
Auge72: posts big blind $3
*** HOLE CARDS ***
Anchig: raises $3 to $6
Auge72: calls $3
*** FLOP *** [Ts 5c 8s]
Auge72: bets $3
Anchig: raises $3 to $6
Auge72: calls $3
*** TURN *** [Ts 5c 8s] [2d]
Auge72: bets $6
Anchig: calls $6
*** RIVER *** [Ts 5c 8s 2d] [As]
Auge72: bets $6
Anchig: raises $6 to $12
Auge72: calls $6
*** SHOW DOWN ***
Anchig: shows [2s 3s] (a flush, Ace high)
Auge72: mucks hand
Anchig collected $59.50 from pot
*** SUMMARY ***
Total pot $60 | Rake $0.50
Board [Ts 5c 8s 2d As]
Seat 3: Auge72 (big blind) mucked
Seat 4: Anchig (button) (small blind) showed [2s 3s] and won ($59.50) with a flush, Ace high


