PokerStars Hand #170257778127:  Hold'em Limit ($3/$6 USD) - 2017/05/11 5:40:16 ET
Table 'Ottilia' 6-max Seat #3 is the button
Seat 3: aremom4e ($72 in chips)
Seat 4: Rus29APX ($120 in chips)
aremom4e: posts small blind $1
Rus29APX: posts big blind $3
*** HOLE CARDS ***
aremom4e: raises $3 to $6
Rus29APX: calls $3
*** FLOP *** [3s Jc 2c]
Rus29APX: checks
aremom4e: bets $3
Rus29APX: folds
Uncalled bet ($3) returned to aremom4e
aremom4e collected $11.76 from pot
aremom4e: doesn't show hand
*** SUMMARY ***
Total pot $12 | Rake $0.24
Board [3s Jc 2c]
Seat 3: aremom4e (button) (small blind) collected ($11.76)
Seat 4: Rus29APX (big blind) folded on the Flop


PokerStars Hand #170257784328:  Hold'em Limit ($3/$6 USD) - 2017/05/11 5:40:32 ET
Table 'Ottilia' 6-max Seat #4 is the button
Seat 3: aremom4e ($77.76 in chips)
Seat 4: Rus29APX ($114 in chips)
Rus29APX: posts small blind $1
aremom4e: posts big blind $3
*** HOLE CARDS ***
Rus29APX: raises $3 to $6
aremom4e: raises $3 to $9
Rus29APX: calls $3
*** FLOP *** [7s Kc Th]
aremom4e: bets $3
Rus29APX: folds
Uncalled bet ($3) returned to aremom4e
aremom4e collected $17.64 from pot
aremom4e: doesn't show hand
*** SUMMARY ***
Total pot $18 | Rake $0.36
Board [7s Kc Th]
Seat 3: aremom4e (big blind) collected ($17.64)
Seat 4: Rus29APX (button) (small blind) folded on the Flop


PokerStars Hand #170257790472:  Hold'em Limit ($3/$6 USD) - 2017/05/11 5:40:48 ET
Table 'Ottilia' 6-max Seat #3 is the button
Seat 3: aremom4e ($86.40 in chips)
Seat 4: Rus29APX ($105 in chips)
aremom4e: posts small blind $1
Rus29APX: posts big blind $3
*** HOLE CARDS ***
Ale4o joins the table at seat #5
aremom4e: raises $3 to $6
Rus29APX: calls $3
*** FLOP *** [6h 5c Ac]
Rus29APX: checks
aremom4e: bets $3
Rus29APX: calls $3
*** TURN *** [6h 5c Ac] [Kc]
Rus29APX: checks
aremom4e: bets $6
Rus29APX: calls $6
*** RIVER *** [6h 5c Ac Kc] [Qs]
Rus29APX: checks
aremom4e: checks
*** SHOW DOWN ***
Rus29APX: shows [Kd Th] (a pair of Kings)
aremom4e: shows [As 2d] (a pair of Aces)
aremom4e collected $29.50 from pot
*** SUMMARY ***
Total pot $30 | Rake $0.50
Board [6h 5c Ac Kc Qs]
Seat 3: aremom4e (button) (small blind) showed [As 2d] and won ($29.50) with a pair of Aces
Seat 4: Rus29APX (big blind) showed [Kd Th] and lost with a pair of Kings


PokerStars Hand #170257973221:  Hold'em Limit ($3/$6 USD) - 2017/05/11 5:48:47 ET
Table 'Ottilia' 6-max Seat #5 is the button
Seat 4: Rus29APX ($120 in chips)
Seat 5: Ale4o ($173.57 in chips)
Ale4o: posts small blind $1
Rus29APX: posts big blind $3
*** HOLE CARDS ***
Ale4o: folds
Uncalled bet ($2) returned to Rus29APX
Rus29APX collected $2 from pot
Rus29APX: doesn't show hand
*** SUMMARY ***
Total pot $2 | Rake $0
Seat 4: Rus29APX (big blind) collected ($2)
Seat 5: Ale4o (button) (small blind) folded before Flop


