PokerStars Hand #149536842971:  Hold'em Limit ($3/$6 USD) - 2016/02/27 22:25:54 ET
Table 'Ottilia' 6-max Seat #2 is the button
Seat 1: LifeisagameX ($36 in chips)
Seat 2: beerdog222 ($71.50 in chips)
beerdog222: posts small blind $1
LifeisagameX: posts big blind $3
*** HOLE CARDS ***
beerdog222: folds
Uncalled bet ($2) returned to LifeisagameX
LifeisagameX collected $2 from pot
LifeisagameX: doesn't show hand
*** SUMMARY ***
Total pot $2 | Rake $0
Seat 1: LifeisagameX (big blind) collected ($2)
Seat 2: beerdog222 (button) (small blind) folded before Flop


PokerStars Hand #149536845434:  Hold'em Limit ($3/$6 USD) - 2016/02/27 22:26:00 ET
Table 'Ottilia' 6-max Seat #1 is the button
Seat 1: LifeisagameX ($37 in chips)
Seat 2: beerdog222 ($70.50 in chips)
LifeisagameX: posts small blind $1
beerdog222: posts big blind $3
*** HOLE CARDS ***
LifeisagameX: folds
Uncalled bet ($2) returned to beerdog222
beerdog222 collected $2 from pot
beerdog222: doesn't show hand
*** SUMMARY ***
Total pot $2 | Rake $0
Seat 1: LifeisagameX (button) (small blind) folded before Flop
Seat 2: beerdog222 (big blind) collected ($2)


PokerStars Hand #149536873368:  Hold'em Limit ($3/$6 USD) - 2016/02/27 22:27:11 ET
Table 'Ottilia' 6-max Seat #1 is the button
Seat 1: LifeisagameX ($12 in chips)
Seat 2: beerdog222 ($95 in chips)
LifeisagameX: posts small blind $1
beerdog222: posts big blind $3
*** HOLE CARDS ***
LifeisagameX: raises $3 to $6
beerdog222: calls $3
*** FLOP *** [8s Qd 5d]
beerdog222: checks
LifeisagameX: bets $3
beerdog222: folds
Uncalled bet ($3) returned to LifeisagameX
LifeisagameX collected $11.76 from pot
LifeisagameX: doesn't show hand
*** SUMMARY ***
Total pot $12 | Rake $0.24
Board [8s Qd 5d]
Seat 1: LifeisagameX (button) (small blind) collected ($11.76)
Seat 2: beerdog222 (big blind) folded on the Flop


PokerStars Hand #149536849096:  Hold'em Limit ($3/$6 USD) - 2016/02/27 22:26:09 ET
Table 'Ottilia' 6-max Seat #2 is the button
Seat 1: LifeisagameX ($36 in chips)
Seat 2: beerdog222 ($71.50 in chips)
beerdog222: posts small blind $1
LifeisagameX: posts big blind $3
*** HOLE CARDS ***
beerdog222: raises $3 to $6
beerdog222 said, "hey"
LifeisagameX: raises $3 to $9
beerdog222 said, "u gonna play or not"
beerdog222: calls $3
*** FLOP *** [6c 7s Qd]
LifeisagameX: bets $3
beerdog222: calls $3
*** TURN *** [6c 7s Qd] [8c]
LifeisagameX: checks
beerdog222: bets $6
LifeisagameX: calls $6
*** RIVER *** [6c 7s Qd 8c] [8d]
LifeisagameX: checks
beerdog222: bets $6
LifeisagameX: calls $6
*** SHOW DOWN ***
beerdog222: shows [Qs Js] (two pair, Queens and Eights)
LifeisagameX: mucks hand
beerdog222 collected $47.50 from pot
*** SUMMARY ***
Total pot $48 | Rake $0.50
Board [6c 7s Qd 8c 8d]
Seat 1: LifeisagameX (big blind) mucked
Seat 2: beerdog222 (button) (small blind) showed [Qs Js] and won ($47.50) with two pair, Queens and Eights


PokerStars Hand #149536882645:  Hold'em Limit ($3/$6 USD) - 2016/02/27 22:27:35 ET
Table 'Ottilia' 6-max Seat #2 is the button
Seat 1: LifeisagameX ($17.76 in chips)
Seat 2: beerdog222 ($89 in chips)
beerdog222: posts small blind $1
LifeisagameX: posts big blind $3
*** HOLE CARDS ***
beerdog222: raises $3 to $6
LifeisagameX: calls $3
*** FLOP *** [3h 8d Qc]
LifeisagameX: checks
beerdog222: checks
*** TURN *** [3h 8d Qc] [7h]
LifeisagameX: bets $6
beerdog222: calls $6
*** RIVER *** [3h 8d Qc 7h] [Ks]
LifeisagameX: checks
beerdog222: bets $6
LifeisagameX: calls $5.76 and is all-in
Uncalled bet ($0.24) returned to beerdog222
*** SHOW DOWN ***
beerdog222: shows [Kc 3c] (two pair, Kings and Threes)
LifeisagameX: shows [4h Ah] (high card Ace)
beerdog222 collected $35.02 from pot
*** SUMMARY ***
Total pot $35.52 | Rake $0.50
Board [3h 8d Qc 7h Ks]
Seat 1: LifeisagameX (big blind) showed [4h Ah] and lost with high card Ace
Seat 2: beerdog222 (button) (small blind) showed [Kc 3c] and won ($35.02) with two pair, Kings and Threes


PokerStars Hand #149536907679:  Hold'em Limit ($3/$6 USD) - 2016/02/27 22:28:40 ET
Table 'Ottilia' 6-max Seat #1 is the button
Seat 1: LifeisagameX ($60 in chips)
Seat 2: beerdog222 ($106.26 in chips)
LifeisagameX: posts small blind $1
beerdog222: posts big blind $3
*** HOLE CARDS ***
LifeisagameX: raises $3 to $6
beerdog222: calls $3
*** FLOP *** [Kc 7d 5c]
beerdog222: checks
LifeisagameX: checks
*** TURN *** [Kc 7d 5c] [7h]
beerdog222: checks
LifeisagameX: checks
*** RIVER *** [Kc 7d 5c 7h] [3d]
beerdog222: bets $6
LifeisagameX: calls $6
*** SHOW DOWN ***
beerdog222: shows [Ts 9d] (a pair of Sevens)
LifeisagameX: shows [3s As] (two pair, Sevens and Threes)
LifeisagameX collected $23.52 from pot
*** SUMMARY ***
Total pot $24 | Rake $0.48
Board [Kc 7d 5c 7h 3d]
Seat 1: LifeisagameX (button) (small blind) showed [3s As] and won ($23.52) with two pair, Sevens and Threes
Seat 2: beerdog222 (big blind) showed [Ts 9d] and lost with a pair of Sevens


PokerStars Hand #149536921938:  Hold'em Limit ($3/$6 USD) - 2016/02/27 22:29:18 ET
Table 'Ottilia' 6-max Seat #2 is the button
Seat 1: LifeisagameX ($71.52 in chips)
Seat 2: beerdog222 ($94.26 in chips)
beerdog222: posts small blind $1
LifeisagameX: posts big blind $3
*** HOLE CARDS ***
beerdog222: raises $3 to $6
LifeisagameX: folds
Uncalled bet ($3) returned to beerdog222
beerdog222 collected $6 from pot
beerdog222: doesn't show hand
*** SUMMARY ***
Total pot $6 | Rake $0
Seat 1: LifeisagameX (big blind) folded before Flop
Seat 2: beerdog222 (button) (small blind) collected ($6)


PokerStars Hand #149536925067:  Hold'em Limit ($3/$6 USD) - 2016/02/27 22:29:26 ET
Table 'Ottilia' 6-max Seat #1 is the button
Seat 1: LifeisagameX ($68.52 in chips)
Seat 2: beerdog222 ($97.26 in chips)
LifeisagameX: posts small blind $1
beerdog222: posts big blind $3
*** HOLE CARDS ***
LifeisagameX: folds
Uncalled bet ($2) returned to beerdog222
beerdog222 collected $2 from pot
beerdog222: doesn't show hand
*** SUMMARY ***
Total pot $2 | Rake $0
Seat 1: LifeisagameX (button) (small blind) folded before Flop
Seat 2: beerdog222 (big blind) collected ($2)


PokerStars Hand #149536948988:  Hold'em Limit ($3/$6 USD) - 2016/02/27 22:30:28 ET
Table 'Ottilia' 6-max Seat #2 is the button
Seat 1: LifeisagameX ($94.02 in chips)
Seat 2: beerdog222 ($71.26 in chips)
beerdog222: posts small blind $1
LifeisagameX: posts big blind $3
*** HOLE CARDS ***
beerdog222: raises $3 to $6
LifeisagameX: calls $3
*** FLOP *** [Ac 6s Qh]
LifeisagameX: checks
beerdog222: bets $3
LifeisagameX: folds
Uncalled bet ($3) returned to beerdog222
beerdog222 collected $11.76 from pot
beerdog222: doesn't show hand
*** SUMMARY ***
Total pot $12 | Rake $0.24
Board [Ac 6s Qh]
Seat 1: LifeisagameX (big blind) folded on the Flop
Seat 2: beerdog222 (button) (small blind) collected ($11.76)


PokerStars Hand #149536928240:  Hold'em Limit ($3/$6 USD) - 2016/02/27 22:29:34 ET
Table 'Ottilia' 6-max Seat #2 is the button
Seat 1: LifeisagameX ($67.52 in chips)
Seat 2: beerdog222 ($98.26 in chips)
beerdog222: posts small blind $1
LifeisagameX: posts big blind $3
*** HOLE CARDS ***
beerdog222: raises $3 to $6
LifeisagameX: calls $3
*** FLOP *** [9s 4s 5s]
LifeisagameX: checks
beerdog222: bets $3
LifeisagameX: raises $3 to $6
beerdog222: calls $3
*** TURN *** [9s 4s 5s] [6c]
LifeisagameX: bets $6
beerdog222: calls $6
*** RIVER *** [9s 4s 5s 6c] [Jd]
LifeisagameX: bets $6
beerdog222: calls $6
*** SHOW DOWN ***
LifeisagameX: shows [6s 4d] (two pair, Sixes and Fours)
beerdog222: mucks hand
LifeisagameX collected $47.50 from pot
*** SUMMARY ***
Total pot $48 | Rake $0.50
Board [9s 4s 5s 6c Jd]
Seat 1: LifeisagameX (big blind) showed [6s 4d] and won ($47.50) with two pair, Sixes and Fours
Seat 2: beerdog222 (button) (small blind) mucked


PokerStars Hand #149536946244:  Hold'em Limit ($3/$6 USD) - 2016/02/27 22:30:21 ET
Table 'Ottilia' 6-max Seat #1 is the button
Seat 1: LifeisagameX ($91.02 in chips)
Seat 2: beerdog222 ($74.26 in chips)
LifeisagameX: posts small blind $1
beerdog222: posts big blind $3
*** HOLE CARDS ***
LifeisagameX: raises $3 to $6
beerdog222: folds
Uncalled bet ($3) returned to LifeisagameX
LifeisagameX collected $6 from pot
LifeisagameX: doesn't show hand
*** SUMMARY ***
Total pot $6 | Rake $0
Seat 1: LifeisagameX (button) (small blind) collected ($6)
Seat 2: beerdog222 (big blind) folded before Flop


PokerStars Hand #149536962265:  Hold'em Limit ($3/$6 USD) - 2016/02/27 22:31:02 ET
Table 'Ottilia' 6-max Seat #2 is the button
Seat 1: LifeisagameX ($91.02 in chips)
Seat 2: beerdog222 ($74.02 in chips)
beerdog222: posts small blind $1
LifeisagameX: posts big blind $3
*** HOLE CARDS ***
beerdog222: raises $3 to $6
LifeisagameX: calls $3
*** FLOP *** [Th 4d Td]
LifeisagameX: checks
beerdog222: checks
*** TURN *** [Th 4d Td] [Kh]
LifeisagameX: checks
beerdog222: bets $6
LifeisagameX: folds
Uncalled bet ($6) returned to beerdog222
beerdog222 collected $11.76 from pot
beerdog222: doesn't show hand
*** SUMMARY ***
Total pot $12 | Rake $0.24
Board [Th 4d Td Kh]
Seat 1: LifeisagameX (big blind) folded on the Turn
Seat 2: beerdog222 (button) (small blind) collected ($11.76)


PokerStars Hand #149536958704:  Hold'em Limit ($3/$6 USD) - 2016/02/27 22:30:53 ET
Table 'Ottilia' 6-max Seat #1 is the button
Seat 1: LifeisagameX ($88.02 in chips)
Seat 2: beerdog222 ($77.02 in chips)
LifeisagameX: posts small blind $1
beerdog222: posts big blind $3
*** HOLE CARDS ***
LifeisagameX: raises $3 to $6
beerdog222: folds
Uncalled bet ($3) returned to LifeisagameX
LifeisagameX collected $6 from pot
LifeisagameX: doesn't show hand
*** SUMMARY ***
Total pot $6 | Rake $0
Seat 1: LifeisagameX (button) (small blind) collected ($6)
Seat 2: beerdog222 (big blind) folded before Flop


PokerStars Hand #149537000806:  Hold'em Limit ($3/$6 USD) - 2016/02/27 22:32:43 ET
Table 'Ottilia' 6-max Seat #1 is the button
Seat 1: LifeisagameX ($74.02 in chips)
Seat 2: beerdog222 ($90.30 in chips)
LifeisagameX: posts small blind $1
beerdog222: posts big blind $3
*** HOLE CARDS ***
LifeisagameX said, "it s m e who is sorry"
LifeisagameX: raises $3 to $6
beerdog222: folds
Uncalled bet ($3) returned to LifeisagameX
LifeisagameX collected $6 from pot
LifeisagameX: doesn't show hand
*** SUMMARY ***
Total pot $6 | Rake $0
Seat 1: LifeisagameX (button) (small blind) collected ($6)
Seat 2: beerdog222 (big blind) folded before Flop


PokerStars Hand #149536998948:  Hold'em Limit ($3/$6 USD) - 2016/02/27 22:32:38 ET
Table 'Ottilia' 6-max Seat #2 is the button
Seat 1: LifeisagameX ($73.02 in chips)
Seat 2: beerdog222 ($91.30 in chips)
beerdog222: posts small blind $1
LifeisagameX: posts big blind $3
*** HOLE CARDS ***
beerdog222: folds
Uncalled bet ($2) returned to LifeisagameX
LifeisagameX collected $2 from pot
LifeisagameX: doesn't show hand
*** SUMMARY ***
Total pot $2 | Rake $0
Seat 1: LifeisagameX (big blind) collected ($2)
Seat 2: beerdog222 (button) (small blind) folded before Flop


PokerStars Hand #149536972181:  Hold'em Limit ($3/$6 USD) - 2016/02/27 22:31:28 ET
Table 'Ottilia' 6-max Seat #1 is the button
Seat 1: LifeisagameX ($85.02 in chips)
Seat 2: beerdog222 ($79.78 in chips)
LifeisagameX: posts small blind $1
beerdog222: posts big blind $3
*** HOLE CARDS ***
beerdog222 said, "ok man"
LifeisagameX: raises $3 to $6
beerdog222: raises $3 to $9
LifeisagameX said, "i wanna play bad connection damn"
LifeisagameX: calls $3
*** FLOP *** [4h 5c Ah]
beerdog222: bets $3
LifeisagameX: calls $3
*** TURN *** [4h 5c Ah] [6d]
beerdog222: bets $6
beerdog222 said, "ok sry"
LifeisagameX: folds
Uncalled bet ($6) returned to beerdog222
beerdog222 collected $23.52 from pot
beerdog222: doesn't show hand
*** SUMMARY ***
Total pot $24 | Rake $0.48
Board [4h 5c Ah 6d]
Seat 1: LifeisagameX (button) (small blind) folded on the Turn
Seat 2: beerdog222 (big blind) collected ($23.52)


PokerStars Hand #149537003621:  Hold'em Limit ($3/$6 USD) - 2016/02/27 22:32:50 ET
Table 'Ottilia' 6-max Seat #2 is the button
Seat 1: LifeisagameX ($77.02 in chips)
Seat 2: beerdog222 ($87.30 in chips)
beerdog222: posts small blind $1
LifeisagameX: posts big blind $3
*** HOLE CARDS ***
beerdog222: calls $2
LifeisagameX: raises $3 to $6
beerdog222 said, "no  i did not know it was connection"
beerdog222: calls $3
*** FLOP *** [8d 9h 5c]
LifeisagameX: bets $3
beerdog222: calls $3
*** TURN *** [8d 9h 5c] [6d]
LifeisagameX: checks
beerdog222: bets $6
LifeisagameX: calls $6
*** RIVER *** [8d 9h 5c 6d] [Kh]
LifeisagameX: checks
beerdog222: checks
*** SHOW DOWN ***
LifeisagameX: shows [Ts 6s] (a pair of Sixes)
beerdog222: shows [Qc 9c] (a pair of Nines)
beerdog222 collected $29.50 from pot
*** SUMMARY ***
Total pot $30 | Rake $0.50
Board [8d 9h 5c 6d Kh]
Seat 1: LifeisagameX (big blind) showed [Ts 6s] and lost with a pair of Sixes
Seat 2: beerdog222 (button) (small blind) showed [Qc 9c] and won ($29.50) with a pair of Nines


PokerStars Hand #149537042084:  Hold'em Limit ($3/$6 USD) - 2016/02/27 22:34:31 ET
Table 'Ottilia' 6-max Seat #2 is the button
Seat 1: LifeisagameX ($76.52 in chips)
Seat 2: beerdog222 ($86.80 in chips)
beerdog222: posts small blind $1
LifeisagameX: posts big blind $3
*** HOLE CARDS ***
beerdog222: folds
Uncalled bet ($2) returned to LifeisagameX
LifeisagameX collected $2 from pot
LifeisagameX: doesn't show hand
*** SUMMARY ***
Total pot $2 | Rake $0
Seat 1: LifeisagameX (big blind) collected ($2)
Seat 2: beerdog222 (button) (small blind) folded before Flop


PokerStars Hand #149537027420:  Hold'em Limit ($3/$6 USD) - 2016/02/27 22:33:52 ET
Table 'Ottilia' 6-max Seat #1 is the button
Seat 1: LifeisagameX ($62.02 in chips)
Seat 2: beerdog222 ($101.80 in chips)
LifeisagameX: posts small blind $1
beerdog222: posts big blind $3
*** HOLE CARDS ***
LifeisagameX: raises $3 to $6
beerdog222: calls $3
*** FLOP *** [Qc 4c As]
beerdog222: checks
LifeisagameX: bets $3
beerdog222: calls $3
*** TURN *** [Qc 4c As] [Kc]
beerdog222: checks
LifeisagameX: bets $6
beerdog222: calls $6
*** RIVER *** [Qc 4c As Kc] [Jc]
beerdog222: checks
LifeisagameX: bets $6
beerdog222: folds
Uncalled bet ($6) returned to LifeisagameX
LifeisagameX collected $29.50 from pot
LifeisagameX: doesn't show hand
*** SUMMARY ***
Total pot $30 | Rake $0.50
Board [Qc 4c As Kc Jc]
Seat 1: LifeisagameX (button) (small blind) collected ($29.50)
Seat 2: beerdog222 (big blind) folded on the River


PokerStars Hand #149537892020:  Hold'em Limit ($3/$6 USD) - 2016/02/27 23:14:40 ET
Table 'Ottilia' 6-max Seat #1 is the button
Seat 1: LifeisagameX ($77.52 in chips)
Seat 4: ElverGalinda ($72 in chips)
LifeisagameX: posts small blind $1
ElverGalinda: posts big blind $3
*** HOLE CARDS ***
LifeisagameX: folds
Uncalled bet ($2) returned to ElverGalinda
ElverGalinda collected $2 from pot
*** SUMMARY ***
Total pot $2 | Rake $0
Seat 1: LifeisagameX (button) (small blind) folded before Flop
Seat 4: ElverGalinda (big blind) collected ($2)


PokerStars Hand #149537894570:  Hold'em Limit ($3/$6 USD) - 2016/02/27 23:14:47 ET
Table 'Ottilia' 6-max Seat #4 is the button
Seat 1: LifeisagameX ($76.52 in chips)
Seat 4: ElverGalinda ($73 in chips)
ElverGalinda: posts small blind $1
LifeisagameX: posts big blind $3
*** HOLE CARDS ***
ElverGalinda: raises $3 to $6
LifeisagameX: calls $3
*** FLOP *** [Jh 6h 4d]
LifeisagameX: checks
ElverGalinda: bets $3
LifeisagameX: calls $3
*** TURN *** [Jh 6h 4d] [Tc]
LifeisagameX: checks
ElverGalinda: bets $6
LifeisagameX: calls $6
*** RIVER *** [Jh 6h 4d Tc] [2h]
LifeisagameX: checks
ElverGalinda: checks
*** SHOW DOWN ***
LifeisagameX: shows [6d 7s] (a pair of Sixes)
ElverGalinda: mucks hand
LifeisagameX collected $29.50 from pot
*** SUMMARY ***
Total pot $30 | Rake $0.50
Board [Jh 6h 4d Tc 2h]
Seat 1: LifeisagameX (big blind) showed [6d 7s] and won ($29.50) with a pair of Sixes
Seat 4: ElverGalinda (button) (small blind) mucked


PokerStars Hand #149537913485:  Hold'em Limit ($3/$6 USD) - 2016/02/27 23:15:43 ET
Table 'Ottilia' 6-max Seat #4 is the button
Seat 1: LifeisagameX ($96.78 in chips)
Seat 4: ElverGalinda ($62.19 in chips)
ElverGalinda: posts small blind $1
LifeisagameX: posts big blind $3
*** HOLE CARDS ***
ElverGalinda: folds
Uncalled bet ($2) returned to LifeisagameX
LifeisagameX collected $2 from pot
LifeisagameX: doesn't show hand
*** SUMMARY ***
Total pot $2 | Rake $0
Seat 1: LifeisagameX (big blind) collected ($2)
Seat 4: ElverGalinda (button) (small blind) folded before Flop


PokerStars Hand #149537915273:  Hold'em Limit ($3/$6 USD) - 2016/02/27 23:15:49 ET
Table 'Ottilia' 6-max Seat #1 is the button
Seat 1: LifeisagameX ($97.78 in chips)
Seat 4: ElverGalinda ($61.19 in chips)
LifeisagameX: posts small blind $1
ElverGalinda: posts big blind $3
*** HOLE CARDS ***
LifeisagameX: raises $3 to $6
ElverGalinda: folds
Uncalled bet ($3) returned to LifeisagameX
LifeisagameX collected $6 from pot
LifeisagameX: doesn't show hand
*** SUMMARY ***
Total pot $6 | Rake $0
Seat 1: LifeisagameX (button) (small blind) collected ($6)
Seat 4: ElverGalinda (big blind) folded before Flop


PokerStars Hand #149537922373:  Hold'em Limit ($3/$6 USD) - 2016/02/27 23:16:10 ET
Table 'Ottilia' 6-max Seat #1 is the button
Seat 1: LifeisagameX ($94.78 in chips)
Seat 4: ElverGalinda ($63.95 in chips)
LifeisagameX: posts small blind $1
ElverGalinda: posts big blind $3
*** HOLE CARDS ***
LifeisagameX: raises $3 to $6
ElverGalinda: calls $3
*** FLOP *** [4d Ac 9d]
ElverGalinda: checks
LifeisagameX: bets $3
ElverGalinda: raises $3 to $6
LifeisagameX: calls $3
*** TURN *** [4d Ac 9d] [3h]
ElverGalinda: bets $6
LifeisagameX: calls $6
*** RIVER *** [4d Ac 9d 3h] [Kd]
ElverGalinda: bets $6
LifeisagameX: raises $6 to $12
ElverGalinda: calls $6
*** SHOW DOWN ***
LifeisagameX: shows [3d 7d] (a flush, King high)
ElverGalinda: mucks hand
LifeisagameX collected $59.50 from pot
*** SUMMARY ***
Total pot $60 | Rake $0.50
Board [4d Ac 9d 3h Kd]
Seat 1: LifeisagameX (button) (small blind) showed [3d 7d] and won ($59.50) with a flush, King high
Seat 4: ElverGalinda (big blind) mucked


PokerStars Hand #149537931688:  Hold'em Limit ($3/$6 USD) - 2016/02/27 23:16:37 ET
Table 'Ottilia' 6-max Seat #4 is the button
Seat 1: LifeisagameX ($124.28 in chips)
Seat 4: ElverGalinda ($33.95 in chips)
ElverGalinda: posts small blind $1
LifeisagameX: posts big blind $3
*** HOLE CARDS ***
ElverGalinda: raises $3 to $6
LifeisagameX: calls $3
*** FLOP *** [3h 4c Js]
LifeisagameX: checks
ElverGalinda: checks
*** TURN *** [3h 4c Js] [8h]
LifeisagameX: checks
ElverGalinda: bets $6
LifeisagameX: calls $6
*** RIVER *** [3h 4c Js 8h] [Jh]
LifeisagameX: checks
ElverGalinda: bets $6
LifeisagameX: calls $6
*** SHOW DOWN ***
ElverGalinda: shows [4d 4s] (a full house, Fours full of Jacks)
LifeisagameX: mucks hand
ElverGalinda collected $35.50 from pot
*** SUMMARY ***
Total pot $36 | Rake $0.50
Board [3h 4c Js 8h Jh]
Seat 1: LifeisagameX (big blind) mucked
Seat 4: ElverGalinda (button) (small blind) showed [4d 4s] and won ($35.50) with a full house, Fours full of Jacks


PokerStars Hand #149537917764:  Hold'em Limit ($3/$6 USD) - 2016/02/27 23:15:56 ET
Table 'Ottilia' 6-max Seat #4 is the button
Seat 1: LifeisagameX ($100.78 in chips)
Seat 4: ElverGalinda ($58.19 in chips)
ElverGalinda: posts small blind $1
LifeisagameX: posts big blind $3
*** HOLE CARDS ***
ElverGalinda: raises $3 to $6
LifeisagameX: calls $3
*** FLOP *** [Kd 5s As]
LifeisagameX: checks
ElverGalinda: bets $3
LifeisagameX: folds
Uncalled bet ($3) returned to ElverGalinda
ElverGalinda collected $11.76 from pot
*** SUMMARY ***
Total pot $12 | Rake $0.24
Board [Kd 5s As]
Seat 1: LifeisagameX (big blind) folded on the Flop
Seat 4: ElverGalinda (button) (small blind) collected ($11.76)


PokerStars Hand #149537948562:  Hold'em Limit ($3/$6 USD) - 2016/02/27 23:17:27 ET
Table 'Ottilia' 6-max Seat #4 is the button
Seat 1: LifeisagameX ($123.78 in chips)
Seat 4: ElverGalinda ($33.45 in chips)
ElverGalinda: posts small blind $1
LifeisagameX: posts big blind $3
*** HOLE CARDS ***
ElverGalinda: raises $3 to $6
LifeisagameX: calls $3
*** FLOP *** [Qs Ts 4c]
LifeisagameX: checks
ElverGalinda: bets $3
LifeisagameX: raises $3 to $6
ElverGalinda: raises $3 to $9
LifeisagameX: calls $3
*** TURN *** [Qs Ts 4c] [2d]
LifeisagameX: checks
ElverGalinda: bets $6
LifeisagameX: calls $6
*** RIVER *** [Qs Ts 4c 2d] [Th]
LifeisagameX: checks
ElverGalinda: bets $6
LifeisagameX: calls $6
*** SHOW DOWN ***
ElverGalinda: shows [Ad As] (two pair, Aces and Tens)
LifeisagameX: mucks hand
ElverGalinda collected $53.50 from pot
*** SUMMARY ***
Total pot $54 | Rake $0.50
Board [Qs Ts 4c 2d Th]
Seat 1: LifeisagameX (big blind) mucked
Seat 4: ElverGalinda (button) (small blind) showed [Ad As] and won ($53.50) with two pair, Aces and Tens


PokerStars Hand #149537938164:  Hold'em Limit ($3/$6 USD) - 2016/02/27 23:16:56 ET
Table 'Ottilia' 6-max Seat #1 is the button
Seat 1: LifeisagameX ($106.28 in chips)
Seat 4: ElverGalinda ($51.45 in chips)
LifeisagameX: posts small blind $1
ElverGalinda: posts big blind $3
*** HOLE CARDS ***
LifeisagameX: raises $3 to $6
ElverGalinda: raises $3 to $9
LifeisagameX: calls $3
*** FLOP *** [6c 9d Td]
ElverGalinda: bets $3
LifeisagameX: calls $3
*** TURN *** [6c 9d Td] [Tc]
ElverGalinda: checks
LifeisagameX: bets $6
ElverGalinda: calls $6
*** RIVER *** [6c 9d Td Tc] [8d]
ElverGalinda: checks
LifeisagameX: checks
*** SHOW DOWN ***
ElverGalinda: shows [6h Ac] (two pair, Tens and Sixes)
LifeisagameX: shows [9c 3c] (two pair, Tens and Nines)
LifeisagameX collected $35.50 from pot
*** SUMMARY ***
Total pot $36 | Rake $0.50
Board [6c 9d Td Tc 8d]
Seat 1: LifeisagameX (button) (small blind) showed [9c 3c] and won ($35.50) with two pair, Tens and Nines
Seat 4: ElverGalinda (big blind) showed [6h Ac] and lost with two pair, Tens and Sixes


PokerStars Hand #149537972036:  Hold'em Limit ($3/$6 USD) - 2016/02/27 23:18:37 ET
Table 'Ottilia' 6-max Seat #4 is the button
Seat 1: LifeisagameX ($132.28 in chips)
Seat 4: ElverGalinda ($23.95 in chips)
ElverGalinda: posts small blind $1
LifeisagameX: posts big blind $3
*** HOLE CARDS ***
ElverGalinda: raises $3 to $6
LifeisagameX: calls $3
*** FLOP *** [9h Jc Th]
LifeisagameX: checks
ElverGalinda: bets $3
LifeisagameX: raises $3 to $6
ElverGalinda: calls $3
*** TURN *** [9h Jc Th] [Ad]
LifeisagameX: bets $6
ElverGalinda: raises $5.95 to $11.95 and is all-in
LifeisagameX: calls $5.95
*** RIVER *** [9h Jc Th Ad] [2h]
*** SHOW DOWN ***
LifeisagameX: shows [2s Qh] (a pair of Deuces)
ElverGalinda: shows [Ah 4c] (a pair of Aces)
ElverGalinda collected $47.40 from pot
*** SUMMARY ***
Total pot $47.90 | Rake $0.50
Board [9h Jc Th Ad 2h]
Seat 1: LifeisagameX (big blind) showed [2s Qh] and lost with a pair of Deuces
Seat 4: ElverGalinda (button) (small blind) showed [Ah 4c] and won ($47.40) with a pair of Aces


PokerStars Hand #149537959246:  Hold'em Limit ($3/$6 USD) - 2016/02/27 23:17:59 ET
Table 'Ottilia' 6-max Seat #1 is the button
Seat 1: LifeisagameX ($96.78 in chips)
Seat 4: ElverGalinda ($59.95 in chips)
LifeisagameX: posts small blind $1
ElverGalinda: posts big blind $3
*** HOLE CARDS ***
LifeisagameX: raises $3 to $6
ElverGalinda: raises $3 to $9
LifeisagameX: calls $3
*** FLOP *** [4c 6h 5d]
ElverGalinda: checks
LifeisagameX: bets $3
ElverGalinda: calls $3
*** TURN *** [4c 6h 5d] [6s]
ElverGalinda: checks
LifeisagameX: bets $6
ElverGalinda: raises $6 to $12
LifeisagameX: raises $6 to $18
ElverGalinda: calls $6
*** RIVER *** [4c 6h 5d 6s] [2s]
ElverGalinda: checks
LifeisagameX: bets $6
ElverGalinda: calls $6
*** SHOW DOWN ***
LifeisagameX: shows [6d 5h] (a full house, Sixes full of Fives)
ElverGalinda: mucks hand
LifeisagameX collected $71.50 from pot
*** SUMMARY ***
Total pot $72 | Rake $0.50
Board [4c 6h 5d 6s 2s]
Seat 1: LifeisagameX (button) (small blind) showed [6d 5h] and won ($71.50) with a full house, Sixes full of Fives
Seat 4: ElverGalinda (big blind) mucked


PokerStars Hand #149537995150:  Hold'em Limit ($3/$6 USD) - 2016/02/27 23:19:46 ET
Table 'Ottilia' 6-max Seat #1 is the button
Seat 1: LifeisagameX ($100.33 in chips)
Seat 4: ElverGalinda ($54.92 in chips)
LifeisagameX: posts small blind $1
ElverGalinda: posts big blind $3
*** HOLE CARDS ***
LifeisagameX: raises $3 to $6
ElverGalinda: folds
Uncalled bet ($3) returned to LifeisagameX
LifeisagameX collected $6 from pot
LifeisagameX: doesn't show hand
*** SUMMARY ***
Total pot $6 | Rake $0
Seat 1: LifeisagameX (button) (small blind) collected ($6)
Seat 4: ElverGalinda (big blind) folded before Flop


PokerStars Hand #149537990128:  Hold'em Limit ($3/$6 USD) - 2016/02/27 23:19:31 ET
Table 'Ottilia' 6-max Seat #4 is the button
Seat 1: LifeisagameX ($106.33 in chips)
Seat 4: ElverGalinda ($49.16 in chips)
ElverGalinda: posts small blind $1
LifeisagameX: posts big blind $3
*** HOLE CARDS ***
ElverGalinda: raises $3 to $6
LifeisagameX: calls $3
*** FLOP *** [6h Jh 2c]
LifeisagameX: checks
ElverGalinda: checks
*** TURN *** [6h Jh 2c] [Ks]
LifeisagameX: checks
ElverGalinda: bets $6
LifeisagameX: folds
Uncalled bet ($6) returned to ElverGalinda
ElverGalinda collected $11.76 from pot
*** SUMMARY ***
Total pot $12 | Rake $0.24
Board [6h Jh 2c Ks]
Seat 1: LifeisagameX (big blind) folded on the Turn
Seat 4: ElverGalinda (button) (small blind) collected ($11.76)


PokerStars Hand #149537983127:  Hold'em Limit ($3/$6 USD) - 2016/02/27 23:19:10 ET
Table 'Ottilia' 6-max Seat #4 is the button
Seat 1: LifeisagameX ($111.33 in chips)
Seat 4: ElverGalinda ($44.40 in chips)
ElverGalinda: posts small blind $1
LifeisagameX: posts big blind $3
*** HOLE CARDS ***
ElverGalinda: folds
Uncalled bet ($2) returned to LifeisagameX
LifeisagameX collected $2 from pot
LifeisagameX: doesn't show hand
*** SUMMARY ***
Total pot $2 | Rake $0
Seat 1: LifeisagameX (big blind) collected ($2)
Seat 4: ElverGalinda (button) (small blind) folded before Flop


PokerStars Hand #149537980641:  Hold'em Limit ($3/$6 USD) - 2016/02/27 23:19:03 ET
Table 'Ottilia' 6-max Seat #1 is the button
Seat 1: LifeisagameX ($108.33 in chips)
Seat 4: ElverGalinda ($47.40 in chips)
LifeisagameX: posts small blind $1
ElverGalinda: posts big blind $3
*** HOLE CARDS ***
LifeisagameX: raises $3 to $6
ElverGalinda: folds
Uncalled bet ($3) returned to LifeisagameX
LifeisagameX collected $6 from pot
LifeisagameX: doesn't show hand
*** SUMMARY ***
Total pot $6 | Rake $0
Seat 1: LifeisagameX (button) (small blind) collected ($6)
Seat 4: ElverGalinda (big blind) folded before Flop


PokerStars Hand #149538011387:  Hold'em Limit ($3/$6 USD) - 2016/02/27 23:20:35 ET
Table 'Ottilia' 6-max Seat #4 is the button
Seat 1: LifeisagameX ($93.97 in chips)
Seat 4: ElverGalinda ($60.42 in chips)
ElverGalinda: posts small blind $1
LifeisagameX: posts big blind $3
*** HOLE CARDS ***
ElverGalinda: folds
Uncalled bet ($2) returned to LifeisagameX
LifeisagameX collected $2 from pot
LifeisagameX: doesn't show hand
*** SUMMARY ***
Total pot $2 | Rake $0
Seat 1: LifeisagameX (big blind) collected ($2)
Seat 4: ElverGalinda (button) (small blind) folded before Flop


PokerStars Hand #149538003444:  Hold'em Limit ($3/$6 USD) - 2016/02/27 23:20:11 ET
Table 'Ottilia' 6-max Seat #1 is the button
Seat 1: LifeisagameX ($111.97 in chips)
Seat 4: ElverGalinda ($42.92 in chips)
LifeisagameX: posts small blind $1
ElverGalinda: posts big blind $3
*** HOLE CARDS ***
LifeisagameX: raises $3 to $6
ElverGalinda: calls $3
*** FLOP *** [6d 2s Kh]
ElverGalinda: checks
LifeisagameX: checks
*** TURN *** [6d 2s Kh] [Jd]
ElverGalinda: bets $6
LifeisagameX: calls $6
*** RIVER *** [6d 2s Kh Jd] [3s]
ElverGalinda: bets $6
LifeisagameX: calls $6
*** SHOW DOWN ***
ElverGalinda: shows [Js Th] (a pair of Jacks)
LifeisagameX: mucks hand
ElverGalinda collected $35.50 from pot
*** SUMMARY ***
Total pot $36 | Rake $0.50
Board [6d 2s Kh Jd 3s]
Seat 1: LifeisagameX (button) (small blind) mucked
Seat 4: ElverGalinda (big blind) showed [Js Th] and won ($35.50) with a pair of Jacks


PokerStars Hand #149537997475:  Hold'em Limit ($3/$6 USD) - 2016/02/27 23:19:53 ET
Table 'Ottilia' 6-max Seat #4 is the button
Seat 1: LifeisagameX ($103.33 in chips)
Seat 4: ElverGalinda ($51.92 in chips)
ElverGalinda: posts small blind $1
LifeisagameX: posts big blind $3
*** HOLE CARDS ***
ElverGalinda: raises $3 to $6
LifeisagameX: calls $3
*** FLOP *** [Qh 3c 2c]
LifeisagameX: checks
ElverGalinda: bets $3
LifeisagameX: calls $3
*** TURN *** [Qh 3c 2c] [6s]
LifeisagameX: checks
ElverGalinda: checks
*** RIVER *** [Qh 3c 2c 6s] [7s]
LifeisagameX: bets $6
ElverGalinda: folds
Uncalled bet ($6) returned to LifeisagameX
LifeisagameX collected $17.64 from pot
LifeisagameX: doesn't show hand
*** SUMMARY ***
Total pot $18 | Rake $0.36
Board [Qh 3c 2c 6s 7s]
Seat 1: LifeisagameX (big blind) collected ($17.64)
Seat 4: ElverGalinda (button) (small blind) folded on the River


PokerStars Hand #149538013296:  Hold'em Limit ($3/$6 USD) - 2016/02/27 23:20:41 ET
Table 'Ottilia' 6-max Seat #1 is the button
Seat 1: LifeisagameX ($94.97 in chips)
Seat 4: ElverGalinda ($59.42 in chips)
LifeisagameX: posts small blind $1
ElverGalinda: posts big blind $3
*** HOLE CARDS ***
LifeisagameX: raises $3 to $6
ElverGalinda: calls $3
*** FLOP *** [Kc Qs Ts]
ElverGalinda: checks
beerdog222 joins the table at seat #6
LifeisagameX: bets $3
ElverGalinda: raises $3 to $6
LifeisagameX: calls $3
*** TURN *** [Kc Qs Ts] [Qc]
ElverGalinda: checks
LifeisagameX: checks
*** RIVER *** [Kc Qs Ts Qc] [Ac]
ElverGalinda: checks
italianhero4 joins the table at seat #2
LifeisagameX: checks
*** SHOW DOWN ***
ElverGalinda: shows [7h Td] (two pair, Queens and Tens)
LifeisagameX: shows [Kd 3s] (two pair, Kings and Queens)
LifeisagameX collected $23.52 from pot
*** SUMMARY ***
Total pot $24 | Rake $0.48
Board [Kc Qs Ts Qc Ac]
Seat 1: LifeisagameX (button) (small blind) showed [Kd 3s] and won ($23.52) with two pair, Kings and Queens
Seat 4: ElverGalinda (big blind) showed [7h Td] and lost with two pair, Queens and Tens


PokerStars Hand #149538066205:  Hold'em Limit ($3/$6 USD) - 2016/02/27 23:23:22 ET
Table 'Ottilia' 6-max Seat #6 is the button
Seat 1: Suitishla ($80 in chips)
Seat 6: beerdog222 ($71.26 in chips)
beerdog222: posts small blind $1
Suitishla: posts big blind $3
*** HOLE CARDS ***
italianhero4 leaves the table
lanford joins the table at seat #4
beerdog222: raises $3 to $6
Suitishla: calls $3
*** FLOP *** [Jd 5c 6d]
Suitishla: checks
beerdog222: bets $3
Suitishla: calls $3
*** TURN *** [Jd 5c 6d] [As]
Suitishla: checks
beerdog222: bets $6
Suitishla: raises $6 to $12
beerdog222: folds
Uncalled bet ($6) returned to Suitishla
Suitishla collected $29.50 from pot
*** SUMMARY ***
Total pot $30 | Rake $0.50
Board [Jd 5c 6d As]
Seat 1: Suitishla (big blind) collected ($29.50)
Seat 6: beerdog222 (button) (small blind) folded on the Turn


PokerStars Hand #149538062642:  Hold'em Limit ($3/$6 USD) - 2016/02/27 23:23:11 ET
Table 'Ottilia' 6-max Seat #2 is the button
Seat 2: italianhero4 ($88.11 in chips)
Seat 6: beerdog222 ($70.26 in chips)
italianhero4: posts small blind $1
ElverGalinda: is sitting out
beerdog222: posts big blind $3
*** HOLE CARDS ***
ElverGalinda leaves the table
italianhero4: folds
Uncalled bet ($2) returned to beerdog222
Suitishla joins the table at seat #1
beerdog222 collected $2 from pot
beerdog222: doesn't show hand
*** SUMMARY ***
Total pot $2 | Rake $0
Seat 2: italianhero4 (button) (small blind) folded before Flop
Seat 6: beerdog222 (big blind) collected ($2)


PokerStars Hand #149576127626:  Hold'em Limit ($3/$6 USD) - 2016/02/28 15:20:55 ET
Table 'Ottilia' 10-max Seat #1 is the button
Seat 1: anetkaapro ($93.50 in chips)
Seat 6: KongenavU ($72 in chips)
anetkaapro: posts small blind $1
KongenavU: posts big blind $3
*** HOLE CARDS ***
anetkaapro: raises $3 to $6
KongenavU: calls $3
*** FLOP *** [Js 9d Ah]
KongenavU: checks
anetkaapro: bets $3
KongenavU: folds
Uncalled bet ($3) returned to anetkaapro
anetkaapro collected $11.76 from pot
anetkaapro: doesn't show hand
*** SUMMARY ***
Total pot $12 | Rake $0.24
Board [Js 9d Ah]
Seat 1: anetkaapro (button) (small blind) collected ($11.76)
Seat 6: KongenavU (big blind) folded on the Flop


PokerStars Hand #149576122889:  Hold'em Limit ($3/$6 USD) - 2016/02/28 15:20:51 ET
Table 'Ottilia' 10-max Seat #6 is the button
Seat 1: anetkaapro ($92.50 in chips)
Seat 6: KongenavU ($72 in chips)
KongenavU: posts small blind $1
anetkaapro: posts big blind $3
*** HOLE CARDS ***
KongenavU: folds
Uncalled bet ($2) returned to anetkaapro
anetkaapro collected $2 from pot
anetkaapro: doesn't show hand
*** SUMMARY ***
Total pot $2 | Rake $0
Seat 1: anetkaapro (big blind) collected ($2)
Seat 6: KongenavU (button) (small blind) folded before Flop


PokerStars Hand #149576116956:  Hold'em Limit ($3/$6 USD) - 2016/02/28 15:20:46 ET
Table 'Ottilia' 10-max Seat #1 is the button
Seat 1: anetkaapro ($89.50 in chips)
Seat 6: KongenavU ($72 in chips)
anetkaapro: posts small blind $1
KongenavU: posts big blind $3
*** HOLE CARDS ***
anetkaapro: raises $3 to $6
KongenavU: folds
Uncalled bet ($3) returned to anetkaapro
anetkaapro collected $6 from pot
*** SUMMARY ***
Total pot $6 | Rake $0
Seat 1: anetkaapro (button) (small blind) collected ($6)
Seat 6: KongenavU (big blind) folded before Flop


PokerStars Hand #149576180996:  Hold'em Limit ($3/$6 USD) - 2016/02/28 15:21:41 ET
Table 'Ottilia' 10-max Seat #6 is the button
Seat 1: anetkaapro ($99.02 in chips)
Seat 6: KongenavU ($72 in chips)
KongenavU: posts small blind $1
anetkaapro: posts big blind $3
*** HOLE CARDS ***
KongenavU: raises $3 to $6
anetkaapro: calls $3
*** FLOP *** [6c 3s 7c]
anetkaapro: checks
KongenavU: bets $3
anetkaapro: raises $3 to $6
KongenavU: calls $3
*** TURN *** [6c 3s 7c] [2h]
anetkaapro: bets $6
KongenavU: folds
Uncalled bet ($6) returned to anetkaapro
anetkaapro collected $23.52 from pot
anetkaapro: doesn't show hand
*** SUMMARY ***
Total pot $24 | Rake $0.48
Board [6c 3s 7c 2h]
Seat 1: anetkaapro (big blind) collected ($23.52)
Seat 6: KongenavU (button) (small blind) folded on the Turn


PokerStars Hand #149576162694:  Hold'em Limit ($3/$6 USD) - 2016/02/28 15:21:25 ET
Table 'Ottilia' 10-max Seat #1 is the button
Seat 1: anetkaapro ($93.26 in chips)
Seat 6: KongenavU ($77.76 in chips)
anetkaapro: posts small blind $1
KongenavU: posts big blind $3
*** HOLE CARDS ***
anetkaapro: raises $3 to $6
KongenavU: calls $3
*** FLOP *** [Ac 6h As]
KongenavU: checks
anetkaapro: bets $3
KongenavU: folds
Uncalled bet ($3) returned to anetkaapro
anetkaapro collected $11.76 from pot
anetkaapro: doesn't show hand
*** SUMMARY ***
Total pot $12 | Rake $0.24
Board [Ac 6h As]
Seat 1: anetkaapro (button) (small blind) collected ($11.76)
Seat 6: KongenavU (big blind) folded on the Flop


PokerStars Hand #149576148371:  Hold'em Limit ($3/$6 USD) - 2016/02/28 15:21:13 ET
Table 'Ottilia' 10-max Seat #6 is the button
Seat 1: anetkaapro ($99.26 in chips)
Seat 6: KongenavU ($72 in chips)
KongenavU: posts small blind $1
anetkaapro: posts big blind $3
*** HOLE CARDS ***
KongenavU: raises $3 to $6
anetkaapro: calls $3
*** FLOP *** [Qc 8s Jd]
anetkaapro: checks
KongenavU: bets $3
anetkaapro: folds
Uncalled bet ($3) returned to KongenavU
KongenavU collected $11.76 from pot
KongenavU: doesn't show hand
*** SUMMARY ***
Total pot $12 | Rake $0.24
Board [Qc 8s Jd]
Seat 1: anetkaapro (big blind) folded on the Flop
Seat 6: KongenavU (button) (small blind) collected ($11.76)


PokerStars Hand #149576269158:  Hold'em Limit ($3/$6 USD) - 2016/02/28 15:22:56 ET
Table 'Ottilia' 10-max Seat #1 is the button
Seat 1: anetkaapro ($87.54 in chips)
Seat 6: KongenavU ($94.14 in chips)
anetkaapro: posts small blind $1
KongenavU: posts big blind $3
*** HOLE CARDS ***
anetkaapro: raises $3 to $6
KongenavU: calls $3
*** FLOP *** [6d Js Ac]
KongenavU: checks
anetkaapro: bets $3
KongenavU: folds
Uncalled bet ($3) returned to anetkaapro
anetkaapro collected $11.76 from pot
anetkaapro: doesn't show hand
*** SUMMARY ***
Total pot $12 | Rake $0.24
Board [6d Js Ac]
Seat 1: anetkaapro (button) (small blind) collected ($11.76)
Seat 6: KongenavU (big blind) folded on the Flop


PokerStars Hand #149576233656:  Hold'em Limit ($3/$6 USD) - 2016/02/28 15:22:26 ET
Table 'Ottilia' 10-max Seat #6 is the button
Seat 1: anetkaapro ($105.54 in chips)
Seat 6: KongenavU ($76.64 in chips)
KongenavU: posts small blind $1
anetkaapro: posts big blind $3
*** HOLE CARDS ***
KongenavU: raises $3 to $6
anetkaapro: raises $3 to $9
KongenavU: calls $3
*** FLOP *** [Tc 9d Kc]
anetkaapro: bets $3
KongenavU: calls $3
*** TURN *** [Tc 9d Kc] [8h]
anetkaapro: checks
KongenavU: bets $6
anetkaapro: calls $6
*** RIVER *** [Tc 9d Kc 8h] [6c]
anetkaapro: checks
KongenavU: bets $6
anetkaapro: folds
Uncalled bet ($6) returned to KongenavU
KongenavU collected $35.50 from pot
KongenavU: doesn't show hand
*** SUMMARY ***
Total pot $36 | Rake $0.50
Board [Tc 9d Kc 8h 6c]
Seat 1: anetkaapro (big blind) folded on the River
Seat 6: KongenavU (button) (small blind) collected ($35.50)


PokerStars Hand #149576227219:  Hold'em Limit ($3/$6 USD) - 2016/02/28 15:22:20 ET
Table 'Ottilia' 10-max Seat #1 is the button
Seat 1: anetkaapro ($102.54 in chips)
Seat 6: KongenavU ($79.64 in chips)
anetkaapro: posts small blind $1
KongenavU: posts big blind $3
*** HOLE CARDS ***
anetkaapro: raises $3 to $6
KongenavU: folds
Uncalled bet ($3) returned to anetkaapro
anetkaapro collected $6 from pot
anetkaapro: doesn't show hand
*** SUMMARY ***
Total pot $6 | Rake $0
Seat 1: anetkaapro (button) (small blind) collected ($6)
Seat 6: KongenavU (big blind) folded before Flop


PokerStars Hand #149576222401:  Hold'em Limit ($3/$6 USD) - 2016/02/28 15:22:16 ET
Table 'Ottilia' 10-max Seat #6 is the button
Seat 1: anetkaapro ($101.54 in chips)
Seat 6: KongenavU ($80.64 in chips)
KongenavU: posts small blind $1
anetkaapro: posts big blind $3
*** HOLE CARDS ***
KongenavU: folds
Uncalled bet ($2) returned to anetkaapro
anetkaapro collected $2 from pot
anetkaapro: doesn't show hand
*** SUMMARY ***
Total pot $2 | Rake $0
Seat 1: anetkaapro (big blind) collected ($2)
Seat 6: KongenavU (button) (small blind) folded before Flop


PokerStars Hand #149576201465:  Hold'em Limit ($3/$6 USD) - 2016/02/28 15:21:58 ET
Table 'Ottilia' 10-max Seat #1 is the button
Seat 1: anetkaapro ($110.54 in chips)
Seat 6: KongenavU ($72 in chips)
anetkaapro: posts small blind $1
KongenavU: posts big blind $3
*** HOLE CARDS ***
anetkaapro: raises $3 to $6
KongenavU: calls $3
*** FLOP *** [4s Kh 5s]
KongenavU: checks
anetkaapro: bets $3
KongenavU: raises $3 to $6
anetkaapro: folds
Uncalled bet ($3) returned to KongenavU
KongenavU collected $17.64 from pot
KongenavU: doesn't show hand
*** SUMMARY ***
Total pot $18 | Rake $0.36
Board [4s Kh 5s]
Seat 1: anetkaapro (button) (small blind) folded on the Flop
Seat 6: KongenavU (big blind) collected ($17.64)


PokerStars Hand #149576329772:  Hold'em Limit ($3/$6 USD) - 2016/02/28 15:23:49 ET
Table 'Ottilia' 10-max Seat #1 is the button
Seat 1: anetkaapro ($120.80 in chips)
Seat 6: KongenavU ($60.14 in chips)
anetkaapro: posts small blind $1
KongenavU: posts big blind $3
*** HOLE CARDS ***
anetkaapro: raises $3 to $6
KongenavU: calls $3
*** FLOP *** [8s 6h As]
KongenavU: checks
anetkaapro: bets $3
KongenavU: folds
Uncalled bet ($3) returned to anetkaapro
anetkaapro collected $11.76 from pot
anetkaapro: doesn't show hand
*** SUMMARY ***
Total pot $12 | Rake $0.24
Board [8s 6h As]
Seat 1: anetkaapro (button) (small blind) collected ($11.76)
Seat 6: KongenavU (big blind) folded on the Flop


PokerStars Hand #149576304546:  Hold'em Limit ($3/$6 USD) - 2016/02/28 15:23:27 ET
Table 'Ottilia' 10-max Seat #6 is the button
Seat 1: anetkaapro ($97.30 in chips)
Seat 6: KongenavU ($84.14 in chips)
KongenavU: posts small blind $1
anetkaapro: posts big blind $3
*** HOLE CARDS ***
KongenavU: raises $3 to $6
anetkaapro: calls $3
*** FLOP *** [Qs 8h 9s]
anetkaapro: checks
KongenavU: bets $3
anetkaapro: raises $3 to $6
KongenavU: calls $3
*** TURN *** [Qs 8h 9s] [6c]
anetkaapro: bets $6
KongenavU: calls $6
*** RIVER *** [Qs 8h 9s 6c] [Qh]
anetkaapro: bets $6
KongenavU: calls $6
*** SHOW DOWN ***
anetkaapro: shows [Tc 9d] (two pair, Queens and Nines)
KongenavU: mucks hand
anetkaapro collected $47.50 from pot
*** SUMMARY ***
Total pot $48 | Rake $0.50
Board [Qs 8h 9s 6c Qh]
Seat 1: anetkaapro (big blind) showed [Tc 9d] and won ($47.50) with two pair, Queens and Nines
Seat 6: KongenavU (button) (small blind) mucked


PokerStars Hand #149576291939:  Hold'em Limit ($3/$6 USD) - 2016/02/28 15:23:16 ET
Table 'Ottilia' 10-max Seat #1 is the button
Seat 1: anetkaapro ($94.30 in chips)
Seat 6: KongenavU ($87.14 in chips)
anetkaapro: posts small blind $1
KongenavU: posts big blind $3
*** HOLE CARDS ***
anetkaapro: raises $3 to $6
KongenavU: folds
Uncalled bet ($3) returned to anetkaapro
anetkaapro collected $6 from pot
anetkaapro: doesn't show hand
*** SUMMARY ***
Total pot $6 | Rake $0
Seat 1: anetkaapro (button) (small blind) collected ($6)
Seat 6: KongenavU (big blind) folded before Flop


PokerStars Hand #149576285978:  Hold'em Limit ($3/$6 USD) - 2016/02/28 15:23:11 ET
Table 'Ottilia' 10-max Seat #6 is the button
Seat 1: anetkaapro ($93.30 in chips)
Seat 6: KongenavU ($88.14 in chips)
KongenavU: posts small blind $1
anetkaapro: posts big blind $3
*** HOLE CARDS ***
KongenavU: folds
Uncalled bet ($2) returned to anetkaapro
anetkaapro collected $2 from pot
anetkaapro: doesn't show hand
*** SUMMARY ***
Total pot $2 | Rake $0
Seat 1: anetkaapro (big blind) collected ($2)
Seat 6: KongenavU (button) (small blind) folded before Flop


PokerStars Hand #149576418289:  Hold'em Limit ($3/$6 USD) - 2016/02/28 15:25:05 ET
Table 'Ottilia' 10-max Seat #1 is the button
Seat 1: anetkaapro ($119.06 in chips)
Seat 6: KongenavU ($61.66 in chips)
anetkaapro: posts small blind $1
KongenavU: posts big blind $3
*** HOLE CARDS ***
anetkaapro: folds
Uncalled bet ($2) returned to KongenavU
KongenavU collected $2 from pot
*** SUMMARY ***
Total pot $2 | Rake $0
Seat 1: anetkaapro (button) (small blind) folded before Flop
Seat 6: KongenavU (big blind) collected ($2)


PokerStars Hand #149576386078:  Hold'em Limit ($3/$6 USD) - 2016/02/28 15:24:38 ET
Table 'Ottilia' 10-max Seat #6 is the button
Seat 1: anetkaapro ($104.56 in chips)
Seat 6: KongenavU ($75.64 in chips)
KongenavU: posts small blind $1
anetkaapro: posts big blind $3
*** HOLE CARDS ***
KongenavU: raises $3 to $6
anetkaapro: calls $3
*** FLOP *** [Td 8h 3c]
anetkaapro: checks
KongenavU: bets $3
anetkaapro: calls $3
*** TURN *** [Td 8h 3c] [Ks]
anetkaapro: checks
KongenavU: bets $6
anetkaapro: raises $6 to $12
KongenavU: folds
Uncalled bet ($6) returned to anetkaapro
anetkaapro collected $29.50 from pot
anetkaapro: doesn't show hand
*** SUMMARY ***
Total pot $30 | Rake $0.50
Board [Td 8h 3c Ks]
Seat 1: anetkaapro (big blind) collected ($29.50)
Seat 6: KongenavU (button) (small blind) folded on the Turn


PokerStars Hand #149576379425:  Hold'em Limit ($3/$6 USD) - 2016/02/28 15:24:32 ET
Table 'Ottilia' 10-max Seat #1 is the button
Seat 1: anetkaapro ($105.56 in chips)
Seat 6: KongenavU ($74.64 in chips)
anetkaapro: posts small blind $1
KongenavU: posts big blind $3
*** HOLE CARDS ***
anetkaapro: folds
Uncalled bet ($2) returned to KongenavU
KongenavU collected $2 from pot
KongenavU: doesn't show hand
*** SUMMARY ***
Total pot $2 | Rake $0
Seat 1: anetkaapro (button) (small blind) folded before Flop
Seat 6: KongenavU (big blind) collected ($2)


PokerStars Hand #149576339911:  Hold'em Limit ($3/$6 USD) - 2016/02/28 15:23:58 ET
Table 'Ottilia' 10-max Seat #6 is the button
Seat 1: anetkaapro ($126.56 in chips)
Seat 6: KongenavU ($54.14 in chips)
KongenavU: posts small blind $1
anetkaapro: posts big blind $3
*** HOLE CARDS ***
KongenavU: raises $3 to $6
anetkaapro: calls $3
*** FLOP *** [8s 7d 3h]
anetkaapro: checks
KongenavU: bets $3
anetkaapro: calls $3
*** TURN *** [8s 7d 3h] [2h]
anetkaapro: checks
KongenavU: bets $6
anetkaapro: calls $6
*** RIVER *** [8s 7d 3h 2h] [8c]
anetkaapro: checks
KongenavU: bets $6
anetkaapro: calls $6
*** SHOW DOWN ***
KongenavU: shows [7c 5d] (two pair, Eights and Sevens)
anetkaapro: mucks hand
KongenavU collected $41.50 from pot
*** SUMMARY ***
Total pot $42 | Rake $0.50
Board [8s 7d 3h 2h 8c]
Seat 1: anetkaapro (big blind) mucked
Seat 6: KongenavU (button) (small blind) showed [7c 5d] and won ($41.50) with two pair, Eights and Sevens


PokerStars Hand #149576469572:  Hold'em Limit ($3/$6 USD) - 2016/02/28 15:25:51 ET
Table 'Ottilia' 10-max Seat #6 is the button
Seat 1: anetkaapro ($89.06 in chips)
Seat 6: KongenavU ($91.16 in chips)
KongenavU: posts small blind $1
anetkaapro: posts big blind $3
*** HOLE CARDS ***
KongenavU: raises $3 to $6
anetkaapro: calls $3
*** FLOP *** [5s 3h Qs]
anetkaapro: checks
KongenavU: bets $3
anetkaapro: raises $3 to $6
KongenavU: calls $3
*** TURN *** [5s 3h Qs] [8h]
anetkaapro: bets $6
KongenavU: folds
Uncalled bet ($6) returned to anetkaapro
anetkaapro collected $23.52 from pot
anetkaapro: doesn't show hand
*** SUMMARY ***
Total pot $24 | Rake $0.48
Board [5s 3h Qs 8h]
Seat 1: anetkaapro (big blind) collected ($23.52)
Seat 6: KongenavU (button) (small blind) folded on the Turn


PokerStars Hand #149576464015:  Hold'em Limit ($3/$6 USD) - 2016/02/28 15:25:46 ET
Table 'Ottilia' 10-max Seat #1 is the button
Seat 1: anetkaapro ($90.06 in chips)
Seat 6: KongenavU ($90.16 in chips)
anetkaapro: posts small blind $1
KongenavU: posts big blind $3
*** HOLE CARDS ***
anetkaapro: folds
Uncalled bet ($2) returned to KongenavU
KongenavU collected $2 from pot
KongenavU: doesn't show hand
*** SUMMARY ***
Total pot $2 | Rake $0
Seat 1: anetkaapro (button) (small blind) folded before Flop
Seat 6: KongenavU (big blind) collected ($2)


PokerStars Hand #149576457282:  Hold'em Limit ($3/$6 USD) - 2016/02/28 15:25:40 ET
Table 'Ottilia' 10-max Seat #6 is the button
Seat 1: anetkaapro ($93.06 in chips)
Seat 6: KongenavU ($87.16 in chips)
KongenavU: posts small blind $1
anetkaapro: posts big blind $3
*** HOLE CARDS ***
KongenavU: raises $3 to $6
anetkaapro: folds
Uncalled bet ($3) returned to KongenavU
KongenavU collected $6 from pot
KongenavU: doesn't show hand
*** SUMMARY ***
Total pot $6 | Rake $0
Seat 1: anetkaapro (big blind) folded before Flop
Seat 6: KongenavU (button) (small blind) collected ($6)


PokerStars Hand #149576452144:  Hold'em Limit ($3/$6 USD) - 2016/02/28 15:25:35 ET
Table 'Ottilia' 10-max Seat #1 is the button
Seat 1: anetkaapro ($94.06 in chips)
Seat 6: KongenavU ($86.16 in chips)
anetkaapro: posts small blind $1
KongenavU: posts big blind $3
*** HOLE CARDS ***
anetkaapro: folds
Uncalled bet ($2) returned to KongenavU
KongenavU collected $2 from pot
KongenavU: doesn't show hand
*** SUMMARY ***
Total pot $2 | Rake $0
Seat 1: anetkaapro (button) (small blind) folded before Flop
Seat 6: KongenavU (big blind) collected ($2)


PokerStars Hand #149576424641:  Hold'em Limit ($3/$6 USD) - 2016/02/28 15:25:11 ET
Table 'Ottilia' 10-max Seat #6 is the button
Seat 1: anetkaapro ($118.06 in chips)
Seat 6: KongenavU ($62.66 in chips)
KongenavU: posts small blind $1
anetkaapro: posts big blind $3
*** HOLE CARDS ***
KongenavU: raises $3 to $6
anetkaapro: raises $3 to $9
KongenavU: calls $3
*** FLOP *** [8s 5d Jh]
anetkaapro: bets $3
KongenavU: calls $3
*** TURN *** [8s 5d Jh] [6h]
anetkaapro: bets $6
KongenavU: raises $6 to $12
anetkaapro: calls $6
*** RIVER *** [8s 5d Jh 6h] [3d]
anetkaapro: checks
KongenavU: bets $6
anetkaapro: folds
Uncalled bet ($6) returned to KongenavU
KongenavU collected $47.50 from pot
KongenavU: doesn't show hand
*** SUMMARY ***
Total pot $48 | Rake $0.50
Board [8s 5d Jh 6h 3d]
Seat 1: anetkaapro (big blind) folded on the River
Seat 6: KongenavU (button) (small blind) collected ($47.50)


PokerStars Hand #149576532659:  Hold'em Limit ($3/$6 USD) - 2016/02/28 15:26:45 ET
Table 'Ottilia' 10-max Seat #6 is the button
Seat 1: anetkaapro ($124.08 in chips)
Seat 6: KongenavU ($132.64 in chips)
KongenavU: posts small blind $1
anetkaapro: posts big blind $3
*** HOLE CARDS ***
KongenavU: raises $3 to $6
anetkaapro: calls $3
*** FLOP *** [7c As 3h]
anetkaapro: checks
KongenavU: bets $3
anetkaapro: calls $3
*** TURN *** [7c As 3h] [7h]
anetkaapro: checks
KongenavU: bets $6
anetkaapro: calls $6
*** RIVER *** [7c As 3h 7h] [4d]
anetkaapro: checks
KongenavU: bets $6
anetkaapro: calls $6
*** SHOW DOWN ***
KongenavU: shows [Qc 3c] (two pair, Sevens and Threes)
anetkaapro: shows [5d 3d] (two pair, Sevens and Threes)
anetkaapro collected $20.75 from pot
KongenavU collected $20.75 from pot
*** SUMMARY ***
Total pot $42 | Rake $0.50
Board [7c As 3h 7h 4d]
Seat 1: anetkaapro (big blind) showed [5d 3d] and won ($20.75) with two pair, Sevens and Threes
Seat 6: KongenavU (button) (small blind) showed [Qc 3c] and won ($20.75) with two pair, Sevens and Threes


PokerStars Hand #149576488633:  Hold'em Limit ($3/$6 USD) - 2016/02/28 15:26:07 ET
Table 'Ottilia' 10-max Seat #1 is the button
Seat 1: anetkaapro ($100.58 in chips)
Seat 6: KongenavU ($79.16 in chips)
anetkaapro: posts small blind $1
KongenavU: posts big blind $3
*** HOLE CARDS ***
anetkaapro: raises $3 to $6
KongenavU: raises $3 to $9
anetkaapro: calls $3
*** FLOP *** [Qd Jh 2s]
KongenavU: bets $3
anetkaapro: calls $3
*** TURN *** [Qd Jh 2s] [2c]
KongenavU: bets $6
anetkaapro: calls $6
*** RIVER *** [Qd Jh 2s 2c] [As]
KongenavU: checks
anetkaapro: bets $6
KongenavU: calls $6
*** SHOW DOWN ***
anetkaapro: shows [Ah 9d] (two pair, Aces and Deuces)
KongenavU: mucks hand
anetkaapro collected $47.50 from pot
*** SUMMARY ***
Total pot $48 | Rake $0.50
Board [Qd Jh 2s 2c As]
Seat 1: anetkaapro (button) (small blind) showed [Ah 9d] and won ($47.50) with two pair, Aces and Deuces
Seat 6: KongenavU (big blind) mucked


PokerStars Hand #149576600272:  Hold'em Limit ($3/$6 USD) - 2016/02/28 15:27:43 ET
Table 'Ottilia' 10-max Seat #6 is the button
Seat 1: anetkaapro ($118.83 in chips)
Seat 6: KongenavU ($137.03 in chips)
KongenavU: posts small blind $1
anetkaapro: posts big blind $3
*** HOLE CARDS ***
KongenavU: raises $3 to $6
anetkaapro: calls $3
*** FLOP *** [5c Qd Jd]
anetkaapro: checks
KongenavU: bets $3
anetkaapro: raises $3 to $6
KongenavU: calls $3
*** TURN *** [5c Qd Jd] [7d]
anetkaapro: bets $6
KongenavU: calls $6
*** RIVER *** [5c Qd Jd 7d] [9c]
anetkaapro: bets $6
KongenavU: raises $6 to $12
anetkaapro: calls $6
*** SHOW DOWN ***
KongenavU: shows [Kc Th] (a straight, Nine to King)
anetkaapro: mucks hand
KongenavU collected $59.50 from pot
*** SUMMARY ***
Total pot $60 | Rake $0.50
Board [5c Qd Jd 7d 9c]
Seat 1: anetkaapro (big blind) mucked
Seat 6: KongenavU (button) (small blind) showed [Kc Th] and won ($59.50) with a straight, Nine to King


PokerStars Hand #149576573545:  Hold'em Limit ($3/$6 USD) - 2016/02/28 15:27:20 ET
Table 'Ottilia' 10-max Seat #1 is the button
Seat 1: anetkaapro ($127.83 in chips)
Seat 6: KongenavU ($128.39 in chips)
anetkaapro: posts small blind $1
KongenavU: posts big blind $3
*** HOLE CARDS ***
anetkaapro: raises $3 to $6
KongenavU: raises $3 to $9
anetkaapro: calls $3
*** FLOP *** [Jh 3c Ac]
KongenavU: bets $3
anetkaapro: folds
Uncalled bet ($3) returned to KongenavU
KongenavU collected $17.64 from pot
KongenavU: doesn't show hand
*** SUMMARY ***
Total pot $18 | Rake $0.36
Board [Jh 3c Ac]
Seat 1: anetkaapro (button) (small blind) folded on the Flop
Seat 6: KongenavU (big blind) collected ($17.64)


PokerStars Hand #149576568582:  Hold'em Limit ($3/$6 USD) - 2016/02/28 15:27:16 ET
Table 'Ottilia' 10-max Seat #6 is the button
Seat 1: anetkaapro ($126.83 in chips)
Seat 6: KongenavU ($129.39 in chips)
KongenavU: posts small blind $1
anetkaapro: posts big blind $3
*** HOLE CARDS ***
KongenavU: folds
Uncalled bet ($2) returned to anetkaapro
anetkaapro collected $2 from pot
anetkaapro: doesn't show hand
*** SUMMARY ***
Total pot $2 | Rake $0
Seat 1: anetkaapro (big blind) collected ($2)
Seat 6: KongenavU (button) (small blind) folded before Flop


PokerStars Hand #149576562717:  Hold'em Limit ($3/$6 USD) - 2016/02/28 15:27:11 ET
Table 'Ottilia' 10-max Seat #1 is the button
Seat 1: anetkaapro ($123.83 in chips)
Seat 6: KongenavU ($132.39 in chips)
anetkaapro: posts small blind $1
KongenavU: posts big blind $3
*** HOLE CARDS ***
anetkaapro: raises $3 to $6
KongenavU: folds
Uncalled bet ($3) returned to anetkaapro
anetkaapro collected $6 from pot
anetkaapro: doesn't show hand
*** SUMMARY ***
Total pot $6 | Rake $0
Seat 1: anetkaapro (button) (small blind) collected ($6)
Seat 6: KongenavU (big blind) folded before Flop


PokerStars Hand #149576684261:  Hold'em Limit ($3/$6 USD) - 2016/02/28 15:28:57 ET
Table 'Ottilia' 10-max Seat #1 is the button
Seat 1: anetkaapro ($94.33 in chips)
Seat 6: KongenavU ($160.17 in chips)
anetkaapro: posts small blind $1
KongenavU: posts big blind $3
*** HOLE CARDS ***
anetkaapro: raises $3 to $6
KongenavU: folds
Uncalled bet ($3) returned to anetkaapro
anetkaapro collected $6 from pot
anetkaapro: doesn't show hand
*** SUMMARY ***
Total pot $6 | Rake $0
Seat 1: anetkaapro (button) (small blind) collected ($6)
Seat 6: KongenavU (big blind) folded before Flop


PokerStars Hand #149576662759:  Hold'em Limit ($3/$6 USD) - 2016/02/28 15:28:38 ET
Table 'Ottilia' 10-max Seat #6 is the button
Seat 1: anetkaapro ($79.83 in chips)
Seat 6: KongenavU ($175.17 in chips)
KongenavU: posts small blind $1
anetkaapro: posts big blind $3
*** HOLE CARDS ***
KongenavU: raises $3 to $6
anetkaapro: calls $3
*** FLOP *** [5d 6s 9h]
anetkaapro: checks
KongenavU: bets $3
anetkaapro: calls $3
*** TURN *** [5d 6s 9h] [5s]
anetkaapro: checks
KongenavU: bets $6
anetkaapro: calls $6
*** RIVER *** [5d 6s 9h 5s] [9c]
anetkaapro: checks
KongenavU: checks
*** SHOW DOWN ***
anetkaapro: shows [Ks 2c] (two pair, Nines and Fives)
KongenavU: mucks hand
anetkaapro collected $29.50 from pot
*** SUMMARY ***
Total pot $30 | Rake $0.50
Board [5d 6s 9h 5s 9c]
Seat 1: anetkaapro (big blind) showed [Ks 2c] and won ($29.50) with two pair, Nines and Fives
Seat 6: KongenavU (button) (small blind) mucked


PokerStars Hand #149576657596:  Hold'em Limit ($3/$6 USD) - 2016/02/28 15:28:33 ET
Table 'Ottilia' 10-max Seat #1 is the button
Seat 1: anetkaapro ($80.83 in chips)
Seat 6: KongenavU ($174.17 in chips)
anetkaapro: posts small blind $1
KongenavU: posts big blind $3
*** HOLE CARDS ***
anetkaapro: folds
Uncalled bet ($2) returned to KongenavU
KongenavU collected $2 from pot
KongenavU: doesn't show hand
*** SUMMARY ***
Total pot $2 | Rake $0
Seat 1: anetkaapro (button) (small blind) folded before Flop
Seat 6: KongenavU (big blind) collected ($2)


PokerStars Hand #149576652764:  Hold'em Limit ($3/$6 USD) - 2016/02/28 15:28:29 ET
Table 'Ottilia' 10-max Seat #6 is the button
Seat 1: anetkaapro ($79.83 in chips)
Seat 6: KongenavU ($175.17 in chips)
KongenavU: posts small blind $1
anetkaapro: posts big blind $3
*** HOLE CARDS ***
KongenavU: folds
Uncalled bet ($2) returned to anetkaapro
anetkaapro collected $2 from pot
anetkaapro: doesn't show hand
*** SUMMARY ***
Total pot $2 | Rake $0
Seat 1: anetkaapro (big blind) collected ($2)
Seat 6: KongenavU (button) (small blind) folded before Flop


PokerStars Hand #149576619279:  Hold'em Limit ($3/$6 USD) - 2016/02/28 15:28:00 ET
Table 'Ottilia' 10-max Seat #1 is the button
Seat 1: anetkaapro ($88.83 in chips)
Seat 6: KongenavU ($166.53 in chips)
anetkaapro: posts small blind $1
KongenavU: posts big blind $3
*** HOLE CARDS ***
anetkaapro: raises $3 to $6
KongenavU: calls $3
*** FLOP *** [7h Kh Qh]
KongenavU: checks
anetkaapro: bets $3
KongenavU: raises $3 to $6
anetkaapro: folds
Uncalled bet ($3) returned to KongenavU
KongenavU collected $17.64 from pot
KongenavU: doesn't show hand
*** SUMMARY ***
Total pot $18 | Rake $0.36
Board [7h Kh Qh]
Seat 1: anetkaapro (button) (small blind) folded on the Flop
Seat 6: KongenavU (big blind) collected ($17.64)


PokerStars Hand #149576756107:  Hold'em Limit ($3/$6 USD) - 2016/02/28 15:29:59 ET
Table 'Ottilia' 10-max Seat #1 is the button
Seat 1: anetkaapro ($145.97 in chips)
Seat 6: KongenavU ($106.69 in chips)
anetkaapro: posts small blind $1
KongenavU: posts big blind $3
*** HOLE CARDS ***
anetkaapro: raises $3 to $6
KongenavU: raises $3 to $9
anetkaapro: calls $3
*** FLOP *** [5s 3s 9c]
KongenavU: bets $3
anetkaapro: calls $3
*** TURN *** [5s 3s 9c] [3c]
KongenavU: bets $6
anetkaapro: calls $6
*** RIVER *** [5s 3s 9c 3c] [Jh]
KongenavU: bets $6
anetkaapro: raises $6 to $12
KongenavU: raises $6 to $18
anetkaapro: calls $6
*** SHOW DOWN ***
KongenavU: shows [Qd Jd] (two pair, Jacks and Threes)
anetkaapro: mucks hand
KongenavU collected $71.50 from pot
*** SUMMARY ***
Total pot $72 | Rake $0.50
Board [5s 3s 9c 3c Jh]
Seat 1: anetkaapro (button) (small blind) mucked
Seat 6: KongenavU (big blind) showed [Qd Jd] and won ($71.50) with two pair, Jacks and Threes


PokerStars Hand #149576738260:  Hold'em Limit ($3/$6 USD) - 2016/02/28 15:29:43 ET
Table 'Ottilia' 10-max Seat #6 is the button
Seat 1: anetkaapro ($116.47 in chips)
Seat 6: KongenavU ($136.69 in chips)
KongenavU: posts small blind $1
anetkaapro: posts big blind $3
*** HOLE CARDS ***
KongenavU: raises $3 to $6
anetkaapro: raises $3 to $9
KongenavU: calls $3
*** FLOP *** [Jc 6d 9c]
anetkaapro: bets $3
KongenavU: calls $3
*** TURN *** [Jc 6d 9c] [7s]
anetkaapro: bets $6
KongenavU: raises $6 to $12
anetkaapro: calls $6
*** RIVER *** [Jc 6d 9c 7s] [6s]
anetkaapro: checks
KongenavU: bets $6
anetkaapro: calls $6
*** SHOW DOWN ***
KongenavU: shows [Kh 8s] (a pair of Sixes)
anetkaapro: shows [Th Ts] (two pair, Tens and Sixes)
anetkaapro collected $59.50 from pot
*** SUMMARY ***
Total pot $60 | Rake $0.50
Board [Jc 6d 9c 7s 6s]
Seat 1: anetkaapro (big blind) showed [Th Ts] and won ($59.50) with two pair, Tens and Sixes
Seat 6: KongenavU (button) (small blind) showed [Kh 8s] and lost with a pair of Sixes


PokerStars Hand #149576712774:  Hold'em Limit ($3/$6 USD) - 2016/02/28 15:29:21 ET
Table 'Ottilia' 10-max Seat #6 is the button
Seat 1: anetkaapro ($119.83 in chips)
Seat 6: KongenavU ($134.17 in chips)
KongenavU: posts small blind $1
anetkaapro: posts big blind $3
*** HOLE CARDS ***
KongenavU: raises $3 to $6
anetkaapro: raises $3 to $9
KongenavU: calls $3
*** FLOP *** [Ad 6c 2h]
anetkaapro: bets $3
KongenavU: folds
Uncalled bet ($3) returned to anetkaapro
anetkaapro collected $17.64 from pot
anetkaapro: doesn't show hand
*** SUMMARY ***
Total pot $18 | Rake $0.36
Board [Ad 6c 2h]
Seat 1: anetkaapro (big blind) collected ($17.64)
Seat 6: KongenavU (button) (small blind) folded on the Flop


PokerStars Hand #149576707815:  Hold'em Limit ($3/$6 USD) - 2016/02/28 15:29:17 ET
Table 'Ottilia' 10-max Seat #1 is the button
Seat 1: anetkaapro ($120.83 in chips)
Seat 6: KongenavU ($133.17 in chips)
anetkaapro: posts small blind $1
KongenavU: posts big blind $3
*** HOLE CARDS ***
anetkaapro: folds
Uncalled bet ($2) returned to KongenavU
KongenavU collected $2 from pot
KongenavU: doesn't show hand
*** SUMMARY ***
Total pot $2 | Rake $0
Seat 1: anetkaapro (button) (small blind) folded before Flop
Seat 6: KongenavU (big blind) collected ($2)


PokerStars Hand #149576689665:  Hold'em Limit ($3/$6 USD) - 2016/02/28 15:29:01 ET
Table 'Ottilia' 10-max Seat #6 is the button
Seat 1: anetkaapro ($97.33 in chips)
Seat 6: KongenavU ($157.17 in chips)
KongenavU: posts small blind $1
anetkaapro: posts big blind $3
*** HOLE CARDS ***
KongenavU: raises $3 to $6
anetkaapro: raises $3 to $9
KongenavU: calls $3
*** FLOP *** [6s 3s Jc]
anetkaapro: bets $3
KongenavU: calls $3
*** TURN *** [6s 3s Jc] [9c]
anetkaapro: checks
KongenavU: bets $6
anetkaapro: calls $6
*** RIVER *** [6s 3s Jc 9c] [Td]
anetkaapro: checks
KongenavU: bets $6
anetkaapro: calls $6
*** SHOW DOWN ***
KongenavU: shows [9h Qs] (a pair of Nines)
anetkaapro: shows [Ts Ah] (a pair of Tens)
anetkaapro collected $47.50 from pot
*** SUMMARY ***
Total pot $48 | Rake $0.50
Board [6s 3s Jc 9c Td]
Seat 1: anetkaapro (big blind) showed [Ts Ah] and won ($47.50) with a pair of Tens
Seat 6: KongenavU (button) (small blind) showed [9h Qs] and lost with a pair of Nines


PokerStars Hand #149576798581:  Hold'em Limit ($3/$6 USD) - 2016/02/28 15:30:35 ET
Table 'Ottilia' 10-max Seat #6 is the button
Seat 1: anetkaapro ($130.47 in chips)
Seat 6: KongenavU ($121.19 in chips)
KongenavU: posts small blind $1
anetkaapro: posts big blind $3
*** HOLE CARDS ***
KongenavU: raises $3 to $6
anetkaapro: raises $3 to $9
KongenavU: calls $3
*** FLOP *** [6s Kh 4c]
anetkaapro: bets $3
KongenavU: calls $3
*** TURN *** [6s Kh 4c] [2c]
anetkaapro: checks
KongenavU: bets $6
anetkaapro: folds
Uncalled bet ($6) returned to KongenavU
KongenavU collected $23.52 from pot
KongenavU: doesn't show hand
*** SUMMARY ***
Total pot $24 | Rake $0.48
Board [6s Kh 4c 2c]
Seat 1: anetkaapro (big blind) folded on the Turn
Seat 6: KongenavU (button) (small blind) collected ($23.52)


PokerStars Hand #149576793445:  Hold'em Limit ($3/$6 USD) - 2016/02/28 15:30:31 ET
Table 'Ottilia' 10-max Seat #1 is the button
Seat 1: anetkaapro ($127.47 in chips)
Seat 6: KongenavU ($124.19 in chips)
anetkaapro: posts small blind $1
KongenavU: posts big blind $3
*** HOLE CARDS ***
anetkaapro: raises $3 to $6
KongenavU: folds
Uncalled bet ($3) returned to anetkaapro
anetkaapro collected $6 from pot
anetkaapro: doesn't show hand
*** SUMMARY ***
Total pot $6 | Rake $0
Seat 1: anetkaapro (button) (small blind) collected ($6)
Seat 6: KongenavU (big blind) folded before Flop


PokerStars Hand #149576775733:  Hold'em Limit ($3/$6 USD) - 2016/02/28 15:30:16 ET
Table 'Ottilia' 10-max Seat #6 is the button
Seat 1: anetkaapro ($109.97 in chips)
Seat 6: KongenavU ($142.19 in chips)
KongenavU: posts small blind $1
anetkaapro: posts big blind $3
*** HOLE CARDS ***
KongenavU: raises $3 to $6
anetkaapro: raises $3 to $9
KongenavU: calls $3
*** FLOP *** [4d As 9h]
anetkaapro: bets $3
KongenavU: calls $3
*** TURN *** [4d As 9h] [Qd]
anetkaapro: bets $6
KongenavU: calls $6
*** RIVER *** [4d As 9h Qd] [2h]
anetkaapro: checks
KongenavU: checks
*** SHOW DOWN ***
anetkaapro: shows [Qc Js] (a pair of Queens)
KongenavU: mucks hand
anetkaapro collected $35.50 from pot
*** SUMMARY ***
Total pot $36 | Rake $0.50
Board [4d As 9h Qd 2h]
Seat 1: anetkaapro (big blind) showed [Qc Js] and won ($35.50) with a pair of Queens
Seat 6: KongenavU (button) (small blind) mucked


PokerStars Hand #149576886905:  Hold'em Limit ($3/$6 USD) - 2016/02/28 15:31:52 ET
Table 'Ottilia' 10-max Seat #1 is the button
Seat 1: anetkaapro ($135.97 in chips)
Seat 6: KongenavU ($114.71 in chips)
anetkaapro: posts small blind $1
KongenavU: posts big blind $3
*** HOLE CARDS ***
anetkaapro: raises $3 to $6
KongenavU: calls $3
*** FLOP *** [Kd 7h Ac]
KongenavU: checks
anetkaapro: bets $3
KongenavU: calls $3
*** TURN *** [Kd 7h Ac] [3h]
KongenavU: checks
anetkaapro: checks
*** RIVER *** [Kd 7h Ac 3h] [8d]
KongenavU: bets $6
anetkaapro: folds
Uncalled bet ($6) returned to KongenavU
KongenavU collected $17.64 from pot
KongenavU: doesn't show hand
*** SUMMARY ***
Total pot $18 | Rake $0.36
Board [Kd 7h Ac 3h 8d]
Seat 1: anetkaapro (button) (small blind) folded on the River
Seat 6: KongenavU (big blind) collected ($17.64)


PokerStars Hand #149576851879:  Hold'em Limit ($3/$6 USD) - 2016/02/28 15:31:22 ET
Table 'Ottilia' 10-max Seat #6 is the button
Seat 1: anetkaapro ($121.47 in chips)
Seat 6: KongenavU ($129.71 in chips)
KongenavU: posts small blind $1
anetkaapro: posts big blind $3
*** HOLE CARDS ***
KongenavU: raises $3 to $6
anetkaapro: calls $3
*** FLOP *** [5s 8s Th]
anetkaapro: checks
KongenavU: bets $3
anetkaapro: raises $3 to $6
KongenavU: raises $3 to $9
anetkaapro: calls $3
*** TURN *** [5s 8s Th] [3h]
anetkaapro: checks
KongenavU: checks
*** RIVER *** [5s 8s Th 3h] [2h]
anetkaapro: bets $6
KongenavU: folds
Uncalled bet ($6) returned to anetkaapro
anetkaapro collected $29.50 from pot
anetkaapro: doesn't show hand
*** SUMMARY ***
Total pot $30 | Rake $0.50
Board [5s 8s Th 3h 2h]
Seat 1: anetkaapro (big blind) collected ($29.50)
Seat 6: KongenavU (button) (small blind) folded on the River


PokerStars Hand #149576843485:  Hold'em Limit ($3/$6 USD) - 2016/02/28 15:31:15 ET
Table 'Ottilia' 10-max Seat #1 is the button
Seat 1: anetkaapro ($118.47 in chips)
Seat 6: KongenavU ($132.71 in chips)
anetkaapro: posts small blind $1
KongenavU: posts big blind $3
*** HOLE CARDS ***
anetkaapro: raises $3 to $6
KongenavU: folds
Uncalled bet ($3) returned to anetkaapro
anetkaapro collected $6 from pot
anetkaapro: doesn't show hand
*** SUMMARY ***
Total pot $6 | Rake $0
Seat 1: anetkaapro (button) (small blind) collected ($6)
Seat 6: KongenavU (big blind) folded before Flop


PokerStars Hand #149576965782:  Hold'em Limit ($3/$6 USD) - 2016/02/28 15:33:00 ET
Table 'Ottilia' 10-max Seat #6 is the button
Seat 1: anetkaapro ($114.61 in chips)
Seat 6: KongenavU ($134.85 in chips)
KongenavU: posts small blind $1
anetkaapro: posts big blind $3
*** HOLE CARDS ***
KongenavU: folds
Uncalled bet ($2) returned to anetkaapro
anetkaapro collected $2 from pot
anetkaapro: doesn't show hand
*** SUMMARY ***
Total pot $2 | Rake $0
Seat 1: anetkaapro (big blind) collected ($2)
Seat 6: KongenavU (button) (small blind) folded before Flop


PokerStars Hand #149576932766:  Hold'em Limit ($3/$6 USD) - 2016/02/28 15:32:32 ET
Table 'Ottilia' 10-max Seat #1 is the button
Seat 1: anetkaapro ($135.61 in chips)
Seat 6: KongenavU ($114.35 in chips)
anetkaapro: posts small blind $1
KongenavU: posts big blind $3
*** HOLE CARDS ***
anetkaapro: raises $3 to $6
KongenavU: calls $3
*** FLOP *** [Ks Qc 2c]
KongenavU: checks
anetkaapro: bets $3
KongenavU: calls $3
*** TURN *** [Ks Qc 2c] [As]
KongenavU: bets $6
anetkaapro: calls $6
*** RIVER *** [Ks Qc 2c As] [2d]
KongenavU: bets $6
anetkaapro: calls $6
*** SHOW DOWN ***
KongenavU: shows [Ac 6s] (two pair, Aces and Deuces)
anetkaapro: mucks hand
KongenavU collected $41.50 from pot
*** SUMMARY ***
Total pot $42 | Rake $0.50
Board [Ks Qc 2c As 2d]
Seat 1: anetkaapro (button) (small blind) mucked
Seat 6: KongenavU (big blind) showed [Ac 6s] and won ($41.50) with two pair, Aces and Deuces


PokerStars Hand #149576908402:  Hold'em Limit ($3/$6 USD) - 2016/02/28 15:32:10 ET
Table 'Ottilia' 10-max Seat #6 is the button
Seat 1: anetkaapro ($126.97 in chips)
Seat 6: KongenavU ($123.35 in chips)
KongenavU: posts small blind $1
anetkaapro: posts big blind $3
*** HOLE CARDS ***
KongenavU: raises $3 to $6
anetkaapro: raises $3 to $9
KongenavU: calls $3
*** FLOP *** [Ad 2c 8s]
anetkaapro: bets $3
KongenavU: folds
Uncalled bet ($3) returned to anetkaapro
anetkaapro collected $17.64 from pot
anetkaapro: doesn't show hand
*** SUMMARY ***
Total pot $18 | Rake $0.36
Board [Ad 2c 8s]
Seat 1: anetkaapro (big blind) collected ($17.64)
Seat 6: KongenavU (button) (small blind) folded on the Flop


PokerStars Hand #149577012853:  Hold'em Limit ($3/$6 USD) - 2016/02/28 15:33:41 ET
Table 'Ottilia' 10-max Seat #1 is the button
Seat 1: anetkaapro ($118.13 in chips)
Seat 6: KongenavU ($130.49 in chips)
anetkaapro: posts small blind $1
KongenavU: posts big blind $3
*** HOLE CARDS ***
anetkaapro: folds
Uncalled bet ($2) returned to KongenavU
KongenavU collected $2 from pot
KongenavU: doesn't show hand
*** SUMMARY ***
Total pot $2 | Rake $0
Seat 1: anetkaapro (button) (small blind) folded before Flop
Seat 6: KongenavU (big blind) collected ($2)


PokerStars Hand #149576998150:  Hold'em Limit ($3/$6 USD) - 2016/02/28 15:33:28 ET
Table 'Ottilia' 10-max Seat #6 is the button
Seat 1: anetkaapro ($106.61 in chips)
Seat 6: KongenavU ($142.49 in chips)
KongenavU: posts small blind $1
anetkaapro: posts big blind $3
*** HOLE CARDS ***
KongenavU: raises $3 to $6
anetkaapro: raises $3 to $9
KongenavU: calls $3
*** FLOP *** [2d Qh 5d]
anetkaapro: bets $3
KongenavU: calls $3
*** TURN *** [2d Qh 5d] [9c]
anetkaapro: checks
KongenavU: checks
*** RIVER *** [2d Qh 5d 9c] [7s]
anetkaapro: checks
KongenavU: checks
*** SHOW DOWN ***
anetkaapro: shows [Jh Kh] (high card King)
KongenavU: mucks hand
anetkaapro collected $23.52 from pot
*** SUMMARY ***
Total pot $24 | Rake $0.48
Board [2d Qh 5d 9c 7s]
Seat 1: anetkaapro (big blind) showed [Jh Kh] and won ($23.52) with high card King
Seat 6: KongenavU (button) (small blind) mucked


PokerStars Hand #149576971354:  Hold'em Limit ($3/$6 USD) - 2016/02/28 15:33:05 ET
Table 'Ottilia' 10-max Seat #1 is the button
Seat 1: anetkaapro ($115.61 in chips)
Seat 6: KongenavU ($133.85 in chips)
anetkaapro: posts small blind $1
KongenavU: posts big blind $3
*** HOLE CARDS ***
anetkaapro: raises $3 to $6
KongenavU: calls $3
*** FLOP *** [5h 2s Qc]
KongenavU: checks
anetkaapro: bets $3
KongenavU: raises $3 to $6
anetkaapro: folds
Uncalled bet ($3) returned to KongenavU
KongenavU collected $17.64 from pot
KongenavU: doesn't show hand
*** SUMMARY ***
Total pot $18 | Rake $0.36
Board [5h 2s Qc]
Seat 1: anetkaapro (button) (small blind) folded on the Flop
Seat 6: KongenavU (big blind) collected ($17.64)


PokerStars Hand #149577017403:  Hold'em Limit ($3/$6 USD) - 2016/02/28 15:33:44 ET
Table 'Ottilia' 10-max Seat #6 is the button
Seat 1: anetkaapro ($117.13 in chips)
Seat 6: KongenavU ($131.49 in chips)
KongenavU: posts small blind $1
anetkaapro: posts big blind $3
*** HOLE CARDS ***
KongenavU: raises $3 to $6
anetkaapro: calls $3
*** FLOP *** [As 7c 9h]
anetkaapro: checks
KongenavU: bets $3
anetkaapro: folds
Uncalled bet ($3) returned to KongenavU
KongenavU collected $11.76 from pot
KongenavU: doesn't show hand
*** SUMMARY ***
Total pot $12 | Rake $0.24
Board [As 7c 9h]
Seat 1: anetkaapro (big blind) folded on the Flop
Seat 6: KongenavU (button) (small blind) collected ($11.76)


PokerStars Hand #149577047136:  Hold'em Limit ($3/$6 USD) - 2016/02/28 15:34:10 ET
Table 'Ottilia' 10-max Seat #6 is the button
Seat 1: anetkaapro ($110.13 in chips)
Seat 6: KongenavU ($138.25 in chips)
KongenavU: posts small blind $1
anetkaapro: posts big blind $3
*** HOLE CARDS ***
KongenavU: raises $3 to $6
anetkaapro: folds
Uncalled bet ($3) returned to KongenavU
KongenavU collected $6 from pot
KongenavU: doesn't show hand
*** SUMMARY ***
Total pot $6 | Rake $0
Seat 1: anetkaapro (big blind) folded before Flop
Seat 6: KongenavU (button) (small blind) collected ($6)


PokerStars Hand #149577027934:  Hold'em Limit ($3/$6 USD) - 2016/02/28 15:33:54 ET
Table 'Ottilia' 10-max Seat #1 is the button
Seat 1: anetkaapro ($111.13 in chips)
Seat 6: KongenavU ($137.25 in chips)
anetkaapro: posts small blind $1
KongenavU: posts big blind $3
*** HOLE CARDS ***
anetkaapro: folds
Uncalled bet ($2) returned to KongenavU
KongenavU collected $2 from pot
KongenavU: doesn't show hand
*** SUMMARY ***
Total pot $2 | Rake $0
Seat 1: anetkaapro (button) (small blind) folded before Flop
Seat 6: KongenavU (big blind) collected ($2)


PokerStars Hand #149577054770:  Hold'em Limit ($3/$6 USD) - 2016/02/28 15:34:17 ET
Table 'Ottilia' 10-max Seat #1 is the button
Seat 1: anetkaapro ($107.13 in chips)
Seat 6: KongenavU ($141.25 in chips)
anetkaapro: posts small blind $1
KongenavU: posts big blind $3
*** HOLE CARDS ***
anetkaapro: folds
Uncalled bet ($2) returned to KongenavU
KongenavU collected $2 from pot
KongenavU: doesn't show hand
*** SUMMARY ***
Total pot $2 | Rake $0
Seat 1: anetkaapro (button) (small blind) folded before Flop
Seat 6: KongenavU (big blind) collected ($2)


PokerStars Hand #149577095855:  Hold'em Limit ($3/$6 USD) - 2016/02/28 15:34:52 ET
Table 'Ottilia' 10-max Seat #6 is the button
Seat 1: anetkaapro ($87.13 in chips)
Seat 6: KongenavU ($160.75 in chips)
KongenavU: posts small blind $1
anetkaapro: posts big blind $3
*** HOLE CARDS ***
KongenavU: folds
Uncalled bet ($2) returned to anetkaapro
anetkaapro collected $2 from pot
anetkaapro: doesn't show hand
*** SUMMARY ***
Total pot $2 | Rake $0
Seat 1: anetkaapro (big blind) collected ($2)
Seat 6: KongenavU (button) (small blind) folded before Flop


PokerStars Hand #149577091806:  Hold'em Limit ($3/$6 USD) - 2016/02/28 15:34:49 ET
Table 'Ottilia' 10-max Seat #1 is the button
Seat 1: anetkaapro ($88.13 in chips)
Seat 6: KongenavU ($159.75 in chips)
anetkaapro: posts small blind $1
KongenavU: posts big blind $3
*** HOLE CARDS ***
anetkaapro: folds
Uncalled bet ($2) returned to KongenavU
KongenavU collected $2 from pot
KongenavU: doesn't show hand
*** SUMMARY ***
Total pot $2 | Rake $0
Seat 1: anetkaapro (button) (small blind) folded before Flop
Seat 6: KongenavU (big blind) collected ($2)


PokerStars Hand #149577060557:  Hold'em Limit ($3/$6 USD) - 2016/02/28 15:34:22 ET
Table 'Ottilia' 10-max Seat #6 is the button
Seat 1: anetkaapro ($106.13 in chips)
Seat 6: KongenavU ($142.25 in chips)
KongenavU: posts small blind $1
anetkaapro: posts big blind $3
*** HOLE CARDS ***
KongenavU: raises $3 to $6
anetkaapro: raises $3 to $9
KongenavU: calls $3
*** FLOP *** [9h Kh 7s]
anetkaapro: bets $3
KongenavU: calls $3
*** TURN *** [9h Kh 7s] [2s]
anetkaapro: checks
KongenavU: checks
*** RIVER *** [9h Kh 7s 2s] [2c]
anetkaapro: checks
KongenavU: bets $6
anetkaapro: calls $6
*** SHOW DOWN ***
KongenavU: shows [Js Ad] (a pair of Deuces)
anetkaapro: mucks hand
KongenavU collected $35.50 from pot
*** SUMMARY ***
Total pot $36 | Rake $0.50
Board [9h Kh 7s 2s 2c]
Seat 1: anetkaapro (big blind) mucked
Seat 6: KongenavU (button) (small blind) showed [Js Ad] and won ($35.50) with a pair of Deuces


PokerStars Hand #149577100742:  Hold'em Limit ($3/$6 USD) - 2016/02/28 15:34:57 ET
Table 'Ottilia' 10-max Seat #1 is the button
Seat 1: anetkaapro ($88.13 in chips)
Seat 6: KongenavU ($159.75 in chips)
anetkaapro: posts small blind $1
KongenavU: posts big blind $3
*** HOLE CARDS ***
anetkaapro: raises $3 to $6
KongenavU: calls $3
*** FLOP *** [4s Js 4h]
KongenavU: checks
anetkaapro: bets $3
KongenavU: folds
Uncalled bet ($3) returned to anetkaapro
anetkaapro collected $11.76 from pot
anetkaapro: doesn't show hand
*** SUMMARY ***
Total pot $12 | Rake $0.24
Board [4s Js 4h]
Seat 1: anetkaapro (button) (small blind) collected ($11.76)
Seat 6: KongenavU (big blind) folded on the Flop


PokerStars Hand #149577118825:  Hold'em Limit ($3/$6 USD) - 2016/02/28 15:35:12 ET
Table 'Ottilia' 10-max Seat #6 is the button
Seat 1: anetkaapro ($93.89 in chips)
Seat 6: KongenavU ($153.75 in chips)
KongenavU: posts small blind $1
anetkaapro: posts big blind $3
*** HOLE CARDS ***
KongenavU: raises $3 to $6
anetkaapro: raises $3 to $9
KongenavU: calls $3
*** FLOP *** [Ac 7d 4h]
anetkaapro: bets $3
KongenavU: folds
Uncalled bet ($3) returned to anetkaapro
anetkaapro collected $17.64 from pot
anetkaapro: doesn't show hand
*** SUMMARY ***
Total pot $18 | Rake $0.36
Board [Ac 7d 4h]
Seat 1: anetkaapro (big blind) collected ($17.64)
Seat 6: KongenavU (button) (small blind) folded on the Flop


PokerStars Hand #149577129447:  Hold'em Limit ($3/$6 USD) - 2016/02/28 15:35:21 ET
Table 'Ottilia' 10-max Seat #1 is the button
Seat 1: anetkaapro ($102.53 in chips)
Seat 6: KongenavU ($144.75 in chips)
anetkaapro: posts small blind $1
KongenavU: posts big blind $3
*** HOLE CARDS ***
anetkaapro: raises $3 to $6
KongenavU: folds
Uncalled bet ($3) returned to anetkaapro
anetkaapro collected $6 from pot
anetkaapro: doesn't show hand
*** SUMMARY ***
Total pot $6 | Rake $0
Seat 1: anetkaapro (button) (small blind) collected ($6)
Seat 6: KongenavU (big blind) folded before Flop


PokerStars Hand #149577149546:  Hold'em Limit ($3/$6 USD) - 2016/02/28 15:35:39 ET
Table 'Ottilia' 10-max Seat #1 is the button
Seat 1: anetkaapro ($102.53 in chips)
Seat 6: KongenavU ($144.75 in chips)
anetkaapro: posts small blind $1
KongenavU: posts big blind $3
*** HOLE CARDS ***
anetkaapro: folds
Uncalled bet ($2) returned to KongenavU
KongenavU collected $2 from pot
KongenavU: doesn't show hand
*** SUMMARY ***
Total pot $2 | Rake $0
Seat 1: anetkaapro (button) (small blind) folded before Flop
Seat 6: KongenavU (big blind) collected ($2)


PokerStars Hand #149577143435:  Hold'em Limit ($3/$6 USD) - 2016/02/28 15:35:33 ET
Table 'Ottilia' 10-max Seat #6 is the button
Seat 1: anetkaapro ($105.53 in chips)
Seat 6: KongenavU ($141.75 in chips)
KongenavU: posts small blind $1
anetkaapro: posts big blind $3
*** HOLE CARDS ***
KongenavU: raises $3 to $6
anetkaapro: folds
Uncalled bet ($3) returned to KongenavU
KongenavU collected $6 from pot
KongenavU: doesn't show hand
*** SUMMARY ***
Total pot $6 | Rake $0
Seat 1: anetkaapro (big blind) folded before Flop
Seat 6: KongenavU (button) (small blind) collected ($6)


PokerStars Hand #149577153733:  Hold'em Limit ($3/$6 USD) - 2016/02/28 15:35:43 ET
Table 'Ottilia' 10-max Seat #6 is the button
Seat 1: anetkaapro ($101.53 in chips)
Seat 6: KongenavU ($145.75 in chips)
KongenavU: posts small blind $1
anetkaapro: posts big blind $3
*** HOLE CARDS ***
KongenavU: folds
Uncalled bet ($2) returned to anetkaapro
anetkaapro collected $2 from pot
anetkaapro: doesn't show hand
*** SUMMARY ***
Total pot $2 | Rake $0
Seat 1: anetkaapro (big blind) collected ($2)
Seat 6: KongenavU (button) (small blind) folded before Flop


PokerStars Hand #149577194013:  Hold'em Limit ($3/$6 USD) - 2016/02/28 15:36:18 ET
Table 'Ottilia' 10-max Seat #6 is the button
Seat 1: anetkaapro ($90.53 in chips)
Seat 6: KongenavU ($156.27 in chips)
KongenavU: posts small blind $1
anetkaapro: posts big blind $3
*** HOLE CARDS ***
KongenavU: raises $3 to $6
anetkaapro: folds
Uncalled bet ($3) returned to KongenavU
KongenavU collected $6 from pot
KongenavU: doesn't show hand
*** SUMMARY ***
Total pot $6 | Rake $0
Seat 1: anetkaapro (big blind) folded before Flop
Seat 6: KongenavU (button) (small blind) collected ($6)


PokerStars Hand #149577166531:  Hold'em Limit ($3/$6 USD) - 2016/02/28 15:35:54 ET
Table 'Ottilia' 10-max Seat #1 is the button
Seat 1: anetkaapro ($102.53 in chips)
Seat 6: KongenavU ($144.75 in chips)
anetkaapro: posts small blind $1
KongenavU: posts big blind $3
*** HOLE CARDS ***
anetkaapro: raises $3 to $6
KongenavU: raises $3 to $9
anetkaapro: calls $3
*** FLOP *** [Ts Th 5c]
KongenavU: bets $3
anetkaapro: calls $3
*** TURN *** [Ts Th 5c] [Qh]
KongenavU: bets $6
anetkaapro: folds
Uncalled bet ($6) returned to KongenavU
KongenavU collected $23.52 from pot
KongenavU: doesn't show hand
*** SUMMARY ***
Total pot $24 | Rake $0.48
Board [Ts Th 5c Qh]
Seat 1: anetkaapro (button) (small blind) folded on the Turn
Seat 6: KongenavU (big blind) collected ($23.52)


PokerStars Hand #149577201526:  Hold'em Limit ($3/$6 USD) - 2016/02/28 15:36:25 ET
Table 'Ottilia' 10-max Seat #1 is the button
Seat 1: anetkaapro ($87.53 in chips)
Seat 6: KongenavU ($159.27 in chips)
anetkaapro: posts small blind $1
KongenavU: posts big blind $3
*** HOLE CARDS ***
anetkaapro: raises $3 to $6
KongenavU: calls $3
*** FLOP *** [Ks 4h 5c]
KongenavU: checks
anetkaapro: bets $3
KongenavU: folds
Uncalled bet ($3) returned to anetkaapro
anetkaapro collected $11.76 from pot
anetkaapro: doesn't show hand
*** SUMMARY ***
Total pot $12 | Rake $0.24
Board [Ks 4h 5c]
Seat 1: anetkaapro (button) (small blind) collected ($11.76)
Seat 6: KongenavU (big blind) folded on the Flop


PokerStars Hand #149577230142:  Hold'em Limit ($3/$6 USD) - 2016/02/28 15:36:50 ET
Table 'Ottilia' 10-max Seat #1 is the button
Seat 1: anetkaapro ($75.29 in chips)
Seat 6: KongenavU ($170.77 in chips)
anetkaapro: posts small blind $1
KongenavU: posts big blind $3
*** HOLE CARDS ***
anetkaapro: folds
Uncalled bet ($2) returned to KongenavU
KongenavU collected $2 from pot
KongenavU: doesn't show hand
*** SUMMARY ***
Total pot $2 | Rake $0
Seat 1: anetkaapro (button) (small blind) folded before Flop
Seat 6: KongenavU (big blind) collected ($2)


PokerStars Hand #149577211580:  Hold'em Limit ($3/$6 USD) - 2016/02/28 15:36:33 ET
Table 'Ottilia' 10-max Seat #6 is the button
Seat 1: anetkaapro ($93.29 in chips)
Seat 6: KongenavU ($153.27 in chips)
KongenavU: posts small blind $1
anetkaapro: posts big blind $3
*** HOLE CARDS ***
KongenavU: raises $3 to $6
anetkaapro: raises $3 to $9
KongenavU: calls $3
*** FLOP *** [4h 3d 2d]
anetkaapro: bets $3
KongenavU: calls $3
*** TURN *** [4h 3d 2d] [9c]
anetkaapro: checks
KongenavU: bets $6
anetkaapro: calls $6
*** RIVER *** [4h 3d 2d 9c] [5h]
anetkaapro: checks
KongenavU: checks
*** SHOW DOWN ***
anetkaapro: shows [Qc Ks] (high card King)
KongenavU: shows [3h 8h] (a pair of Threes)
KongenavU collected $35.50 from pot
*** SUMMARY ***
Total pot $36 | Rake $0.50
Board [4h 3d 2d 9c 5h]
Seat 1: anetkaapro (big blind) showed [Qc Ks] and lost with high card King
Seat 6: KongenavU (button) (small blind) showed [3h 8h] and won ($35.50) with a pair of Threes


PokerStars Hand #149577234657:  Hold'em Limit ($3/$6 USD) - 2016/02/28 15:36:53 ET
Table 'Ottilia' 10-max Seat #6 is the button
Seat 1: anetkaapro ($74.29 in chips)
Seat 6: KongenavU ($171.77 in chips)
KongenavU: posts small blind $1
anetkaapro: posts big blind $3
*** HOLE CARDS ***
KongenavU: raises $3 to $6
anetkaapro: calls $3
*** FLOP *** [Ts 6c 7d]
anetkaapro: checks
KongenavU: bets $3
anetkaapro: calls $3
*** TURN *** [Ts 6c 7d] [5h]
anetkaapro: checks
KongenavU: bets $6
anetkaapro: raises $6 to $12
KongenavU: folds
Uncalled bet ($6) returned to anetkaapro
anetkaapro collected $29.50 from pot
anetkaapro: doesn't show hand
*** SUMMARY ***
Total pot $30 | Rake $0.50
Board [Ts 6c 7d 5h]
Seat 1: anetkaapro (big blind) collected ($29.50)
Seat 6: KongenavU (button) (small blind) folded on the Turn


PokerStars Hand #149577257060:  Hold'em Limit ($3/$6 USD) - 2016/02/28 15:37:13 ET
Table 'Ottilia' 10-max Seat #1 is the button
Seat 1: anetkaapro ($88.79 in chips)
Seat 6: KongenavU ($156.77 in chips)
anetkaapro: posts small blind $1
KongenavU: posts big blind $3
*** HOLE CARDS ***
anetkaapro: raises $3 to $6
KongenavU: calls $3
*** FLOP *** [Qd As Kc]
KongenavU: checks
anetkaapro: bets $3
KongenavU: calls $3
*** TURN *** [Qd As Kc] [Js]
KongenavU: checks
anetkaapro: checks
*** RIVER *** [Qd As Kc Js] [9d]
KongenavU: bets $6
anetkaapro: calls $6
*** SHOW DOWN ***
KongenavU: shows [Kd 8h] (a pair of Kings)
anetkaapro: mucks hand
KongenavU collected $29.50 from pot
*** SUMMARY ***
Total pot $30 | Rake $0.50
Board [Qd As Kc Js 9d]
Seat 1: anetkaapro (button) (small blind) mucked
Seat 6: KongenavU (big blind) showed [Kd 8h] and won ($29.50) with a pair of Kings


PokerStars Hand #149577289824:  Hold'em Limit ($3/$6 USD) - 2016/02/28 15:37:41 ET
Table 'Ottilia' 10-max Seat #1 is the button
Seat 1: anetkaapro ($74.79 in chips)
Seat 6: KongenavU ($170.27 in chips)
anetkaapro: posts small blind $1
KongenavU: posts big blind $3
*** HOLE CARDS ***
anetkaapro: folds
Uncalled bet ($2) returned to KongenavU
KongenavU collected $2 from pot
KongenavU: doesn't show hand
*** SUMMARY ***
Total pot $2 | Rake $0
Seat 1: anetkaapro (button) (small blind) folded before Flop
Seat 6: KongenavU (big blind) collected ($2)


PokerStars Hand #149577284626:  Hold'em Limit ($3/$6 USD) - 2016/02/28 15:37:37 ET
Table 'Ottilia' 10-max Seat #6 is the button
Seat 1: anetkaapro ($73.79 in chips)
Seat 6: KongenavU ($171.27 in chips)
KongenavU: posts small blind $1
anetkaapro: posts big blind $3
*** HOLE CARDS ***
KongenavU: folds
Uncalled bet ($2) returned to anetkaapro
anetkaapro collected $2 from pot
anetkaapro: doesn't show hand
*** SUMMARY ***
Total pot $2 | Rake $0
Seat 1: anetkaapro (big blind) collected ($2)
Seat 6: KongenavU (button) (small blind) folded before Flop


PokerStars Hand #149577294159:  Hold'em Limit ($3/$6 USD) - 2016/02/28 15:37:45 ET
Table 'Ottilia' 10-max Seat #6 is the button
Seat 1: anetkaapro ($73.79 in chips)
Seat 6: KongenavU ($171.27 in chips)
KongenavU: posts small blind $1
anetkaapro: posts big blind $3
*** HOLE CARDS ***
KongenavU: raises $3 to $6
anetkaapro: calls $3
*** FLOP *** [3c Ah 3s]
anetkaapro: checks
KongenavU: bets $3
anetkaapro: calls $3
*** TURN *** [3c Ah 3s] [2c]
anetkaapro: checks
KongenavU: bets $6
anetkaapro: calls $6
*** RIVER *** [3c Ah 3s 2c] [2h]
anetkaapro: checks
KongenavU: bets $6
anetkaapro: calls $6
*** SHOW DOWN ***
KongenavU: shows [3h 7h] (a full house, Threes full of Deuces)
anetkaapro: mucks hand
KongenavU collected $41.50 from pot
*** SUMMARY ***
Total pot $42 | Rake $0.50
Board [3c Ah 3s 2c 2h]
Seat 1: anetkaapro (big blind) mucked
Seat 6: KongenavU (button) (small blind) showed [3h 7h] and won ($41.50) with a full house, Threes full of Deuces


PokerStars Hand #149577319361:  Hold'em Limit ($3/$6 USD) - 2016/02/28 15:38:07 ET
Table 'Ottilia' 10-max Seat #1 is the button
Seat 1: anetkaapro ($72 in chips)
Seat 6: KongenavU ($191.77 in chips)
anetkaapro: posts small blind $1
KongenavU: posts big blind $3
*** HOLE CARDS ***
anetkaapro: raises $3 to $6
KongenavU: folds
Uncalled bet ($3) returned to anetkaapro
anetkaapro collected $6 from pot
anetkaapro: doesn't show hand
*** SUMMARY ***
Total pot $6 | Rake $0
Seat 1: anetkaapro (button) (small blind) collected ($6)
Seat 6: KongenavU (big blind) folded before Flop


PokerStars Hand #149577324406:  Hold'em Limit ($3/$6 USD) - 2016/02/28 15:38:11 ET
Table 'Ottilia' 10-max Seat #6 is the button
Seat 1: anetkaapro ($75 in chips)
Seat 6: KongenavU ($188.77 in chips)
KongenavU: posts small blind $1
anetkaapro: posts big blind $3
*** HOLE CARDS ***
KongenavU: folds
Uncalled bet ($2) returned to anetkaapro
anetkaapro collected $2 from pot
anetkaapro: doesn't show hand
*** SUMMARY ***
Total pot $2 | Rake $0
Seat 1: anetkaapro (big blind) collected ($2)
Seat 6: KongenavU (button) (small blind) folded before Flop


PokerStars Hand #149577337956:  Hold'em Limit ($3/$6 USD) - 2016/02/28 15:38:23 ET
Table 'Ottilia' 10-max Seat #1 is the button
Seat 1: anetkaapro ($76 in chips)
Seat 6: KongenavU ($187.77 in chips)
anetkaapro: posts small blind $1
KongenavU: posts big blind $3
*** HOLE CARDS ***
anetkaapro: raises $3 to $6
KongenavU: raises $3 to $9
anetkaapro: calls $3
*** FLOP *** [2h 2d Jh]
KongenavU: bets $3
anetkaapro: calls $3
*** TURN *** [2h 2d Jh] [3s]
KongenavU: bets $6
anetkaapro: folds
Uncalled bet ($6) returned to KongenavU
KongenavU collected $23.52 from pot
KongenavU: doesn't show hand
*** SUMMARY ***
Total pot $24 | Rake $0.48
Board [2h 2d Jh 3s]
Seat 1: anetkaapro (button) (small blind) folded on the Turn
Seat 6: KongenavU (big blind) collected ($23.52)


PokerStars Hand #149577349838:  Hold'em Limit ($3/$6 USD) - 2016/02/28 15:38:34 ET
Table 'Ottilia' 10-max Seat #6 is the button
Seat 1: anetkaapro ($72 in chips)
Seat 6: KongenavU ($199.29 in chips)
KongenavU: posts small blind $1
anetkaapro: posts big blind $3
*** HOLE CARDS ***
KongenavU: folds
Uncalled bet ($2) returned to anetkaapro
anetkaapro collected $2 from pot
anetkaapro: doesn't show hand
*** SUMMARY ***
Total pot $2 | Rake $0
Seat 1: anetkaapro (big blind) collected ($2)
Seat 6: KongenavU (button) (small blind) folded before Flop


PokerStars Hand #149577379796:  Hold'em Limit ($3/$6 USD) - 2016/02/28 15:39:00 ET
Table 'Ottilia' 10-max Seat #6 is the button
Seat 1: anetkaapro ($72 in chips)
Seat 6: KongenavU ($215.79 in chips)
KongenavU: posts small blind $1
anetkaapro: posts big blind $3
*** HOLE CARDS ***
KongenavU: raises $3 to $6
anetkaapro: calls $3
*** FLOP *** [7c 3h As]
anetkaapro: checks
KongenavU: bets $3
anetkaapro: folds
Uncalled bet ($3) returned to KongenavU
KongenavU collected $11.76 from pot
KongenavU: doesn't show hand
*** SUMMARY ***
Total pot $12 | Rake $0.24
Board [7c 3h As]
Seat 1: anetkaapro (big blind) folded on the Flop
Seat 6: KongenavU (button) (small blind) collected ($11.76)


PokerStars Hand #149577358609:  Hold'em Limit ($3/$6 USD) - 2016/02/28 15:38:41 ET
Table 'Ottilia' 10-max Seat #1 is the button
Seat 1: anetkaapro ($73 in chips)
Seat 6: KongenavU ($198.29 in chips)
anetkaapro: posts small blind $1
KongenavU: posts big blind $3
*** HOLE CARDS ***
anetkaapro: raises $3 to $6
KongenavU: raises $3 to $9
anetkaapro: calls $3
*** FLOP *** [6h 5c 2d]
KongenavU: bets $3
anetkaapro: calls $3
*** TURN *** [6h 5c 2d] [2c]
KongenavU: bets $6
anetkaapro: calls $6
*** RIVER *** [6h 5c 2d 2c] [Jh]
KongenavU: bets $6
anetkaapro: folds
Uncalled bet ($6) returned to KongenavU
KongenavU collected $35.50 from pot
KongenavU: doesn't show hand
*** SUMMARY ***
Total pot $36 | Rake $0.50
Board [6h 5c 2d 2c Jh]
Seat 1: anetkaapro (button) (small blind) folded on the River
Seat 6: KongenavU (big blind) collected ($35.50)


PokerStars Hand #149577441353:  Hold'em Limit ($3/$6 USD) - 2016/02/28 15:39:54 ET
Table 'Ottilia' 10-max Seat #6 is the button
Seat 1: anetkaapro ($75 in chips)
Seat 6: KongenavU ($72 in chips)
KongenavU: posts small blind $1
anetkaapro: posts big blind $3
*** HOLE CARDS ***
KongenavU: raises $3 to $6
anetkaapro: folds
Uncalled bet ($3) returned to KongenavU
KongenavU collected $6 from pot
KongenavU: doesn't show hand
*** SUMMARY ***
Total pot $6 | Rake $0
Seat 1: anetkaapro (big blind) folded before Flop
Seat 6: KongenavU (button) (small blind) collected ($6)


PokerStars Hand #149577433260:  Hold'em Limit ($3/$6 USD) - 2016/02/28 15:39:47 ET
Table 'Ottilia' 10-max Seat #1 is the button
Seat 1: anetkaapro ($72 in chips)
Seat 6: KongenavU ($72 in chips)
anetkaapro: posts small blind $1
KongenavU: posts big blind $3
*** HOLE CARDS ***
anetkaapro: raises $3 to $6
KongenavU: folds
Uncalled bet ($3) returned to anetkaapro
anetkaapro collected $6 from pot
anetkaapro: doesn't show hand
*** SUMMARY ***
Total pot $6 | Rake $0
Seat 1: anetkaapro (button) (small blind) collected ($6)
Seat 6: KongenavU (big blind) folded before Flop


PokerStars Hand #149577446659:  Hold'em Limit ($3/$6 USD) - 2016/02/28 15:39:58 ET
Table 'Ottilia' 10-max Seat #1 is the button
Seat 1: anetkaapro ($72 in chips)
Seat 6: KongenavU ($75 in chips)
anetkaapro: posts small blind $1
KongenavU: posts big blind $3
*** HOLE CARDS ***
anetkaapro: raises $3 to $6
KongenavU: calls $3
*** FLOP *** [Qs 3c As]
KongenavU: checks
anetkaapro: bets $3
KongenavU: calls $3
*** TURN *** [Qs 3c As] [Jh]
KongenavU: checks
anetkaapro: bets $6
KongenavU: calls $6
*** RIVER *** [Qs 3c As Jh] [2s]
KongenavU: checks
anetkaapro: bets $6
KongenavU: calls $6
*** SHOW DOWN ***
anetkaapro: shows [Jd Qc] (two pair, Queens and Jacks)
KongenavU: mucks hand
anetkaapro collected $41.50 from pot
*** SUMMARY ***
Total pot $42 | Rake $0.50
Board [Qs 3c As Jh 2s]
Seat 1: anetkaapro (button) (small blind) showed [Jd Qc] and won ($41.50) with two pair, Queens and Jacks
Seat 6: KongenavU (big blind) mucked


PokerStars Hand #149577481693:  Hold'em Limit ($3/$6 USD) - 2016/02/28 15:40:29 ET
Table 'Ottilia' 10-max Seat #6 is the button
Seat 1: anetkaapro ($92.50 in chips)
Seat 6: KongenavU ($72 in chips)
KongenavU: posts small blind $1
anetkaapro: posts big blind $3
*** HOLE CARDS ***
KongenavU: raises $3 to $6
anetkaapro: raises $3 to $9
KongenavU: calls $3
*** FLOP *** [9c Qc 2h]
anetkaapro: bets $3
KongenavU: calls $3
*** TURN *** [9c Qc 2h] [2d]
anetkaapro: checks
KongenavU: checks
*** RIVER *** [9c Qc 2h 2d] [8c]
anetkaapro: checks
KongenavU: bets $6
anetkaapro: calls $6
*** SHOW DOWN ***
KongenavU: shows [Jd 8h] (two pair, Eights and Deuces)
anetkaapro: mucks hand
KongenavU collected $35.50 from pot
*** SUMMARY ***
Total pot $36 | Rake $0.50
Board [9c Qc 2h 2d 8c]
Seat 1: anetkaapro (big blind) mucked
Seat 6: KongenavU (button) (small blind) showed [Jd 8h] and won ($35.50) with two pair, Eights and Deuces


PokerStars Hand #149577498896:  Hold'em Limit ($3/$6 USD) - 2016/02/28 15:40:44 ET
Table 'Ottilia' 10-max Seat #1 is the button
Seat 1: anetkaapro ($74.50 in chips)
Seat 6: KongenavU ($89.50 in chips)
anetkaapro: posts small blind $1
KongenavU: posts big blind $3
*** HOLE CARDS ***
anetkaapro: raises $3 to $6
KongenavU: calls $3
*** FLOP *** [2d Ah 9c]
KongenavU: checks
anetkaapro: bets $3
KongenavU: folds
Uncalled bet ($3) returned to anetkaapro
anetkaapro collected $11.76 from pot
anetkaapro: doesn't show hand
*** SUMMARY ***
Total pot $12 | Rake $0.24
Board [2d Ah 9c]
Seat 1: anetkaapro (button) (small blind) collected ($11.76)
Seat 6: KongenavU (big blind) folded on the Flop


PokerStars Hand #149577509398:  Hold'em Limit ($3/$6 USD) - 2016/02/28 15:40:53 ET
Table 'Ottilia' 10-max Seat #6 is the button
Seat 1: anetkaapro ($80.26 in chips)
Seat 6: KongenavU ($212.05 in chips)
KongenavU: posts small blind $1
anetkaapro: posts big blind $3
*** HOLE CARDS ***
KongenavU: raises $3 to $6
anetkaapro: calls $3
*** FLOP *** [2c 4d Qs]
anetkaapro: checks
KongenavU: bets $3
anetkaapro: calls $3
*** TURN *** [2c 4d Qs] [3d]
anetkaapro: checks
KongenavU: bets $6
anetkaapro: calls $6
*** RIVER *** [2c 4d Qs 3d] [9c]
anetkaapro: checks
KongenavU: bets $6
anetkaapro: calls $6
*** SHOW DOWN ***
KongenavU: shows [4h 5h] (a pair of Fours)
anetkaapro: mucks hand
KongenavU collected $41.50 from pot
*** SUMMARY ***
Total pot $42 | Rake $0.50
Board [2c 4d Qs 3d 9c]
Seat 1: anetkaapro (big blind) mucked
Seat 6: KongenavU (button) (small blind) showed [4h 5h] and won ($41.50) with a pair of Fours


PokerStars Hand #149577529281:  Hold'em Limit ($3/$6 USD) - 2016/02/28 15:41:11 ET
Table 'Ottilia' 10-max Seat #1 is the button
Seat 1: anetkaapro ($72 in chips)
Seat 6: KongenavU ($232.55 in chips)
anetkaapro: posts small blind $1
KongenavU: posts big blind $3
*** HOLE CARDS ***
anetkaapro: raises $3 to $6
KongenavU: raises $3 to $9
anetkaapro: calls $3
*** FLOP *** [9c 7s 8h]
KongenavU: bets $3
anetkaapro: calls $3
*** TURN *** [9c 7s 8h] [3d]
KongenavU: checks
anetkaapro: checks
*** RIVER *** [9c 7s 8h 3d] [4c]
KongenavU: bets $6
anetkaapro: folds
Uncalled bet ($6) returned to KongenavU
KongenavU collected $23.52 from pot
KongenavU: doesn't show hand
*** SUMMARY ***
Total pot $24 | Rake $0.48
Board [9c 7s 8h 3d 4c]
Seat 1: anetkaapro (button) (small blind) folded on the River
Seat 6: KongenavU (big blind) collected ($23.52)


PokerStars Hand #149577567178:  Hold'em Limit ($3/$6 USD) - 2016/02/28 15:41:44 ET
Table 'Ottilia' 10-max Seat #1 is the button
Seat 1: anetkaapro ($72 in chips)
Seat 6: KongenavU ($258.57 in chips)
anetkaapro: posts small blind $1
KongenavU: posts big blind $3
*** HOLE CARDS ***
anetkaapro: folds
Uncalled bet ($2) returned to KongenavU
KongenavU collected $2 from pot
KongenavU: doesn't show hand
*** SUMMARY ***
Total pot $2 | Rake $0
Seat 1: anetkaapro (button) (small blind) folded before Flop
Seat 6: KongenavU (big blind) collected ($2)


PokerStars Hand #149577542741:  Hold'em Limit ($3/$6 USD) - 2016/02/28 15:41:22 ET
Table 'Ottilia' 10-max Seat #6 is the button
Seat 1: anetkaapro ($72 in chips)
Seat 6: KongenavU ($244.07 in chips)
KongenavU: posts small blind $1
anetkaapro: posts big blind $3
*** HOLE CARDS ***
KongenavU: raises $3 to $6
anetkaapro: calls $3
*** FLOP *** [As Kd 5h]
anetkaapro: checks
KongenavU: bets $3
anetkaapro: calls $3
*** TURN *** [As Kd 5h] [9d]
anetkaapro: checks
KongenavU: checks
*** RIVER *** [As Kd 5h 9d] [9s]
anetkaapro: checks
KongenavU: bets $6
anetkaapro: calls $6
*** SHOW DOWN ***
KongenavU: shows [2h Kc] (two pair, Kings and Nines)
anetkaapro: mucks hand
KongenavU collected $29.50 from pot
*** SUMMARY ***
Total pot $30 | Rake $0.50
Board [As Kd 5h 9d 9s]
Seat 1: anetkaapro (big blind) mucked
Seat 6: KongenavU (button) (small blind) showed [2h Kc] and won ($29.50) with two pair, Kings and Nines


PokerStars Hand #149577571735:  Hold'em Limit ($3/$6 USD) - 2016/02/28 15:41:48 ET
Table 'Ottilia' 10-max Seat #6 is the button
Seat 1: anetkaapro ($72 in chips)
Seat 6: KongenavU ($259.57 in chips)
KongenavU: posts small blind $1
anetkaapro: posts big blind $3
*** HOLE CARDS ***
KongenavU: raises $3 to $6
anetkaapro: calls $3
*** FLOP *** [Ad 2c 2h]
anetkaapro: checks
KongenavU: bets $3
anetkaapro: folds
Uncalled bet ($3) returned to KongenavU
KongenavU collected $11.76 from pot
KongenavU: doesn't show hand
*** SUMMARY ***
Total pot $12 | Rake $0.24
Board [Ad 2c 2h]
Seat 1: anetkaapro (big blind) folded on the Flop
Seat 6: KongenavU (button) (small blind) collected ($11.76)


