PokerStars Hand #145396501297:  Hold'em Limit ($3/$6 USD) - 2015/12/15 15:10:33 ET
Table 'Otto Struve' 6-max Seat #6 is the button
Seat 1: matsgram ($69.22 in chips)
Seat 6: Chessnok ($62.88 in chips)
Chessnok: posts small blind $1
matsgram: posts big blind $3
*** HOLE CARDS ***
Chessnok: folds
Uncalled bet ($2) returned to matsgram
matsgram collected $2 from pot
matsgram: doesn't show hand
*** SUMMARY ***
Total pot $2 | Rake $0
Seat 1: matsgram (big blind) collected ($2)
Seat 6: Chessnok (button) (small blind) folded before Flop


PokerStars Hand #145396473793:  Hold'em Limit ($3/$6 USD) - 2015/12/15 15:10:06 ET
Table 'Otto Struve' 6-max Seat #1 is the button
Seat 1: matsgram ($72.22 in chips)
Seat 6: Chessnok ($60 in chips)
matsgram: posts small blind $1
SashaYuvelir: is sitting out
Chessnok: posts big blind $3
*** HOLE CARDS ***
SashaYuvelir leaves the table
matsgram: calls $2
Chessnok: checks
*** FLOP *** [9s 8h 9h]
Chessnok: checks
matsgram: checks
*** TURN *** [9s 8h 9h] [8c]
Chessnok: bets $6
matsgram: folds
Uncalled bet ($6) returned to Chessnok
Chessnok collected $5.88 from pot
Chessnok: doesn't show hand
*** SUMMARY ***
Total pot $6 | Rake $0.12
Board [9s 8h 9h 8c]
Seat 1: matsgram (button) (small blind) folded on the Turn
Seat 6: Chessnok (big blind) collected ($5.88)


PokerStars Hand #145396508343:  Hold'em Limit ($3/$6 USD) - 2015/12/15 15:10:40 ET
Table 'Otto Struve' 6-max Seat #1 is the button
Seat 1: matsgram ($70.22 in chips)
Seat 6: Chessnok ($61.88 in chips)
matsgram: posts small blind $1
Chessnok: posts big blind $3
*** HOLE CARDS ***
matsgram: folds
Uncalled bet ($2) returned to Chessnok
matsgram leaves the table
Chessnok collected $2 from pot
Chessnok: doesn't show hand
*** SUMMARY ***
Total pot $2 | Rake $0
Seat 1: matsgram (button) (small blind) folded before Flop
Seat 6: Chessnok (big blind) collected ($2)


