PokerStars Hand #155247747478:  Hold'em Limit ($3/$6 USD) - 2016/06/26 22:30:10 ET
Table 'Otto Struve' 6-max Seat #4 is the button
Seat 4: fabricio004 ($84.81 in chips)
Seat 5: TinaTurner72 ($120 in chips)
fabricio004: posts small blind $1
TinaTurner72: posts big blind $3
*** HOLE CARDS ***
AzureCaper joins the table at seat #6
fabricio004: raises $3 to $6
TinaTurner72: raises $3 to $9
fabricio004: calls $3
*** FLOP *** [Th 5c Kc]
TinaTurner72: bets $3
fabricio004: raises $3 to $6
TinaTurner72: raises $3 to $9
fabricio004: calls $3
*** TURN *** [Th 5c Kc] [4c]
TinaTurner72: bets $6
fabricio004: calls $6
*** RIVER *** [Th 5c Kc 4c] [Jc]
BrownieSpy joins the table at seat #3
TinaTurner72: bets $6
fabricio004: calls $6
*** SHOW DOWN ***
TinaTurner72: shows [Ks Jd] (two pair, Kings and Jacks)
fabricio004: shows [8s Tc] (a flush, King high)
fabricio004 collected $59.50 from pot
*** SUMMARY ***
Total pot $60 | Rake $0.50
Board [Th 5c Kc 4c Jc]
Seat 4: fabricio004 (button) (small blind) showed [8s Tc] and won ($59.50) with a flush, King high
Seat 5: TinaTurner72 (big blind) showed [Ks Jd] and lost with two pair, Kings and Jacks


