PokerStars Hand #169491887889:  Hold'em Limit ($3/$6 USD) - 2017/04/24 10:16:48 ET
Table 'Otto Struve' 6-max Seat #2 is the button
Seat 2: artecris ($267.45 in chips)
Seat 4: MTails ($120 in chips)
artecris: posts small blind $1
MTails: posts big blind $3
*** HOLE CARDS ***
artecris: raises $3 to $6
MTails: calls $3
*** FLOP *** [Kd 7c Jh]
MTails: checks
artecris: bets $3
MTails: raises $3 to $6
artecris: calls $3
*** TURN *** [Kd 7c Jh] [3c]
MTails: bets $6
artecris: calls $6
*** RIVER *** [Kd 7c Jh 3c] [4d]
MTails: bets $6
artecris: calls $6
*** SHOW DOWN ***
MTails: shows [Ts 9d] (high card King)
artecris: shows [Kc Tc] (a pair of Kings)
artecris collected $47.50 from pot
*** SUMMARY ***
Total pot $48 | Rake $0.50
Board [Kd 7c Jh 3c 4d]
Seat 2: artecris (button) (small blind) showed [Kc Tc] and won ($47.50) with a pair of Kings
Seat 4: MTails (big blind) showed [Ts 9d] and lost with high card King


PokerStars Hand #169491943742:  Hold'em Limit ($3/$6 USD) - 2017/04/24 10:18:22 ET
Table 'Otto Struve' 6-max Seat #4 is the button
Seat 3: Opal10 ($106.93 in chips)
Seat 4: MTails ($96 in chips)
MTails: posts small blind $1
Opal10: posts big blind $3
*** HOLE CARDS ***
MTails: folds
Uncalled bet ($2) returned to Opal10
Opal10 collected $2 from pot
Opal10: doesn't show hand
*** SUMMARY ***
Total pot $2 | Rake $0
Seat 3: Opal10 (big blind) collected ($2)
Seat 4: MTails (button) (small blind) folded before Flop


PokerStars Hand #169491959195:  Hold'em Limit ($3/$6 USD) - 2017/04/24 10:18:47 ET
Table 'Otto Struve' 6-max Seat #4 is the button
Seat 3: Opal10 ($101.93 in chips)
Seat 4: MTails ($100.76 in chips)
MTails: posts small blind $1
Opal10: posts big blind $3
*** HOLE CARDS ***
MTails: raises $3 to $6
Opal10: raises $3 to $9
MTails: calls $3
*** FLOP *** [Jd 6s 3s]
Opal10: bets $3
MTails: calls $3
*** TURN *** [Jd 6s 3s] [3h]
Opal10: bets $6
MTails: calls $6
*** RIVER *** [Jd 6s 3s 3h] [Qs]
Opal10: bets $6
MTails: folds
Uncalled bet ($6) returned to Opal10
Opal10 collected $35.50 from pot
Opal10: doesn't show hand
*** SUMMARY ***
Total pot $36 | Rake $0.50
Board [Jd 6s 3s 3h Qs]
Seat 3: Opal10 (big blind) collected ($35.50)
Seat 4: MTails (button) (small blind) folded on the River


PokerStars Hand #169491977480:  Hold'em Limit ($3/$6 USD) - 2017/04/24 10:19:18 ET
Table 'Otto Struve' 6-max Seat #4 is the button
Seat 3: Opal10 ($113.43 in chips)
Seat 4: MTails ($88.52 in chips)
MTails: posts small blind $1
Opal10: posts big blind $3
*** HOLE CARDS ***
MTails: raises $3 to $6
Opal10: folds
Uncalled bet ($3) returned to MTails
MTails collected $6 from pot
*** SUMMARY ***
Total pot $6 | Rake $0
Seat 3: Opal10 (big blind) folded before Flop
Seat 4: MTails (button) (small blind) collected ($6)


PokerStars Hand #169491969972:  Hold'em Limit ($3/$6 USD) - 2017/04/24 10:19:05 ET
Table 'Otto Struve' 6-max Seat #3 is the button
Seat 3: Opal10 ($119.43 in chips)
Seat 4: MTails ($82.76 in chips)
Opal10: posts small blind $1
MTails: posts big blind $3
*** HOLE CARDS ***
Opal10: calls $2
MTails: raises $3 to $6
Opal10: calls $3
*** FLOP *** [Kc 9c Jc]
MTails: bets $3
Opal10: folds
Uncalled bet ($3) returned to MTails
MTails collected $11.76 from pot
*** SUMMARY ***
Total pot $12 | Rake $0.24
Board [Kc 9c Jc]
Seat 3: Opal10 (button) (small blind) folded on the Flop
Seat 4: MTails (big blind) collected ($11.76)


PokerStars Hand #169491947689:  Hold'em Limit ($3/$6 USD) - 2017/04/24 10:18:28 ET
Table 'Otto Struve' 6-max Seat #3 is the button
Seat 3: Opal10 ($107.93 in chips)
Seat 4: MTails ($95 in chips)
Opal10: posts small blind $1
MTails: posts big blind $3
*** HOLE CARDS ***
Opal10: calls $2
MTails: raises $3 to $6
Opal10: calls $3
*** FLOP *** [Ks 2c Jd]
MTails: bets $3
Opal10: folds
Uncalled bet ($3) returned to MTails
MTails collected $11.76 from pot
*** SUMMARY ***
Total pot $12 | Rake $0.24
Board [Ks 2c Jd]
Seat 3: Opal10 (button) (small blind) folded on the Flop
Seat 4: MTails (big blind) collected ($11.76)


PokerStars Hand #169491997069:  Hold'em Limit ($3/$6 USD) - 2017/04/24 10:19:51 ET
Table 'Otto Struve' 6-max Seat #3 is the button
Seat 3: Opal10 ($113.07 in chips)
Seat 4: MTails ($88.28 in chips)
Opal10: posts small blind $1
MTails: posts big blind $3
*** HOLE CARDS ***
Opal10: raises $3 to $6
Clark205 joins the table at seat #1
MTails: calls $3
*** FLOP *** [6s 6h 2d]
MTails: checks
Opal10: bets $3
MTails: raises $3 to $6
Opal10: folds
Uncalled bet ($3) returned to MTails
MTails collected $17.64 from pot
*** SUMMARY ***
Total pot $18 | Rake $0.36
Board [6s 6h 2d]
Seat 3: Opal10 (button) (small blind) folded on the Flop
Seat 4: MTails (big blind) collected ($17.64)


PokerStars Hand #169491988859:  Hold'em Limit ($3/$6 USD) - 2017/04/24 10:19:37 ET
Table 'Otto Struve' 6-max Seat #4 is the button
Seat 3: Opal10 ($104.43 in chips)
Seat 4: MTails ($97.28 in chips)
MTails: posts small blind $1
Opal10: posts big blind $3
*** HOLE CARDS ***
MTails: raises $3 to $6
Opal10: calls $3
*** FLOP *** [5c Tc 6c]
Opal10: bets $3
MTails: calls $3
*** TURN *** [5c Tc 6c] [4c]
Opal10: bets $6
MTails: folds
Uncalled bet ($6) returned to Opal10
Opal10 collected $17.64 from pot
Opal10: doesn't show hand
*** SUMMARY ***
Total pot $18 | Rake $0.36
Board [5c Tc 6c 4c]
Seat 3: Opal10 (big blind) collected ($17.64)
Seat 4: MTails (button) (small blind) folded on the Turn


PokerStars Hand #169491981718:  Hold'em Limit ($3/$6 USD) - 2017/04/24 10:19:25 ET
Table 'Otto Struve' 6-max Seat #3 is the button
Seat 3: Opal10 ($110.43 in chips)
Seat 4: MTails ($91.52 in chips)
Opal10: posts small blind $1
MTails: posts big blind $3
*** HOLE CARDS ***
Opal10: calls $2
MTails: raises $3 to $6
Opal10: calls $3
*** FLOP *** [Jd 8c 4s]
MTails: bets $3
Opal10: folds
Uncalled bet ($3) returned to MTails
MTails collected $11.76 from pot
*** SUMMARY ***
Total pot $12 | Rake $0.24
Board [Jd 8c 4s]
Seat 3: Opal10 (button) (small blind) folded on the Flop
Seat 4: MTails (big blind) collected ($11.76)


PokerStars Hand #169493164060:  Hold'em Limit ($3/$6 USD) - 2017/04/24 10:51:21 ET
Table 'Otto Struve' 6-max Seat #1 is the button
Seat 1: Clark205 ($241.53 in chips)
Seat 3: RockKillerTY ($84.44 in chips)
Clark205: posts small blind $1
RockKillerTY: posts big blind $3
*** HOLE CARDS ***
Clark205: folds
Uncalled bet ($2) returned to RockKillerTY
RockKillerTY collected $2 from pot
RockKillerTY: doesn't show hand
*** SUMMARY ***
Total pot $2 | Rake $0
Seat 1: Clark205 (button) (small blind) folded before Flop
Seat 3: RockKillerTY (big blind) collected ($2)


PokerStars Hand #169493160275:  Hold'em Limit ($3/$6 USD) - 2017/04/24 10:51:15 ET
Table 'Otto Struve' 6-max Seat #3 is the button
Seat 1: Clark205 ($240.53 in chips)
Seat 3: RockKillerTY ($85.44 in chips)
RockKillerTY: posts small blind $1
Clark205: posts big blind $3
*** HOLE CARDS ***
RockKillerTY: folds
Uncalled bet ($2) returned to Clark205
Clark205 collected $2 from pot
Clark205: doesn't show hand
*** SUMMARY ***
Total pot $2 | Rake $0
Seat 1: Clark205 (big blind) collected ($2)
Seat 3: RockKillerTY (button) (small blind) folded before Flop


PokerStars Hand #169493151929:  Hold'em Limit ($3/$6 USD) - 2017/04/24 10:51:05 ET
Table 'Otto Struve' 6-max Seat #1 is the button
Seat 1: Clark205 ($234.77 in chips)
Seat 3: RockKillerTY ($91.44 in chips)
Clark205: posts small blind $1
RockKillerTY: posts big blind $3
*** HOLE CARDS ***
Clark205: raises $3 to $6
RockKillerTY: calls $3
*** FLOP *** [2h 5c Qh]
RockKillerTY: checks
Clark205: bets $3
RockKillerTY: folds
Uncalled bet ($3) returned to Clark205
Clark205 collected $11.76 from pot
*** SUMMARY ***
Total pot $12 | Rake $0.24
Board [2h 5c Qh]
Seat 1: Clark205 (button) (small blind) collected ($11.76)
Seat 3: RockKillerTY (big blind) folded on the Flop


PokerStars Hand #169493149061:  Hold'em Limit ($3/$6 USD) - 2017/04/24 10:51:00 ET
Table 'Otto Struve' 6-max Seat #3 is the button
Seat 1: Clark205 ($233.77 in chips)
Seat 3: RockKillerTY ($92.44 in chips)
RockKillerTY: posts small blind $1
Clark205: posts big blind $3
*** HOLE CARDS ***
RockKillerTY: folds
Uncalled bet ($2) returned to Clark205
Clark205 collected $2 from pot
Clark205: doesn't show hand
*** SUMMARY ***
Total pot $2 | Rake $0
Seat 1: Clark205 (big blind) collected ($2)
Seat 3: RockKillerTY (button) (small blind) folded before Flop


PokerStars Hand #169493142309:  Hold'em Limit ($3/$6 USD) - 2017/04/24 10:50:49 ET
Table 'Otto Struve' 6-max Seat #1 is the button
Seat 1: Clark205 ($230.77 in chips)
Seat 3: RockKillerTY ($95.44 in chips)
Clark205: posts small blind $1
zxkz: is sitting out
RockKillerTY: posts big blind $3
*** HOLE CARDS ***
Clark205: raises $3 to $6
RockKillerTY: folds
Uncalled bet ($3) returned to Clark205
Clark205 collected $6 from pot
*** SUMMARY ***
Total pot $6 | Rake $0
Seat 1: Clark205 (button) (small blind) collected ($6)
Seat 3: RockKillerTY (big blind) folded before Flop


PokerStars Hand #169493180387:  Hold'em Limit ($3/$6 USD) - 2017/04/24 10:51:48 ET
Table 'Otto Struve' 6-max Seat #1 is the button
Seat 1: Clark205 ($279.03 in chips)
Seat 3: RockKillerTY ($120 in chips)
Clark205: posts small blind $1
RockKillerTY: posts big blind $3
*** HOLE CARDS ***
marieke19522 joins the table at seat #4
Clark205: folds
Uncalled bet ($2) returned to RockKillerTY
RockKillerTY collected $2 from pot
RockKillerTY: doesn't show hand
*** SUMMARY ***
Total pot $2 | Rake $0
Seat 1: Clark205 (button) (small blind) folded before Flop
Seat 3: RockKillerTY (big blind) collected ($2)


PokerStars Hand #169493166794:  Hold'em Limit ($3/$6 USD) - 2017/04/24 10:51:26 ET
Table 'Otto Struve' 6-max Seat #3 is the button
Seat 1: Clark205 ($240.53 in chips)
Seat 3: RockKillerTY ($85.44 in chips)
RockKillerTY: posts small blind $1
Clark205: posts big blind $3
*** HOLE CARDS ***
RockKillerTY: raises $3 to $6
Clark205: calls $3
*** FLOP *** [6s Td 4h]
Clark205: checks
RockKillerTY: bets $3
Clark205: calls $3
*** TURN *** [6s Td 4h] [8s]
Clark205: checks
RockKillerTY: bets $6
Clark205: raises $6 to $12
RockKillerTY: raises $6 to $18
Clark205: raises $6 to $24
Betting is capped
RockKillerTY: calls $6
*** RIVER *** [6s Td 4h 8s] [2d]
Clark205: bets $6
RockKillerTY: calls $6
*** SHOW DOWN ***
Clark205: shows [9s 7h] (a straight, Six to Ten)
RockKillerTY: mucks hand
Clark205 collected $77.50 from pot
*** SUMMARY ***
Total pot $78 | Rake $0.50
Board [6s Td 4h 8s 2d]
Seat 1: Clark205 (big blind) showed [9s 7h] and won ($77.50) with a straight, Six to Ten
Seat 3: RockKillerTY (button) (small blind) mucked


PokerStars Hand #169494834339:  Hold'em Limit ($3/$6 USD) - 2017/04/24 11:35:56 ET
Table 'Otto Struve' 6-max Seat #4 is the button
Seat 1: artecris ($168.97 in chips)
Seat 4: marieke19522 ($205.02 in chips)
marieke19522: posts small blind $1
artecris: posts big blind $3
*** HOLE CARDS ***
marieke19522: folds
Uncalled bet ($2) returned to artecris
artecris collected $2 from pot
artecris: doesn't show hand
*** SUMMARY ***
Total pot $2 | Rake $0
Seat 1: artecris (big blind) collected ($2)
Seat 4: marieke19522 (button) (small blind) folded before Flop


PokerStars Hand #169494831265:  Hold'em Limit ($3/$6 USD) - 2017/04/24 11:35:51 ET
Table 'Otto Struve' 6-max Seat #1 is the button
Seat 1: artecris ($169.97 in chips)
Seat 4: marieke19522 ($204.02 in chips)
artecris: posts small blind $1
marieke19522: posts big blind $3
*** HOLE CARDS ***
B_loJkl joins the table at seat #2
artecris: folds
Uncalled bet ($2) returned to marieke19522
marieke19522 collected $2 from pot
*** SUMMARY ***
Total pot $2 | Rake $0
Seat 1: artecris (button) (small blind) folded before Flop
Seat 4: marieke19522 (big blind) collected ($2)


PokerStars Hand #169494827509:  Hold'em Limit ($3/$6 USD) - 2017/04/24 11:35:45 ET
Table 'Otto Struve' 6-max Seat #4 is the button
Seat 1: artecris ($168.97 in chips)
Seat 4: marieke19522 ($205.02 in chips)
marieke19522: posts small blind $1
TbIP-TbIP 88: is sitting out
B_loJkl: is sitting out
artecris: posts big blind $3
*** HOLE CARDS ***
marieke19522: folds
Uncalled bet ($2) returned to artecris
B_loJkl leaves the table
artecris collected $2 from pot
artecris: doesn't show hand
*** SUMMARY ***
Total pot $2 | Rake $0
Seat 1: artecris (big blind) collected ($2)
Seat 4: marieke19522 (button) (small blind) folded before Flop


PokerStars Hand #169503850173:  Hold'em Limit ($3/$6 USD) - 2017/04/24 14:54:37 ET
Table 'Otto Struve' 6-max Seat #3 is the button
Seat 1: Qvidde ($114.14 in chips)
Seat 3: pompier40 ($155.67 in chips)
pompier40: posts small blind $1
krossguard: is sitting out
Qvidde: posts big blind $3
*** HOLE CARDS ***
krossguard leaves the table
pompier40: folds
Uncalled bet ($2) returned to Qvidde
Qvidde collected $2 from pot
Qvidde: doesn't show hand
*** SUMMARY ***
Total pot $2 | Rake $0
Seat 1: Qvidde (big blind) collected ($2)
Seat 3: pompier40 (button) (small blind) folded before Flop


PokerStars Hand #169503913387:  Hold'em Limit ($3/$6 USD) - 2017/04/24 14:56:00 ET
Table 'Otto Struve' 6-max Seat #3 is the button
Seat 1: Qvidde ($123.78 in chips)
Seat 3: pompier40 ($145.67 in chips)
pompier40: posts small blind $1
Qvidde: posts big blind $3
*** HOLE CARDS ***
pompier40: folds
Uncalled bet ($2) returned to Qvidde
Qvidde collected $2 from pot
Qvidde: doesn't show hand
*** SUMMARY ***
Total pot $2 | Rake $0
Seat 1: Qvidde (big blind) collected ($2)
Seat 3: pompier40 (button) (small blind) folded before Flop


PokerStars Hand #169503857310:  Hold'em Limit ($3/$6 USD) - 2017/04/24 14:54:46 ET
Table 'Otto Struve' 6-max Seat #1 is the button
Seat 1: Qvidde ($115.14 in chips)
Seat 3: pompier40 ($154.67 in chips)
Qvidde: posts small blind $1
pompier40: posts big blind $3
*** HOLE CARDS ***
Great_Kang joins the table at seat #4
Qvidde: raises $3 to $6
Great_Kang leaves the table
pompier40: calls $3
*** FLOP *** [7s Ks Ac]
pompier40: checks
Qvidde: bets $3
pompier40: calls $3
*** TURN *** [7s Ks Ac] [9d]
pompier40: checks
Qvidde: checks
*** RIVER *** [7s Ks Ac 9d] [3d]
pompier40: checks
Qvidde: bets $6
pompier40: folds
Uncalled bet ($6) returned to Qvidde
Qvidde collected $17.64 from pot
Qvidde: doesn't show hand
*** SUMMARY ***
Total pot $18 | Rake $0.36
Board [7s Ks Ac 9d 3d]
Seat 1: Qvidde (button) (small blind) collected ($17.64)
Seat 3: pompier40 (big blind) folded on the River


PokerStars Hand #169503968231:  Hold'em Limit ($3/$6 USD) - 2017/04/24 14:57:19 ET
Table 'Otto Struve' 6-max Seat #3 is the button
Seat 1: Qvidde ($163.28 in chips)
Seat 3: pompier40 ($105.67 in chips)
pompier40: posts small blind $1
Qvidde: posts big blind $3
*** HOLE CARDS ***
pompier40: raises $3 to $6
Qvidde: raises $3 to $9
pompier40: calls $3
*** FLOP *** [Td 8s Ts]
Qvidde: bets $3
pompier40: calls $3
*** TURN *** [Td 8s Ts] [Qd]
Qvidde: checks
pompier40: bets $6
Qvidde: calls $6
*** RIVER *** [Td 8s Ts Qd] [Kh]
Qvidde: bets $6
pompier40: raises $6 to $12
Qvidde: calls $6
*** SHOW DOWN ***
pompier40: shows [Jh 9s] (a straight, Nine to King)
Qvidde: mucks hand
pompier40 collected $59.50 from pot
*** SUMMARY ***
Total pot $60 | Rake $0.50
Board [Td 8s Ts Qd Kh]
Seat 1: Qvidde (big blind) mucked
Seat 3: pompier40 (button) (small blind) showed [Jh 9s] and won ($59.50) with a straight, Nine to King


PokerStars Hand #169503917189:  Hold'em Limit ($3/$6 USD) - 2017/04/24 14:56:05 ET
Table 'Otto Struve' 6-max Seat #1 is the button
Seat 1: Qvidde ($124.78 in chips)
Seat 3: pompier40 ($144.67 in chips)
Qvidde: posts small blind $1
pompier40: posts big blind $3
*** HOLE CARDS ***
Qvidde: raises $3 to $6
pompier40: raises $3 to $9
Qvidde: calls $3
*** FLOP *** [8h Kh Ts]
pompier40: bets $3
Qvidde: raises $3 to $6
pompier40: calls $3
*** TURN *** [8h Kh Ts] [5s]
pompier40: checks
Qvidde: bets $6
pompier40: raises $6 to $12
Qvidde: calls $6
*** RIVER *** [8h Kh Ts 5s] [6d]
pompier40: bets $6
Qvidde: raises $6 to $12
pompier40: calls $6
*** SHOW DOWN ***
Qvidde: shows [8s Tc] (two pair, Tens and Eights)
pompier40: shows [Kc Ad] (a pair of Kings)
Qvidde collected $77.50 from pot
*** SUMMARY ***
Total pot $78 | Rake $0.50
Board [8h Kh Ts 5s 6d]
Seat 1: Qvidde (button) (small blind) showed [8s Tc] and won ($77.50) with two pair, Tens and Eights
Seat 3: pompier40 (big blind) showed [Kc Ad] and lost with a pair of Kings


PokerStars Hand #169504013938:  Hold'em Limit ($3/$6 USD) - 2017/04/24 14:58:25 ET
Table 'Otto Struve' 6-max Seat #3 is the button
Seat 1: Qvidde ($136.28 in chips)
Seat 3: pompier40 ($132.17 in chips)
pompier40: posts small blind $1
Qvidde: posts big blind $3
*** HOLE CARDS ***
pompier40: raises $3 to $6
Qvidde: calls $3
*** FLOP *** [3s 9c 6d]
Qvidde: bets $3
pompier40: calls $3
*** TURN *** [3s 9c 6d] [Ts]
Qvidde: bets $6
pompier40: calls $6
*** RIVER *** [3s 9c 6d Ts] [4c]
Qvidde: bets $6
pompier40: calls $6
*** SHOW DOWN ***
Qvidde: shows [6c 2c] (a pair of Sixes)
pompier40: mucks hand
Qvidde collected $41.50 from pot
*** SUMMARY ***
Total pot $42 | Rake $0.50
Board [3s 9c 6d Ts 4c]
Seat 1: Qvidde (big blind) showed [6c 2c] and won ($41.50) with a pair of Sixes
Seat 3: pompier40 (button) (small blind) mucked


PokerStars Hand #169504053031:  Hold'em Limit ($3/$6 USD) - 2017/04/24 14:59:21 ET
Table 'Otto Struve' 6-max Seat #3 is the button
Seat 1: Qvidde ($159.78 in chips)
Seat 3: pompier40 ($108.17 in chips)
pompier40: posts small blind $1
Qvidde: posts big blind $3
*** HOLE CARDS ***
pompier40: raises $3 to $6
Qvidde: calls $3
*** FLOP *** [Td 8s Qc]
Qvidde: checks
pompier40: checks
*** TURN *** [Td 8s Qc] [Ah]
Qvidde: checks
pompier40: checks
*** RIVER *** [Td 8s Qc Ah] [Qh]
Qvidde: bets $6
pompier40: folds
Uncalled bet ($6) returned to Qvidde
Qvidde collected $11.76 from pot
Qvidde: doesn't show hand
*** SUMMARY ***
Total pot $12 | Rake $0.24
Board [Td 8s Qc Ah Qh]
Seat 1: Qvidde (big blind) collected ($11.76)
Seat 3: pompier40 (button) (small blind) folded on the River


PokerStars Hand #169504142650:  Hold'em Limit ($3/$6 USD) - 2017/04/24 15:01:23 ET
Table 'Otto Struve' 6-max Seat #3 is the button
Seat 1: Qvidde ($156.54 in chips)
Seat 3: pompier40 ($110.81 in chips)
pompier40: posts small blind $1
Qvidde: posts big blind $3
*** HOLE CARDS ***
pompier40: raises $3 to $6
Qvidde: calls $3
*** FLOP *** [Ac 4s 8c]
Qvidde: checks
pompier40: bets $3
Qvidde: folds
Uncalled bet ($3) returned to pompier40
pompier40 collected $11.76 from pot
*** SUMMARY ***
Total pot $12 | Rake $0.24
Board [Ac 4s 8c]
Seat 1: Qvidde (big blind) folded on the Flop
Seat 3: pompier40 (button) (small blind) collected ($11.76)


PokerStars Hand #169504107284:  Hold'em Limit ($3/$6 USD) - 2017/04/24 15:00:36 ET
Table 'Otto Struve' 6-max Seat #1 is the button
Seat 1: Qvidde ($165.54 in chips)
Seat 3: pompier40 ($102.17 in chips)
Qvidde: posts small blind $1
pompier40: posts big blind $3
*** HOLE CARDS ***
Qvidde: raises $3 to $6
pompier40: raises $3 to $9
Qvidde: calls $3
*** FLOP *** [Jh 6h As]
pompier40: bets $3
Qvidde: folds
Uncalled bet ($3) returned to pompier40
pompier40 collected $17.64 from pot
*** SUMMARY ***
Total pot $18 | Rake $0.36
Board [Jh 6h As]
Seat 1: Qvidde (button) (small blind) folded on the Flop
Seat 3: pompier40 (big blind) collected ($17.64)


PokerStars Hand #169504177967:  Hold'em Limit ($3/$6 USD) - 2017/04/24 15:02:06 ET
Table 'Otto Struve' 6-max Seat #1 is the button
Seat 1: Qvidde ($150.54 in chips)
Seat 3: pompier40 ($116.57 in chips)
Qvidde: posts small blind $1
pompier40: posts big blind $3
*** HOLE CARDS ***
Qvidde: raises $3 to $6
pompier40: calls $3
*** FLOP *** [9s 7d 2h]
pompier40: bets $3
Qvidde: calls $3
*** TURN *** [9s 7d 2h] [7h]
pompier40: bets $6
Qvidde: calls $6
*** RIVER *** [9s 7d 2h 7h] [Qs]
pompier40: bets $6
Qvidde: calls $6
*** SHOW DOWN ***
pompier40: shows [2c Tc] (two pair, Sevens and Deuces)
Qvidde: shows [8d 8c] (two pair, Eights and Sevens)
Qvidde collected $41.50 from pot
*** SUMMARY ***
Total pot $42 | Rake $0.50
Board [9s 7d 2h 7h Qs]
Seat 1: Qvidde (button) (small blind) showed [8d 8c] and won ($41.50) with two pair, Eights and Sevens
Seat 3: pompier40 (big blind) showed [2c Tc] and lost with two pair, Sevens and Deuces


PokerStars Hand #169504258173:  Hold'em Limit ($3/$6 USD) - 2017/04/24 15:03:41 ET
Table 'Otto Struve' 6-max Seat #1 is the button
Seat 1: Qvidde ($170.79 in chips)
Seat 3: pompier40 ($95.32 in chips)
Qvidde: posts small blind $1
pompier40: posts big blind $3
*** HOLE CARDS ***
Qvidde: raises $3 to $6
pompier40: calls $3
*** FLOP *** [7s Kd 3d]
pompier40: checks
Qvidde: bets $3
pompier40: calls $3
*** TURN *** [7s Kd 3d] [5s]
pompier40: checks
feilinho joins the table at seat #5
Qvidde: bets $6
pompier40: folds
Uncalled bet ($6) returned to Qvidde
Qvidde collected $17.64 from pot
Qvidde: doesn't show hand
*** SUMMARY ***
Total pot $18 | Rake $0.36
Board [7s Kd 3d 5s]
Seat 1: Qvidde (button) (small blind) collected ($17.64)
Seat 3: pompier40 (big blind) folded on the Turn


PokerStars Hand #169504207977:  Hold'em Limit ($3/$6 USD) - 2017/04/24 15:02:42 ET
Table 'Otto Struve' 6-max Seat #3 is the button
Seat 1: Qvidde ($171.04 in chips)
Seat 3: pompier40 ($95.57 in chips)
pompier40: posts small blind $1
Qvidde: posts big blind $3
*** HOLE CARDS ***
pompier40: raises $3 to $6
Qvidde: calls $3
*** FLOP *** [2c Ts 5s]
Qvidde: checks
pompier40: bets $3
Qvidde: calls $3
*** TURN *** [2c Ts 5s] [5d]
Qvidde: checks
pompier40: bets $6
Qvidde: calls $6
*** RIVER *** [2c Ts 5s 5d] [Qc]
Qvidde: checks
pompier40: checks
*** SHOW DOWN ***
Qvidde: shows [3h Ad] (a pair of Fives)
pompier40: shows [Ah 3c] (a pair of Fives)
Qvidde collected $14.75 from pot
pompier40 collected $14.75 from pot
*** SUMMARY ***
Total pot $30 | Rake $0.50
Board [2c Ts 5s 5d Qc]
Seat 1: Qvidde (big blind) showed [3h Ad] and won ($14.75) with a pair of Fives
Seat 3: pompier40 (button) (small blind) showed [Ah 3c] and won ($14.75) with a pair of Fives


PokerStars Hand #169504392818:  Hold'em Limit ($3/$6 USD) - 2017/04/24 15:06:16 ET
Table 'Otto Struve' 6-max Seat #1 is the button
Seat 1: Qvidde ($131.43 in chips)
Seat 5: feilinho ($142.53 in chips)
Qvidde: posts small blind $1
pompier40: is sitting out
feilinho: posts big blind $3
*** HOLE CARDS ***
Qvidde: raises $3 to $6
feilinho: calls $3
*** FLOP *** [Qs 5s As]
feilinho: checks
Qvidde: bets $3
feilinho: folds
Uncalled bet ($3) returned to Qvidde
Qvidde collected $11.76 from pot
Qvidde: doesn't show hand
*** SUMMARY ***
Total pot $12 | Rake $0.24
Board [Qs 5s As]
Seat 1: Qvidde (button) (small blind) collected ($11.76)
Seat 5: feilinho (big blind) folded on the Flop


PokerStars Hand #169504416547:  Hold'em Limit ($3/$6 USD) - 2017/04/24 15:06:43 ET
Table 'Otto Struve' 6-max Seat #5 is the button
Seat 1: Qvidde ($137.19 in chips)
Seat 5: feilinho ($136.53 in chips)
feilinho: posts small blind $1
Qvidde: posts big blind $3
*** HOLE CARDS ***
feilinho: folds
Uncalled bet ($2) returned to Qvidde
Qvidde collected $2 from pot
Qvidde: doesn't show hand
*** SUMMARY ***
Total pot $2 | Rake $0
Seat 1: Qvidde (big blind) collected ($2)
Seat 5: feilinho (button) (small blind) folded before Flop


