PokerStars Hand #148604268018:  Hold'em Limit ($3/$6 USD) - 2016/02/11 4:38:23 ET
Table 'Otto Struve II' 2-max Seat #2 is the button
Seat 1: kaputnikoff ($244 in chips)
Seat 2: iisafari ($30.15 in chips)
iisafari: posts small blind $1
kaputnikoff: posts big blind $3
*** HOLE CARDS ***
iisafari: folds
Uncalled bet ($2) returned to kaputnikoff
kaputnikoff collected $2 from pot
kaputnikoff: doesn't show hand
*** SUMMARY ***
Total pot $2 | Rake $0
Seat 1: kaputnikoff (big blind) collected ($2)
Seat 2: iisafari (button) (small blind) folded before Flop


PokerStars Hand #148604258777:  Hold'em Limit ($3/$6 USD) - 2016/02/11 4:38:01 ET
Table 'Otto Struve II' 2-max Seat #1 is the button
Seat 1: kaputnikoff ($241 in chips)
Seat 2: iisafari ($33.15 in chips)
kaputnikoff: posts small blind $1
iisafari: posts big blind $3
*** HOLE CARDS ***
kaputnikoff: raises $3 to $6
iisafari: folds
Uncalled bet ($3) returned to kaputnikoff
kaputnikoff collected $6 from pot
kaputnikoff: doesn't show hand
*** SUMMARY ***
Total pot $6 | Rake $0
Seat 1: kaputnikoff (button) (small blind) collected ($6)
Seat 2: iisafari (big blind) folded before Flop


PokerStars Hand #148604253059:  Hold'em Limit ($3/$6 USD) - 2016/02/11 4:37:48 ET
Table 'Otto Struve II' 2-max Seat #2 is the button
Seat 1: kaputnikoff ($240 in chips)
Seat 2: iisafari ($34.15 in chips)
iisafari: posts small blind $1
kaputnikoff: posts big blind $3
*** HOLE CARDS ***
iisafari: folds
Uncalled bet ($2) returned to kaputnikoff
kaputnikoff collected $2 from pot
*** SUMMARY ***
Total pot $2 | Rake $0
Seat 1: kaputnikoff (big blind) collected ($2)
Seat 2: iisafari (button) (small blind) folded before Flop


PokerStars Hand #148604289742:  Hold'em Limit ($3/$6 USD) - 2016/02/11 4:39:13 ET
Table 'Otto Struve II' 2-max Seat #1 is the button
Seat 1: kaputnikoff ($227 in chips)
Seat 2: iisafari ($46.43 in chips)
kaputnikoff: posts small blind $1
iisafari: posts big blind $3
*** HOLE CARDS ***
kaputnikoff: raises $3 to $6
iisafari: calls $3
*** FLOP *** [Th Ks 2c]
iisafari: checks
kaputnikoff: bets $3
iisafari: folds
Uncalled bet ($3) returned to kaputnikoff
kaputnikoff collected $11.76 from pot
kaputnikoff: doesn't show hand
*** SUMMARY ***
Total pot $12 | Rake $0.24
Board [Th Ks 2c]
Seat 1: kaputnikoff (button) (small blind) collected ($11.76)
Seat 2: iisafari (big blind) folded on the Flop


PokerStars Hand #148604280798:  Hold'em Limit ($3/$6 USD) - 2016/02/11 4:38:52 ET
Table 'Otto Struve II' 2-max Seat #2 is the button
Seat 1: kaputnikoff ($233 in chips)
Seat 2: iisafari ($40.67 in chips)
iisafari: posts small blind $1
kaputnikoff: posts big blind $3
*** HOLE CARDS ***
iisafari: raises $3 to $6
kaputnikoff: calls $3
*** FLOP *** [3c 8d 3d]
kaputnikoff: checks
iisafari: checks
*** TURN *** [3c 8d 3d] [Qc]
kaputnikoff: checks
iisafari: checks
*** RIVER *** [3c 8d 3d Qc] [9s]
kaputnikoff: checks
iisafari: checks
*** SHOW DOWN ***
kaputnikoff: shows [Kd 5c] (a pair of Threes)
iisafari: shows [7c Ah] (a pair of Threes - Ace kicker)
iisafari collected $11.76 from pot
*** SUMMARY ***
Total pot $12 | Rake $0.24
Board [3c 8d 3d Qc 9s]
Seat 1: kaputnikoff (big blind) showed [Kd 5c] and lost with a pair of Threes
Seat 2: iisafari (button) (small blind) showed [7c Ah] and won ($11.76) with a pair of Threes


PokerStars Hand #148604270583:  Hold'em Limit ($3/$6 USD) - 2016/02/11 4:38:28 ET
Table 'Otto Struve II' 2-max Seat #1 is the button
Seat 1: kaputnikoff ($245 in chips)
Seat 2: iisafari ($29.15 in chips)
kaputnikoff: posts small blind $1
iisafari: posts big blind $3
*** HOLE CARDS ***
kaputnikoff: raises $3 to $6
iisafari: raises $3 to $9
kaputnikoff: calls $3
*** FLOP *** [Ah 5h 2h]
iisafari: bets $3
kaputnikoff: calls $3
*** TURN *** [Ah 5h 2h] [4s]
iisafari: bets $6
kaputnikoff: folds
Uncalled bet ($6) returned to iisafari
iisafari collected $23.52 from pot
iisafari: doesn't show hand
*** SUMMARY ***
Total pot $24 | Rake $0.48
Board [Ah 5h 2h 4s]
Seat 1: kaputnikoff (button) (small blind) folded on the Turn
Seat 2: iisafari (big blind) collected ($23.52)


PokerStars Hand #148604314977:  Hold'em Limit ($3/$6 USD) - 2016/02/11 4:40:11 ET
Table 'Otto Struve II' 2-max Seat #1 is the button
Seat 1: kaputnikoff ($247.02 in chips)
Seat 2: iisafari ($25.07 in chips)
kaputnikoff: posts small blind $1
iisafari: posts big blind $3
*** HOLE CARDS ***
kaputnikoff: raises $3 to $6
iisafari: calls $3
*** FLOP *** [3h Kh Jh]
iisafari: bets $3
kaputnikoff: folds
Uncalled bet ($3) returned to iisafari
iisafari collected $11.76 from pot
iisafari: doesn't show hand
*** SUMMARY ***
Total pot $12 | Rake $0.24
Board [3h Kh Jh]
Seat 1: kaputnikoff (button) (small blind) folded on the Flop
Seat 2: iisafari (big blind) collected ($11.76)


PokerStars Hand #148604306771:  Hold'em Limit ($3/$6 USD) - 2016/02/11 4:39:52 ET
Table 'Otto Struve II' 2-max Seat #2 is the button
Seat 1: kaputnikoff ($229.52 in chips)
Seat 2: iisafari ($43.07 in chips)
iisafari: posts small blind $1
kaputnikoff: posts big blind $3
*** HOLE CARDS ***
iisafari: raises $3 to $6
kaputnikoff: raises $3 to $9
iisafari: calls $3
*** FLOP *** [5c Kd 9d]
kaputnikoff: bets $3
iisafari: calls $3
*** TURN *** [5c Kd 9d] [3s]
kaputnikoff: bets $6
iisafari: calls $6
*** RIVER *** [5c Kd 9d 3s] [Ad]
kaputnikoff: bets $6
iisafari: folds
Uncalled bet ($6) returned to kaputnikoff
kaputnikoff collected $35.50 from pot
kaputnikoff: doesn't show hand
*** SUMMARY ***
Total pot $36 | Rake $0.50
Board [5c Kd 9d 3s Ad]
Seat 1: kaputnikoff (big blind) collected ($35.50)
Seat 2: iisafari (button) (small blind) folded on the River


PokerStars Hand #148604300457:  Hold'em Limit ($3/$6 USD) - 2016/02/11 4:39:37 ET
Table 'Otto Struve II' 2-max Seat #1 is the button
Seat 1: kaputnikoff ($238.52 in chips)
Seat 2: iisafari ($34.43 in chips)
kaputnikoff: posts small blind $1
iisafari: posts big blind $3
*** HOLE CARDS ***
kaputnikoff: raises $3 to $6
iisafari: calls $3
*** FLOP *** [5s 6s Jc]
iisafari: bets $3
kaputnikoff: calls $3
*** TURN *** [5s 6s Jc] [3d]
iisafari: bets $6
kaputnikoff: folds
Uncalled bet ($6) returned to iisafari
iisafari collected $17.64 from pot
iisafari: doesn't show hand
*** SUMMARY ***
Total pot $18 | Rake $0.36
Board [5s 6s Jc 3d]
Seat 1: kaputnikoff (button) (small blind) folded on the Turn
Seat 2: iisafari (big blind) collected ($17.64)


PokerStars Hand #148604295484:  Hold'em Limit ($3/$6 USD) - 2016/02/11 4:39:26 ET
Table 'Otto Struve II' 2-max Seat #2 is the button
Seat 1: kaputnikoff ($232.76 in chips)
Seat 2: iisafari ($40.43 in chips)
iisafari: posts small blind $1
kaputnikoff: posts big blind $3
*** HOLE CARDS ***
iisafari: calls $2
kaputnikoff: raises $3 to $6
iisafari: calls $3
*** FLOP *** [4c 7h Ad]
kaputnikoff: bets $3
iisafari: folds
Uncalled bet ($3) returned to kaputnikoff
kaputnikoff collected $11.76 from pot
kaputnikoff: doesn't show hand
*** SUMMARY ***
Total pot $12 | Rake $0.24
Board [4c 7h Ad]
Seat 1: kaputnikoff (big blind) collected ($11.76)
Seat 2: iisafari (button) (small blind) folded on the Flop


PokerStars Hand #148604337714:  Hold'em Limit ($3/$6 USD) - 2016/02/11 4:41:04 ET
Table 'Otto Struve II' 2-max Seat #2 is the button
Seat 1: kaputnikoff ($208.02 in chips)
Seat 2: iisafari ($62.97 in chips)
iisafari: posts small blind $1
kaputnikoff: posts big blind $3
*** HOLE CARDS ***
iisafari: calls $2
kaputnikoff: raises $3 to $6
iisafari: calls $3
*** FLOP *** [Ah 9c 4h]
kaputnikoff: bets $3
iisafari: calls $3
*** TURN *** [Ah 9c 4h] [7s]
kaputnikoff: checks
iisafari: bets $6
kaputnikoff: calls $6
*** RIVER *** [Ah 9c 4h 7s] [6h]
kaputnikoff: checks
iisafari: bets $6
kaputnikoff: calls $6
*** SHOW DOWN ***
iisafari: shows [7c Ac] (two pair, Aces and Sevens)
kaputnikoff: mucks hand
iisafari collected $41.50 from pot
*** SUMMARY ***
Total pot $42 | Rake $0.50
Board [Ah 9c 4h 7s 6h]
Seat 1: kaputnikoff (big blind) mucked
Seat 2: iisafari (button) (small blind) showed [7c Ac] and won ($41.50) with two pair, Aces and Sevens


PokerStars Hand #148604327971:  Hold'em Limit ($3/$6 USD) - 2016/02/11 4:40:41 ET
Table 'Otto Struve II' 2-max Seat #1 is the button
Seat 1: kaputnikoff ($232.02 in chips)
Seat 2: iisafari ($39.47 in chips)
kaputnikoff: posts small blind $1
iisafari: posts big blind $3
*** HOLE CARDS ***
kaputnikoff: raises $3 to $6
iisafari: raises $3 to $9
kaputnikoff: calls $3
*** FLOP *** [Ad 5d 6c]
iisafari: bets $3
kaputnikoff: calls $3
*** TURN *** [Ad 5d 6c] [6s]
iisafari: bets $6
kaputnikoff: raises $6 to $12
iisafari: calls $6
*** RIVER *** [Ad 5d 6c 6s] [Qd]
iisafari: checks
kaputnikoff: checks
*** SHOW DOWN ***
iisafari: shows [Ts As] (two pair, Aces and Sixes)
kaputnikoff: mucks hand
iisafari collected $47.50 from pot
*** SUMMARY ***
Total pot $48 | Rake $0.50
Board [Ad 5d 6c 6s Qd]
Seat 1: kaputnikoff (button) (small blind) mucked
Seat 2: iisafari (big blind) showed [Ts As] and won ($47.50) with two pair, Aces and Sixes


PokerStars Hand #148604319837:  Hold'em Limit ($3/$6 USD) - 2016/02/11 4:40:22 ET
Table 'Otto Struve II' 2-max Seat #2 is the button
Seat 1: kaputnikoff ($241.02 in chips)
Seat 2: iisafari ($30.83 in chips)
iisafari: posts small blind $1
kaputnikoff: posts big blind $3
*** HOLE CARDS ***
iisafari: calls $2
kaputnikoff: checks
*** FLOP *** [3s 8s Ah]
kaputnikoff: checks
iisafari: checks
*** TURN *** [3s 8s Ah] [9h]
kaputnikoff: bets $6
iisafari: raises $6 to $12
kaputnikoff: folds
Uncalled bet ($6) returned to iisafari
iisafari collected $17.64 from pot
iisafari: doesn't show hand
*** SUMMARY ***
Total pot $18 | Rake $0.36
Board [3s 8s Ah 9h]
Seat 1: kaputnikoff (big blind) folded on the Turn
Seat 2: iisafari (button) (small blind) collected ($17.64)


PokerStars Hand #148604360757:  Hold'em Limit ($3/$6 USD) - 2016/02/11 4:41:57 ET
Table 'Otto Struve II' 2-max Seat #2 is the button
Seat 1: kaputnikoff ($197.66 in chips)
Seat 2: iisafari ($72.47 in chips)
iisafari: posts small blind $1
kaputnikoff: posts big blind $3
*** HOLE CARDS ***
iisafari: calls $2
kaputnikoff: checks
*** FLOP *** [Qc 6c 8d]
kaputnikoff: checks
iisafari: bets $3
kaputnikoff: folds
Uncalled bet ($3) returned to iisafari
iisafari collected $5.88 from pot
iisafari: doesn't show hand
*** SUMMARY ***
Total pot $6 | Rake $0.12
Board [Qc 6c 8d]
Seat 1: kaputnikoff (big blind) folded on the Flop
Seat 2: iisafari (button) (small blind) collected ($5.88)


PokerStars Hand #148604357959:  Hold'em Limit ($3/$6 USD) - 2016/02/11 4:41:51 ET
Table 'Otto Struve II' 2-max Seat #1 is the button
Seat 1: kaputnikoff ($194.66 in chips)
Seat 2: iisafari ($75.47 in chips)
kaputnikoff: posts small blind $1
iisafari: posts big blind $3
*** HOLE CARDS ***
kaputnikoff: raises $3 to $6
iisafari: folds
Uncalled bet ($3) returned to kaputnikoff
kaputnikoff collected $6 from pot
kaputnikoff: doesn't show hand
*** SUMMARY ***
Total pot $6 | Rake $0
Seat 1: kaputnikoff (button) (small blind) collected ($6)
Seat 2: iisafari (big blind) folded before Flop


PokerStars Hand #148604350646:  Hold'em Limit ($3/$6 USD) - 2016/02/11 4:41:34 ET
Table 'Otto Struve II' 2-max Seat #2 is the button
Seat 1: kaputnikoff ($186.02 in chips)
Seat 2: iisafari ($84.47 in chips)
iisafari: posts small blind $1
kaputnikoff: posts big blind $3
*** HOLE CARDS ***
iisafari: calls $2
kaputnikoff: raises $3 to $6
iisafari: calls $3
*** FLOP *** [9s Qc 8d]
kaputnikoff: bets $3
iisafari: calls $3
*** TURN *** [9s Qc 8d] [5d]
kaputnikoff: bets $6
iisafari: folds
Uncalled bet ($6) returned to kaputnikoff
kaputnikoff collected $17.64 from pot
kaputnikoff: doesn't show hand
*** SUMMARY ***
Total pot $18 | Rake $0.36
Board [9s Qc 8d 5d]
Seat 1: kaputnikoff (big blind) collected ($17.64)
Seat 2: iisafari (button) (small blind) folded on the Turn


PokerStars Hand #148604347970:  Hold'em Limit ($3/$6 USD) - 2016/02/11 4:41:27 ET
Table 'Otto Struve II' 2-max Seat #1 is the button
Seat 1: kaputnikoff ($187.02 in chips)
Seat 2: iisafari ($83.47 in chips)
kaputnikoff: posts small blind $1
iisafari: posts big blind $3
*** HOLE CARDS ***
kaputnikoff: folds
Uncalled bet ($2) returned to iisafari
iisafari collected $2 from pot
iisafari: doesn't show hand
*** SUMMARY ***
Total pot $2 | Rake $0
Seat 1: kaputnikoff (button) (small blind) folded before Flop
Seat 2: iisafari (big blind) collected ($2)


PokerStars Hand #148604390811:  Hold'em Limit ($3/$6 USD) - 2016/02/11 4:43:02 ET
Table 'Otto Struve II' 2-max Seat #2 is the button
Seat 1: kaputnikoff ($199.92 in chips)
Seat 2: iisafari ($68.85 in chips)
iisafari: posts small blind $1
kaputnikoff: posts big blind $3
*** HOLE CARDS ***
iisafari: raises $3 to $6
kaputnikoff: calls $3
*** FLOP *** [Kh 6h 7d]
kaputnikoff: checks
iisafari: bets $3
kaputnikoff: calls $3
*** TURN *** [Kh 6h 7d] [Jh]
kaputnikoff: checks
iisafari: bets $6
kaputnikoff: calls $6
*** RIVER *** [Kh 6h 7d Jh] [2d]
kaputnikoff: checks
iisafari: bets $6
kaputnikoff: folds
Uncalled bet ($6) returned to iisafari
iisafari collected $29.50 from pot
iisafari: doesn't show hand
*** SUMMARY ***
Total pot $30 | Rake $0.50
Board [Kh 6h 7d Jh 2d]
Seat 1: kaputnikoff (big blind) folded on the River
Seat 2: iisafari (button) (small blind) collected ($29.50)


PokerStars Hand #148604385786:  Hold'em Limit ($3/$6 USD) - 2016/02/11 4:42:51 ET
Table 'Otto Struve II' 2-max Seat #1 is the button
Seat 1: kaputnikoff ($194.16 in chips)
Seat 2: iisafari ($74.85 in chips)
kaputnikoff: posts small blind $1
iisafari: posts big blind $3
*** HOLE CARDS ***
kaputnikoff: raises $3 to $6
iisafari: calls $3
*** FLOP *** [7s 7c Kd]
iisafari: checks
kaputnikoff: bets $3
iisafari: folds
Uncalled bet ($3) returned to kaputnikoff
kaputnikoff collected $11.76 from pot
kaputnikoff: doesn't show hand
*** SUMMARY ***
Total pot $12 | Rake $0.24
Board [7s 7c Kd]
Seat 1: kaputnikoff (button) (small blind) collected ($11.76)
Seat 2: iisafari (big blind) folded on the Flop


PokerStars Hand #148604377003:  Hold'em Limit ($3/$6 USD) - 2016/02/11 4:42:32 ET
Table 'Otto Struve II' 2-max Seat #2 is the button
Seat 1: kaputnikoff ($173.66 in chips)
Seat 2: iisafari ($95.85 in chips)
iisafari: posts small blind $1
kaputnikoff: posts big blind $3
*** HOLE CARDS ***
iisafari: raises $3 to $6
kaputnikoff: calls $3
*** FLOP *** [4h 5h 8c]
kaputnikoff: checks
iisafari: bets $3
kaputnikoff: calls $3
*** TURN *** [4h 5h 8c] [6d]
kaputnikoff: checks
iisafari: bets $6
kaputnikoff: calls $6
*** RIVER *** [4h 5h 8c 6d] [7d]
kaputnikoff: bets $6
iisafari: calls $6
*** SHOW DOWN ***
kaputnikoff: shows [6h 9c] (a straight, Five to Nine)
iisafari: mucks hand
kaputnikoff collected $41.50 from pot
*** SUMMARY ***
Total pot $42 | Rake $0.50
Board [4h 5h 8c 6d 7d]
Seat 1: kaputnikoff (big blind) showed [6h 9c] and won ($41.50) with a straight, Five to Nine
Seat 2: iisafari (button) (small blind) mucked


PokerStars Hand #148604367467:  Hold'em Limit ($3/$6 USD) - 2016/02/11 4:42:10 ET
Table 'Otto Struve II' 2-max Seat #1 is the button
Seat 1: kaputnikoff ($194.66 in chips)
Seat 2: iisafari ($75.35 in chips)
kaputnikoff: posts small blind $1
iisafari: posts big blind $3
*** HOLE CARDS ***
kaputnikoff: raises $3 to $6
iisafari: calls $3
*** FLOP *** [7h Qh 6d]
iisafari: bets $3
kaputnikoff: calls $3
*** TURN *** [7h Qh 6d] [4s]
iisafari: bets $6
kaputnikoff: calls $6
*** RIVER *** [7h Qh 6d 4s] [9s]
iisafari: bets $6
kaputnikoff: calls $6
*** SHOW DOWN ***
iisafari: shows [Qs Kh] (a pair of Queens)
kaputnikoff: mucks hand
iisafari collected $41.50 from pot
*** SUMMARY ***
Total pot $42 | Rake $0.50
Board [7h Qh 6d 4s 9s]
Seat 1: kaputnikoff (button) (small blind) mucked
Seat 2: iisafari (big blind) showed [Qs Kh] and won ($41.50) with a pair of Queens


PokerStars Hand #148604419013:  Hold'em Limit ($3/$6 USD) - 2016/02/11 4:44:04 ET
Table 'Otto Struve II' 2-max Seat #1 is the button
Seat 1: kaputnikoff ($204.42 in chips)
Seat 2: iisafari ($63.35 in chips)
kaputnikoff: posts small blind $1
iisafari: posts big blind $3
*** HOLE CARDS ***
kaputnikoff: raises $3 to $6
iisafari: calls $3
*** FLOP *** [7h 2h Qs]
iisafari: bets $3
kaputnikoff: calls $3
*** TURN *** [7h 2h Qs] [Ts]
iisafari: bets $6
kaputnikoff: calls $6
*** RIVER *** [7h 2h Qs Ts] [Td]
iisafari: checks
kaputnikoff: bets $6
iisafari: folds
Uncalled bet ($6) returned to kaputnikoff
kaputnikoff collected $29.50 from pot
kaputnikoff: doesn't show hand
*** SUMMARY ***
Total pot $30 | Rake $0.50
Board [7h 2h Qs Ts Td]
Seat 1: kaputnikoff (button) (small blind) collected ($29.50)
Seat 2: iisafari (big blind) folded on the River


PokerStars Hand #148604416610:  Hold'em Limit ($3/$6 USD) - 2016/02/11 4:43:59 ET
Table 'Otto Struve II' 2-max Seat #2 is the button
Seat 1: kaputnikoff ($203.42 in chips)
Seat 2: iisafari ($64.35 in chips)
iisafari: posts small blind $1
kaputnikoff: posts big blind $3
*** HOLE CARDS ***
iisafari: folds
Uncalled bet ($2) returned to kaputnikoff
kaputnikoff collected $2 from pot
kaputnikoff: doesn't show hand
*** SUMMARY ***
Total pot $2 | Rake $0
Seat 1: kaputnikoff (big blind) collected ($2)
Seat 2: iisafari (button) (small blind) folded before Flop


PokerStars Hand #148604413786:  Hold'em Limit ($3/$6 USD) - 2016/02/11 4:43:53 ET
Table 'Otto Struve II' 2-max Seat #1 is the button
Seat 1: kaputnikoff ($200.42 in chips)
Seat 2: iisafari ($67.35 in chips)
kaputnikoff: posts small blind $1
iisafari: posts big blind $3
*** HOLE CARDS ***
kaputnikoff: raises $3 to $6
iisafari: folds
Uncalled bet ($3) returned to kaputnikoff
kaputnikoff collected $6 from pot
kaputnikoff: doesn't show hand
*** SUMMARY ***
Total pot $6 | Rake $0
Seat 1: kaputnikoff (button) (small blind) collected ($6)
Seat 2: iisafari (big blind) folded before Flop


PokerStars Hand #148604411116:  Hold'em Limit ($3/$6 USD) - 2016/02/11 4:43:47 ET
Table 'Otto Struve II' 2-max Seat #2 is the button
Seat 1: kaputnikoff ($199.42 in chips)
Seat 2: iisafari ($68.35 in chips)
iisafari: posts small blind $1
kaputnikoff: posts big blind $3
*** HOLE CARDS ***
iisafari: folds
Uncalled bet ($2) returned to kaputnikoff
kaputnikoff collected $2 from pot
kaputnikoff: doesn't show hand
*** SUMMARY ***
Total pot $2 | Rake $0
Seat 1: kaputnikoff (big blind) collected ($2)
Seat 2: iisafari (button) (small blind) folded before Flop


PokerStars Hand #148604401722:  Hold'em Limit ($3/$6 USD) - 2016/02/11 4:43:26 ET
Table 'Otto Struve II' 2-max Seat #1 is the button
Seat 1: kaputnikoff ($184.92 in chips)
Seat 2: iisafari ($83.35 in chips)
kaputnikoff: posts small blind $1
iisafari: posts big blind $3
*** HOLE CARDS ***
kaputnikoff: raises $3 to $6
iisafari: calls $3
*** FLOP *** [Ts As 6h]
iisafari: bets $3
kaputnikoff: calls $3
*** TURN *** [Ts As 6h] [5c]
iisafari: checks
kaputnikoff: bets $6
iisafari: calls $6
*** RIVER *** [Ts As 6h 5c] [Ah]
iisafari: checks
kaputnikoff: bets $6
iisafari: folds
Uncalled bet ($6) returned to kaputnikoff
kaputnikoff collected $29.50 from pot
kaputnikoff: doesn't show hand
*** SUMMARY ***
Total pot $30 | Rake $0.50
Board [Ts As 6h 5c Ah]
Seat 1: kaputnikoff (button) (small blind) collected ($29.50)
Seat 2: iisafari (big blind) folded on the River


PokerStars Hand #148604446551:  Hold'em Limit ($3/$6 USD) - 2016/02/11 4:45:05 ET
Table 'Otto Struve II' 2-max Seat #2 is the button
Seat 1: kaputnikoff ($209.44 in chips)
Seat 2: iisafari ($56.85 in chips)
iisafari: posts small blind $1
kaputnikoff: posts big blind $3
*** HOLE CARDS ***
iisafari: folds
Uncalled bet ($2) returned to kaputnikoff
kaputnikoff collected $2 from pot
kaputnikoff: doesn't show hand
*** SUMMARY ***
Total pot $2 | Rake $0
Seat 1: kaputnikoff (big blind) collected ($2)
Seat 2: iisafari (button) (small blind) folded before Flop


PokerStars Hand #148604436922:  Hold'em Limit ($3/$6 USD) - 2016/02/11 4:44:44 ET
Table 'Otto Struve II' 2-max Seat #1 is the button
Seat 1: kaputnikoff ($230.44 in chips)
Seat 2: iisafari ($36.35 in chips)
kaputnikoff: posts small blind $1
iisafari: posts big blind $3
*** HOLE CARDS ***
kaputnikoff: raises $3 to $6
iisafari: calls $3
*** FLOP *** [Kd 3c 5s]
iisafari: bets $3
kaputnikoff: calls $3
*** TURN *** [Kd 3c 5s] [5d]
iisafari: bets $6
kaputnikoff: calls $6
*** RIVER *** [Kd 3c 5s 5d] [3h]
iisafari: bets $6
kaputnikoff: calls $6
*** SHOW DOWN ***
iisafari: shows [5c Jc] (a full house, Fives full of Threes)
kaputnikoff: mucks hand
iisafari collected $41.50 from pot
*** SUMMARY ***
Total pot $42 | Rake $0.50
Board [Kd 3c 5s 5d 3h]
Seat 1: kaputnikoff (button) (small blind) mucked
Seat 2: iisafari (big blind) showed [5c Jc] and won ($41.50) with a full house, Fives full of Threes


PokerStars Hand #148604428093:  Hold'em Limit ($3/$6 USD) - 2016/02/11 4:44:24 ET
Table 'Otto Struve II' 2-max Seat #2 is the button
Seat 1: kaputnikoff ($218.92 in chips)
Seat 2: iisafari ($48.35 in chips)
iisafari: posts small blind $1
kaputnikoff: posts big blind $3
*** HOLE CARDS ***
iisafari: raises $3 to $6
kaputnikoff: calls $3
*** FLOP *** [Kd Td 6d]
kaputnikoff: checks
iisafari: checks
*** TURN *** [Kd Td 6d] [3c]
kaputnikoff: bets $6
iisafari: calls $6
*** RIVER *** [Kd Td 6d 3c] [5s]
kaputnikoff: checks
iisafari: checks
*** SHOW DOWN ***
kaputnikoff: shows [5d 9h] (a pair of Fives)
iisafari: mucks hand
kaputnikoff collected $23.52 from pot
*** SUMMARY ***
Total pot $24 | Rake $0.48
Board [Kd Td 6d 3c 5s]
Seat 1: kaputnikoff (big blind) showed [5d 9h] and won ($23.52) with a pair of Fives
Seat 2: iisafari (button) (small blind) mucked


PokerStars Hand #148604475782:  Hold'em Limit ($3/$6 USD) - 2016/02/11 4:46:10 ET
Table 'Otto Struve II' 2-max Seat #1 is the button
Seat 1: kaputnikoff ($187.20 in chips)
Seat 2: iisafari ($77.99 in chips)
kaputnikoff: posts small blind $1
iisafari: posts big blind $3
*** HOLE CARDS ***
kaputnikoff: raises $3 to $6
iisafari: calls $3
*** FLOP *** [9s Qh 8h]
iisafari: bets $3
kaputnikoff: calls $3
*** TURN *** [9s Qh 8h] [Ks]
iisafari: checks
kaputnikoff: bets $6
iisafari: folds
Uncalled bet ($6) returned to kaputnikoff
kaputnikoff collected $17.64 from pot
kaputnikoff: doesn't show hand
*** SUMMARY ***
Total pot $18 | Rake $0.36
Board [9s Qh 8h Ks]
Seat 1: kaputnikoff (button) (small blind) collected ($17.64)
Seat 2: iisafari (big blind) folded on the Turn


PokerStars Hand #148604473206:  Hold'em Limit ($3/$6 USD) - 2016/02/11 4:46:04 ET
Table 'Otto Struve II' 2-max Seat #2 is the button
Seat 1: kaputnikoff ($186.20 in chips)
Seat 2: iisafari ($78.99 in chips)
iisafari: posts small blind $1
kaputnikoff: posts big blind $3
*** HOLE CARDS ***
iisafari: folds
Uncalled bet ($2) returned to kaputnikoff
kaputnikoff collected $2 from pot
kaputnikoff: doesn't show hand
*** SUMMARY ***
Total pot $2 | Rake $0
Seat 1: kaputnikoff (big blind) collected ($2)
Seat 2: iisafari (button) (small blind) folded before Flop


PokerStars Hand #148604467289:  Hold'em Limit ($3/$6 USD) - 2016/02/11 4:45:51 ET
Table 'Otto Struve II' 2-max Seat #1 is the button
Seat 1: kaputnikoff ($180.44 in chips)
Seat 2: iisafari ($84.99 in chips)
kaputnikoff: posts small blind $1
iisafari: posts big blind $3
*** HOLE CARDS ***
kaputnikoff: raises $3 to $6
iisafari: calls $3
*** FLOP *** [Kc Js Ac]
iisafari: checks
kaputnikoff: bets $3
iisafari: folds
Uncalled bet ($3) returned to kaputnikoff
kaputnikoff collected $11.76 from pot
kaputnikoff: doesn't show hand
*** SUMMARY ***
Total pot $12 | Rake $0.24
Board [Kc Js Ac]
Seat 1: kaputnikoff (button) (small blind) collected ($11.76)
Seat 2: iisafari (big blind) folded on the Flop


PokerStars Hand #148604458224:  Hold'em Limit ($3/$6 USD) - 2016/02/11 4:45:31 ET
Table 'Otto Struve II' 2-max Seat #2 is the button
Seat 1: kaputnikoff ($189.44 in chips)
Seat 2: iisafari ($76.35 in chips)
iisafari: posts small blind $1
kaputnikoff: posts big blind $3
*** HOLE CARDS ***
iisafari: raises $3 to $6
kaputnikoff: calls $3
*** FLOP *** [2h 4d 9c]
kaputnikoff: checks
iisafari: bets $3
kaputnikoff: calls $3
*** TURN *** [2h 4d 9c] [Ts]
kaputnikoff: checks
iisafari: checks
*** RIVER *** [2h 4d 9c Ts] [6h]
kaputnikoff: checks
iisafari: checks
*** SHOW DOWN ***
kaputnikoff: shows [Kc 3d] (high card King)
iisafari: shows [6s 3s] (a pair of Sixes)
iisafari collected $17.64 from pot
*** SUMMARY ***
Total pot $18 | Rake $0.36
Board [2h 4d 9c Ts 6h]
Seat 1: kaputnikoff (big blind) showed [Kc 3d] and lost with high card King
Seat 2: iisafari (button) (small blind) showed [6s 3s] and won ($17.64) with a pair of Sixes


PokerStars Hand #148604449423:  Hold'em Limit ($3/$6 USD) - 2016/02/11 4:45:11 ET
Table 'Otto Struve II' 2-max Seat #1 is the button
Seat 1: kaputnikoff ($210.44 in chips)
Seat 2: iisafari ($55.85 in chips)
kaputnikoff: posts small blind $1
iisafari: posts big blind $3
*** HOLE CARDS ***
kaputnikoff: raises $3 to $6
iisafari: calls $3
*** FLOP *** [Kh Ts 9h]
iisafari: bets $3
kaputnikoff: calls $3
*** TURN *** [Kh Ts 9h] [Ad]
iisafari: bets $6
kaputnikoff: calls $6
*** RIVER *** [Kh Ts 9h Ad] [8d]
iisafari: bets $6
kaputnikoff: calls $6
*** SHOW DOWN ***
iisafari: shows [Ks Qd] (a pair of Kings)
kaputnikoff: mucks hand
iisafari collected $41.50 from pot
*** SUMMARY ***
Total pot $42 | Rake $0.50
Board [Kh Ts 9h Ad 8d]
Seat 1: kaputnikoff (button) (small blind) mucked
Seat 2: iisafari (big blind) showed [Ks Qd] and won ($41.50) with a pair of Kings


PokerStars Hand #148604491199:  Hold'em Limit ($3/$6 USD) - 2016/02/11 4:46:43 ET
Table 'Otto Struve II' 2-max Seat #1 is the button
Seat 1: kaputnikoff ($204.48 in chips)
Seat 2: iisafari ($59.99 in chips)
kaputnikoff: posts small blind $1
iisafari: posts big blind $3
*** HOLE CARDS ***
kaputnikoff: raises $3 to $6
iisafari: calls $3
*** FLOP *** [7s 9h Jc]
iisafari: checks
kaputnikoff: bets $3
iisafari: calls $3
*** TURN *** [7s 9h Jc] [7d]
iisafari: checks
kaputnikoff: bets $6
iisafari: folds
Uncalled bet ($6) returned to kaputnikoff
iisafari leaves the table
kaputnikoff collected $17.64 from pot
kaputnikoff: doesn't show hand
*** SUMMARY ***
Total pot $18 | Rake $0.36
Board [7s 9h Jc 7d]
Seat 1: kaputnikoff (button) (small blind) collected ($17.64)
Seat 2: iisafari (big blind) folded on the Turn


PokerStars Hand #148604482966:  Hold'em Limit ($3/$6 USD) - 2016/02/11 4:46:25 ET
Table 'Otto Struve II' 2-max Seat #2 is the button
Seat 1: kaputnikoff ($195.84 in chips)
Seat 2: iisafari ($68.99 in chips)
iisafari: posts small blind $1
kaputnikoff: posts big blind $3
*** HOLE CARDS ***
iisafari: calls $2
kaputnikoff: raises $3 to $6
iisafari: calls $3
*** FLOP *** [Jc 6d 8h]
kaputnikoff: bets $3
iisafari: calls $3
*** TURN *** [Jc 6d 8h] [As]
kaputnikoff: checks
iisafari: checks
*** RIVER *** [Jc 6d 8h As] [6c]
kaputnikoff: checks
iisafari: checks
*** SHOW DOWN ***
kaputnikoff: shows [3c Kc] (a pair of Sixes)
iisafari: mucks hand
kaputnikoff collected $17.64 from pot
*** SUMMARY ***
Total pot $18 | Rake $0.36
Board [Jc 6d 8h As 6c]
Seat 1: kaputnikoff (big blind) showed [3c Kc] and won ($17.64) with a pair of Sixes
Seat 2: iisafari (button) (small blind) mucked


