PokerStars Hand #176081454279:  Hold'em Limit ($3/$6 USD) - 2017/09/24 18:00:59 ET
Table 'Otto Struve' 6-max Seat #3 is the button
Seat 3: Ag3r0n ($72 in chips)
Seat 6: mylifeluvsol ($32.88 in chips)
Ag3r0n: posts small blind $1
mylifeluvsol: posts big blind $3
*** HOLE CARDS ***
Ag3r0n: raises $3 to $6
mylifeluvsol: calls $3
*** FLOP *** [2c 2h Td]
mylifeluvsol: checks
Ag3r0n: bets $3
mylifeluvsol: folds
Uncalled bet ($3) returned to Ag3r0n
Ag3r0n collected $11.76 from pot
Ag3r0n: doesn't show hand
*** SUMMARY ***
Total pot $12 | Rake $0.24
Board [2c 2h Td]
Seat 3: Ag3r0n (button) (small blind) collected ($11.76)
Seat 6: mylifeluvsol (big blind) folded on the Flop


PokerStars Hand #176081441516:  Hold'em Limit ($3/$6 USD) - 2017/09/24 18:00:39 ET
Table 'Otto Struve' 6-max Seat #6 is the button
Seat 3: Ag3r0n ($72 in chips)
Seat 6: mylifeluvsol ($30 in chips)
mylifeluvsol: posts small blind $1
vestimokrec joins the table at seat #1
Ag3r0n: posts big blind $3
*** HOLE CARDS ***
mylifeluvsol: calls $2
Ag3r0n: checks
*** FLOP *** [7h 9d Kh]
Ag3r0n: checks
mylifeluvsol: bets $3
Ag3r0n: folds
Uncalled bet ($3) returned to mylifeluvsol
mylifeluvsol collected $5.88 from pot
mylifeluvsol: doesn't show hand
*** SUMMARY ***
Total pot $6 | Rake $0.12
Board [7h 9d Kh]
Seat 3: Ag3r0n (big blind) folded on the Flop
Seat 6: mylifeluvsol (button) (small blind) collected ($5.88)


PokerStars Hand #176081997586:  Hold'em Limit ($3/$6 USD) - 2017/09/24 18:12:54 ET
Table 'Otto Struve' 6-max Seat #4 is the button
Seat 2: bubsski ($110.79 in chips)
Seat 4: Snuffymo ($104.61 in chips)
Snuffymo: posts small blind $1
bubsski: posts big blind $3
*** HOLE CARDS ***
Snuffymo: raises $3 to $6
bubsski: raises $3 to $9
Snuffymo: raises $3 to $12
Betting is capped
bubsski: calls $3
*** FLOP *** [4h 5h As]
bubsski: checks
Snuffymo: bets $3
bubsski: calls $3
*** TURN *** [4h 5h As] [4d]
bubsski: checks
Snuffymo: checks
*** RIVER *** [4h 5h As 4d] [3h]
bubsski: bets $6
Snuffymo: calls $6
*** SHOW DOWN ***
bubsski: shows [8s 2d] (a straight, Ace to Five)
Snuffymo: mucks hand
bubsski collected $41.50 from pot
*** SUMMARY ***
Total pot $42 | Rake $0.50
Board [4h 5h As 4d 3h]
Seat 2: bubsski (big blind) showed [8s 2d] and won ($41.50) with a straight, Ace to Five
Seat 4: Snuffymo (button) (small blind) mucked


PokerStars Hand #176082014448:  Hold'em Limit ($3/$6 USD) - 2017/09/24 18:13:17 ET
Table 'Otto Struve' 6-max Seat #2 is the button
Seat 2: bubsski ($131.29 in chips)
Seat 4: Snuffymo ($83.61 in chips)
bubsski: posts small blind $1
Snuffymo: posts big blind $3
*** HOLE CARDS ***
bubsski: raises $3 to $6
Snuffymo has timed out
Snuffymo: folds
Uncalled bet ($3) returned to bubsski
bubsski collected $6 from pot
bubsski: doesn't show hand
*** SUMMARY ***
Total pot $6 | Rake $0
Seat 2: bubsski (button) (small blind) collected ($6)
Seat 4: Snuffymo (big blind) folded before Flop


