PokerStars Hand #159031100354:  Hold'em Limit ($3/$6 USD) - 2016/09/24 12:10:49 ET
Table 'Ounas' 6-max Seat #1 is the button
Seat 1: fishbla ($235.60 in chips)
Seat 6: Azrarn ($167.48 in chips)
fishbla: posts small blind $1
arina201317: is sitting out
Azrarn: posts big blind $3
*** HOLE CARDS ***
fishbla: raises $3 to $6
Azrarn: calls $3
*** FLOP *** [Th 8s 7c]
Azrarn: checks
fishbla: bets $3
Azrarn: calls $3
*** TURN *** [Th 8s 7c] [Ks]
Azrarn: checks
fishbla: checks
*** RIVER *** [Th 8s 7c Ks] [Qs]
Azrarn: checks
fishbla: checks
*** SHOW DOWN ***
Azrarn: shows [3c 8c] (a pair of Eights)
fishbla: mucks hand
Azrarn collected $17.64 from pot
*** SUMMARY ***
Total pot $18 | Rake $0.36
Board [Th 8s 7c Ks Qs]
Seat 1: fishbla (button) (small blind) mucked
Seat 6: Azrarn (big blind) showed [3c 8c] and won ($17.64) with a pair of Eights


PokerStars Hand #159031134565:  Hold'em Limit ($3/$6 USD) - 2016/09/24 12:11:27 ET
Table 'Ounas' 6-max Seat #6 is the button
Seat 1: fishbla ($226.60 in chips)
Seat 6: Azrarn ($176.12 in chips)
Azrarn: posts small blind $1
fishbla: posts big blind $3
*** HOLE CARDS ***
Azrarn: raises $3 to $6
fishbla: raises $3 to $9
arina201317 leaves the table
Azrarn: calls $3
*** FLOP *** [7c 4d Qc]
fishbla: bets $3
Azrarn: calls $3
*** TURN *** [7c 4d Qc] [9s]
fishbla: bets $6
Azrarn: calls $6
*** RIVER *** [7c 4d Qc 9s] [Qs]
fishbla: checks
Azrarn: checks
*** SHOW DOWN ***
fishbla: shows [Ac 6d] (a pair of Queens)
Azrarn: shows [Ts Ad] (a pair of Queens - Ace+Ten kicker)
Azrarn collected $35.50 from pot
*** SUMMARY ***
Total pot $36 | Rake $0.50
Board [7c 4d Qc 9s Qs]
Seat 1: fishbla (big blind) showed [Ac 6d] and lost with a pair of Queens
Seat 6: Azrarn (button) (small blind) showed [Ts Ad] and won ($35.50) with a pair of Queens


