PokerStars Hand #168045608441:  Hold'em Limit ($3/$6 USD) - 2017/03/24 13:22:19 ET
Table 'Ounas' 6-max Seat #5 is the button
Seat 3: lexishake ($82.32 in chips)
Seat 5: Ale4o ($117 in chips)
Ale4o: posts small blind $1
lexishake: posts big blind $3
*** HOLE CARDS ***
Ale4o: raises $3 to $6
lexishake: calls $3
*** FLOP *** [7c Jh As]
vestimokrec joins the table at seat #4
lexishake: checks
Ale4o: bets $3
lexishake: folds
Uncalled bet ($3) returned to Ale4o
Ale4o collected $11.76 from pot
Ale4o: doesn't show hand
*** SUMMARY ***
Total pot $12 | Rake $0.24
Board [7c Jh As]
Seat 3: lexishake (big blind) folded on the Flop
Seat 5: Ale4o (button) (small blind) collected ($11.76)


PokerStars Hand #168045592833:  Hold'em Limit ($3/$6 USD) - 2017/03/24 13:21:58 ET
Table 'Ounas' 6-max Seat #3 is the button
Seat 3: lexishake ($79.44 in chips)
Seat 5: Ale4o ($120 in chips)
lexishake: posts small blind $1
MTails: is sitting out
Ale4o: posts big blind $3
*** HOLE CARDS ***
lexishake: calls $2
Ale4o: checks
*** FLOP *** [Ac Jd 7s]
Ale4o: checks
MTails leaves the table
lexishake: bets $3
Ale4o: folds
Uncalled bet ($3) returned to lexishake
lexishake collected $5.88 from pot
*** SUMMARY ***
Total pot $6 | Rake $0.12
Board [Ac Jd 7s]
Seat 3: lexishake (button) (small blind) collected ($5.88)
Seat 5: Ale4o (big blind) folded on the Flop


