PokerStars Hand #168168863743:  Hold'em Limit ($3/$6 USD) - 2017/03/26 22:29:28 ET
Table 'Outeniqua' 6-max Seat #2 is the button
Seat 2: BigDrizzy ($120 in chips)
Seat 4: AzureCaper ($72 in chips)
BigDrizzy: posts small blind $1
AzureCaper: posts big blind $3
*** HOLE CARDS ***
BigDrizzy: calls $2
AzureCaper: checks
*** FLOP *** [6s 7d Th]
AzureCaper: checks
BigDrizzy: bets $3
AzureCaper: folds
Uncalled bet ($3) returned to BigDrizzy
BigDrizzy collected $5.88 from pot
BigDrizzy: doesn't show hand
*** SUMMARY ***
Total pot $6 | Rake $0.12
Board [6s 7d Th]
Seat 2: BigDrizzy (button) (small blind) collected ($5.88)
Seat 4: AzureCaper (big blind) folded on the Flop


PokerStars Hand #168168879007:  Hold'em Limit ($3/$6 USD) - 2017/03/26 22:29:57 ET
Table 'Outeniqua' 6-max Seat #2 is the button
Seat 2: BigDrizzy ($119.88 in chips)
Seat 4: AzureCaper ($75 in chips)
BigDrizzy: posts small blind $1
AzureCaper: posts big blind $3
*** HOLE CARDS ***
BigDrizzy: folds
Uncalled bet ($2) returned to AzureCaper
AzureCaper collected $2 from pot
AzureCaper: doesn't show hand
*** SUMMARY ***
Total pot $2 | Rake $0
Seat 2: BigDrizzy (button) (small blind) folded before Flop
Seat 4: AzureCaper (big blind) collected ($2)


PokerStars Hand #168168876643:  Hold'em Limit ($3/$6 USD) - 2017/03/26 22:29:50 ET
Table 'Outeniqua' 6-max Seat #4 is the button
Seat 2: BigDrizzy ($122.88 in chips)
Seat 4: AzureCaper ($72 in chips)
AzureCaper: posts small blind $1
BigDrizzy: posts big blind $3
*** HOLE CARDS ***
AzureCaper: raises $3 to $6
BigDrizzy: folds
Uncalled bet ($3) returned to AzureCaper
AzureCaper collected $6 from pot
AzureCaper: doesn't show hand
*** SUMMARY ***
Total pot $6 | Rake $0
Seat 2: BigDrizzy (big blind) folded before Flop
Seat 4: AzureCaper (button) (small blind) collected ($6)


PokerStars Hand #168168881208:  Hold'em Limit ($3/$6 USD) - 2017/03/26 22:30:03 ET
Table 'Outeniqua' 6-max Seat #4 is the button
Seat 2: BigDrizzy ($118.88 in chips)
Seat 4: AzureCaper ($76 in chips)
AzureCaper: posts small blind $1
BigDrizzy: posts big blind $3
*** HOLE CARDS ***
AzureCaper: raises $3 to $6
BigDrizzy: folds
Uncalled bet ($3) returned to AzureCaper
AzureCaper collected $6 from pot
AzureCaper: doesn't show hand
*** SUMMARY ***
Total pot $6 | Rake $0
Seat 2: BigDrizzy (big blind) folded before Flop
Seat 4: AzureCaper (button) (small blind) collected ($6)


PokerStars Hand #168168902521:  Hold'em Limit ($3/$6 USD) - 2017/03/26 22:31:03 ET
Table 'Outeniqua' 6-max Seat #4 is the button
Seat 2: BigDrizzy ($114.88 in chips)
Seat 4: AzureCaper ($80 in chips)
AzureCaper: posts small blind $1
BigDrizzy: posts big blind $3
*** HOLE CARDS ***
AzureCaper: raises $3 to $6
BigDrizzy: folds
Uncalled bet ($3) returned to AzureCaper
AzureCaper collected $6 from pot
AzureCaper: doesn't show hand
*** SUMMARY ***
Total pot $6 | Rake $0
Seat 2: BigDrizzy (big blind) folded before Flop
Seat 4: AzureCaper (button) (small blind) collected ($6)


PokerStars Hand #168168891496:  Hold'em Limit ($3/$6 USD) - 2017/03/26 22:30:32 ET
Table 'Outeniqua' 6-max Seat #2 is the button
Seat 2: BigDrizzy ($115.88 in chips)
Seat 4: AzureCaper ($79 in chips)
BigDrizzy: posts small blind $1
AzureCaper: posts big blind $3
*** HOLE CARDS ***
BigDrizzy: folds
Uncalled bet ($2) returned to AzureCaper
AzureCaper collected $2 from pot
AzureCaper: doesn't show hand
*** SUMMARY ***
Total pot $2 | Rake $0
Seat 2: BigDrizzy (button) (small blind) folded before Flop
Seat 4: AzureCaper (big blind) collected ($2)


PokerStars Hand #168168907369:  Hold'em Limit ($3/$6 USD) - 2017/03/26 22:31:17 ET
Table 'Outeniqua' 6-max Seat #4 is the button
Seat 2: BigDrizzy ($110.88 in chips)
Seat 4: AzureCaper ($84 in chips)
AzureCaper: posts small blind $1
BigDrizzy: posts big blind $3
*** HOLE CARDS ***
AzureCaper: folds
Uncalled bet ($2) returned to BigDrizzy
BigDrizzy collected $2 from pot
BigDrizzy: doesn't show hand
*** SUMMARY ***
Total pot $2 | Rake $0
Seat 2: BigDrizzy (big blind) collected ($2)
Seat 4: AzureCaper (button) (small blind) folded before Flop


PokerStars Hand #168168905319:  Hold'em Limit ($3/$6 USD) - 2017/03/26 22:31:11 ET
Table 'Outeniqua' 6-max Seat #2 is the button
Seat 2: BigDrizzy ($111.88 in chips)
Seat 4: AzureCaper ($83 in chips)
BigDrizzy: posts small blind $1
AzureCaper: posts big blind $3
*** HOLE CARDS ***
BigDrizzy: folds
Uncalled bet ($2) returned to AzureCaper
AzureCaper collected $2 from pot
AzureCaper: doesn't show hand
*** SUMMARY ***
Total pot $2 | Rake $0
Seat 2: BigDrizzy (button) (small blind) folded before Flop
Seat 4: AzureCaper (big blind) collected ($2)


PokerStars Hand #168168915075:  Hold'em Limit ($3/$6 USD) - 2017/03/26 22:31:39 ET
Table 'Outeniqua' 6-max Seat #4 is the button
Seat 2: BigDrizzy ($110.88 in chips)
Seat 4: AzureCaper ($84 in chips)
AzureCaper: posts small blind $1
BigDrizzy: posts big blind $3
*** HOLE CARDS ***
AzureCaper: folds
Uncalled bet ($2) returned to BigDrizzy
BigDrizzy collected $2 from pot
BigDrizzy: doesn't show hand
*** SUMMARY ***
Total pot $2 | Rake $0
Seat 2: BigDrizzy (big blind) collected ($2)
Seat 4: AzureCaper (button) (small blind) folded before Flop


PokerStars Hand #168168909129:  Hold'em Limit ($3/$6 USD) - 2017/03/26 22:31:22 ET
Table 'Outeniqua' 6-max Seat #2 is the button
Seat 2: BigDrizzy ($111.88 in chips)
Seat 4: AzureCaper ($83 in chips)
BigDrizzy: posts small blind $1
AzureCaper: posts big blind $3
*** HOLE CARDS ***
BigDrizzy: folds
Uncalled bet ($2) returned to AzureCaper
AzureCaper collected $2 from pot
AzureCaper: doesn't show hand
*** SUMMARY ***
Total pot $2 | Rake $0
Seat 2: BigDrizzy (button) (small blind) folded before Flop
Seat 4: AzureCaper (big blind) collected ($2)


