PokerStars Hand #151897587291:  Hold'em Limit ($3/$6 USD) - 2016/04/14 8:10:23 ET
Table 'Owa II' 6-max Seat #6 is the button
Seat 4: Agrotait ($72 in chips)
Seat 6: jackdog ($33.38 in chips)
jackdog: posts small blind $1
Agrotait: posts big blind $3
*** HOLE CARDS ***
jackdog: folds
Uncalled bet ($2) returned to Agrotait
Agrotait collected $2 from pot
Agrotait: doesn't show hand
*** SUMMARY ***
Total pot $2 | Rake $0
Seat 4: Agrotait (big blind) collected ($2)
Seat 6: jackdog (button) (small blind) folded before Flop


PokerStars Hand #151897607431:  Hold'em Limit ($3/$6 USD) - 2016/04/14 8:11:02 ET
Table 'Owa II' 6-max Seat #4 is the button
Seat 4: Agrotait ($78.64 in chips)
Seat 6: jackdog ($26.38 in chips)
Agrotait: posts small blind $1
jackdog: posts big blind $3
*** HOLE CARDS ***
Agrotait: folds
Uncalled bet ($2) returned to jackdog
jackdog collected $2 from pot
jackdog: doesn't show hand
*** SUMMARY ***
Total pot $2 | Rake $0
Seat 4: Agrotait (button) (small blind) folded before Flop
Seat 6: jackdog (big blind) collected ($2)


PokerStars Hand #151897591044:  Hold'em Limit ($3/$6 USD) - 2016/04/14 8:10:30 ET
Table 'Owa II' 6-max Seat #4 is the button
Seat 4: Agrotait ($73 in chips)
Seat 6: jackdog ($32.38 in chips)
Agrotait: posts small blind $1
jackdog: posts big blind $3
*** HOLE CARDS ***
Agrotait: raises $3 to $6
jackdog: calls $3
*** FLOP *** [7h Kd Jd]
jackdog: checks
Agrotait: bets $3
jackdog: calls $3
*** TURN *** [7h Kd Jd] [2h]
jackdog: checks
Agrotait: bets $6
jackdog: folds
Uncalled bet ($6) returned to Agrotait
Agrotait collected $17.64 from pot
Agrotait: doesn't show hand
*** SUMMARY ***
Total pot $18 | Rake $0.36
Board [7h Kd Jd 2h]
Seat 4: Agrotait (button) (small blind) collected ($17.64)
Seat 6: jackdog (big blind) folded on the Turn


PokerStars Hand #151897603038:  Hold'em Limit ($3/$6 USD) - 2016/04/14 8:10:53 ET
Table 'Owa II' 6-max Seat #6 is the button
Seat 4: Agrotait ($81.64 in chips)
Seat 6: jackdog ($23.38 in chips)
jackdog: posts small blind $1
Agrotait: posts big blind $3
*** HOLE CARDS ***
jackdog: raises $3 to $6
Agrotait: folds
Uncalled bet ($3) returned to jackdog
jackdog collected $6 from pot
jackdog: doesn't show hand
*** SUMMARY ***
Total pot $6 | Rake $0
Seat 4: Agrotait (big blind) folded before Flop
Seat 6: jackdog (button) (small blind) collected ($6)


PokerStars Hand #151897610180:  Hold'em Limit ($3/$6 USD) - 2016/04/14 8:11:07 ET
Table 'Owa II' 6-max Seat #6 is the button
Seat 4: Agrotait ($77.64 in chips)
Seat 6: jackdog ($27.38 in chips)
jackdog: posts small blind $1
Agrotait: posts big blind $3
*** HOLE CARDS ***
jackdog: raises $3 to $6
Agrotait: calls $3
*** FLOP *** [7c Js 5d]
Agrotait: checks
jackdog: checks
*** TURN *** [7c Js 5d] [6c]
Agrotait: bets $6
jackdog: folds
Uncalled bet ($6) returned to Agrotait
Agrotait collected $11.76 from pot
Agrotait: doesn't show hand
*** SUMMARY ***
Total pot $12 | Rake $0.24
Board [7c Js 5d 6c]
Seat 4: Agrotait (big blind) collected ($11.76)
Seat 6: jackdog (button) (small blind) folded on the Turn


PokerStars Hand #151897625631:  Hold'em Limit ($3/$6 USD) - 2016/04/14 8:11:37 ET
Table 'Owa II' 6-max Seat #6 is the button
Seat 4: Agrotait ($89.16 in chips)
Seat 6: jackdog ($15.38 in chips)
jackdog: posts small blind $1
Agrotait: posts big blind $3
*** HOLE CARDS ***
jackdog: raises $3 to $6
Agrotait: folds
Uncalled bet ($3) returned to jackdog
jackdog collected $6 from pot
jackdog: doesn't show hand
*** SUMMARY ***
Total pot $6 | Rake $0
Seat 4: Agrotait (big blind) folded before Flop
Seat 6: jackdog (button) (small blind) collected ($6)


PokerStars Hand #151897617411:  Hold'em Limit ($3/$6 USD) - 2016/04/14 8:11:21 ET
Table 'Owa II' 6-max Seat #4 is the button
Seat 4: Agrotait ($83.40 in chips)
Seat 6: jackdog ($21.38 in chips)
Agrotait: posts small blind $1
jackdog: posts big blind $3
*** HOLE CARDS ***
Agrotait: raises $3 to $6
jackdog: calls $3
*** FLOP *** [Kh Ad Kd]
jackdog: checks
Agrotait: bets $3
jackdog: folds
Uncalled bet ($3) returned to Agrotait
Agrotait collected $11.76 from pot
Agrotait: doesn't show hand
*** SUMMARY ***
Total pot $12 | Rake $0.24
Board [Kh Ad Kd]
Seat 4: Agrotait (button) (small blind) collected ($11.76)
Seat 6: jackdog (big blind) folded on the Flop


PokerStars Hand #151897659187:  Hold'em Limit ($3/$6 USD) - 2016/04/14 8:12:43 ET
Table 'Owa II' 6-max Seat #6 is the button
Seat 4: Agrotait ($74.16 in chips)
Seat 6: jackdog ($29.90 in chips)
jackdog: posts small blind $1
Agrotait: posts big blind $3
*** HOLE CARDS ***
jackdog: calls $2
Agrotait: checks
*** FLOP *** [Kc 9c Ts]
Agrotait: checks
jackdog: checks
*** TURN *** [Kc 9c Ts] [Tc]
Agrotait: bets $6
jackdog: folds
Uncalled bet ($6) returned to Agrotait
Agrotait collected $5.88 from pot
Agrotait: doesn't show hand
*** SUMMARY ***
Total pot $6 | Rake $0.12
Board [Kc 9c Ts Tc]
Seat 4: Agrotait (big blind) collected ($5.88)
Seat 6: jackdog (button) (small blind) folded on the Turn


PokerStars Hand #151897631989:  Hold'em Limit ($3/$6 USD) - 2016/04/14 8:11:50 ET
Table 'Owa II' 6-max Seat #4 is the button
Seat 4: Agrotait ($86.16 in chips)
Seat 6: jackdog ($18.38 in chips)
Agrotait: posts small blind $1
jackdog: posts big blind $3
*** HOLE CARDS ***
Agrotait: raises $3 to $6
jackdog: raises $3 to $9
Agrotait: calls $3
*** FLOP *** [Td Tc 3d]
jackdog: bets $3
Agrotait: calls $3
*** TURN *** [Td Tc 3d] [Jh]
jackdog: bets $6
liolilove joins the table at seat #1
Agrotait: folds
Uncalled bet ($6) returned to jackdog
jackdog collected $23.52 from pot
jackdog: doesn't show hand
*** SUMMARY ***
Total pot $24 | Rake $0.48
Board [Td Tc 3d Jh]
Seat 4: Agrotait (button) (small blind) folded on the Turn
Seat 6: jackdog (big blind) collected ($23.52)


PokerStars Hand #151897698175:  Hold'em Limit ($3/$6 USD) - 2016/04/14 8:14:00 ET
Table 'Owa II' 6-max Seat #6 is the button
Seat 4: Agrotait ($97.54 in chips)
Seat 6: jackdog ($5.90 in chips)
jackdog: posts small blind $1
Agrotait: posts big blind $3
*** HOLE CARDS ***
jackdog: raises $2.90 to $5.90 and is all-in
Agrotait: calls $2.90
*** FLOP *** [Qh 7d 4s]
*** TURN *** [Qh 7d 4s] [Th]
*** RIVER *** [Qh 7d 4s Th] [Ks]
*** SHOW DOWN ***
Agrotait: shows [3s Ac] (high card Ace)
jackdog: shows [2c 5s] (high card King)
Agrotait collected $11.56 from pot
*** SUMMARY ***
Total pot $11.80 | Rake $0.24
Board [Qh 7d 4s Th Ks]
Seat 4: Agrotait (big blind) showed [3s Ac] and won ($11.56) with high card Ace
Seat 6: jackdog (button) (small blind) showed [2c 5s] and lost with high card King


PokerStars Hand #151897682314:  Hold'em Limit ($3/$6 USD) - 2016/04/14 8:13:29 ET
Table 'Owa II' 6-max Seat #4 is the button
Seat 4: Agrotait ($77.04 in chips)
Seat 6: jackdog ($26.90 in chips)
Agrotait: posts small blind $1
jackdog: posts big blind $3
*** HOLE CARDS ***
Agrotait: raises $3 to $6
jackdog: calls $3
*** FLOP *** [7s 5d Js]
jackdog: checks
Agrotait: bets $3
jackdog: calls $3
*** TURN *** [7s 5d Js] [Th]
jackdog: checks
Agrotait: bets $6
jackdog: calls $6
*** RIVER *** [7s 5d Js Th] [Ts]
jackdog: checks
Agrotait: bets $6
jackdog: calls $6
*** SHOW DOWN ***
Agrotait: shows [Jd 2d] (two pair, Jacks and Tens)
jackdog: mucks hand
Agrotait collected $41.50 from pot
*** SUMMARY ***
Total pot $42 | Rake $0.50
Board [7s 5d Js Th Ts]
Seat 4: Agrotait (button) (small blind) showed [Jd 2d] and won ($41.50) with two pair, Jacks and Tens
Seat 6: jackdog (big blind) mucked


