PokerStars Hand #168089008384:  Hold'em Limit ($3/$6 USD) - 2017/03/25 11:33:58 ET
Table 'Owa' 6-max Seat #1 is the button
Seat 1: Velbor107 ($300 in chips)
Seat 6: nordschrott ($138.77 in chips)
FHstyles: is sitting out
FHstyles leaves the table
Velbor107: posts small blind $1
nordschrott: posts big blind $3
*** HOLE CARDS ***
Velbor107: raises $3 to $6
nordschrott: calls $3
*** FLOP *** [Kc 6d Th]
nordschrott: checks
Velbor107: bets $3
nordschrott: calls $3
*** TURN *** [Kc 6d Th] [9h]
nordschrott: checks
Velbor107: checks
*** RIVER *** [Kc 6d Th 9h] [3d]
nordschrott: bets $6
Velbor107: calls $6
*** SHOW DOWN ***
nordschrott: shows [6c 5c] (a pair of Sixes)
Velbor107: shows [6s Ac] (a pair of Sixes - Ace kicker)
Velbor107 collected $29.50 from pot
*** SUMMARY ***
Total pot $30 | Rake $0.50
Board [Kc 6d Th 9h 3d]
Seat 1: Velbor107 (button) (small blind) showed [6s Ac] and won ($29.50) with a pair of Sixes
Seat 6: nordschrott (big blind) showed [6c 5c] and lost with a pair of Sixes


PokerStars Hand #168089074577:  Hold'em Limit ($3/$6 USD) - 2017/03/25 11:35:35 ET
Table 'Owa' 6-max Seat #6 is the button
Seat 1: Velbor107 ($326.02 in chips)
Seat 6: nordschrott ($111.77 in chips)
nordschrott: posts small blind $1
Velbor107: posts big blind $3
*** HOLE CARDS ***
nordschrott: calls $2
Velbor107: checks
*** FLOP *** [5s 3s 4s]
Velbor107: bets $3
nordschrott: calls $3
*** TURN *** [5s 3s 4s] [7h]
Velbor107: bets $6
nordschrott: calls $6
*** RIVER *** [5s 3s 4s 7h] [Kc]
Velbor107: bets $6
nordschrott: folds
Uncalled bet ($6) returned to Velbor107
Velbor107 collected $23.52 from pot
*** SUMMARY ***
Total pot $24 | Rake $0.48
Board [5s 3s 4s 7h Kc]
Seat 1: Velbor107 (big blind) collected ($23.52)
Seat 6: nordschrott (button) (small blind) folded on the River


PokerStars Hand #168089046692:  Hold'em Limit ($3/$6 USD) - 2017/03/25 11:34:54 ET
Table 'Owa' 6-max Seat #1 is the button
Seat 1: Velbor107 ($317.38 in chips)
Seat 6: nordschrott ($120.77 in chips)
Velbor107: posts small blind $1
nordschrott: posts big blind $3
*** HOLE CARDS ***
Velbor107: raises $3 to $6
nordschrott: calls $3
*** FLOP *** [6s 3c 9s]
nordschrott: checks
Velbor107: bets $3
nordschrott: calls $3
*** TURN *** [6s 3c 9s] [Ac]
nordschrott: checks
Velbor107: bets $6
nordschrott: folds
Uncalled bet ($6) returned to Velbor107
Velbor107 collected $17.64 from pot
*** SUMMARY ***
Total pot $18 | Rake $0.36
Board [6s 3c 9s Ac]
Seat 1: Velbor107 (button) (small blind) collected ($17.64)
Seat 6: nordschrott (big blind) folded on the Turn


PokerStars Hand #168089100338:  Hold'em Limit ($3/$6 USD) - 2017/03/25 11:36:13 ET
Table 'Owa' 6-max Seat #1 is the button
Seat 1: Velbor107 ($337.54 in chips)
Seat 6: nordschrott ($99.77 in chips)
Velbor107: posts small blind $1
nordschrott: posts big blind $3
*** HOLE CARDS ***
Velbor107: folds
Uncalled bet ($2) returned to nordschrott
nordschrott collected $2 from pot
*** SUMMARY ***
Total pot $2 | Rake $0
Seat 1: Velbor107 (button) (small blind) folded before Flop
Seat 6: nordschrott (big blind) collected ($2)


PokerStars Hand #168089106537:  Hold'em Limit ($3/$6 USD) - 2017/03/25 11:36:22 ET
Table 'Owa' 6-max Seat #6 is the button
Seat 1: Velbor107 ($336.54 in chips)
Seat 6: nordschrott ($100.77 in chips)
nordschrott: posts small blind $1
Velbor107: posts big blind $3
*** HOLE CARDS ***
nordschrott: folds
Uncalled bet ($2) returned to Velbor107
Velbor107 collected $2 from pot
*** SUMMARY ***
Total pot $2 | Rake $0
Seat 1: Velbor107 (big blind) collected ($2)
Seat 6: nordschrott (button) (small blind) folded before Flop


PokerStars Hand #168089141608:  Hold'em Limit ($3/$6 USD) - 2017/03/25 11:37:13 ET
Table 'Owa' 6-max Seat #1 is the button
Seat 1: Velbor107 ($317.54 in chips)
Seat 6: nordschrott ($119.27 in chips)
Velbor107: posts small blind $1
nordschrott: posts big blind $3
*** HOLE CARDS ***
Velbor107: folds
Uncalled bet ($2) returned to nordschrott
nordschrott collected $2 from pot
*** SUMMARY ***
Total pot $2 | Rake $0
Seat 1: Velbor107 (button) (small blind) folded before Flop
Seat 6: nordschrott (big blind) collected ($2)


PokerStars Hand #168089138231:  Hold'em Limit ($3/$6 USD) - 2017/03/25 11:37:08 ET
Table 'Owa' 6-max Seat #6 is the button
Seat 1: Velbor107 ($316.54 in chips)
Seat 6: nordschrott ($120.27 in chips)
nordschrott: posts small blind $1
Velbor107: posts big blind $3
*** HOLE CARDS ***
Widegermany joins the table at seat #2
nordschrott: folds
Uncalled bet ($2) returned to Velbor107
Velbor107 collected $2 from pot
*** SUMMARY ***
Total pot $2 | Rake $0
Seat 1: Velbor107 (big blind) collected ($2)
Seat 6: nordschrott (button) (small blind) folded before Flop


PokerStars Hand #168089152666:  Hold'em Limit ($3/$6 USD) - 2017/03/25 11:37:29 ET
Table 'Owa' 6-max Seat #1 is the button
Seat 1: Velbor107 ($317.54 in chips)
Seat 6: nordschrott ($119.27 in chips)
Velbor107: posts small blind $1
nordschrott: posts big blind $3
*** HOLE CARDS ***
Velbor107: raises $3 to $6
nordschrott: calls $3
*** FLOP *** [Td 4d 5h]
nordschrott: checks
Velbor107: bets $3
nordschrott: folds
Uncalled bet ($3) returned to Velbor107
Velbor107 collected $11.76 from pot
*** SUMMARY ***
Total pot $12 | Rake $0.24
Board [Td 4d 5h]
Seat 1: Velbor107 (button) (small blind) collected ($11.76)
Seat 6: nordschrott (big blind) folded on the Flop


PokerStars Hand #168089149194:  Hold'em Limit ($3/$6 USD) - 2017/03/25 11:37:24 ET
Table 'Owa' 6-max Seat #6 is the button
Seat 1: Velbor107 ($316.54 in chips)
Seat 6: nordschrott ($120.27 in chips)
nordschrott: posts small blind $1
Velbor107: posts big blind $3
*** HOLE CARDS ***
nordschrott: folds
Uncalled bet ($2) returned to Velbor107
Velbor107 collected $2 from pot
*** SUMMARY ***
Total pot $2 | Rake $0
Seat 1: Velbor107 (big blind) collected ($2)
Seat 6: nordschrott (button) (small blind) folded before Flop


PokerStars Hand #168089161117:  Hold'em Limit ($3/$6 USD) - 2017/03/25 11:37:41 ET
Table 'Owa' 6-max Seat #6 is the button
Seat 1: Velbor107 ($323.30 in chips)
Seat 6: nordschrott ($113.27 in chips)
nordschrott: posts small blind $1
Velbor107: posts big blind $3
*** HOLE CARDS ***
nordschrott: calls $2
Velbor107: checks
*** FLOP *** [Jh 6c 6h]
Velbor107: checks
nordschrott: bets $3
Velbor107: calls $3
*** TURN *** [Jh 6c 6h] [5d]
Velbor107: checks
pavel996 joins the table at seat #3
nordschrott: checks
*** RIVER *** [Jh 6c 6h 5d] [Jd]
Velbor107: checks
nordschrott: bets $6
zxkz joins the table at seat #4
Velbor107: calls $6
*** SHOW DOWN ***
nordschrott: shows [7h Qs] (two pair, Jacks and Sixes)
Velbor107: shows [3c As] (two pair, Jacks and Sixes - Ace kicker)
Velbor107 collected $23.52 from pot
*** SUMMARY ***
Total pot $24 | Rake $0.48
Board [Jh 6c 6h 5d Jd]
Seat 1: Velbor107 (big blind) showed [3c As] and won ($23.52) with two pair, Jacks and Sixes
Seat 6: nordschrott (button) (small blind) showed [7h Qs] and lost with two pair, Jacks and Sixes


PokerStars Hand #168092323308:  Hold'em Limit ($3/$6 USD) - 2017/03/25 12:48:49 ET
Table 'Owa' 6-max Seat #1 is the button
Seat 1: Velbor107 ($315.50 in chips)
Seat 6: rizzi008 ($22.48 in chips)
Velbor107: posts small blind $1
rizzi008: posts big blind $3
*** HOLE CARDS ***
Velbor107: raises $3 to $6
rizzi008: raises $3 to $9
Velbor107: calls $3
*** FLOP *** [7c As 3h]
rizzi008: bets $3
Velbor107: calls $3
*** TURN *** [7c As 3h] [5s]
rizzi008: bets $6
Velbor107: raises $6 to $12
rizzi008: calls $4.48 and is all-in
Uncalled bet ($1.52) returned to Velbor107
*** RIVER *** [7c As 3h 5s] [3d]
*** SHOW DOWN ***
rizzi008: shows [Qh 8s] (a pair of Threes)
Velbor107: shows [7s Js] (two pair, Sevens and Threes)
Velbor107 collected $44.46 from pot
*** SUMMARY ***
Total pot $44.96 | Rake $0.50
Board [7c As 3h 5s 3d]
Seat 1: Velbor107 (button) (small blind) showed [7s Js] and won ($44.46) with two pair, Sevens and Threes
Seat 6: rizzi008 (big blind) showed [Qh 8s] and lost with a pair of Threes


