PokerStars Hand #160262190615:  Hold'em Limit ($3/$6 USD) - 2016/10/21 21:59:22 ET
Table 'Paaliaq' 10-max Seat #9 is the button
Seat 1: ghj_n ($58.25 in chips)
Seat 9: GoliafUa ($93 in chips)
GoliafUa: posts small blind $1
ghj_n: posts big blind $3
*** HOLE CARDS ***
GoliafUa: raises $3 to $6
ghj_n: folds
Uncalled bet ($3) returned to GoliafUa
GoliafUa collected $6 from pot
GoliafUa: doesn't show hand
*** SUMMARY ***
Total pot $6 | Rake $0
Seat 1: ghj_n (big blind) folded before Flop
Seat 9: GoliafUa (button) (small blind) collected ($6)


PokerStars Hand #160262182938:  Hold'em Limit ($3/$6 USD) - 2016/10/21 21:58:59 ET
Table 'Paaliaq' 10-max Seat #1 is the button
Seat 1: ghj_n ($31.75 in chips)
Seat 9: GoliafUa ($120 in chips)
ghj_n: posts small blind $1
GoliafUa: posts big blind $3
*** HOLE CARDS ***
ghj_n: raises $3 to $6
GoliafUa: calls $3
*** FLOP *** [Jc 5c Jh]
GoliafUa: checks
ghj_n: bets $3
GoliafUa: raises $3 to $6
ghj_n: raises $3 to $9
GoliafUa: calls $3
*** TURN *** [Jc 5c Jh] [4c]
GoliafUa: checks
ghj_n: bets $6
GoliafUa: calls $6
*** RIVER *** [Jc 5c Jh 4c] [8s]
GoliafUa: checks
ghj_n: bets $6
GoliafUa: calls $6
*** SHOW DOWN ***
ghj_n: shows [Ks 5d] (two pair, Jacks and Fives)
GoliafUa: mucks hand
ghj_n collected $53.50 from pot
*** SUMMARY ***
Total pot $54 | Rake $0.50
Board [Jc 5c Jh 4c 8s]
Seat 1: ghj_n (button) (small blind) showed [Ks 5d] and won ($53.50) with two pair, Jacks and Fives
Seat 9: GoliafUa (big blind) mucked


PokerStars Hand #160262199725:  Hold'em Limit ($3/$6 USD) - 2016/10/21 21:59:48 ET
Table 'Paaliaq' 10-max Seat #1 is the button
Seat 1: ghj_n ($51.25 in chips)
Seat 9: GoliafUa ($100 in chips)
ghj_n: posts small blind $1
GoliafUa: posts big blind $3
*** HOLE CARDS ***
ghj_n: raises $3 to $6
GoliafUa: raises $3 to $9
ghj_n: raises $3 to $12
Betting is capped
GoliafUa: calls $3
*** FLOP *** [8s 6h Th]
GoliafUa: checks
ghj_n: bets $3
GoliafUa: calls $3
*** TURN *** [8s 6h Th] [9d]
GoliafUa: checks
ghj_n: bets $6
GoliafUa: calls $6
*** RIVER *** [8s 6h Th 9d] [Qc]
GoliafUa: checks
ghj_n: bets $6
GoliafUa: calls $6
*** SHOW DOWN ***
ghj_n: shows [Tc Ts] (three of a kind, Tens)
GoliafUa: mucks hand
ghj_n collected $53.50 from pot
*** SUMMARY ***
Total pot $54 | Rake $0.50
Board [8s 6h Th 9d Qc]
Seat 1: ghj_n (button) (small blind) showed [Tc Ts] and won ($53.50) with three of a kind, Tens
Seat 9: GoliafUa (big blind) mucked


PokerStars Hand #160262196997:  Hold'em Limit ($3/$6 USD) - 2016/10/21 21:59:40 ET
Table 'Paaliaq' 10-max Seat #9 is the button
Seat 1: ghj_n ($54.25 in chips)
Seat 9: GoliafUa ($97 in chips)
GoliafUa: posts small blind $1
ghj_n: posts big blind $3
*** HOLE CARDS ***
GoliafUa: raises $3 to $6
ghj_n: folds
Uncalled bet ($3) returned to GoliafUa
GoliafUa collected $6 from pot
GoliafUa: doesn't show hand
*** SUMMARY ***
Total pot $6 | Rake $0
Seat 1: ghj_n (big blind) folded before Flop
Seat 9: GoliafUa (button) (small blind) collected ($6)


PokerStars Hand #160262193021:  Hold'em Limit ($3/$6 USD) - 2016/10/21 21:59:29 ET
Table 'Paaliaq' 10-max Seat #1 is the button
Seat 1: ghj_n ($55.25 in chips)
Seat 9: GoliafUa ($96 in chips)
ghj_n: posts small blind $1
GoliafUa: posts big blind $3
*** HOLE CARDS ***
ghj_n: folds
Uncalled bet ($2) returned to GoliafUa
GoliafUa collected $2 from pot
GoliafUa: doesn't show hand
*** SUMMARY ***
Total pot $2 | Rake $0
Seat 1: ghj_n (button) (small blind) folded before Flop
Seat 9: GoliafUa (big blind) collected ($2)


PokerStars Hand #160262218683:  Hold'em Limit ($3/$6 USD) - 2016/10/21 22:00:42 ET
Table 'Paaliaq' 10-max Seat #9 is the button
Seat 1: ghj_n ($85.39 in chips)
Seat 9: GoliafUa ($65 in chips)
GoliafUa: posts small blind $1
ghj_n: posts big blind $3
*** HOLE CARDS ***
GoliafUa: raises $3 to $6
ghj_n: calls $3
*** FLOP *** [8c 7c 5h]
ghj_n: checks
GoliafUa: bets $3
ghj_n: calls $3
*** TURN *** [8c 7c 5h] [Ad]
ghj_n: checks
GoliafUa: bets $6
ghj_n: calls $6
*** RIVER *** [8c 7c 5h Ad] [7d]
ghj_n: checks
GoliafUa: bets $6
ghj_n: folds
Uncalled bet ($6) returned to GoliafUa
GoliafUa collected $29.50 from pot
GoliafUa: doesn't show hand
*** SUMMARY ***
Total pot $30 | Rake $0.50
Board [8c 7c 5h Ad 7d]
Seat 1: ghj_n (big blind) folded on the River
Seat 9: GoliafUa (button) (small blind) collected ($29.50)


PokerStars Hand #160262216156:  Hold'em Limit ($3/$6 USD) - 2016/10/21 22:00:35 ET
Table 'Paaliaq' 10-max Seat #1 is the button
Seat 1: ghj_n ($86.39 in chips)
Seat 9: GoliafUa ($64 in chips)
ghj_n: posts small blind $1
GoliafUa: posts big blind $3
*** HOLE CARDS ***
ghj_n: folds
Uncalled bet ($2) returned to GoliafUa
GoliafUa collected $2 from pot
GoliafUa: doesn't show hand
*** SUMMARY ***
Total pot $2 | Rake $0
Seat 1: ghj_n (button) (small blind) folded before Flop
Seat 9: GoliafUa (big blind) collected ($2)


PokerStars Hand #160262208104:  Hold'em Limit ($3/$6 USD) - 2016/10/21 22:00:12 ET
Table 'Paaliaq' 10-max Seat #9 is the button
Seat 1: ghj_n ($77.75 in chips)
Seat 9: GoliafUa ($73 in chips)
GoliafUa: posts small blind $1
ghj_n: posts big blind $3
*** HOLE CARDS ***
GoliafUa: raises $3 to $6
ghj_n: calls $3
*** FLOP *** [Js 4h 7d]
ghj_n: checks
GoliafUa: bets $3
ghj_n: calls $3
*** TURN *** [Js 4h 7d] [Jd]
ghj_n: checks
GoliafUa: checks
*** RIVER *** [Js 4h 7d Jd] [Qh]
ghj_n: checks
GoliafUa: checks
*** SHOW DOWN ***
ghj_n: shows [8c 7c] (two pair, Jacks and Sevens)
GoliafUa: mucks hand
ghj_n collected $17.64 from pot
*** SUMMARY ***
Total pot $18 | Rake $0.36
Board [Js 4h 7d Jd Qh]
Seat 1: ghj_n (big blind) showed [8c 7c] and won ($17.64) with two pair, Jacks and Sevens
Seat 9: GoliafUa (button) (small blind) mucked


