PokerStars Hand #152916897875:  Hold'em Limit ($3/$6 USD) - 2016/05/06 0:18:14 ET
Table 'Padua' 6-max Seat #4 is the button
Seat 1: hairy1961 ($59 in chips)
Seat 4: Mudager ($121 in chips)
Mudager: posts small blind $1
hairy1961: posts big blind $3
*** HOLE CARDS ***
Mudager: raises $3 to $6
hairy1961: raises $3 to $9
Mudager: calls $3
*** FLOP *** [4c 6d Ad]
hairy1961: bets $3
Mudager: calls $3
*** TURN *** [4c 6d Ad] [5c]
hairy1961: bets $6
Mudager: calls $6
*** RIVER *** [4c 6d Ad 5c] [2c]
hairy1961: bets $6
Mudager: calls $6
*** SHOW DOWN ***
hairy1961: shows [6h 2h] (two pair, Sixes and Deuces)
Mudager: mucks hand
hairy1961 collected $47.50 from pot
*** SUMMARY ***
Total pot $48 | Rake $0.50
Board [4c 6d Ad 5c 2c]
Seat 1: hairy1961 (big blind) showed [6h 2h] and won ($47.50) with two pair, Sixes and Deuces
Seat 4: Mudager (button) (small blind) mucked


PokerStars Hand #152916895656:  Hold'em Limit ($3/$6 USD) - 2016/05/06 0:18:05 ET
Table 'Padua' 6-max Seat #1 is the button
Seat 1: hairy1961 ($60 in chips)
Seat 4: Mudager ($120 in chips)
hairy1961: posts small blind $1
Mudager: posts big blind $3
*** HOLE CARDS ***
hairy1961: folds
Uncalled bet ($2) returned to Mudager
Mudager collected $2 from pot
Mudager: doesn't show hand
*** SUMMARY ***
Total pot $2 | Rake $0
Seat 1: hairy1961 (button) (small blind) folded before Flop
Seat 4: Mudager (big blind) collected ($2)


PokerStars Hand #152916903272:  Hold'em Limit ($3/$6 USD) - 2016/05/06 0:18:35 ET
Table 'Padua' 6-max Seat #1 is the button
Seat 1: hairy1961 ($82.50 in chips)
Seat 4: Mudager ($120 in chips)
hairy1961: posts small blind $1
Mudager: posts big blind $3
*** HOLE CARDS ***
hairy1961: folds
Uncalled bet ($2) returned to Mudager
Mudager collected $2 from pot
Mudager: doesn't show hand
*** SUMMARY ***
Total pot $2 | Rake $0
Seat 1: hairy1961 (button) (small blind) folded before Flop
Seat 4: Mudager (big blind) collected ($2)


PokerStars Hand #152916915524:  Hold'em Limit ($3/$6 USD) - 2016/05/06 0:19:13 ET
Table 'Padua' 6-max Seat #4 is the button
Seat 1: hairy1961 ($85.50 in chips)
Seat 4: Mudager ($121 in chips)
Mudager: posts small blind $1
hairy1961: posts big blind $3
*** HOLE CARDS ***
Mudager: raises $3 to $6
hairy1961: calls $3
*** FLOP *** [5c Qc 2s]
hairy1961: checks
Mudager: bets $3
hairy1961: raises $3 to $6
Mudager: calls $3
*** TURN *** [5c Qc 2s] [Jd]
hairy1961: bets $6
Mudager: calls $6
*** RIVER *** [5c Qc 2s Jd] [3d]
hairy1961: bets $6
Mudager: calls $6
*** SHOW DOWN ***
hairy1961: shows [Qh 3c] (two pair, Queens and Threes)
Mudager: mucks hand
hairy1961 collected $47.50 from pot
*** SUMMARY ***
Total pot $48 | Rake $0.50
Board [5c Qc 2s Jd 3d]
Seat 1: hairy1961 (big blind) showed [Qh 3c] and won ($47.50) with two pair, Queens and Threes
Seat 4: Mudager (button) (small blind) mucked


PokerStars Hand #152916907115:  Hold'em Limit ($3/$6 USD) - 2016/05/06 0:18:50 ET
Table 'Padua' 6-max Seat #1 is the button
Seat 1: hairy1961 ($82.50 in chips)
Seat 4: Mudager ($120 in chips)
hairy1961: posts small blind $1
Mudager: posts big blind $3
*** HOLE CARDS ***
hairy1961: raises $3 to $6
Mudager: folds
Uncalled bet ($3) returned to hairy1961
hairy1961 collected $6 from pot
*** SUMMARY ***
Total pot $6 | Rake $0
Seat 1: hairy1961 (button) (small blind) collected ($6)
Seat 4: Mudager (big blind) folded before Flop


PokerStars Hand #152916905724:  Hold'em Limit ($3/$6 USD) - 2016/05/06 0:18:44 ET
Table 'Padua' 6-max Seat #4 is the button
Seat 1: hairy1961 ($81.50 in chips)
Seat 4: Mudager ($121 in chips)
Mudager: posts small blind $1
hairy1961: posts big blind $3
*** HOLE CARDS ***
Mudager: folds
Uncalled bet ($2) returned to hairy1961
hairy1961 collected $2 from pot
*** SUMMARY ***
Total pot $2 | Rake $0
Seat 1: hairy1961 (big blind) collected ($2)
Seat 4: Mudager (button) (small blind) folded before Flop


PokerStars Hand #152916913933:  Hold'em Limit ($3/$6 USD) - 2016/05/06 0:19:07 ET
Table 'Padua' 6-max Seat #1 is the button
Seat 1: hairy1961 ($86.50 in chips)
Seat 4: Mudager ($120 in chips)
hairy1961: posts small blind $1
Mudager: posts big blind $3
*** HOLE CARDS ***
hairy1961: folds
Uncalled bet ($2) returned to Mudager
Mudager collected $2 from pot
Mudager: doesn't show hand
*** SUMMARY ***
Total pot $2 | Rake $0
Seat 1: hairy1961 (button) (small blind) folded before Flop
Seat 4: Mudager (big blind) collected ($2)


PokerStars Hand #152916911968:  Hold'em Limit ($3/$6 USD) - 2016/05/06 0:18:59 ET
Table 'Padua' 6-max Seat #4 is the button
Seat 1: hairy1961 ($85.50 in chips)
Seat 4: Mudager ($120 in chips)
Mudager: posts small blind $1
hairy1961: posts big blind $3
*** HOLE CARDS ***
Mudager: folds
Uncalled bet ($2) returned to hairy1961
hairy1961 collected $2 from pot
*** SUMMARY ***
Total pot $2 | Rake $0
Seat 1: hairy1961 (big blind) collected ($2)
Seat 4: Mudager (button) (small blind) folded before Flop


PokerStars Hand #152916932375:  Hold'em Limit ($3/$6 USD) - 2016/05/06 0:20:18 ET
Table 'Padua' 6-max Seat #1 is the button
Seat 1: hairy1961 ($107.76 in chips)
Seat 4: Mudager ($123 in chips)
hairy1961: posts small blind $1
Mudager: posts big blind $3
*** HOLE CARDS ***
hairy1961: folds
Uncalled bet ($2) returned to Mudager
Mudager collected $2 from pot
Mudager: doesn't show hand
*** SUMMARY ***
Total pot $2 | Rake $0
Seat 1: hairy1961 (button) (small blind) folded before Flop
Seat 4: Mudager (big blind) collected ($2)


PokerStars Hand #152916930738:  Hold'em Limit ($3/$6 USD) - 2016/05/06 0:20:12 ET
Table 'Padua' 6-max Seat #4 is the button
Seat 1: hairy1961 ($110.76 in chips)
Seat 4: Mudager ($120 in chips)
Mudager: posts small blind $1
hairy1961: posts big blind $3
*** HOLE CARDS ***
Mudager: raises $3 to $6
hairy1961: folds
Uncalled bet ($3) returned to Mudager
Mudager collected $6 from pot
Mudager: doesn't show hand
*** SUMMARY ***
Total pot $6 | Rake $0
Seat 1: hairy1961 (big blind) folded before Flop
Seat 4: Mudager (button) (small blind) collected ($6)


PokerStars Hand #152916924468:  Hold'em Limit ($3/$6 USD) - 2016/05/06 0:19:48 ET
Table 'Padua' 6-max Seat #4 is the button
Seat 1: hairy1961 ($108 in chips)
Seat 4: Mudager ($121 in chips)
Mudager: posts small blind $1
hairy1961: posts big blind $3
*** HOLE CARDS ***
Mudager: raises $3 to $6
hairy1961: folds
Uncalled bet ($3) returned to Mudager
Mudager collected $6 from pot
Mudager: doesn't show hand
*** SUMMARY ***
Total pot $6 | Rake $0
Seat 1: hairy1961 (big blind) folded before Flop
Seat 4: Mudager (button) (small blind) collected ($6)


PokerStars Hand #152916922757:  Hold'em Limit ($3/$6 USD) - 2016/05/06 0:19:41 ET
Table 'Padua' 6-max Seat #1 is the button
Seat 1: hairy1961 ($109 in chips)
Seat 4: Mudager ($120 in chips)
hairy1961: posts small blind $1
Mudager: posts big blind $3
*** HOLE CARDS ***
hairy1961: folds
Uncalled bet ($2) returned to Mudager
Mudager collected $2 from pot
Mudager: doesn't show hand
*** SUMMARY ***
Total pot $2 | Rake $0
Seat 1: hairy1961 (button) (small blind) folded before Flop
Seat 4: Mudager (big blind) collected ($2)


PokerStars Hand #152916926424:  Hold'em Limit ($3/$6 USD) - 2016/05/06 0:19:56 ET
Table 'Padua' 6-max Seat #1 is the button
Seat 1: hairy1961 ($105 in chips)
Seat 4: Mudager ($124 in chips)
hairy1961: posts small blind $1
Mudager: posts big blind $3
*** HOLE CARDS ***
hairy1961: raises $3 to $6
Mudager: calls $3
*** FLOP *** [Ad 3h Ah]
Mudager: checks
hairy1961: bets $3
Mudager: folds
Uncalled bet ($3) returned to hairy1961
hairy1961 collected $11.76 from pot
*** SUMMARY ***
Total pot $12 | Rake $0.24
Board [Ad 3h Ah]
Seat 1: hairy1961 (button) (small blind) collected ($11.76)
Seat 4: Mudager (big blind) folded on the Flop


