PokerStars Hand #155430549587:  Hold'em Limit ($3/$6 USD) - 2016/07/01 12:51:09 ET
Table 'Padua' 6-max Seat #6 is the button
Seat 1: Mordnilap ($72 in chips)
Seat 6: WSpieler ($120 in chips)
WSpieler: posts small blind $1
Mordnilap: posts big blind $3
*** HOLE CARDS ***
WSpieler: raises $3 to $6
Mordnilap: calls $3
*** FLOP *** [6h Jh Ah]
Mordnilap: checks
WSpieler: bets $3
Mordnilap: calls $3
*** TURN *** [6h Jh Ah] [Qs]
Mordnilap: checks
Tryptamean joins the table at seat #4
WSpieler: bets $6
Mordnilap: calls $6
*** RIVER *** [6h Jh Ah Qs] [Td]
Mordnilap: checks
WSpieler: bets $6
Mordnilap: calls $6
*** SHOW DOWN ***
WSpieler: shows [9h 8h] (a flush, Ace high)
Mordnilap: mucks hand
WSpieler collected $41.50 from pot
*** SUMMARY ***
Total pot $42 | Rake $0.50
Board [6h Jh Ah Qs Td]
Seat 1: Mordnilap (big blind) mucked
Seat 6: WSpieler (button) (small blind) showed [9h 8h] and won ($41.50) with a flush, Ace high


PokerStars Hand #155437260546:  Hold'em Limit ($3/$6 USD) - 2016/07/01 15:42:18 ET
Table 'Padua' 6-max Seat #3 is the button
Seat 3: oliwan ($340.92 in chips)
Seat 6: Chessnok ($110.52 in chips)
oliwan: posts small blind $1
Chessnok: posts big blind $3
*** HOLE CARDS ***
oliwan: folds
Uncalled bet ($2) returned to Chessnok
Chessnok collected $2 from pot
Chessnok: doesn't show hand
*** SUMMARY ***
Total pot $2 | Rake $0
Seat 3: oliwan (button) (small blind) folded before Flop
Seat 6: Chessnok (big blind) collected ($2)


PokerStars Hand #155437224842:  Hold'em Limit ($3/$6 USD) - 2016/07/01 15:41:26 ET
Table 'Padua' 6-max Seat #6 is the button
Seat 3: oliwan ($352.92 in chips)
Seat 6: Chessnok ($99 in chips)
Chessnok: posts small blind $1
Mordnilap: is sitting out
Murrrr_@T: is sitting out
oliwan: posts big blind $3
*** HOLE CARDS ***
Chessnok: raises $3 to $6
Mordnilap leaves the table
oliwan: raises $3 to $9
Chessnok: calls $3
*** FLOP *** [Qc 6c 4c]
oliwan: bets $3
Chessnok: raises $3 to $6
oliwan: folds
Uncalled bet ($3) returned to Chessnok
Chessnok collected $23.52 from pot
Chessnok: doesn't show hand
*** SUMMARY ***
Total pot $24 | Rake $0.48
Board [Qc 6c 4c]
Seat 3: oliwan (big blind) folded on the Flop
Seat 6: Chessnok (button) (small blind) collected ($23.52)


PokerStars Hand #155437284910:  Hold'em Limit ($3/$6 USD) - 2016/07/01 15:42:54 ET
Table 'Padua' 6-max Seat #3 is the button
Seat 3: oliwan ($309.92 in chips)
Seat 6: Chessnok ($141.02 in chips)
oliwan: posts small blind $1
Chessnok: posts big blind $3
*** HOLE CARDS ***
oliwan: raises $3 to $6
Chessnok: folds
Uncalled bet ($3) returned to oliwan
oliwan collected $6 from pot
*** SUMMARY ***
Total pot $6 | Rake $0
Seat 3: oliwan (button) (small blind) collected ($6)
Seat 6: Chessnok (big blind) folded before Flop


PokerStars Hand #155437268796:  Hold'em Limit ($3/$6 USD) - 2016/07/01 15:42:30 ET
Table 'Padua' 6-max Seat #6 is the button
Seat 3: oliwan ($339.92 in chips)
Seat 6: Chessnok ($111.52 in chips)
Chessnok: posts small blind $1
oliwan: posts big blind $3
*** HOLE CARDS ***
Chessnok: raises $3 to $6
oliwan: raises $3 to $9
Chessnok: calls $3
*** FLOP *** [8c Th 5d]
oliwan: bets $3
Chessnok: calls $3
*** TURN *** [8c Th 5d] [9h]
oliwan: bets $6
Chessnok: raises $6 to $12
oliwan: calls $6
*** RIVER *** [8c Th 5d 9h] [2d]
Murrrr_@T leaves the table
oliwan: checks
Chessnok: bets $6
oliwan: calls $6
*** SHOW DOWN ***
Chessnok: shows [3d Tc] (a pair of Tens)
oliwan: mucks hand
Chessnok collected $59.50 from pot
*** SUMMARY ***
Total pot $60 | Rake $0.50
Board [8c Th 5d 9h 2d]
Seat 3: oliwan (big blind) mucked
Seat 6: Chessnok (button) (small blind) showed [3d Tc] and won ($59.50) with a pair of Tens


PokerStars Hand #155437294422:  Hold'em Limit ($3/$6 USD) - 2016/07/01 15:43:08 ET
Table 'Padua' 6-max Seat #3 is the button
Seat 3: oliwan ($306.92 in chips)
Seat 6: Chessnok ($143.78 in chips)
oliwan: posts small blind $1
Chessnok: posts big blind $3
*** HOLE CARDS ***
oliwan: raises $3 to $6
Chessnok: calls $3
*** FLOP *** [9h Tc 5c]
Chessnok: checks
oliwan: bets $3
Chessnok: folds
Uncalled bet ($3) returned to oliwan
oliwan collected $11.76 from pot
*** SUMMARY ***
Total pot $12 | Rake $0.24
Board [9h Tc 5c]
Seat 3: oliwan (button) (small blind) collected ($11.76)
Seat 6: Chessnok (big blind) folded on the Flop


PokerStars Hand #155437288785:  Hold'em Limit ($3/$6 USD) - 2016/07/01 15:43:00 ET
Table 'Padua' 6-max Seat #6 is the button
Seat 3: oliwan ($312.92 in chips)
Seat 6: Chessnok ($138.02 in chips)
Chessnok: posts small blind $1
oliwan: posts big blind $3
*** HOLE CARDS ***
Chessnok: raises $3 to $6
oliwan: calls $3
*** FLOP *** [3c Kh 6c]
oliwan: checks
Chessnok: bets $3
oliwan: folds
Uncalled bet ($3) returned to Chessnok
Chessnok collected $11.76 from pot
Chessnok: doesn't show hand
*** SUMMARY ***
Total pot $12 | Rake $0.24
Board [3c Kh 6c]
Seat 3: oliwan (big blind) folded on the Flop
Seat 6: Chessnok (button) (small blind) collected ($11.76)


PokerStars Hand #155437338774:  Hold'em Limit ($3/$6 USD) - 2016/07/01 15:44:14 ET
Table 'Padua' 6-max Seat #3 is the button
Seat 3: oliwan ($338.18 in chips)
Seat 6: Chessnok ($111.42 in chips)
oliwan: posts small blind $1
Chessnok: posts big blind $3
*** HOLE CARDS ***
oliwan: raises $3 to $6
Chessnok: calls $3
*** FLOP *** [8h 6s 8s]
Chessnok: checks
oliwan: bets $3
Chessnok: raises $3 to $6
oliwan: calls $3
*** TURN *** [8h 6s 8s] [7c]
Chessnok: bets $6
oliwan: calls $6
*** RIVER *** [8h 6s 8s 7c] [3h]
Chessnok: bets $6
oliwan: calls $6
*** SHOW DOWN ***
Chessnok: shows [6h Td] (two pair, Eights and Sixes)
oliwan: mucks hand
Chessnok collected $47.50 from pot
*** SUMMARY ***
Total pot $48 | Rake $0.50
Board [8h 6s 8s 7c 3h]
Seat 3: oliwan (button) (small blind) mucked
Seat 6: Chessnok (big blind) showed [6h Td] and won ($47.50) with two pair, Eights and Sixes


PokerStars Hand #155437335122:  Hold'em Limit ($3/$6 USD) - 2016/07/01 15:44:08 ET
Table 'Padua' 6-max Seat #6 is the button
Seat 3: oliwan ($337.18 in chips)
Seat 6: Chessnok ($112.42 in chips)
Chessnok: posts small blind $1
oliwan: posts big blind $3
*** HOLE CARDS ***
Chessnok: folds
Uncalled bet ($2) returned to oliwan
oliwan collected $2 from pot
*** SUMMARY ***
Total pot $2 | Rake $0
Seat 3: oliwan (big blind) collected ($2)
Seat 6: Chessnok (button) (small blind) folded before Flop


PokerStars Hand #155437332106:  Hold'em Limit ($3/$6 USD) - 2016/07/01 15:44:03 ET
Table 'Padua' 6-max Seat #3 is the button
Seat 3: oliwan ($338.18 in chips)
Seat 6: Chessnok ($111.42 in chips)
oliwan: posts small blind $1
Chessnok: posts big blind $3
*** HOLE CARDS ***
oliwan: folds
Uncalled bet ($2) returned to Chessnok
Chessnok collected $2 from pot
Chessnok: doesn't show hand
*** SUMMARY ***
Total pot $2 | Rake $0
Seat 3: oliwan (button) (small blind) folded before Flop
Seat 6: Chessnok (big blind) collected ($2)


PokerStars Hand #155437323039:  Hold'em Limit ($3/$6 USD) - 2016/07/01 15:43:50 ET
Table 'Padua' 6-max Seat #6 is the button
Seat 3: oliwan ($347.18 in chips)
Seat 6: Chessnok ($102.78 in chips)
Chessnok: posts small blind $1
oliwan: posts big blind $3
*** HOLE CARDS ***
Chessnok: raises $3 to $6
oliwan: calls $3
*** FLOP *** [Jc Jh 3c]
oliwan: checks
Chessnok: bets $3
oliwan: calls $3
*** TURN *** [Jc Jh 3c] [9c]
oliwan: checks
Chessnok: bets $6
oliwan: folds
Uncalled bet ($6) returned to Chessnok
Chessnok collected $17.64 from pot
Chessnok: doesn't show hand
*** SUMMARY ***
Total pot $18 | Rake $0.36
Board [Jc Jh 3c 9c]
Seat 3: oliwan (big blind) folded on the Turn
Seat 6: Chessnok (button) (small blind) collected ($17.64)


PokerStars Hand #155437320042:  Hold'em Limit ($3/$6 USD) - 2016/07/01 15:43:46 ET
Table 'Padua' 6-max Seat #3 is the button
Seat 3: oliwan ($348.18 in chips)
Seat 6: Chessnok ($101.78 in chips)
oliwan: posts small blind $1
Chessnok: posts big blind $3
*** HOLE CARDS ***
oliwan: folds
Uncalled bet ($2) returned to Chessnok
Chessnok collected $2 from pot
Chessnok: doesn't show hand
*** SUMMARY ***
Total pot $2 | Rake $0
Seat 3: oliwan (button) (small blind) folded before Flop
Seat 6: Chessnok (big blind) collected ($2)


PokerStars Hand #155437303532:  Hold'em Limit ($3/$6 USD) - 2016/07/01 15:43:21 ET
Table 'Padua' 6-max Seat #6 is the button
Seat 3: oliwan ($312.68 in chips)
Seat 6: Chessnok ($137.78 in chips)
Chessnok: posts small blind $1
oliwan: posts big blind $3
*** HOLE CARDS ***
Chessnok: raises $3 to $6
oliwan: calls $3
*** FLOP *** [Jd 7s 4s]
oliwan: checks
Chessnok: bets $3
oliwan: raises $3 to $6
Chessnok: calls $3
*** TURN *** [Jd 7s 4s] [8h]
oliwan: bets $6
Chessnok: raises $6 to $12
oliwan: raises $6 to $18
Chessnok: calls $6
*** RIVER *** [Jd 7s 4s 8h] [9c]
oliwan: bets $6
Chessnok: calls $6
*** SHOW DOWN ***
oliwan: shows [5d 6d] (a straight, Five to Nine)
Chessnok: mucks hand
oliwan collected $71.50 from pot
*** SUMMARY ***
Total pot $72 | Rake $0.50
Board [Jd 7s 4s 8h 9c]
Seat 3: oliwan (big blind) showed [5d 6d] and won ($71.50) with a straight, Five to Nine
Seat 6: Chessnok (button) (small blind) mucked


PokerStars Hand #155437366907:  Hold'em Limit ($3/$6 USD) - 2016/07/01 15:44:55 ET
Table 'Padua' 6-max Seat #3 is the button
Seat 3: oliwan ($284.18 in chips)
Seat 6: Chessnok ($164.42 in chips)
oliwan: posts small blind $1
Chessnok: posts big blind $3
*** HOLE CARDS ***
oliwan: raises $3 to $6
Chessnok: calls $3
*** FLOP *** [6c 8d As]
Chessnok: checks
oliwan: bets $3
Chessnok: calls $3
*** TURN *** [6c 8d As] [3d]
Chessnok: checks
oliwan: bets $6
Chessnok: calls $6
*** RIVER *** [6c 8d As 3d] [4h]
Chessnok: checks
oliwan: bets $6
Chessnok: folds
Uncalled bet ($6) returned to oliwan
oliwan collected $29.50 from pot
*** SUMMARY ***
Total pot $30 | Rake $0.50
Board [6c 8d As 3d 4h]
Seat 3: oliwan (button) (small blind) collected ($29.50)
Seat 6: Chessnok (big blind) folded on the River


PokerStars Hand #155437350973:  Hold'em Limit ($3/$6 USD) - 2016/07/01 15:44:32 ET
Table 'Padua' 6-max Seat #6 is the button
Seat 3: oliwan ($314.18 in chips)
Seat 6: Chessnok ($134.92 in chips)
Chessnok: posts small blind $1
oliwan: posts big blind $3
*** HOLE CARDS ***
Chessnok: raises $3 to $6
oliwan: raises $3 to $9
Chessnok: calls $3
*** FLOP *** [As 6h Qd]
oliwan: bets $3
Chessnok: calls $3
*** TURN *** [As 6h Qd] [Qs]
oliwan: bets $6
Chessnok: calls $6
*** RIVER *** [As 6h Qd Qs] [6d]
oliwan: bets $6
Chessnok: raises $6 to $12
oliwan: calls $6
*** SHOW DOWN ***
Chessnok: shows [9s Qh] (a full house, Queens full of Sixes)
oliwan: mucks hand
Chessnok collected $59.50 from pot
*** SUMMARY ***
Total pot $60 | Rake $0.50
Board [As 6h Qd Qs 6d]
Seat 3: oliwan (big blind) mucked
Seat 6: Chessnok (button) (small blind) showed [9s Qh] and won ($59.50) with a full house, Queens full of Sixes


