PokerStars Hand #168735708043:  Hold'em Limit ($3/$6 USD) - 2017/04/08 1:45:35 ET
Table 'Padua' 6-max Seat #1 is the button
Seat 1: LifeisagameX ($84 in chips)
Seat 3: Agrotait ($72 in chips)
LifeisagameX: posts small blind $1
apx0surry9 joins the table at seat #5
Agrotait: posts big blind $3
*** HOLE CARDS ***
LifeisagameX: raises $3 to $6
Agrotait: calls $3
*** FLOP *** [5h 8c Jh]
Agrotait: checks
LifeisagameX: bets $3
Agrotait: calls $3
*** TURN *** [5h 8c Jh] [8h]
Agrotait: checks
LifeisagameX: bets $6
Agrotait: calls $6
*** RIVER *** [5h 8c Jh 8h] [Js]
Agrotait: checks
LifeisagameX: bets $6
Agrotait: folds
Uncalled bet ($6) returned to LifeisagameX
LifeisagameX collected $29.50 from pot
LifeisagameX: doesn't show hand
*** SUMMARY ***
Total pot $30 | Rake $0.50
Board [5h 8c Jh 8h Js]
Seat 1: LifeisagameX (button) (small blind) collected ($29.50)
Seat 3: Agrotait (big blind) folded on the River


PokerStars Hand #168735749340:  Hold'em Limit ($3/$6 USD) - 2017/04/08 1:47:59 ET
Table 'Padua' 6-max Seat #1 is the button
Seat 1: LifeisagameX ($84 in chips)
Seat 5: apx0surry9 ($98 in chips)
LifeisagameX: posts small blind $1
Agrotait: is sitting out
apx0surry9: posts big blind $3
*** HOLE CARDS ***
Agrotait leaves the table
Agrotait joins the table at seat #6
LifeisagameX: raises $3 to $6
apx0surry9: calls $3
*** FLOP *** [7d 2c 3h]
apx0surry9: checks
LifeisagameX: bets $3
apx0surry9: raises $3 to $6
LifeisagameX: calls $3
*** TURN *** [7d 2c 3h] [6h]
apx0surry9: bets $6
LifeisagameX: calls $6
*** RIVER *** [7d 2c 3h 6h] [2d]
apx0surry9: bets $6
LifeisagameX: calls $6
*** SHOW DOWN ***
apx0surry9: shows [6d 3d] (two pair, Sixes and Threes)
LifeisagameX: mucks hand
apx0surry9 collected $47.50 from pot
*** SUMMARY ***
Total pot $48 | Rake $0.50
Board [7d 2c 3h 6h 2d]
Seat 1: LifeisagameX (button) (small blind) mucked
Seat 5: apx0surry9 (big blind) showed [6d 3d] and won ($47.50) with two pair, Sixes and Threes


PokerStars Hand #168735798613:  Hold'em Limit ($3/$6 USD) - 2017/04/08 1:50:53 ET
Table 'Padua' 6-max Seat #5 is the button
Seat 5: apx0surry9 ($101.50 in chips)
Seat 6: Agrotait ($76.74 in chips)
apx0surry9: posts small blind $1
Agrotait: posts big blind $3
*** HOLE CARDS ***
apx0surry9: raises $3 to $6
Agrotait: raises $3 to $9
apx0surry9: calls $3
*** FLOP *** [2s 9s Td]
Agrotait: bets $3
apx0surry9: calls $3
*** TURN *** [2s 9s Td] [Ad]
Agrotait: checks
apx0surry9: bets $6
Agrotait: calls $6
*** RIVER *** [2s 9s Td Ad] [Tc]
Agrotait: checks
apx0surry9: bets $6
Agrotait: calls $6
*** SHOW DOWN ***
apx0surry9: shows [5d Qd] (a pair of Tens)
Agrotait: shows [Kh Jd] (a pair of Tens - Ace+King kicker)
Agrotait collected $47.50 from pot
*** SUMMARY ***
Total pot $48 | Rake $0.50
Board [2s 9s Td Ad Tc]
Seat 5: apx0surry9 (button) (small blind) showed [5d Qd] and lost with a pair of Tens
Seat 6: Agrotait (big blind) showed [Kh Jd] and won ($47.50) with a pair of Tens


PokerStars Hand #168735829525:  Hold'em Limit ($3/$6 USD) - 2017/04/08 1:52:43 ET
Table 'Padua' 6-max Seat #6 is the button
Seat 5: apx0surry9 ($61.50 in chips)
Seat 6: Agrotait ($115.74 in chips)
Agrotait: posts small blind $1
apx0surry9: posts big blind $3
*** HOLE CARDS ***
Agrotait: raises $3 to $6
apx0surry9: folds
Uncalled bet ($3) returned to Agrotait
Agrotait collected $6 from pot
Agrotait: doesn't show hand
*** SUMMARY ***
Total pot $6 | Rake $0
Seat 5: apx0surry9 (big blind) folded before Flop
Seat 6: Agrotait (button) (small blind) collected ($6)


PokerStars Hand #168735827764:  Hold'em Limit ($3/$6 USD) - 2017/04/08 1:52:37 ET
Table 'Padua' 6-max Seat #5 is the button
Seat 5: apx0surry9 ($62.50 in chips)
Seat 6: Agrotait ($114.74 in chips)
apx0surry9: posts small blind $1
Agrotait: posts big blind $3
*** HOLE CARDS ***
apx0surry9: folds
Uncalled bet ($2) returned to Agrotait
Agrotait collected $2 from pot
Agrotait: doesn't show hand
*** SUMMARY ***
Total pot $2 | Rake $0
Seat 5: apx0surry9 (button) (small blind) folded before Flop
Seat 6: Agrotait (big blind) collected ($2)


PokerStars Hand #168735810208:  Hold'em Limit ($3/$6 USD) - 2017/04/08 1:51:34 ET
Table 'Padua' 6-max Seat #6 is the button
Seat 5: apx0surry9 ($77.50 in chips)
Seat 6: Agrotait ($100.24 in chips)
Agrotait: posts small blind $1
apx0surry9: posts big blind $3
*** HOLE CARDS ***
Agrotait: raises $3 to $6
apx0surry9: calls $3
*** FLOP *** [2d 7d 5s]
apx0surry9: bets $3
Agrotait: calls $3
*** TURN *** [2d 7d 5s] [9c]
apx0surry9: bets $6
Agrotait: calls $6
*** RIVER *** [2d 7d 5s 9c] [2s]
apx0surry9: checks
Agrotait: checks
*** SHOW DOWN ***
apx0surry9: shows [Td 8d] (a pair of Deuces)
Agrotait: shows [Ad 4c] (a pair of Deuces - Ace kicker)
Agrotait collected $29.50 from pot
*** SUMMARY ***
Total pot $30 | Rake $0.50
Board [2d 7d 5s 9c 2s]
Seat 5: apx0surry9 (big blind) showed [Td 8d] and lost with a pair of Deuces
Seat 6: Agrotait (button) (small blind) showed [Ad 4c] and won ($29.50) with a pair of Deuces


PokerStars Hand #168735838217:  Hold'em Limit ($3/$6 USD) - 2017/04/08 1:53:14 ET
Table 'Padua' 6-max Seat #6 is the button
Seat 5: apx0surry9 ($61.50 in chips)
Seat 6: Agrotait ($115.74 in chips)
Agrotait: posts small blind $1
apx0surry9: posts big blind $3
*** HOLE CARDS ***
Agrotait: raises $3 to $6
apx0surry9: folds
Uncalled bet ($3) returned to Agrotait
Agrotait collected $6 from pot
Agrotait: doesn't show hand
*** SUMMARY ***
Total pot $6 | Rake $0
Seat 5: apx0surry9 (big blind) folded before Flop
Seat 6: Agrotait (button) (small blind) collected ($6)


PokerStars Hand #168735833338:  Hold'em Limit ($3/$6 USD) - 2017/04/08 1:52:56 ET
Table 'Padua' 6-max Seat #5 is the button
Seat 5: apx0surry9 ($58.50 in chips)
Seat 6: Agrotait ($118.74 in chips)
apx0surry9: posts small blind $1
Agrotait: posts big blind $3
*** HOLE CARDS ***
apx0surry9: raises $3 to $6
Agrotait: folds
Uncalled bet ($3) returned to apx0surry9
apx0surry9 collected $6 from pot
apx0surry9: doesn't show hand
*** SUMMARY ***
Total pot $6 | Rake $0
Seat 5: apx0surry9 (button) (small blind) collected ($6)
Seat 6: Agrotait (big blind) folded before Flop


PokerStars Hand #168735842367:  Hold'em Limit ($3/$6 USD) - 2017/04/08 1:53:29 ET
Table 'Padua' 6-max Seat #6 is the button
Seat 5: apx0surry9 ($57.50 in chips)
Seat 6: Agrotait ($119.74 in chips)
Agrotait: posts small blind $1
apx0surry9: posts big blind $3
*** HOLE CARDS ***
Agrotait: raises $3 to $6
apx0surry9: raises $3 to $9
Agrotait: calls $3
*** FLOP *** [6d 5h Th]
apx0surry9: bets $3
Agrotait: calls $3
*** TURN *** [6d 5h Th] [3h]
apx0surry9: bets $6
Agrotait: calls $6
*** RIVER *** [6d 5h Th 3h] [Kd]
apx0surry9: bets $6
Agrotait: calls $6
*** SHOW DOWN ***
apx0surry9: shows [3d 3c] (three of a kind, Threes)
Agrotait: mucks hand
apx0surry9 collected $47.50 from pot
*** SUMMARY ***
Total pot $48 | Rake $0.50
Board [6d 5h Th 3h Kd]
Seat 5: apx0surry9 (big blind) showed [3d 3c] and won ($47.50) with three of a kind, Threes
Seat 6: Agrotait (button) (small blind) mucked


PokerStars Hand #168735840707:  Hold'em Limit ($3/$6 USD) - 2017/04/08 1:53:23 ET
Table 'Padua' 6-max Seat #5 is the button
Seat 5: apx0surry9 ($58.50 in chips)
Seat 6: Agrotait ($118.74 in chips)
apx0surry9: posts small blind $1
Agrotait: posts big blind $3
*** HOLE CARDS ***
apx0surry9: folds
Uncalled bet ($2) returned to Agrotait
Agrotait collected $2 from pot
Agrotait: doesn't show hand
*** SUMMARY ***
Total pot $2 | Rake $0
Seat 5: apx0surry9 (button) (small blind) folded before Flop
Seat 6: Agrotait (big blind) collected ($2)


PokerStars Hand #168735861342:  Hold'em Limit ($3/$6 USD) - 2017/04/08 1:54:36 ET
Table 'Padua' 6-max Seat #6 is the button
Seat 5: apx0surry9 ($104.50 in chips)
Seat 6: Agrotait ($71.74 in chips)
Agrotait: posts small blind $1
apx0surry9: posts big blind $3
*** HOLE CARDS ***
Agrotait: folds
Uncalled bet ($2) returned to apx0surry9
apx0surry9 collected $2 from pot
apx0surry9: doesn't show hand
*** SUMMARY ***
Total pot $2 | Rake $0
Seat 5: apx0surry9 (big blind) collected ($2)
Seat 6: Agrotait (button) (small blind) folded before Flop


PokerStars Hand #168735849978:  Hold'em Limit ($3/$6 USD) - 2017/04/08 1:53:56 ET
Table 'Padua' 6-max Seat #5 is the button
Seat 5: apx0surry9 ($81 in chips)
Seat 6: Agrotait ($95.74 in chips)
apx0surry9: posts small blind $1
Agrotait: posts big blind $3
*** HOLE CARDS ***
apx0surry9: raises $3 to $6
Agrotait: calls $3
*** FLOP *** [Js Jd 8s]
Agrotait: checks
apx0surry9: bets $3
Agrotait: raises $3 to $6
apx0surry9: calls $3
*** TURN *** [Js Jd 8s] [Qh]
Agrotait: bets $6
apx0surry9: calls $6
*** RIVER *** [Js Jd 8s Qh] [6s]
Agrotait: bets $6
apx0surry9: raises $6 to $12
Agrotait: folds
Uncalled bet ($6) returned to apx0surry9
apx0surry9 collected $47.50 from pot
apx0surry9: doesn't show hand
*** SUMMARY ***
Total pot $48 | Rake $0.50
Board [Js Jd 8s Qh 6s]
Seat 5: apx0surry9 (button) (small blind) collected ($47.50)
Seat 6: Agrotait (big blind) folded on the River


PokerStars Hand #168735864715:  Hold'em Limit ($3/$6 USD) - 2017/04/08 1:54:47 ET
Table 'Padua' 6-max Seat #6 is the button
Seat 5: apx0surry9 ($104.50 in chips)
Seat 6: Agrotait ($71.74 in chips)
Agrotait: posts small blind $1
apx0surry9: posts big blind $3
*** HOLE CARDS ***
Agrotait: folds
Uncalled bet ($2) returned to apx0surry9
apx0surry9 collected $2 from pot
apx0surry9: doesn't show hand
*** SUMMARY ***
Total pot $2 | Rake $0
Seat 5: apx0surry9 (big blind) collected ($2)
Seat 6: Agrotait (button) (small blind) folded before Flop


PokerStars Hand #168735862858:  Hold'em Limit ($3/$6 USD) - 2017/04/08 1:54:41 ET
Table 'Padua' 6-max Seat #5 is the button
Seat 5: apx0surry9 ($105.50 in chips)
Seat 6: Agrotait ($70.74 in chips)
apx0surry9: posts small blind $1
Agrotait: posts big blind $3
*** HOLE CARDS ***
apx0surry9: folds
Uncalled bet ($2) returned to Agrotait
Agrotait collected $2 from pot
Agrotait: doesn't show hand
*** SUMMARY ***
Total pot $2 | Rake $0
Seat 5: apx0surry9 (button) (small blind) folded before Flop
Seat 6: Agrotait (big blind) collected ($2)


PokerStars Hand #168735872944:  Hold'em Limit ($3/$6 USD) - 2017/04/08 1:55:18 ET
Table 'Padua' 6-max Seat #6 is the button
Seat 5: apx0surry9 ($120 in chips)
Seat 6: Agrotait ($72 in chips)
Agrotait: posts small blind $1
apx0surry9: posts big blind $3
*** HOLE CARDS ***
Agrotait: raises $3 to $6
apx0surry9: calls $3
*** FLOP *** [6s 7s 7h]
apx0surry9: checks
Agrotait: bets $3
apx0surry9: calls $3
*** TURN *** [6s 7s 7h] [6c]
apx0surry9: checks
Agrotait: bets $6
apx0surry9: calls $6
*** RIVER *** [6s 7s 7h 6c] [4h]
apx0surry9: checks
Agrotait: bets $6
apx0surry9: folds
Uncalled bet ($6) returned to Agrotait
Agrotait collected $29.50 from pot
Agrotait: doesn't show hand
*** SUMMARY ***
Total pot $30 | Rake $0.50
Board [6s 7s 7h 6c 4h]
Seat 5: apx0surry9 (big blind) folded on the River
Seat 6: Agrotait (button) (small blind) collected ($29.50)


PokerStars Hand #168735866386:  Hold'em Limit ($3/$6 USD) - 2017/04/08 1:54:53 ET
Table 'Padua' 6-max Seat #5 is the button
Seat 5: apx0surry9 ($105.50 in chips)
Seat 6: Agrotait ($70.74 in chips)
apx0surry9: posts small blind $1
Agrotait: posts big blind $3
*** HOLE CARDS ***
apx0surry9: raises $3 to $6
Agrotait: raises $3 to $9
apx0surry9: raises $3 to $12
Betting is capped
Agrotait: calls $3
*** FLOP *** [2d Jc Th]
Agrotait: checks
apx0surry9: bets $3
Agrotait: calls $3
*** TURN *** [2d Jc Th] [2c]
Agrotait: checks
apx0surry9: bets $6
Agrotait: folds
Uncalled bet ($6) returned to apx0surry9
apx0surry9 collected $29.50 from pot
apx0surry9: doesn't show hand
*** SUMMARY ***
Total pot $30 | Rake $0.50
Board [2d Jc Th 2c]
Seat 5: apx0surry9 (button) (small blind) collected ($29.50)
Seat 6: Agrotait (big blind) folded on the Turn


PokerStars Hand #168735895537:  Hold'em Limit ($3/$6 USD) - 2017/04/08 1:56:47 ET
Table 'Padua' 6-max Seat #5 is the button
Seat 5: apx0surry9 ($107.52 in chips)
Seat 6: Agrotait ($83.26 in chips)
apx0surry9: posts small blind $1
Agrotait: posts big blind $3
*** HOLE CARDS ***
apx0surry9: folds
Uncalled bet ($2) returned to Agrotait
Agrotait collected $2 from pot
Agrotait: doesn't show hand
*** SUMMARY ***
Total pot $2 | Rake $0
Seat 5: apx0surry9 (button) (small blind) folded before Flop
Seat 6: Agrotait (big blind) collected ($2)


PokerStars Hand #168735891741:  Hold'em Limit ($3/$6 USD) - 2017/04/08 1:56:32 ET
Table 'Padua' 6-max Seat #6 is the button
Seat 5: apx0surry9 ($113.52 in chips)
Seat 6: Agrotait ($77.50 in chips)
Agrotait: posts small blind $1
apx0surry9: posts big blind $3
*** HOLE CARDS ***
Agrotait: raises $3 to $6
apx0surry9: calls $3
*** FLOP *** [Qd 3h 2c]
apx0surry9: checks
Agrotait: bets $3
apx0surry9: folds
Uncalled bet ($3) returned to Agrotait
Agrotait collected $11.76 from pot
Agrotait: doesn't show hand
*** SUMMARY ***
Total pot $12 | Rake $0.24
Board [Qd 3h 2c]
Seat 5: apx0surry9 (big blind) folded on the Flop
Seat 6: Agrotait (button) (small blind) collected ($11.76)


PokerStars Hand #168735885501:  Hold'em Limit ($3/$6 USD) - 2017/04/08 1:56:08 ET
Table 'Padua' 6-max Seat #6 is the button
Seat 5: apx0surry9 ($110.76 in chips)
Seat 6: Agrotait ($80.50 in chips)
Agrotait: posts small blind $1
apx0surry9: posts big blind $3
*** HOLE CARDS ***
Agrotait: raises $3 to $6
apx0surry9: folds
Uncalled bet ($3) returned to Agrotait
Agrotait collected $6 from pot
Agrotait: doesn't show hand
*** SUMMARY ***
Total pot $6 | Rake $0
Seat 5: apx0surry9 (big blind) folded before Flop
Seat 6: Agrotait (button) (small blind) collected ($6)


PokerStars Hand #168735887710:  Hold'em Limit ($3/$6 USD) - 2017/04/08 1:56:16 ET
Table 'Padua' 6-max Seat #5 is the button
Seat 5: apx0surry9 ($107.76 in chips)
Seat 6: Agrotait ($83.50 in chips)
apx0surry9: posts small blind $1
Agrotait: posts big blind $3
*** HOLE CARDS ***
apx0surry9: raises $3 to $6
Agrotait: calls $3
*** FLOP *** [Js Ts 3c]
Agrotait: checks
apx0surry9: bets $3
Agrotait: folds
Uncalled bet ($3) returned to apx0surry9
apx0surry9 collected $11.76 from pot
apx0surry9: doesn't show hand
*** SUMMARY ***
Total pot $12 | Rake $0.24
Board [Js Ts 3c]
Seat 5: apx0surry9 (button) (small blind) collected ($11.76)
Seat 6: Agrotait (big blind) folded on the Flop


PokerStars Hand #168735879825:  Hold'em Limit ($3/$6 USD) - 2017/04/08 1:55:45 ET
Table 'Padua' 6-max Seat #5 is the button
Seat 5: apx0surry9 ($105 in chips)
Seat 6: Agrotait ($86.50 in chips)
apx0surry9: posts small blind $1
Agrotait: posts big blind $3
*** HOLE CARDS ***
apx0surry9: raises $3 to $6
Agrotait: calls $3
*** FLOP *** [9s 8h 3h]
Agrotait: checks
apx0surry9: checks
*** TURN *** [9s 8h 3h] [6h]
Agrotait: checks
apx0surry9: bets $6
Agrotait: folds
Uncalled bet ($6) returned to apx0surry9
apx0surry9 collected $11.76 from pot
apx0surry9: doesn't show hand
*** SUMMARY ***
Total pot $12 | Rake $0.24
Board [9s 8h 3h 6h]
Seat 5: apx0surry9 (button) (small blind) collected ($11.76)
Seat 6: Agrotait (big blind) folded on the Turn


PokerStars Hand #168735901834:  Hold'em Limit ($3/$6 USD) - 2017/04/08 1:57:11 ET
Table 'Padua' 6-max Seat #6 is the button
Seat 5: apx0surry9 ($118.16 in chips)
Seat 6: Agrotait ($72.26 in chips)
Agrotait: posts small blind $1
apx0surry9: posts big blind $3
*** HOLE CARDS ***
Agrotait: raises $3 to $6
apx0surry9: calls $3
*** FLOP *** [Jd 2h Qs]
apx0surry9: checks
Agrotait: checks
*** TURN *** [Jd 2h Qs] [7h]
apx0surry9: bets $6
Agrotait: calls $6
*** RIVER *** [Jd 2h Qs 7h] [7s]
apx0surry9: checks
Agrotait: bets $6
apx0surry9: folds
Uncalled bet ($6) returned to Agrotait
Agrotait collected $23.52 from pot
Agrotait: doesn't show hand
*** SUMMARY ***
Total pot $24 | Rake $0.48
Board [Jd 2h Qs 7h 7s]
Seat 5: apx0surry9 (big blind) folded on the River
Seat 6: Agrotait (button) (small blind) collected ($23.52)


PokerStars Hand #168735900234:  Hold'em Limit ($3/$6 USD) - 2017/04/08 1:57:05 ET
Table 'Padua' 6-max Seat #5 is the button
Seat 5: apx0surry9 ($115.16 in chips)
Seat 6: Agrotait ($75.26 in chips)
apx0surry9: posts small blind $1
Agrotait: posts big blind $3
*** HOLE CARDS ***
apx0surry9: raises $3 to $6
Agrotait: folds
Uncalled bet ($3) returned to apx0surry9
apx0surry9 collected $6 from pot
apx0surry9: doesn't show hand
*** SUMMARY ***
Total pot $6 | Rake $0
Seat 5: apx0surry9 (button) (small blind) collected ($6)
Seat 6: Agrotait (big blind) folded before Flop


PokerStars Hand #168735896897:  Hold'em Limit ($3/$6 USD) - 2017/04/08 1:56:52 ET
Table 'Padua' 6-max Seat #6 is the button
Seat 5: apx0surry9 ($106.52 in chips)
Seat 6: Agrotait ($84.26 in chips)
Agrotait: posts small blind $1
apx0surry9: posts big blind $3
*** HOLE CARDS ***
Agrotait: raises $3 to $6
apx0surry9: raises $3 to $9
Agrotait: calls $3
*** FLOP *** [Ad 4h 5h]
apx0surry9: bets $3
Agrotait: folds
Uncalled bet ($3) returned to apx0surry9
apx0surry9 collected $17.64 from pot
apx0surry9: doesn't show hand
*** SUMMARY ***
Total pot $18 | Rake $0.36
Board [Ad 4h 5h]
Seat 5: apx0surry9 (big blind) collected ($17.64)
Seat 6: Agrotait (button) (small blind) folded on the Flop


PokerStars Hand #168735910949:  Hold'em Limit ($3/$6 USD) - 2017/04/08 1:57:47 ET
Table 'Padua' 6-max Seat #5 is the button
Seat 5: apx0surry9 ($106.16 in chips)
Seat 6: Agrotait ($83.78 in chips)
apx0surry9: posts small blind $1
Agrotait: posts big blind $3
*** HOLE CARDS ***
apx0surry9: raises $3 to $6
Agrotait: raises $3 to $9
apx0surry9: raises $3 to $12
Betting is capped
Agrotait: calls $3
*** FLOP *** [7h Qh 3c]
Agrotait: checks
apx0surry9: bets $3
Agrotait: calls $3
*** TURN *** [7h Qh 3c] [Qs]
Agrotait: checks
apx0surry9: bets $6
Agrotait: calls $6
*** RIVER *** [7h Qh 3c Qs] [Js]
Agrotait: checks
apx0surry9: bets $6
Agrotait: calls $6
*** SHOW DOWN ***
apx0surry9: shows [Jd Qc] (a full house, Queens full of Jacks)
Agrotait: mucks hand
apx0surry9 collected $53.50 from pot
*** SUMMARY ***
Total pot $54 | Rake $0.50
Board [7h Qh 3c Qs Js]
Seat 5: apx0surry9 (button) (small blind) showed [Jd Qc] and won ($53.50) with a full house, Queens full of Jacks
Seat 6: Agrotait (big blind) mucked


