PokerStars Hand #157079071209:  Hold'em Limit ($3/$6 USD) - 2016/08/09 18:12:26 ET
Table 'Paeonia' 6-max Seat #2 is the button
Seat 2: TinaTurner72 ($120 in chips)
Seat 3: rs04 ($120 in chips)
TinaTurner72: posts small blind $1
rs04: posts big blind $3
*** HOLE CARDS ***
TinaTurner72: raises $3 to $6
rs04: raises $3 to $9
TinaTurner72: calls $3
*** FLOP *** [Kd 7c 4h]
rs04: bets $3
TinaTurner72: calls $3
*** TURN *** [Kd 7c 4h] [8c]
rs04: checks
TinaTurner72: bets $6
rs04: calls $6
*** RIVER *** [Kd 7c 4h 8c] [Jh]
rs04: checks
TinaTurner72: bets $6
rs04: calls $6
*** SHOW DOWN ***
TinaTurner72: shows [9c Kc] (a pair of Kings)
rs04: mucks hand
TinaTurner72 collected $47.50 from pot
*** SUMMARY ***
Total pot $48 | Rake $0.50
Board [Kd 7c 4h 8c Jh]
Seat 2: TinaTurner72 (button) (small blind) showed [9c Kc] and won ($47.50) with a pair of Kings
Seat 3: rs04 (big blind) mucked


PokerStars Hand #157079152804:  Hold'em Limit ($3/$6 USD) - 2016/08/09 18:14:28 ET
Table 'Paeonia' 6-max Seat #2 is the button
Seat 2: TinaTurner72 ($104.50 in chips)
Seat 3: rs04 ($133.78 in chips)
TinaTurner72: posts small blind $1
rs04: posts big blind $3
*** HOLE CARDS ***
TinaTurner72: folds
Uncalled bet ($2) returned to rs04
rs04 collected $2 from pot
rs04: doesn't show hand
*** SUMMARY ***
Total pot $2 | Rake $0
Seat 2: TinaTurner72 (button) (small blind) folded before Flop
Seat 3: rs04 (big blind) collected ($2)


PokerStars Hand #157079126407:  Hold'em Limit ($3/$6 USD) - 2016/08/09 18:13:48 ET
Table 'Paeonia' 6-max Seat #2 is the button
Seat 2: TinaTurner72 ($122.50 in chips)
Seat 3: rs04 ($116.50 in chips)
TinaTurner72: posts small blind $1
rs04: posts big blind $3
*** HOLE CARDS ***
TinaTurner72: raises $3 to $6
rs04: calls $3
*** FLOP *** [Ks 4d Tc]
rs04: checks
TinaTurner72: bets $3
rs04: raises $3 to $6
TinaTurner72: calls $3
*** TURN *** [Ks 4d Tc] [2h]
rs04: bets $6
TinaTurner72: folds
Uncalled bet ($6) returned to rs04
rs04 collected $23.52 from pot
rs04: doesn't show hand
*** SUMMARY ***
Total pot $24 | Rake $0.48
Board [Ks 4d Tc 2h]
Seat 2: TinaTurner72 (button) (small blind) folded on the Turn
Seat 3: rs04 (big blind) collected ($23.52)


PokerStars Hand #157079143783:  Hold'em Limit ($3/$6 USD) - 2016/08/09 18:14:14 ET
Table 'Paeonia' 6-max Seat #3 is the button
Seat 2: TinaTurner72 ($110.50 in chips)
Seat 3: rs04 ($128.02 in chips)
rs04: posts small blind $1
TinaTurner72: posts big blind $3
*** HOLE CARDS ***
rs04: raises $3 to $6
TinaTurner72: calls $3
*** FLOP *** [3s 2s 3h]
TinaTurner72: checks
rs04: bets $3
TinaTurner72: folds
Uncalled bet ($3) returned to rs04
rs04 collected $11.76 from pot
rs04: doesn't show hand
*** SUMMARY ***
Total pot $12 | Rake $0.24
Board [3s 2s 3h]
Seat 2: TinaTurner72 (big blind) folded on the Flop
Seat 3: rs04 (button) (small blind) collected ($11.76)


PokerStars Hand #157079156947:  Hold'em Limit ($3/$6 USD) - 2016/08/09 18:14:34 ET
Table 'Paeonia' 6-max Seat #3 is the button
Seat 2: TinaTurner72 ($103.50 in chips)
Seat 3: rs04 ($134.78 in chips)
rs04: posts small blind $1
TinaTurner72: posts big blind $3
*** HOLE CARDS ***
rs04: raises $3 to $6
TinaTurner72: calls $3
*** FLOP *** [2c 5d As]
TinaTurner72: checks
rs04: bets $3
TinaTurner72: folds
Uncalled bet ($3) returned to rs04
rs04 collected $11.76 from pot
rs04: doesn't show hand
*** SUMMARY ***
Total pot $12 | Rake $0.24
Board [2c 5d As]
Seat 2: TinaTurner72 (big blind) folded on the Flop
Seat 3: rs04 (button) (small blind) collected ($11.76)


PokerStars Hand #157079174077:  Hold'em Limit ($3/$6 USD) - 2016/08/09 18:15:00 ET
Table 'Paeonia' 6-max Seat #2 is the button
Seat 2: TinaTurner72 ($97.50 in chips)
Seat 3: rs04 ($140.54 in chips)
TinaTurner72: posts small blind $1
rs04: posts big blind $3
*** HOLE CARDS ***
TinaTurner72: raises $3 to $6
rs04: calls $3
*** FLOP *** [4h 8c 4s]
rs04: checks
TinaTurner72: bets $3
rs04: calls $3
*** TURN *** [4h 8c 4s] [5c]
rs04: checks
TinaTurner72: bets $6
rs04: calls $6
*** RIVER *** [4h 8c 4s 5c] [Qs]
rs04: checks
TinaTurner72: checks
*** SHOW DOWN ***
rs04: shows [6h Ah] (a pair of Fours)
TinaTurner72: mucks hand
rs04 collected $29.50 from pot
*** SUMMARY ***
Total pot $30 | Rake $0.50
Board [4h 8c 4s 5c Qs]
Seat 2: TinaTurner72 (button) (small blind) mucked
Seat 3: rs04 (big blind) showed [6h Ah] and won ($29.50) with a pair of Fours


PokerStars Hand #157079208480:  Hold'em Limit ($3/$6 USD) - 2016/08/09 18:15:51 ET
Table 'Paeonia' 6-max Seat #2 is the button
Seat 2: TinaTurner72 ($76.50 in chips)
Seat 3: rs04 ($160.80 in chips)
TinaTurner72: posts small blind $1
rs04: posts big blind $3
*** HOLE CARDS ***
TinaTurner72: folds
Uncalled bet ($2) returned to rs04
rs04 collected $2 from pot
rs04: doesn't show hand
*** SUMMARY ***
Total pot $2 | Rake $0
Seat 2: TinaTurner72 (button) (small blind) folded before Flop
Seat 3: rs04 (big blind) collected ($2)


PokerStars Hand #157079197451:  Hold'em Limit ($3/$6 USD) - 2016/08/09 18:15:35 ET
Table 'Paeonia' 6-max Seat #3 is the button
Seat 2: TinaTurner72 ($82.50 in chips)
Seat 3: rs04 ($155.04 in chips)
rs04: posts small blind $1
TinaTurner72: posts big blind $3
*** HOLE CARDS ***
rs04: raises $3 to $6
TinaTurner72: calls $3
*** FLOP *** [Qc As 5h]
TinaTurner72: checks
rs04: bets $3
TinaTurner72: folds
Uncalled bet ($3) returned to rs04
rs04 collected $11.76 from pot
rs04: doesn't show hand
*** SUMMARY ***
Total pot $12 | Rake $0.24
Board [Qc As 5h]
Seat 2: TinaTurner72 (big blind) folded on the Flop
Seat 3: rs04 (button) (small blind) collected ($11.76)


PokerStars Hand #157079211303:  Hold'em Limit ($3/$6 USD) - 2016/08/09 18:15:55 ET
Table 'Paeonia' 6-max Seat #3 is the button
Seat 2: TinaTurner72 ($75.50 in chips)
Seat 3: rs04 ($161.80 in chips)
rs04: posts small blind $1
TinaTurner72: posts big blind $3
*** HOLE CARDS ***
rs04: folds
Uncalled bet ($2) returned to TinaTurner72
TinaTurner72 collected $2 from pot
TinaTurner72: doesn't show hand
*** SUMMARY ***
Total pot $2 | Rake $0
Seat 2: TinaTurner72 (big blind) collected ($2)
Seat 3: rs04 (button) (small blind) folded before Flop


PokerStars Hand #157079214492:  Hold'em Limit ($3/$6 USD) - 2016/08/09 18:16:00 ET
Table 'Paeonia' 6-max Seat #2 is the button
Seat 2: TinaTurner72 ($76.50 in chips)
Seat 3: rs04 ($160.80 in chips)
TinaTurner72: posts small blind $1
rs04: posts big blind $3
*** HOLE CARDS ***
TinaTurner72: raises $3 to $6
James_fis223 joins the table at seat #5
rs04: folds
Uncalled bet ($3) returned to TinaTurner72
TinaTurner72 collected $6 from pot
TinaTurner72: doesn't show hand
*** SUMMARY ***
Total pot $6 | Rake $0
Seat 2: TinaTurner72 (button) (small blind) collected ($6)
Seat 3: rs04 (big blind) folded before Flop


PokerStars Hand #157079237623:  Hold'em Limit ($3/$6 USD) - 2016/08/09 18:16:35 ET
Table 'Paeonia' 6-max Seat #2 is the button
Seat 2: TinaTurner72 ($80.50 in chips)
Seat 5: James_fis223 ($120 in chips)
TinaTurner72: posts small blind $1
James_fis223: posts big blind $3
*** HOLE CARDS ***
TinaTurner72: raises $3 to $6
James_fis223: calls $3
*** FLOP *** [Jd 2h 7c]
James_fis223: checks
TinaTurner72: bets $3
James_fis223: raises $3 to $6
TinaTurner72: calls $3
*** TURN *** [Jd 2h 7c] [Qh]
James_fis223: bets $6
TinaTurner72: calls $6
*** RIVER *** [Jd 2h 7c Qh] [Qs]
James_fis223: bets $6
TinaTurner72: calls $6
*** SHOW DOWN ***
James_fis223: shows [8h 8c] (two pair, Queens and Eights)
TinaTurner72: mucks hand
James_fis223 collected $47.50 from pot
*** SUMMARY ***
Total pot $48 | Rake $0.50
Board [Jd 2h 7c Qh Qs]
Seat 2: TinaTurner72 (button) (small blind) mucked
Seat 5: James_fis223 (big blind) showed [8h 8c] and won ($47.50) with two pair, Queens and Eights


PokerStars Hand #157079267433:  Hold'em Limit ($3/$6 USD) - 2016/08/09 18:17:21 ET
Table 'Paeonia' 6-max Seat #5 is the button
Seat 2: TinaTurner72 ($56.50 in chips)
Seat 5: James_fis223 ($143.50 in chips)
James_fis223: posts small blind $1
TinaTurner72: posts big blind $3
*** HOLE CARDS ***
James_fis223: raises $3 to $6
TinaTurner72: raises $3 to $9
James_fis223: calls $3
*** FLOP *** [6s 8d 3c]
TinaTurner72: bets $3
James_fis223: calls $3
*** TURN *** [6s 8d 3c] [8s]
TinaTurner72: bets $6
James_fis223: folds
Uncalled bet ($6) returned to TinaTurner72
TinaTurner72 collected $23.52 from pot
TinaTurner72: doesn't show hand
*** SUMMARY ***
Total pot $24 | Rake $0.48
Board [6s 8d 3c 8s]
Seat 2: TinaTurner72 (big blind) collected ($23.52)
Seat 5: James_fis223 (button) (small blind) folded on the Turn


PokerStars Hand #157079349595:  Hold'em Limit ($3/$6 USD) - 2016/08/09 18:19:26 ET
Table 'Paeonia' 6-max Seat #2 is the button
Seat 2: TinaTurner72 ($68.02 in chips)
Seat 3: KingYang2008 ($120 in chips)
TinaTurner72: posts small blind $1
KingYang2008: posts big blind $3
*** HOLE CARDS ***
TinaTurner72: raises $3 to $6
KingYang2008: calls $3
*** FLOP *** [4s Th Ah]
KingYang2008: checks
TinaTurner72: bets $3
KingYang2008: folds
Uncalled bet ($3) returned to TinaTurner72
TinaTurner72 collected $11.76 from pot
TinaTurner72: doesn't show hand
*** SUMMARY ***
Total pot $12 | Rake $0.24
Board [4s Th Ah]
Seat 2: TinaTurner72 (button) (small blind) collected ($11.76)
Seat 3: KingYang2008 (big blind) folded on the Flop


PokerStars Hand #157079371977:  Hold'em Limit ($3/$6 USD) - 2016/08/09 18:20:01 ET
Table 'Paeonia' 6-max Seat #2 is the button
Seat 2: TinaTurner72 ($52.78 in chips)
Seat 3: KingYang2008 ($134.50 in chips)
TinaTurner72: posts small blind $1
KingYang2008: posts big blind $3
*** HOLE CARDS ***
TinaTurner72: raises $3 to $6
KingYang2008: folds
Uncalled bet ($3) returned to TinaTurner72
TinaTurner72 collected $6 from pot
TinaTurner72: doesn't show hand
*** SUMMARY ***
Total pot $6 | Rake $0
Seat 2: TinaTurner72 (button) (small blind) collected ($6)
Seat 3: KingYang2008 (big blind) folded before Flop


PokerStars Hand #157079357135:  Hold'em Limit ($3/$6 USD) - 2016/08/09 18:19:38 ET
Table 'Paeonia' 6-max Seat #3 is the button
Seat 2: TinaTurner72 ($73.78 in chips)
Seat 3: KingYang2008 ($114 in chips)
James_fis223 joins the table at seat #5
KingYang2008: posts small blind $1
TinaTurner72: posts big blind $3
*** HOLE CARDS ***
KingYang2008: raises $3 to $6
TinaTurner72: calls $3
*** FLOP *** [Th Td 8c]
TinaTurner72: checks
KingYang2008: bets $3
TinaTurner72: calls $3
*** TURN *** [Th Td 8c] [2s]
TinaTurner72: checks
KingYang2008: bets $6
TinaTurner72: calls $6
*** RIVER *** [Th Td 8c 2s] [Jc]
TinaTurner72: checks
KingYang2008: bets $6
TinaTurner72: calls $6
*** SHOW DOWN ***
KingYang2008: shows [3h 8h] (two pair, Tens and Eights)
TinaTurner72: mucks hand
pasha6o joins the table at seat #4
KingYang2008 collected $41.50 from pot
*** SUMMARY ***
Total pot $42 | Rake $0.50
Board [Th Td 8c 2s Jc]
Seat 2: TinaTurner72 (big blind) mucked
Seat 3: KingYang2008 (button) (small blind) showed [3h 8h] and won ($41.50) with two pair, Tens and Eights


PokerStars Hand #157080409236:  Hold'em Limit ($3/$6 USD) - 2016/08/09 18:47:20 ET
Table 'Paeonia' 6-max Seat #4 is the button
Seat 4: pasha6o ($94.26 in chips)
Seat 5: B_loJkl ($254.54 in chips)
pasha6o: posts small blind $1
B_loJkl: posts big blind $3
*** HOLE CARDS ***
pasha6o: raises $3 to $6
B_loJkl: calls $3
*** FLOP *** [3s 2d 4c]
B_loJkl: checks
pasha6o: bets $3
B_loJkl: folds
Uncalled bet ($3) returned to pasha6o
pasha6o collected $11.76 from pot
pasha6o: doesn't show hand
*** SUMMARY ***
Total pot $12 | Rake $0.24
Board [3s 2d 4c]
Seat 4: pasha6o (button) (small blind) collected ($11.76)
Seat 5: B_loJkl (big blind) folded on the Flop


PokerStars Hand #157080396714:  Hold'em Limit ($3/$6 USD) - 2016/08/09 18:46:59 ET
Table 'Paeonia' 6-max Seat #4 is the button
Seat 4: pasha6o ($100.26 in chips)
Seat 5: B_loJkl ($248.90 in chips)
pasha6o: posts small blind $1
B_loJkl: posts big blind $3
*** HOLE CARDS ***
Coldhandnik leaves the table
pasha6o: raises $3 to $6
B_loJkl: folds
Uncalled bet ($3) returned to pasha6o
pasha6o collected $6 from pot
pasha6o: doesn't show hand
*** SUMMARY ***
Total pot $6 | Rake $0
Seat 4: pasha6o (button) (small blind) collected ($6)
Seat 5: B_loJkl (big blind) folded before Flop


PokerStars Hand #157080390263:  Hold'em Limit ($3/$6 USD) - 2016/08/09 18:46:48 ET
Table 'Paeonia' 6-max Seat #5 is the button
Seat 4: pasha6o ($91.62 in chips)
Seat 5: B_loJkl ($257.90 in chips)
B_loJkl: posts small blind $1
pasha6o: posts big blind $3
*** HOLE CARDS ***
B_loJkl: raises $3 to $6
pasha6o: raises $3 to $9
B_loJkl: calls $3
*** FLOP *** [9c Ks Th]
pasha6o: bets $3
B_loJkl: folds
Uncalled bet ($3) returned to pasha6o
pasha6o collected $17.64 from pot
pasha6o: doesn't show hand
*** SUMMARY ***
Total pot $18 | Rake $0.36
Board [9c Ks Th]
Seat 4: pasha6o (big blind) collected ($17.64)
Seat 5: B_loJkl (button) (small blind) folded on the Flop


PokerStars Hand #157080400417:  Hold'em Limit ($3/$6 USD) - 2016/08/09 18:47:05 ET
Table 'Paeonia' 6-max Seat #5 is the button
Seat 4: pasha6o ($103.26 in chips)
Seat 5: B_loJkl ($245.90 in chips)
B_loJkl: posts small blind $1
pasha6o: posts big blind $3
*** HOLE CARDS ***
B_loJkl: raises $3 to $6
pasha6o: calls $3
*** FLOP *** [6d 6s 2h]
pasha6o: checks
B_loJkl: bets $3
pasha6o: calls $3
*** TURN *** [6d 6s 2h] [Ts]
pasha6o: checks
B_loJkl: bets $6
pasha6o: folds
Uncalled bet ($6) returned to B_loJkl
B_loJkl collected $17.64 from pot
B_loJkl: doesn't show hand
*** SUMMARY ***
Total pot $18 | Rake $0.36
Board [6d 6s 2h Ts]
Seat 4: pasha6o (big blind) folded on the Turn
Seat 5: B_loJkl (button) (small blind) collected ($17.64)


PokerStars Hand #157080432250:  Hold'em Limit ($3/$6 USD) - 2016/08/09 18:47:58 ET
Table 'Paeonia' 6-max Seat #4 is the button
Seat 4: pasha6o ($117.52 in chips)
Seat 5: B_loJkl ($230.54 in chips)
pasha6o: posts small blind $1
B_loJkl: posts big blind $3
*** HOLE CARDS ***
pasha6o: folds
Uncalled bet ($2) returned to B_loJkl
B_loJkl collected $2 from pot
B_loJkl: doesn't show hand
*** SUMMARY ***
Total pot $2 | Rake $0
Seat 4: pasha6o (button) (small blind) folded before Flop
Seat 5: B_loJkl (big blind) collected ($2)


PokerStars Hand #157080415250:  Hold'em Limit ($3/$6 USD) - 2016/08/09 18:47:30 ET
Table 'Paeonia' 6-max Seat #5 is the button
Seat 4: pasha6o ($100.02 in chips)
Seat 5: B_loJkl ($248.54 in chips)
B_loJkl: posts small blind $1
pasha6o: posts big blind $3
*** HOLE CARDS ***
B_loJkl: raises $3 to $6
pasha6o: calls $3
*** FLOP *** [6h 6d Qh]
pasha6o: checks
B_loJkl: bets $3
pasha6o: raises $3 to $6
B_loJkl: calls $3
*** TURN *** [6h 6d Qh] [9d]
pasha6o: bets $6
B_loJkl: calls $6
*** RIVER *** [6h 6d Qh 9d] [4h]
pasha6o: bets $6
B_loJkl: folds
Uncalled bet ($6) returned to pasha6o
pasha6o collected $35.50 from pot
pasha6o: doesn't show hand
*** SUMMARY ***
Total pot $36 | Rake $0.50
Board [6h 6d Qh 9d 4h]
Seat 4: pasha6o (big blind) collected ($35.50)
Seat 5: B_loJkl (button) (small blind) folded on the River


PokerStars Hand #157080434875:  Hold'em Limit ($3/$6 USD) - 2016/08/09 18:48:02 ET
Table 'Paeonia' 6-max Seat #5 is the button
Seat 4: pasha6o ($116.52 in chips)
Seat 5: B_loJkl ($231.54 in chips)
B_loJkl: posts small blind $1
pasha6o: posts big blind $3
*** HOLE CARDS ***
B_loJkl: raises $3 to $6
pasha6o: calls $3
*** FLOP *** [6d 5d 2h]
pasha6o: checks
B_loJkl: bets $3
pasha6o: folds
Uncalled bet ($3) returned to B_loJkl
B_loJkl collected $11.76 from pot
B_loJkl: doesn't show hand
*** SUMMARY ***
Total pot $12 | Rake $0.24
Board [6d 5d 2h]
Seat 4: pasha6o (big blind) folded on the Flop
Seat 5: B_loJkl (button) (small blind) collected ($11.76)


PokerStars Hand #157080442141:  Hold'em Limit ($3/$6 USD) - 2016/08/09 18:48:14 ET
Table 'Paeonia' 6-max Seat #4 is the button
Seat 4: pasha6o ($110.52 in chips)
Seat 5: B_loJkl ($237.30 in chips)
pasha6o: posts small blind $1
B_loJkl: posts big blind $3
*** HOLE CARDS ***
pasha6o: raises $3 to $6
B_loJkl: calls $3
*** FLOP *** [8h 5d 8d]
B_loJkl: checks
pasha6o: bets $3
B_loJkl: raises $3 to $6
pasha6o: raises $3 to $9
B_loJkl: calls $3
*** TURN *** [8h 5d 8d] [5h]
B_loJkl: checks
pasha6o: bets $6
B_loJkl: calls $6
*** RIVER *** [8h 5d 8d 5h] [9s]
B_loJkl: checks
pasha6o: bets $6
B_loJkl: calls $6
*** SHOW DOWN ***
pasha6o: shows [Kh Kc] (two pair, Kings and Eights)
B_loJkl: mucks hand
pasha6o collected $53.50 from pot
*** SUMMARY ***
Total pot $54 | Rake $0.50
Board [8h 5d 8d 5h 9s]
Seat 4: pasha6o (button) (small blind) showed [Kh Kc] and won ($53.50) with two pair, Kings and Eights
Seat 5: B_loJkl (big blind) mucked


PokerStars Hand #157080454612:  Hold'em Limit ($3/$6 USD) - 2016/08/09 18:48:35 ET
Table 'Paeonia' 6-max Seat #5 is the button
Seat 4: pasha6o ($137.02 in chips)
Seat 5: B_loJkl ($210.30 in chips)
B_loJkl: posts small blind $1
pasha6o: posts big blind $3
*** HOLE CARDS ***
B_loJkl: raises $3 to $6
pasha6o: calls $3
*** FLOP *** [3h 4s Qh]
pasha6o: checks
B_loJkl: bets $3
pasha6o: calls $3
*** TURN *** [3h 4s Qh] [2h]
pasha6o: checks
B_loJkl: bets $6
pasha6o: calls $6
*** RIVER *** [3h 4s Qh 2h] [6c]
pasha6o: bets $6
B_loJkl: raises $6 to $12
pasha6o: calls $6
*** SHOW DOWN ***
B_loJkl: shows [9s 5d] (a straight, Deuce to Six)
pasha6o: mucks hand
B_loJkl collected $53.50 from pot
*** SUMMARY ***
Total pot $54 | Rake $0.50
Board [3h 4s Qh 2h 6c]
Seat 4: pasha6o (big blind) mucked
Seat 5: B_loJkl (button) (small blind) showed [9s 5d] and won ($53.50) with a straight, Deuce to Six


PokerStars Hand #157080463658:  Hold'em Limit ($3/$6 USD) - 2016/08/09 18:48:50 ET
Table 'Paeonia' 6-max Seat #4 is the button
Seat 4: pasha6o ($110.02 in chips)
Seat 5: B_loJkl ($236.80 in chips)
pasha6o: posts small blind $1
B_loJkl: posts big blind $3
*** HOLE CARDS ***
pasha6o: raises $3 to $6
B_loJkl: calls $3
*** FLOP *** [7s Ks 3c]
B_loJkl: checks
pasha6o: bets $3
B_loJkl: folds
Uncalled bet ($3) returned to pasha6o
pasha6o collected $11.76 from pot
pasha6o: doesn't show hand
*** SUMMARY ***
Total pot $12 | Rake $0.24
Board [7s Ks 3c]
Seat 4: pasha6o (button) (small blind) collected ($11.76)
Seat 5: B_loJkl (big blind) folded on the Flop


PokerStars Hand #157080469965:  Hold'em Limit ($3/$6 USD) - 2016/08/09 18:49:00 ET
Table 'Paeonia' 6-max Seat #5 is the button
Seat 4: pasha6o ($115.78 in chips)
Seat 5: B_loJkl ($230.80 in chips)
B_loJkl: posts small blind $1
pasha6o: posts big blind $3
*** HOLE CARDS ***
B_loJkl: raises $3 to $6
pasha6o: calls $3
*** FLOP *** [Qc 5c Ac]
pasha6o: checks
B_loJkl: bets $3
pasha6o: calls $3
*** TURN *** [Qc 5c Ac] [5d]
pasha6o: checks
B_loJkl: bets $6
pasha6o: folds
Uncalled bet ($6) returned to B_loJkl
B_loJkl collected $17.64 from pot
B_loJkl: doesn't show hand
*** SUMMARY ***
Total pot $18 | Rake $0.36
Board [Qc 5c Ac 5d]
Seat 4: pasha6o (big blind) folded on the Turn
Seat 5: B_loJkl (button) (small blind) collected ($17.64)


PokerStars Hand #157080482904:  Hold'em Limit ($3/$6 USD) - 2016/08/09 18:49:21 ET
Table 'Paeonia' 6-max Seat #4 is the button
Seat 4: pasha6o ($106.78 in chips)
Seat 5: B_loJkl ($239.44 in chips)
pasha6o: posts small blind $1
B_loJkl: posts big blind $3
*** HOLE CARDS ***
pasha6o: raises $3 to $6
B_loJkl: calls $3
*** FLOP *** [Jc Ac 2h]
B_loJkl: checks
pasha6o: bets $3
B_loJkl: calls $3
*** TURN *** [Jc Ac 2h] [Ts]
B_loJkl: checks
pasha6o: bets $6
B_loJkl: calls $6
*** RIVER *** [Jc Ac 2h Ts] [9h]
B_loJkl: checks
pasha6o: bets $6
B_loJkl: folds
Uncalled bet ($6) returned to pasha6o
pasha6o collected $29.50 from pot
pasha6o: doesn't show hand
*** SUMMARY ***
Total pot $30 | Rake $0.50
Board [Jc Ac 2h Ts 9h]
Seat 4: pasha6o (button) (small blind) collected ($29.50)
Seat 5: B_loJkl (big blind) folded on the River


PokerStars Hand #157080520237:  Hold'em Limit ($3/$6 USD) - 2016/08/09 18:50:23 ET
Table 'Paeonia' 6-max Seat #5 is the button
Seat 4: pasha6o ($124.80 in chips)
Seat 5: B_loJkl ($220.20 in chips)
B_loJkl: posts small blind $1
pasha6o: posts big blind $3
*** HOLE CARDS ***
B_loJkl: raises $3 to $6
pasha6o: calls $3
*** FLOP *** [3c 5h 6c]
pasha6o: checks
B_loJkl: bets $3
pasha6o: raises $3 to $6
B_loJkl: calls $3
*** TURN *** [3c 5h 6c] [Kh]
pasha6o: bets $6
B_loJkl: calls $6
*** RIVER *** [3c 5h 6c Kh] [Jd]
pasha6o: bets $6
B_loJkl: folds
Uncalled bet ($6) returned to pasha6o
pasha6o collected $35.50 from pot
pasha6o: doesn't show hand
*** SUMMARY ***
Total pot $36 | Rake $0.50
Board [3c 5h 6c Kh Jd]
Seat 4: pasha6o (big blind) collected ($35.50)
Seat 5: B_loJkl (button) (small blind) folded on the River


PokerStars Hand #157080517259:  Hold'em Limit ($3/$6 USD) - 2016/08/09 18:50:18 ET
Table 'Paeonia' 6-max Seat #4 is the button
Seat 4: pasha6o ($125.80 in chips)
Seat 5: B_loJkl ($219.20 in chips)
pasha6o: posts small blind $1
B_loJkl: posts big blind $3
*** HOLE CARDS ***
pasha6o: folds
Uncalled bet ($2) returned to B_loJkl
B_loJkl collected $2 from pot
B_loJkl: doesn't show hand
*** SUMMARY ***
Total pot $2 | Rake $0
Seat 4: pasha6o (button) (small blind) folded before Flop
Seat 5: B_loJkl (big blind) collected ($2)


PokerStars Hand #157080506738:  Hold'em Limit ($3/$6 USD) - 2016/08/09 18:50:01 ET
Table 'Paeonia' 6-max Seat #5 is the button
Seat 4: pasha6o ($114.28 in chips)
Seat 5: B_loJkl ($231.20 in chips)
B_loJkl: posts small blind $1
pasha6o: posts big blind $3
*** HOLE CARDS ***
B_loJkl: raises $3 to $6
pasha6o: calls $3
*** FLOP *** [2d 2s 3d]
pasha6o: checks
B_loJkl: checks
*** TURN *** [2d 2s 3d] [5s]
pasha6o: bets $6
B_loJkl: calls $6
*** RIVER *** [2d 2s 3d 5s] [5d]
pasha6o: bets $6
B_loJkl: folds
Uncalled bet ($6) returned to pasha6o
pasha6o collected $23.52 from pot
pasha6o: doesn't show hand
*** SUMMARY ***
Total pot $24 | Rake $0.48
Board [2d 2s 3d 5s 5d]
Seat 4: pasha6o (big blind) collected ($23.52)
Seat 5: B_loJkl (button) (small blind) folded on the River


PokerStars Hand #157080495649:  Hold'em Limit ($3/$6 USD) - 2016/08/09 18:49:42 ET
Table 'Paeonia' 6-max Seat #5 is the button
Seat 4: pasha6o ($121.28 in chips)
Seat 5: B_loJkl ($224.44 in chips)
B_loJkl: posts small blind $1
pasha6o: posts big blind $3
*** HOLE CARDS ***
B_loJkl: raises $3 to $6
pasha6o: calls $3
*** FLOP *** [6c As Kh]
pasha6o: checks
B_loJkl: bets $3
pasha6o: folds
Uncalled bet ($3) returned to B_loJkl
B_loJkl collected $11.76 from pot
B_loJkl: doesn't show hand
*** SUMMARY ***
Total pot $12 | Rake $0.24
Board [6c As Kh]
Seat 4: pasha6o (big blind) folded on the Flop
Seat 5: B_loJkl (button) (small blind) collected ($11.76)


PokerStars Hand #157080503654:  Hold'em Limit ($3/$6 USD) - 2016/08/09 18:49:56 ET
Table 'Paeonia' 6-max Seat #4 is the button
Seat 4: pasha6o ($115.28 in chips)
Seat 5: B_loJkl ($230.20 in chips)
pasha6o: posts small blind $1
B_loJkl: posts big blind $3
*** HOLE CARDS ***
pasha6o: folds
Uncalled bet ($2) returned to B_loJkl
B_loJkl collected $2 from pot
B_loJkl: doesn't show hand
*** SUMMARY ***
Total pot $2 | Rake $0
Seat 4: pasha6o (button) (small blind) folded before Flop
Seat 5: B_loJkl (big blind) collected ($2)


PokerStars Hand #157080555595:  Hold'em Limit ($3/$6 USD) - 2016/08/09 18:51:23 ET
Table 'Paeonia' 6-max Seat #5 is the button
Seat 4: pasha6o ($165.80 in chips)
Seat 5: B_loJkl ($178.20 in chips)
B_loJkl: posts small blind $1
pasha6o: posts big blind $3
*** HOLE CARDS ***
B_loJkl: raises $3 to $6
pasha6o: calls $3
*** FLOP *** [Qc Tc Kd]
pasha6o: checks
B_loJkl: bets $3
pasha6o: folds
Uncalled bet ($3) returned to B_loJkl
B_loJkl collected $11.76 from pot
B_loJkl: doesn't show hand
*** SUMMARY ***
Total pot $12 | Rake $0.24
Board [Qc Tc Kd]
Seat 4: pasha6o (big blind) folded on the Flop
Seat 5: B_loJkl (button) (small blind) collected ($11.76)


PokerStars Hand #157080534329:  Hold'em Limit ($3/$6 USD) - 2016/08/09 18:50:47 ET
Table 'Paeonia' 6-max Seat #4 is the button
Seat 4: pasha6o ($142.30 in chips)
Seat 5: B_loJkl ($202.20 in chips)
pasha6o: posts small blind $1
B_loJkl: posts big blind $3
*** HOLE CARDS ***
pasha6o: raises $3 to $6
B_loJkl: calls $3
*** FLOP *** [2h 2d 3h]
B_loJkl: bets $3
pasha6o: raises $3 to $6
B_loJkl: calls $3
*** TURN *** [2h 2d 3h] [Qh]
B_loJkl: checks
pasha6o: bets $6
B_loJkl: calls $6
*** RIVER *** [2h 2d 3h Qh] [Ah]
B_loJkl: bets $6
pasha6o: calls $6
*** SHOW DOWN ***
B_loJkl: shows [Th Ac] (a flush, Ace high)
pasha6o: shows [Jh 6h] (a flush, Ace high - Jack higher)
pasha6o collected $47.50 from pot
*** SUMMARY ***
Total pot $48 | Rake $0.50
Board [2h 2d 3h Qh Ah]
Seat 4: pasha6o (button) (small blind) showed [Jh 6h] and won ($47.50) with a flush, Ace high
Seat 5: B_loJkl (big blind) showed [Th Ac] and lost with a flush, Ace high


PokerStars Hand #157080573534:  Hold'em Limit ($3/$6 USD) - 2016/08/09 18:51:53 ET
Table 'Paeonia' 6-max Seat #4 is the button
Seat 4: pasha6o ($136.80 in chips)
Seat 5: B_loJkl ($206.46 in chips)
pasha6o: posts small blind $1
B_loJkl: posts big blind $3
*** HOLE CARDS ***
pasha6o: raises $3 to $6
B_loJkl: folds
Uncalled bet ($3) returned to pasha6o
pasha6o collected $6 from pot
pasha6o: doesn't show hand
*** SUMMARY ***
Total pot $6 | Rake $0
Seat 4: pasha6o (button) (small blind) collected ($6)
Seat 5: B_loJkl (big blind) folded before Flop


PokerStars Hand #157080570574:  Hold'em Limit ($3/$6 USD) - 2016/08/09 18:51:48 ET
Table 'Paeonia' 6-max Seat #5 is the button
Seat 4: pasha6o ($135.80 in chips)
Seat 5: B_loJkl ($207.46 in chips)
B_loJkl: posts small blind $1
pasha6o: posts big blind $3
*** HOLE CARDS ***
B_loJkl: folds
Uncalled bet ($2) returned to pasha6o
pasha6o collected $2 from pot
pasha6o: doesn't show hand
Speeeece joins the table at seat #3
*** SUMMARY ***
Total pot $2 | Rake $0
Seat 4: pasha6o (big blind) collected ($2)
Seat 5: B_loJkl (button) (small blind) folded before Flop


PokerStars Hand #157080561986:  Hold'em Limit ($3/$6 USD) - 2016/08/09 18:51:34 ET
Table 'Paeonia' 6-max Seat #4 is the button
Seat 4: pasha6o ($159.80 in chips)
Seat 5: B_loJkl ($183.96 in chips)
pasha6o: posts small blind $1
B_loJkl: posts big blind $3
*** HOLE CARDS ***
pasha6o: raises $3 to $6
B_loJkl: calls $3
*** FLOP *** [3c 8d 2s]
B_loJkl: checks
pasha6o: bets $3
B_loJkl: raises $3 to $6
pasha6o: calls $3
*** TURN *** [3c 8d 2s] [9c]
B_loJkl: bets $6
pasha6o: calls $6
*** RIVER *** [3c 8d 2s 9c] [6c]
B_loJkl: bets $6
pasha6o: calls $6
*** SHOW DOWN ***
B_loJkl: shows [9h As] (a pair of Nines)
pasha6o: mucks hand
B_loJkl collected $47.50 from pot
*** SUMMARY ***
Total pot $48 | Rake $0.50
Board [3c 8d 2s 9c 6c]
Seat 4: pasha6o (button) (small blind) mucked
Seat 5: B_loJkl (big blind) showed [9h As] and won ($47.50) with a pair of Nines


