PokerStars Hand #145134937444:  Hold'em Limit ($3/$6 USD) - 2015/12/10 14:11:55 ET
Table 'Paeonia' 6-max Seat #2 is the button
Seat 2: julenchu ($184 in chips)
Seat 6: Great_Kang ($143.64 in chips)
julenchu: posts small blind $1
SashaYuvelir: is sitting out
scorpio04: is sitting out
Great_Kang: posts big blind $3
*** HOLE CARDS ***
scorpio04 leaves the table
julenchu: raises $3 to $6
Great_Kang: calls $3
*** FLOP *** [5s 9s 2h]
Great_Kang: checks
julenchu: checks
*** TURN *** [5s 9s 2h] [Tc]
Great_Kang: bets $6
julenchu: calls $6
*** RIVER *** [5s 9s 2h Tc] [7c]
Great_Kang: bets $6
julenchu: calls $6
*** SHOW DOWN ***
Great_Kang: shows [5c Js] (a pair of Fives)
julenchu: shows [Qh Ts] (a pair of Tens)
julenchu collected $35.50 from pot
*** SUMMARY ***
Total pot $36 | Rake $0.50
Board [5s 9s 2h Tc 7c]
Seat 2: julenchu (button) (small blind) showed [Qh Ts] and won ($35.50) with a pair of Tens
Seat 6: Great_Kang (big blind) showed [5c Js] and lost with a pair of Fives


PokerStars Hand #145134953653:  Hold'em Limit ($3/$6 USD) - 2015/12/10 14:12:12 ET
Table 'Paeonia' 6-max Seat #6 is the button
Seat 2: julenchu ($201.50 in chips)
Seat 6: Great_Kang ($125.64 in chips)
Great_Kang: posts small blind $1
julenchu: posts big blind $3
*** HOLE CARDS ***
Great_Kang: folds
Uncalled bet ($2) returned to julenchu
julenchu collected $2 from pot
julenchu: doesn't show hand
*** SUMMARY ***
Total pot $2 | Rake $0
Seat 2: julenchu (big blind) collected ($2)
Seat 6: Great_Kang (button) (small blind) folded before Flop


