PokerStars Hand #155915795409:  Hold'em Limit ($3/$6 USD) - 2016/07/13 9:03:29 ET
Table 'Pafuri' 10-max Seat #6 is the button
Seat 6: Agrotait ($77.75 in chips)
Seat 10: VickyC95 ($113.75 in chips)
Agrotait: posts small blind $1
VickyC95: posts big blind $3
*** HOLE CARDS ***
Agrotait: folds
Uncalled bet ($2) returned to VickyC95
VickyC95 collected $2 from pot
*** SUMMARY ***
Total pot $2 | Rake $0
Seat 6: Agrotait (button) (small blind) folded before Flop
Seat 10: VickyC95 (big blind) collected ($2)


PokerStars Hand #155915792801:  Hold'em Limit ($3/$6 USD) - 2016/07/13 9:03:23 ET
Table 'Pafuri' 10-max Seat #10 is the button
Seat 6: Agrotait ($76.75 in chips)
Seat 10: VickyC95 ($114.75 in chips)
VickyC95: posts small blind $1
Agrotait: posts big blind $3
*** HOLE CARDS ***
VickyC95: folds
Uncalled bet ($2) returned to Agrotait
Agrotait collected $2 from pot
Agrotait: doesn't show hand
*** SUMMARY ***
Total pot $2 | Rake $0
Seat 6: Agrotait (big blind) collected ($2)
Seat 10: VickyC95 (button) (small blind) folded before Flop


PokerStars Hand #155915789154:  Hold'em Limit ($3/$6 USD) - 2016/07/13 9:03:16 ET
Table 'Pafuri' 10-max Seat #6 is the button
Seat 6: Agrotait ($73.75 in chips)
Seat 10: VickyC95 ($117.75 in chips)
Agrotait: posts small blind $1
VickyC95: posts big blind $3
*** HOLE CARDS ***
Agrotait: raises $3 to $6
VickyC95: folds
Uncalled bet ($3) returned to Agrotait
Agrotait collected $6 from pot
Agrotait: doesn't show hand
*** SUMMARY ***
Total pot $6 | Rake $0
Seat 6: Agrotait (button) (small blind) collected ($6)
Seat 10: VickyC95 (big blind) folded before Flop


PokerStars Hand #155915786329:  Hold'em Limit ($3/$6 USD) - 2016/07/13 9:03:10 ET
Table 'Pafuri' 10-max Seat #10 is the button
Seat 6: Agrotait ($72.75 in chips)
Seat 10: VickyC95 ($118.75 in chips)
VickyC95: posts small blind $1
Agrotait: posts big blind $3
*** HOLE CARDS ***
VickyC95: folds
Uncalled bet ($2) returned to Agrotait
Agrotait collected $2 from pot
Agrotait: doesn't show hand
*** SUMMARY ***
Total pot $2 | Rake $0
Seat 6: Agrotait (big blind) collected ($2)
Seat 10: VickyC95 (button) (small blind) folded before Flop


PokerStars Hand #155915743519:  Hold'em Limit ($3/$6 USD) - 2016/07/13 9:01:39 ET
Table 'Pafuri' 10-max Seat #6 is the button
Seat 6: Agrotait ($73 in chips)
Seat 10: VickyC95 ($119 in chips)
Agrotait: posts small blind $1
VickyC95: posts big blind $3
*** HOLE CARDS ***
Agrotait: raises $3 to $6
VickyC95: raises $3 to $9
Agrotait: calls $3
*** FLOP *** [3h As 4s]
VickyC95: bets $3
Agrotait: calls $3
*** TURN *** [3h As 4s] [5d]
VickyC95: bets $6
Agrotait: calls $6
*** RIVER *** [3h As 4s 5d] [2d]
VickyC95: bets $6
Agrotait: raises $6 to $12
VickyC95: raises $6 to $18
Agrotait: calls $6
*** SHOW DOWN ***
VickyC95: shows [6d Ah] (a straight, Deuce to Six)
Agrotait: shows [Jd 6s] (a straight, Deuce to Six)
VickyC95 collected $35.75 from pot
Agrotait collected $35.75 from pot
*** SUMMARY ***
Total pot $72 | Rake $0.50
Board [3h As 4s 5d 2d]
Seat 6: Agrotait (button) (small blind) showed [Jd 6s] and won ($35.75) with a straight, Deuce to Six
Seat 10: VickyC95 (big blind) showed [6d Ah] and won ($35.75) with a straight, Deuce to Six


PokerStars Hand #155915821183:  Hold'em Limit ($3/$6 USD) - 2016/07/13 9:04:22 ET
Table 'Pafuri' 10-max Seat #10 is the button
Seat 6: Agrotait ($60.75 in chips)
Seat 10: VickyC95 ($130.25 in chips)
VickyC95: posts small blind $1
Agrotait: posts big blind $3
*** HOLE CARDS ***
VickyC95: raises $3 to $6
Agrotait: folds
Uncalled bet ($3) returned to VickyC95
VickyC95 collected $6 from pot
*** SUMMARY ***
Total pot $6 | Rake $0
Seat 6: Agrotait (big blind) folded before Flop
Seat 10: VickyC95 (button) (small blind) collected ($6)


PokerStars Hand #155915815199:  Hold'em Limit ($3/$6 USD) - 2016/07/13 9:04:10 ET
Table 'Pafuri' 10-max Seat #10 is the button
Seat 6: Agrotait ($60.75 in chips)
Seat 10: VickyC95 ($130.25 in chips)
VickyC95: posts small blind $1
Agrotait: posts big blind $3
*** HOLE CARDS ***
VickyC95: folds
Uncalled bet ($2) returned to Agrotait
Agrotait collected $2 from pot
Agrotait: doesn't show hand
*** SUMMARY ***
Total pot $2 | Rake $0
Seat 6: Agrotait (big blind) collected ($2)
Seat 10: VickyC95 (button) (small blind) folded before Flop


PokerStars Hand #155915812828:  Hold'em Limit ($3/$6 USD) - 2016/07/13 9:04:05 ET
Table 'Pafuri' 10-max Seat #6 is the button
Seat 6: Agrotait ($61.75 in chips)
Seat 10: VickyC95 ($129.25 in chips)
Agrotait: posts small blind $1
VickyC95: posts big blind $3
*** HOLE CARDS ***
Agrotait: folds
Uncalled bet ($2) returned to VickyC95
VickyC95 collected $2 from pot
*** SUMMARY ***
Total pot $2 | Rake $0
Seat 6: Agrotait (button) (small blind) folded before Flop
Seat 10: VickyC95 (big blind) collected ($2)


PokerStars Hand #155915797904:  Hold'em Limit ($3/$6 USD) - 2016/07/13 9:03:34 ET
Table 'Pafuri' 10-max Seat #10 is the button
Seat 6: Agrotait ($76.75 in chips)
Seat 10: VickyC95 ($114.75 in chips)
VickyC95: posts small blind $1
Agrotait: posts big blind $3
*** HOLE CARDS ***
VickyC95: raises $3 to $6
Agrotait: calls $3
*** FLOP *** [2c Tc 4d]
Agrotait: checks
VickyC95: bets $3
Agrotait: calls $3
*** TURN *** [2c Tc 4d] [6c]
Agrotait: checks
VickyC95: bets $6
Agrotait: calls $6
*** RIVER *** [2c Tc 4d 6c] [Ad]
Agrotait: checks
VickyC95: checks
*** SHOW DOWN ***
Agrotait: shows [Qc 7s] (high card Ace)
VickyC95: shows [Ks Kh] (a pair of Kings)
VickyC95 collected $29.50 from pot
*** SUMMARY ***
Total pot $30 | Rake $0.50
Board [2c Tc 4d 6c Ad]
Seat 6: Agrotait (big blind) showed [Qc 7s] and lost with high card Ace
Seat 10: VickyC95 (button) (small blind) showed [Ks Kh] and won ($29.50) with a pair of Kings


PokerStars Hand #155915828707:  Hold'em Limit ($3/$6 USD) - 2016/07/13 9:04:38 ET
Table 'Pafuri' 10-max Seat #6 is the button
Seat 6: Agrotait ($72 in chips)
Seat 10: VickyC95 ($133.25 in chips)
Agrotait: posts small blind $1
VickyC95: posts big blind $3
*** HOLE CARDS ***
Agrotait: raises $3 to $6
VickyC95: calls $3
*** FLOP *** [3d Qh 2h]
VickyC95: checks
Agrotait: bets $3
VickyC95: folds
Uncalled bet ($3) returned to Agrotait
Agrotait collected $11.76 from pot
Agrotait: doesn't show hand
*** SUMMARY ***
Total pot $12 | Rake $0.24
Board [3d Qh 2h]
Seat 6: Agrotait (button) (small blind) collected ($11.76)
Seat 10: VickyC95 (big blind) folded on the Flop


