PokerStars Hand #146473745856:  Hold'em Limit ($3/$6 USD) - 2016/01/04 16:50:56 ET
Table 'Pafuri II' 6-max Seat #1 is the button
Seat 1: Pete81 ($58.59 in chips)
Seat 6: SmellyToes4u ($198.09 in chips)
Pete81: posts small blind $1
SmellyToes4u: posts big blind $3
*** HOLE CARDS ***
Pete81: folds
Uncalled bet ($2) returned to SmellyToes4u
SmellyToes4u collected $2 from pot
SmellyToes4u: doesn't show hand
*** SUMMARY ***
Total pot $2 | Rake $0
Seat 1: Pete81 (button) (small blind) folded before Flop
Seat 6: SmellyToes4u (big blind) collected ($2)


PokerStars Hand #146473737083:  Hold'em Limit ($3/$6 USD) - 2016/01/04 16:50:50 ET
Table 'Pafuri II' 6-max Seat #6 is the button
Seat 1: Pete81 ($61.59 in chips)
Seat 6: SmellyToes4u ($195.09 in chips)
SmellyToes4u: posts small blind $1
Pete81: posts big blind $3
*** HOLE CARDS ***
SmellyToes4u: raises $3 to $6
Pete81: folds
Uncalled bet ($3) returned to SmellyToes4u
SmellyToes4u collected $6 from pot
SmellyToes4u: doesn't show hand
*** SUMMARY ***
Total pot $6 | Rake $0
Seat 1: Pete81 (big blind) folded before Flop
Seat 6: SmellyToes4u (button) (small blind) collected ($6)


PokerStars Hand #146473718553:  Hold'em Limit ($3/$6 USD) - 2016/01/04 16:50:38 ET
Table 'Pafuri II' 6-max Seat #1 is the button
Seat 1: Pete81 ($55.83 in chips)
Seat 6: SmellyToes4u ($201.09 in chips)
Pete81: posts small blind $1
SmellyToes4u: posts big blind $3
*** HOLE CARDS ***
Pete81: raises $3 to $6
SmellyToes4u: calls $3
*** FLOP *** [As 2c 7s]
SmellyToes4u: checks
Pete81: bets $3
SmellyToes4u: folds
Uncalled bet ($3) returned to Pete81
Pete81 collected $11.76 from pot
Pete81: doesn't show hand
*** SUMMARY ***
Total pot $12 | Rake $0.24
Board [As 2c 7s]
Seat 1: Pete81 (button) (small blind) collected ($11.76)
Seat 6: SmellyToes4u (big blind) folded on the Flop


PokerStars Hand #146473780321:  Hold'em Limit ($3/$6 USD) - 2016/01/04 16:51:20 ET
Table 'Pafuri II' 6-max Seat #6 is the button
Seat 1: Pete81 ($60.35 in chips)
Seat 6: SmellyToes4u ($196.09 in chips)
SmellyToes4u: posts small blind $1
Pete81: posts big blind $3
*** HOLE CARDS ***
SmellyToes4u: raises $3 to $6
Pete81: calls $3
*** FLOP *** [Ac 9s 7c]
Pete81: checks
SmellyToes4u: bets $3
Pete81: calls $3
*** TURN *** [Ac 9s 7c] [4s]
Pete81: checks
SmellyToes4u: checks
*** RIVER *** [Ac 9s 7c 4s] [Ah]
Pete81: bets $6
SmellyToes4u: calls $6
*** SHOW DOWN ***
Pete81: shows [6h 5h] (a pair of Aces)
SmellyToes4u: shows [6c 4h] (two pair, Aces and Fours)
SmellyToes4u collected $29.50 from pot
*** SUMMARY ***
Total pot $30 | Rake $0.50
Board [Ac 9s 7c 4s Ah]
Seat 1: Pete81 (big blind) showed [6h 5h] and lost with a pair of Aces
Seat 6: SmellyToes4u (button) (small blind) showed [6c 4h] and won ($29.50) with two pair, Aces and Fours


PokerStars Hand #146473763139:  Hold'em Limit ($3/$6 USD) - 2016/01/04 16:51:08 ET
Table 'Pafuri II' 6-max Seat #1 is the button
Seat 1: Pete81 ($54.59 in chips)
Seat 6: SmellyToes4u ($202.09 in chips)
Pete81: posts small blind $1
SmellyToes4u: posts big blind $3
*** HOLE CARDS ***
Pete81: raises $3 to $6
SmellyToes4u: calls $3
*** FLOP *** [9h 3d 8h]
SmellyToes4u: checks
Pete81: bets $3
SmellyToes4u: folds
Uncalled bet ($3) returned to Pete81
Pete81 collected $11.76 from pot
Pete81: doesn't show hand
*** SUMMARY ***
Total pot $12 | Rake $0.24
Board [9h 3d 8h]
Seat 1: Pete81 (button) (small blind) collected ($11.76)
Seat 6: SmellyToes4u (big blind) folded on the Flop


PokerStars Hand #146473753102:  Hold'em Limit ($3/$6 USD) - 2016/01/04 16:51:01 ET
Table 'Pafuri II' 6-max Seat #6 is the button
Seat 1: Pete81 ($57.59 in chips)
Seat 6: SmellyToes4u ($199.09 in chips)
SmellyToes4u: posts small blind $1
Pete81: posts big blind $3
*** HOLE CARDS ***
SmellyToes4u: raises $3 to $6
Pete81: folds
Uncalled bet ($3) returned to SmellyToes4u
SmellyToes4u collected $6 from pot
SmellyToes4u: doesn't show hand
*** SUMMARY ***
Total pot $6 | Rake $0
Seat 1: Pete81 (big blind) folded before Flop
Seat 6: SmellyToes4u (button) (small blind) collected ($6)


PokerStars Hand #146473808625:  Hold'em Limit ($3/$6 USD) - 2016/01/04 16:51:39 ET
Table 'Pafuri II' 6-max Seat #1 is the button
Seat 1: Pete81 ($45.35 in chips)
Seat 6: SmellyToes4u ($210.59 in chips)
Pete81: posts small blind $1
SmellyToes4u: posts big blind $3
*** HOLE CARDS ***
parnishka11 joins the table at seat #2
Pete81: raises $3 to $6
SmellyToes4u: raises $3 to $9
Pete81: calls $3
*** FLOP *** [7c 2c Kc]
SmellyToes4u: bets $3
parnishka11 leaves the table
Pete81: calls $3
*** TURN *** [7c 2c Kc] [9s]
SmellyToes4u: bets $6
Pete81: calls $6
*** RIVER *** [7c 2c Kc 9s] [3h]
SmellyToes4u: bets $6
Pete81: calls $6
*** SHOW DOWN ***
SmellyToes4u: shows [Jc Td] (high card King)
Pete81: shows [8s 7s] (a pair of Sevens)
Pete81 collected $47.50 from pot
*** SUMMARY ***
Total pot $48 | Rake $0.50
Board [7c 2c Kc 9s 3h]
Seat 1: Pete81 (button) (small blind) showed [8s 7s] and won ($47.50) with a pair of Sevens
Seat 6: SmellyToes4u (big blind) showed [Jc Td] and lost with high card King


PokerStars Hand #146473883913:  Hold'em Limit ($3/$6 USD) - 2016/01/04 16:52:33 ET
Table 'Pafuri II' 6-max Seat #6 is the button
Seat 1: Pete81 ($68.85 in chips)
Seat 6: SmellyToes4u ($186.59 in chips)
SmellyToes4u: posts small blind $1
Pete81: posts big blind $3
*** HOLE CARDS ***
SmellyToes4u: raises $3 to $6
Pete81: calls $3
*** FLOP *** [9s Ks Tc]
Pete81: checks
SmellyToes4u: bets $3
Pete81: calls $3
*** TURN *** [9s Ks Tc] [Jc]
Pete81: checks
SmellyToes4u: checks
*** RIVER *** [9s Ks Tc Jc] [7h]
Pete81: bets $6
SmellyToes4u: folds
Uncalled bet ($6) returned to Pete81
Pete81 collected $17.64 from pot
Pete81: doesn't show hand
*** SUMMARY ***
Total pot $18 | Rake $0.36
Board [9s Ks Tc Jc 7h]
Seat 1: Pete81 (big blind) collected ($17.64)
Seat 6: SmellyToes4u (button) (small blind) folded on the River


