PokerStars Hand #144411655595:  Hold'em Limit ($3/$6 USD) - 2015/11/26 10:52:19 ET
Table 'Pafuri II' 2-max Seat #1 is the button
Seat 1: simper11 ($137.50 in chips)
Seat 2: _fayzulllo_ ($67.50 in chips)
simper11: posts small blind $1
_fayzulllo_: posts big blind $3
*** HOLE CARDS ***
simper11: raises $3 to $6
_fayzulllo_: calls $3
*** FLOP *** [Ac 3s Ks]
_fayzulllo_: checks
simper11: bets $3
_fayzulllo_: calls $3
*** TURN *** [Ac 3s Ks] [Th]
_fayzulllo_: checks
simper11: checks
*** RIVER *** [Ac 3s Ks Th] [4c]
_fayzulllo_: bets $6
simper11: folds
Uncalled bet ($6) returned to _fayzulllo_
_fayzulllo_ collected $17.64 from pot
_fayzulllo_: doesn't show hand
*** SUMMARY ***
Total pot $18 | Rake $0.36
Board [Ac 3s Ks Th 4c]
Seat 1: simper11 (button) (small blind) folded on the River
Seat 2: _fayzulllo_ (big blind) collected ($17.64)


PokerStars Hand #144411645121:  Hold'em Limit ($3/$6 USD) - 2015/11/26 10:52:04 ET
Table 'Pafuri II' 2-max Seat #2 is the button
Seat 1: simper11 ($120 in chips)
Seat 2: _fayzulllo_ ($85.50 in chips)
_fayzulllo_: posts small blind $1
simper11: posts big blind $3
*** HOLE CARDS ***
_fayzulllo_: calls $2
simper11: checks
*** FLOP *** [6c 9c 7d]
simper11: bets $3
_fayzulllo_: calls $3
*** TURN *** [6c 9c 7d] [Td]
simper11: bets $6
_fayzulllo_: calls $6
*** RIVER *** [6c 9c 7d Td] [Ks]
simper11: bets $6
_fayzulllo_: calls $6
*** SHOW DOWN ***
simper11: shows [Tc 8c] (a straight, Six to Ten)
_fayzulllo_: mucks hand
simper11 collected $35.50 from pot
*** SUMMARY ***
Total pot $36 | Rake $0.50
Board [6c 9c 7d Td Ks]
Seat 1: simper11 (big blind) showed [Tc 8c] and won ($35.50) with a straight, Six to Ten
Seat 2: _fayzulllo_ (button) (small blind) mucked


PokerStars Hand #144411630956:  Hold'em Limit ($3/$6 USD) - 2015/11/26 10:51:44 ET
Table 'Pafuri II' 2-max Seat #1 is the button
Seat 1: simper11 ($121 in chips)
Seat 2: _fayzulllo_ ($71 in chips)
simper11: posts small blind $1
_fayzulllo_: posts big blind $3
*** HOLE CARDS ***
simper11: raises $3 to $6
_fayzulllo_: calls $3
*** FLOP *** [2c 2s Qc]
_fayzulllo_: checks
simper11: bets $3
_fayzulllo_: calls $3
*** TURN *** [2c 2s Qc] [Kd]
_fayzulllo_: checks
simper11: bets $6
_fayzulllo_: raises $6 to $12
simper11: folds
Uncalled bet ($6) returned to _fayzulllo_
_fayzulllo_ collected $29.50 from pot
_fayzulllo_: doesn't show hand
*** SUMMARY ***
Total pot $30 | Rake $0.50
Board [2c 2s Qc Kd]
Seat 1: simper11 (button) (small blind) folded on the Turn
Seat 2: _fayzulllo_ (big blind) collected ($29.50)


PokerStars Hand #144411673943:  Hold'em Limit ($3/$6 USD) - 2015/11/26 10:52:44 ET
Table 'Pafuri II' 2-max Seat #1 is the button
Seat 1: simper11 ($129.50 in chips)
Seat 2: _fayzulllo_ ($75.14 in chips)
simper11: posts small blind $1
_fayzulllo_: posts big blind $3
*** HOLE CARDS ***
simper11: folds
Uncalled bet ($2) returned to _fayzulllo_
_fayzulllo_ collected $2 from pot
_fayzulllo_: doesn't show hand
*** SUMMARY ***
Total pot $2 | Rake $0
Seat 1: simper11 (button) (small blind) folded before Flop
Seat 2: _fayzulllo_ (big blind) collected ($2)


PokerStars Hand #144411670114:  Hold'em Limit ($3/$6 USD) - 2015/11/26 10:52:39 ET
Table 'Pafuri II' 2-max Seat #2 is the button
Seat 1: simper11 ($128.50 in chips)
Seat 2: _fayzulllo_ ($76.14 in chips)
_fayzulllo_: posts small blind $1
simper11: posts big blind $3
*** HOLE CARDS ***
_fayzulllo_: folds
Uncalled bet ($2) returned to simper11
simper11 collected $2 from pot
simper11: doesn't show hand
*** SUMMARY ***
Total pot $2 | Rake $0
Seat 1: simper11 (big blind) collected ($2)
Seat 2: _fayzulllo_ (button) (small blind) folded before Flop


PokerStars Hand #144411685594:  Hold'em Limit ($3/$6 USD) - 2015/11/26 10:53:00 ET
Table 'Pafuri II' 2-max Seat #1 is the button
Seat 1: simper11 ($125.50 in chips)
Seat 2: _fayzulllo_ ($79.02 in chips)
simper11: posts small blind $1
_fayzulllo_: posts big blind $3
*** HOLE CARDS ***
simper11: raises $3 to $6
_fayzulllo_: calls $3
*** FLOP *** [6s 9h Qs]
_fayzulllo_: checks
simper11: bets $3
_fayzulllo_: calls $3
*** TURN *** [6s 9h Qs] [4h]
_fayzulllo_: checks
simper11: bets $6
_fayzulllo_: calls $6
*** RIVER *** [6s 9h Qs 4h] [Ac]
_fayzulllo_: checks
simper11: checks
*** SHOW DOWN ***
_fayzulllo_: shows [2s 9s] (a pair of Nines)
simper11: mucks hand
_fayzulllo_ collected $29.50 from pot
*** SUMMARY ***
Total pot $30 | Rake $0.50
Board [6s 9h Qs 4h Ac]
Seat 1: simper11 (button) (small blind) mucked
Seat 2: _fayzulllo_ (big blind) showed [2s 9s] and won ($29.50) with a pair of Nines


PokerStars Hand #144411677657:  Hold'em Limit ($3/$6 USD) - 2015/11/26 10:52:49 ET
Table 'Pafuri II' 2-max Seat #2 is the button
Seat 1: simper11 ($128.50 in chips)
Seat 2: _fayzulllo_ ($76.14 in chips)
_fayzulllo_: posts small blind $1
simper11: posts big blind $3
*** HOLE CARDS ***
_fayzulllo_: calls $2
simper11: checks
*** FLOP *** [Th Kc Ah]
simper11: checks
_fayzulllo_: bets $3
simper11: folds
Uncalled bet ($3) returned to _fayzulllo_
_fayzulllo_ collected $5.88 from pot
_fayzulllo_: doesn't show hand
*** SUMMARY ***
Total pot $6 | Rake $0.12
Board [Th Kc Ah]
Seat 1: simper11 (big blind) folded on the Flop
Seat 2: _fayzulllo_ (button) (small blind) collected ($5.88)


PokerStars Hand #144411701407:  Hold'em Limit ($3/$6 USD) - 2015/11/26 10:53:22 ET
Table 'Pafuri II' 2-max Seat #2 is the button
Seat 1: simper11 ($120 in chips)
Seat 2: _fayzulllo_ ($93.52 in chips)
_fayzulllo_: posts small blind $1
simper11: posts big blind $3
*** HOLE CARDS ***
_fayzulllo_: calls $2
simper11: checks
*** FLOP *** [Th 4c 5c]
simper11: bets $3
_fayzulllo_: calls $3
*** TURN *** [Th 4c 5c] [6d]
simper11: bets $6
_fayzulllo_: calls $6
*** RIVER *** [Th 4c 5c 6d] [5h]
simper11: bets $6
_fayzulllo_: raises $6 to $12
simper11: calls $6
*** SHOW DOWN ***
_fayzulllo_: shows [7d 5d] (three of a kind, Fives)
simper11: mucks hand
_fayzulllo_ collected $47.50 from pot
*** SUMMARY ***
Total pot $48 | Rake $0.50
Board [Th 4c 5c 6d 5h]
Seat 1: simper11 (big blind) mucked
Seat 2: _fayzulllo_ (button) (small blind) showed [7d 5d] and won ($47.50) with three of a kind, Fives


PokerStars Hand #144411749446:  Hold'em Limit ($3/$6 USD) - 2015/11/26 10:54:29 ET
Table 'Pafuri II' 2-max Seat #1 is the button
Seat 1: simper11 ($120 in chips)
Seat 2: _fayzulllo_ ($124.54 in chips)
simper11: posts small blind $1
_fayzulllo_: posts big blind $3
*** HOLE CARDS ***
simper11: raises $3 to $6
_fayzulllo_: calls $3
*** FLOP *** [Qs Tc 2c]
_fayzulllo_: checks
simper11: bets $3
_fayzulllo_: folds
Uncalled bet ($3) returned to simper11
simper11 collected $11.76 from pot
simper11: doesn't show hand
*** SUMMARY ***
Total pot $12 | Rake $0.24
Board [Qs Tc 2c]
Seat 1: simper11 (button) (small blind) collected ($11.76)
Seat 2: _fayzulllo_ (big blind) folded on the Flop


PokerStars Hand #144411744714:  Hold'em Limit ($3/$6 USD) - 2015/11/26 10:54:22 ET
Table 'Pafuri II' 2-max Seat #2 is the button
Seat 1: simper11 ($120 in chips)
Seat 2: _fayzulllo_ ($121.54 in chips)
_fayzulllo_: posts small blind $1
simper11: posts big blind $3
*** HOLE CARDS ***
_fayzulllo_: raises $3 to $6
simper11: folds
Uncalled bet ($3) returned to _fayzulllo_
_fayzulllo_ collected $6 from pot
_fayzulllo_: doesn't show hand
*** SUMMARY ***
Total pot $6 | Rake $0
Seat 1: simper11 (big blind) folded before Flop
Seat 2: _fayzulllo_ (button) (small blind) collected ($6)


PokerStars Hand #144411733198:  Hold'em Limit ($3/$6 USD) - 2015/11/26 10:54:06 ET
Table 'Pafuri II' 2-max Seat #1 is the button
Seat 1: simper11 ($126.76 in chips)
Seat 2: _fayzulllo_ ($110.02 in chips)
simper11: posts small blind $1
_fayzulllo_: posts big blind $3
*** HOLE CARDS ***
simper11: raises $3 to $6
_fayzulllo_: raises $3 to $9
simper11: calls $3
*** FLOP *** [4s 2c 7c]
_fayzulllo_: bets $3
simper11: calls $3
*** TURN *** [4s 2c 7c] [Kd]
_fayzulllo_: bets $6
simper11: folds
Uncalled bet ($6) returned to _fayzulllo_
_fayzulllo_ collected $23.52 from pot
_fayzulllo_: doesn't show hand
*** SUMMARY ***
Total pot $24 | Rake $0.48
Board [4s 2c 7c Kd]
Seat 1: simper11 (button) (small blind) folded on the Turn
Seat 2: _fayzulllo_ (big blind) collected ($23.52)


PokerStars Hand #144411729381:  Hold'em Limit ($3/$6 USD) - 2015/11/26 10:54:01 ET
Table 'Pafuri II' 2-max Seat #2 is the button
Seat 1: simper11 ($125.76 in chips)
Seat 2: _fayzulllo_ ($111.02 in chips)
_fayzulllo_: posts small blind $1
simper11: posts big blind $3
*** HOLE CARDS ***
_fayzulllo_: folds
Uncalled bet ($2) returned to simper11
simper11 collected $2 from pot
simper11: doesn't show hand
*** SUMMARY ***
Total pot $2 | Rake $0
Seat 1: simper11 (big blind) collected ($2)
Seat 2: _fayzulllo_ (button) (small blind) folded before Flop


PokerStars Hand #144411718208:  Hold'em Limit ($3/$6 USD) - 2015/11/26 10:53:46 ET
Table 'Pafuri II' 2-max Seat #1 is the button
Seat 1: simper11 ($120 in chips)
Seat 2: _fayzulllo_ ($117.02 in chips)
simper11: posts small blind $1
_fayzulllo_: posts big blind $3
*** HOLE CARDS ***
simper11: raises $3 to $6
_fayzulllo_: calls $3
*** FLOP *** [9d As 3h]
_fayzulllo_: checks
simper11: bets $3
_fayzulllo_: folds
Uncalled bet ($3) returned to simper11
simper11 collected $11.76 from pot
simper11: doesn't show hand
*** SUMMARY ***
Total pot $12 | Rake $0.24
Board [9d As 3h]
Seat 1: simper11 (button) (small blind) collected ($11.76)
Seat 2: _fayzulllo_ (big blind) folded on the Flop


PokerStars Hand #144411785568:  Hold'em Limit ($3/$6 USD) - 2015/11/26 10:55:23 ET
Table 'Pafuri II' 2-max Seat #1 is the button
Seat 1: simper11 ($157.76 in chips)
Seat 2: _fayzulllo_ ($85.54 in chips)
simper11: posts small blind $1
_fayzulllo_: posts big blind $3
*** HOLE CARDS ***
simper11: folds
Uncalled bet ($2) returned to _fayzulllo_
_fayzulllo_ collected $2 from pot
_fayzulllo_: doesn't show hand
*** SUMMARY ***
Total pot $2 | Rake $0
Seat 1: simper11 (button) (small blind) folded before Flop
Seat 2: _fayzulllo_ (big blind) collected ($2)


PokerStars Hand #144411757042:  Hold'em Limit ($3/$6 USD) - 2015/11/26 10:54:39 ET
Table 'Pafuri II' 2-max Seat #2 is the button
Seat 1: simper11 ($125.76 in chips)
Seat 2: _fayzulllo_ ($118.54 in chips)
_fayzulllo_: posts small blind $1
simper11: posts big blind $3
*** HOLE CARDS ***
_fayzulllo_: raises $3 to $6
simper11: folds
Uncalled bet ($3) returned to _fayzulllo_
_fayzulllo_ collected $6 from pot
_fayzulllo_: doesn't show hand
*** SUMMARY ***
Total pot $6 | Rake $0
Seat 1: simper11 (big blind) folded before Flop
Seat 2: _fayzulllo_ (button) (small blind) collected ($6)


PokerStars Hand #144411761128:  Hold'em Limit ($3/$6 USD) - 2015/11/26 10:54:45 ET
Table 'Pafuri II' 2-max Seat #1 is the button
Seat 1: simper11 ($122.76 in chips)
Seat 2: _fayzulllo_ ($121.54 in chips)
simper11: posts small blind $1
_fayzulllo_: posts big blind $3
*** HOLE CARDS ***
simper11: raises $3 to $6
_fayzulllo_: calls $3
*** FLOP *** [7c Ah 2h]
_fayzulllo_: checks
simper11: bets $3
_fayzulllo_: calls $3
*** TURN *** [7c Ah 2h] [5d]
_fayzulllo_: checks
simper11: bets $6
_fayzulllo_: calls $6
*** RIVER *** [7c Ah 2h 5d] [8c]
_fayzulllo_: checks
simper11: bets $6
_fayzulllo_: calls $6
*** SHOW DOWN ***
simper11: shows [Ts Ac] (a pair of Aces)
_fayzulllo_: mucks hand
simper11 collected $41.50 from pot
*** SUMMARY ***
Total pot $42 | Rake $0.50
Board [7c Ah 2h 5d 8c]
Seat 1: simper11 (button) (small blind) showed [Ts Ac] and won ($41.50) with a pair of Aces
Seat 2: _fayzulllo_ (big blind) mucked


PokerStars Hand #144411774963:  Hold'em Limit ($3/$6 USD) - 2015/11/26 10:55:05 ET
Table 'Pafuri II' 2-max Seat #2 is the button
Seat 1: simper11 ($143.26 in chips)
Seat 2: _fayzulllo_ ($100.54 in chips)
_fayzulllo_: posts small blind $1
simper11: posts big blind $3
*** HOLE CARDS ***
_fayzulllo_: raises $3 to $6
simper11: calls $3
*** FLOP *** [Kc Jd Qs]
simper11: checks
_fayzulllo_: bets $3
simper11: calls $3
*** TURN *** [Kc Jd Qs] [5c]
simper11: checks
_fayzulllo_: checks
*** RIVER *** [Kc Jd Qs 5c] [8h]
simper11: bets $6
_fayzulllo_: calls $6
*** SHOW DOWN ***
simper11: shows [3c Jh] (a pair of Jacks)
_fayzulllo_: mucks hand
simper11 collected $29.50 from pot
*** SUMMARY ***
Total pot $30 | Rake $0.50
Board [Kc Jd Qs 5c 8h]
Seat 1: simper11 (big blind) showed [3c Jh] and won ($29.50) with a pair of Jacks
Seat 2: _fayzulllo_ (button) (small blind) mucked


PokerStars Hand #144411788848:  Hold'em Limit ($3/$6 USD) - 2015/11/26 10:55:28 ET
Table 'Pafuri II' 2-max Seat #2 is the button
Seat 1: simper11 ($156.76 in chips)
Seat 2: _fayzulllo_ ($86.54 in chips)
_fayzulllo_: posts small blind $1
simper11: posts big blind $3
*** HOLE CARDS ***
_fayzulllo_: calls $2
simper11: checks
*** FLOP *** [2h 8c 3h]
simper11: checks
_fayzulllo_: checks
*** TURN *** [2h 8c 3h] [Kd]
simper11: checks
_fayzulllo_: bets $6
simper11: folds
Uncalled bet ($6) returned to _fayzulllo_
_fayzulllo_ collected $5.88 from pot
_fayzulllo_: doesn't show hand
*** SUMMARY ***
Total pot $6 | Rake $0.12
Board [2h 8c 3h Kd]
Seat 1: simper11 (big blind) folded on the Turn
Seat 2: _fayzulllo_ (button) (small blind) collected ($5.88)


PokerStars Hand #144411800608:  Hold'em Limit ($3/$6 USD) - 2015/11/26 10:55:48 ET
Table 'Pafuri II' 2-max Seat #1 is the button
Seat 1: simper11 ($153.76 in chips)
Seat 2: _fayzulllo_ ($89.42 in chips)
simper11: posts small blind $1
_fayzulllo_: posts big blind $3
*** HOLE CARDS ***
simper11: folds
Uncalled bet ($2) returned to _fayzulllo_
_fayzulllo_ collected $2 from pot
_fayzulllo_: doesn't show hand
*** SUMMARY ***
Total pot $2 | Rake $0
Seat 1: simper11 (button) (small blind) folded before Flop
Seat 2: _fayzulllo_ (big blind) collected ($2)


PokerStars Hand #144411803480:  Hold'em Limit ($3/$6 USD) - 2015/11/26 10:55:53 ET
Table 'Pafuri II' 2-max Seat #2 is the button
Seat 1: simper11 ($152.76 in chips)
Seat 2: _fayzulllo_ ($90.42 in chips)
_fayzulllo_: posts small blind $1
simper11: posts big blind $3
*** HOLE CARDS ***
_fayzulllo_: raises $3 to $6
simper11: calls $3
*** FLOP *** [4h 8s Js]
simper11: checks
_fayzulllo_: bets $3
simper11: raises $3 to $6
_fayzulllo_: calls $3
*** TURN *** [4h 8s Js] [4d]
simper11: bets $6
_fayzulllo_: calls $6
*** RIVER *** [4h 8s Js 4d] [Qs]
simper11: bets $6
_fayzulllo_: calls $6
*** SHOW DOWN ***
simper11: shows [Jh 3c] (two pair, Jacks and Fours)
_fayzulllo_: mucks hand
simper11 collected $47.50 from pot
*** SUMMARY ***
Total pot $48 | Rake $0.50
Board [4h 8s Js 4d Qs]
Seat 1: simper11 (big blind) showed [Jh 3c] and won ($47.50) with two pair, Jacks and Fours
Seat 2: _fayzulllo_ (button) (small blind) mucked


PokerStars Hand #144411815634:  Hold'em Limit ($3/$6 USD) - 2015/11/26 10:56:14 ET
Table 'Pafuri II' 2-max Seat #1 is the button
Seat 1: simper11 ($176.26 in chips)
Seat 2: _fayzulllo_ ($66.42 in chips)
simper11: posts small blind $1
_fayzulllo_: posts big blind $3
*** HOLE CARDS ***
simper11: raises $3 to $6
_fayzulllo_: raises $3 to $9
simper11: calls $3
*** FLOP *** [As Qd 5s]
_fayzulllo_: bets $3
simper11: calls $3
*** TURN *** [As Qd 5s] [2h]
_fayzulllo_: bets $6
simper11: raises $6 to $12
_fayzulllo_: calls $6
*** RIVER *** [As Qd 5s 2h] [3d]
_fayzulllo_: checks
simper11: bets $6
_fayzulllo_: calls $6
*** SHOW DOWN ***
simper11: shows [6c Ad] (a pair of Aces)
_fayzulllo_: mucks hand
simper11 collected $59.50 from pot
*** SUMMARY ***
Total pot $60 | Rake $0.50
Board [As Qd 5s 2h 3d]
Seat 1: simper11 (button) (small blind) showed [6c Ad] and won ($59.50) with a pair of Aces
Seat 2: _fayzulllo_ (big blind) mucked


PokerStars Hand #144411841930:  Hold'em Limit ($3/$6 USD) - 2015/11/26 10:56:57 ET
Table 'Pafuri II' 2-max Seat #1 is the button
Seat 1: simper11 ($223.26 in chips)
Seat 2: _fayzulllo_ ($18.42 in chips)
simper11: posts small blind $1
_fayzulllo_: posts big blind $3
*** HOLE CARDS ***
simper11: folds
Uncalled bet ($2) returned to _fayzulllo_
_fayzulllo_ collected $2 from pot
_fayzulllo_: doesn't show hand
*** SUMMARY ***
Total pot $2 | Rake $0
Seat 1: simper11 (button) (small blind) folded before Flop
Seat 2: _fayzulllo_ (big blind) collected ($2)


PokerStars Hand #144411831920:  Hold'em Limit ($3/$6 USD) - 2015/11/26 10:56:41 ET
Table 'Pafuri II' 2-max Seat #2 is the button
Seat 1: simper11 ($205.76 in chips)
Seat 2: _fayzulllo_ ($36.42 in chips)
_fayzulllo_: posts small blind $1
simper11: posts big blind $3
*** HOLE CARDS ***
_fayzulllo_: raises $3 to $6
simper11: calls $3
*** FLOP *** [Ts 8d Jh]
simper11: checks
_fayzulllo_: checks
*** TURN *** [Ts 8d Jh] [2h]
simper11: bets $6
_fayzulllo_: calls $6
*** RIVER *** [Ts 8d Jh 2h] [As]
simper11: bets $6
_fayzulllo_: calls $6
*** SHOW DOWN ***
simper11: shows [Js 8c] (two pair, Jacks and Eights)
_fayzulllo_: mucks hand
simper11 collected $35.50 from pot
*** SUMMARY ***
Total pot $36 | Rake $0.50
Board [Ts 8d Jh 2h As]
Seat 1: simper11 (big blind) showed [Js 8c] and won ($35.50) with two pair, Jacks and Eights
Seat 2: _fayzulllo_ (button) (small blind) mucked


PokerStars Hand #144411844595:  Hold'em Limit ($3/$6 USD) - 2015/11/26 10:57:02 ET
Table 'Pafuri II' 2-max Seat #2 is the button
Seat 1: simper11 ($222.26 in chips)
Seat 2: _fayzulllo_ ($19.42 in chips)
_fayzulllo_: posts small blind $1
simper11: posts big blind $3
*** HOLE CARDS ***
_fayzulllo_: raises $3 to $6
simper11: folds
Uncalled bet ($3) returned to _fayzulllo_
_fayzulllo_ collected $6 from pot
_fayzulllo_: doesn't show hand
*** SUMMARY ***
Total pot $6 | Rake $0
Seat 1: simper11 (big blind) folded before Flop
Seat 2: _fayzulllo_ (button) (small blind) collected ($6)


PokerStars Hand #144411848321:  Hold'em Limit ($3/$6 USD) - 2015/11/26 10:57:08 ET
Table 'Pafuri II' 2-max Seat #1 is the button
Seat 1: simper11 ($219.26 in chips)
Seat 2: _fayzulllo_ ($22.42 in chips)
simper11: posts small blind $1
_fayzulllo_: posts big blind $3
*** HOLE CARDS ***
simper11: raises $3 to $6
_fayzulllo_: calls $3
*** FLOP *** [5c Ts Th]
_fayzulllo_: checks
simper11: bets $3
_fayzulllo_: raises $3 to $6
simper11: calls $3
*** TURN *** [5c Ts Th] [7s]
_fayzulllo_: bets $6
simper11: raises $6 to $12
_fayzulllo_: calls $4.42 and is all-in
Uncalled bet ($1.58) returned to simper11
*** RIVER *** [5c Ts Th 7s] [7d]
*** SHOW DOWN ***
_fayzulllo_: shows [Kh 4s] (two pair, Tens and Sevens)
simper11: shows [9h Ah] (two pair, Tens and Sevens - Ace kicker)
simper11 collected $44.34 from pot
*** SUMMARY ***
Total pot $44.84 | Rake $0.50
Board [5c Ts Th 7s 7d]
Seat 1: simper11 (button) (small blind) showed [9h Ah] and won ($44.34) with two pair, Tens and Sevens
Seat 2: _fayzulllo_ (big blind) showed [Kh 4s] and lost with two pair, Tens and Sevens


PokerStars Hand #144411869703:  Hold'em Limit ($3/$6 USD) - 2015/11/26 10:57:44 ET
Table 'Pafuri II' 2-max Seat #2 is the button
Seat 1: simper11 ($241.18 in chips)
Seat 2: _fayzulllo_ ($72 in chips)
_fayzulllo_: posts small blind $1
simper11: posts big blind $3
*** HOLE CARDS ***
_fayzulllo_: raises $3 to $6
simper11: folds
Uncalled bet ($3) returned to _fayzulllo_
_fayzulllo_ collected $6 from pot
_fayzulllo_: doesn't show hand
*** SUMMARY ***
Total pot $6 | Rake $0
Seat 1: simper11 (big blind) folded before Flop
Seat 2: _fayzulllo_ (button) (small blind) collected ($6)


PokerStars Hand #144411875211:  Hold'em Limit ($3/$6 USD) - 2015/11/26 10:57:53 ET
Table 'Pafuri II' 2-max Seat #1 is the button
Seat 1: simper11 ($238.18 in chips)
Seat 2: _fayzulllo_ ($75 in chips)
simper11: posts small blind $1
_fayzulllo_: posts big blind $3
*** HOLE CARDS ***
simper11: raises $3 to $6
_fayzulllo_: calls $3
*** FLOP *** [Jd Ac 7c]
_fayzulllo_: checks
simper11: bets $3
_fayzulllo_: calls $3
*** TURN *** [Jd Ac 7c] [5d]
_fayzulllo_: checks
simper11: checks
*** RIVER *** [Jd Ac 7c 5d] [2d]
_fayzulllo_: bets $6
simper11: calls $6
*** SHOW DOWN ***
_fayzulllo_: shows [Ad As] (three of a kind, Aces)
simper11: mucks hand
_fayzulllo_ collected $29.50 from pot
*** SUMMARY ***
Total pot $30 | Rake $0.50
Board [Jd Ac 7c 5d 2d]
Seat 1: simper11 (button) (small blind) mucked
Seat 2: _fayzulllo_ (big blind) showed [Ad As] and won ($29.50) with three of a kind, Aces


PokerStars Hand #144411900278:  Hold'em Limit ($3/$6 USD) - 2015/11/26 10:58:35 ET
Table 'Pafuri II' 2-max Seat #1 is the button
Seat 1: simper11 ($214.18 in chips)
Seat 2: _fayzulllo_ ($98.14 in chips)
simper11: posts small blind $1
_fayzulllo_: posts big blind $3
*** HOLE CARDS ***
simper11: raises $3 to $6
_fayzulllo_: folds
Uncalled bet ($3) returned to simper11
simper11 collected $6 from pot
simper11: doesn't show hand
*** SUMMARY ***
Total pot $6 | Rake $0
Seat 1: simper11 (button) (small blind) collected ($6)
Seat 2: _fayzulllo_ (big blind) folded before Flop


PokerStars Hand #144411886377:  Hold'em Limit ($3/$6 USD) - 2015/11/26 10:58:12 ET
Table 'Pafuri II' 2-max Seat #2 is the button
Seat 1: simper11 ($223.18 in chips)
Seat 2: _fayzulllo_ ($89.50 in chips)
_fayzulllo_: posts small blind $1
simper11: posts big blind $3
*** HOLE CARDS ***
_fayzulllo_: raises $3 to $6
simper11: calls $3
*** FLOP *** [2d 7h 7d]
simper11: checks
_fayzulllo_: bets $3
simper11: calls $3
*** TURN *** [2d 7h 7d] [Jh]
simper11: checks
_fayzulllo_: checks
*** RIVER *** [2d 7h 7d Jh] [8d]
simper11: checks
_fayzulllo_: bets $6
simper11: folds
Uncalled bet ($6) returned to _fayzulllo_
_fayzulllo_ collected $17.64 from pot
_fayzulllo_: doesn't show hand
*** SUMMARY ***
Total pot $18 | Rake $0.36
Board [2d 7h 7d Jh 8d]
Seat 1: simper11 (big blind) folded on the River
Seat 2: _fayzulllo_ (button) (small blind) collected ($17.64)


PokerStars Hand #144411904159:  Hold'em Limit ($3/$6 USD) - 2015/11/26 10:58:41 ET
Table 'Pafuri II' 2-max Seat #2 is the button
Seat 1: simper11 ($217.18 in chips)
Seat 2: _fayzulllo_ ($95.14 in chips)
_fayzulllo_: posts small blind $1
simper11: posts big blind $3
*** HOLE CARDS ***
_fayzulllo_: calls $2
simper11: checks
*** FLOP *** [9h Qc 4d]
simper11: checks
_fayzulllo_: bets $3
simper11: folds
Uncalled bet ($3) returned to _fayzulllo_
_fayzulllo_ collected $5.88 from pot
_fayzulllo_: doesn't show hand
*** SUMMARY ***
Total pot $6 | Rake $0.12
Board [9h Qc 4d]
Seat 1: simper11 (big blind) folded on the Flop
Seat 2: _fayzulllo_ (button) (small blind) collected ($5.88)


PokerStars Hand #144411910309:  Hold'em Limit ($3/$6 USD) - 2015/11/26 10:58:51 ET
Table 'Pafuri II' 2-max Seat #1 is the button
Seat 1: simper11 ($214.18 in chips)
Seat 2: _fayzulllo_ ($98.02 in chips)
simper11: posts small blind $1
_fayzulllo_: posts big blind $3
*** HOLE CARDS ***
simper11: raises $3 to $6
_fayzulllo_: folds
Uncalled bet ($3) returned to simper11
simper11 collected $6 from pot
simper11: doesn't show hand
*** SUMMARY ***
Total pot $6 | Rake $0
Seat 1: simper11 (button) (small blind) collected ($6)
Seat 2: _fayzulllo_ (big blind) folded before Flop


PokerStars Hand #144411913666:  Hold'em Limit ($3/$6 USD) - 2015/11/26 10:58:57 ET
Table 'Pafuri II' 2-max Seat #2 is the button
Seat 1: simper11 ($217.18 in chips)
Seat 2: _fayzulllo_ ($95.02 in chips)
_fayzulllo_: posts small blind $1
simper11: posts big blind $3
*** HOLE CARDS ***
_fayzulllo_: raises $3 to $6
simper11: calls $3
*** FLOP *** [Td 8c 7d]
simper11: checks
_fayzulllo_: checks
*** TURN *** [Td 8c 7d] [4c]
simper11: bets $6
_fayzulllo_: folds
Uncalled bet ($6) returned to simper11
simper11 collected $11.76 from pot
simper11: doesn't show hand
*** SUMMARY ***
Total pot $12 | Rake $0.24
Board [Td 8c 7d 4c]
Seat 1: simper11 (big blind) collected ($11.76)
Seat 2: _fayzulllo_ (button) (small blind) folded on the Turn


PokerStars Hand #144411921658:  Hold'em Limit ($3/$6 USD) - 2015/11/26 10:59:10 ET
Table 'Pafuri II' 2-max Seat #1 is the button
Seat 1: simper11 ($222.94 in chips)
Seat 2: _fayzulllo_ ($89.02 in chips)
simper11: posts small blind $1
_fayzulllo_: posts big blind $3
*** HOLE CARDS ***
simper11: raises $3 to $6
_fayzulllo_: raises $3 to $9
simper11: calls $3
*** FLOP *** [2c 5c 8c]
_fayzulllo_: bets $3
simper11: calls $3
*** TURN *** [2c 5c 8c] [8s]
_fayzulllo_: checks
simper11: checks
*** RIVER *** [2c 5c 8c 8s] [Qc]
_fayzulllo_: checks
simper11: bets $6
_fayzulllo_: folds
Uncalled bet ($6) returned to simper11
simper11 collected $23.52 from pot
simper11: doesn't show hand
*** SUMMARY ***
Total pot $24 | Rake $0.48
Board [2c 5c 8c 8s Qc]
Seat 1: simper11 (button) (small blind) collected ($23.52)
Seat 2: _fayzulllo_ (big blind) folded on the River


PokerStars Hand #144411935402:  Hold'em Limit ($3/$6 USD) - 2015/11/26 10:59:33 ET
Table 'Pafuri II' 2-max Seat #2 is the button
Seat 1: simper11 ($234.46 in chips)
Seat 2: _fayzulllo_ ($77.02 in chips)
_fayzulllo_: posts small blind $1
simper11: posts big blind $3
*** HOLE CARDS ***
_fayzulllo_: folds
Uncalled bet ($2) returned to simper11
simper11 collected $2 from pot
simper11: doesn't show hand
*** SUMMARY ***
Total pot $2 | Rake $0
Seat 1: simper11 (big blind) collected ($2)
Seat 2: _fayzulllo_ (button) (small blind) folded before Flop


PokerStars Hand #144411938873:  Hold'em Limit ($3/$6 USD) - 2015/11/26 10:59:39 ET
Table 'Pafuri II' 2-max Seat #1 is the button
Seat 1: simper11 ($235.46 in chips)
Seat 2: _fayzulllo_ ($76.02 in chips)
simper11: posts small blind $1
_fayzulllo_: posts big blind $3
*** HOLE CARDS ***
simper11: raises $3 to $6
_fayzulllo_: calls $3
*** FLOP *** [Ad 9d Kh]
_fayzulllo_: checks
simper11: bets $3
_fayzulllo_: calls $3
*** TURN *** [Ad 9d Kh] [4c]
_fayzulllo_: checks
simper11: checks
*** RIVER *** [Ad 9d Kh 4c] [Kd]
_fayzulllo_: bets $6
simper11: folds
Uncalled bet ($6) returned to _fayzulllo_
_fayzulllo_ collected $17.64 from pot
_fayzulllo_: doesn't show hand
*** SUMMARY ***
Total pot $18 | Rake $0.36
Board [Ad 9d Kh 4c Kd]
Seat 1: simper11 (button) (small blind) folded on the River
Seat 2: _fayzulllo_ (big blind) collected ($17.64)


PokerStars Hand #144411948944:  Hold'em Limit ($3/$6 USD) - 2015/11/26 10:59:55 ET
Table 'Pafuri II' 2-max Seat #2 is the button
Seat 1: simper11 ($226.46 in chips)
Seat 2: _fayzulllo_ ($84.66 in chips)
_fayzulllo_: posts small blind $1
simper11: posts big blind $3
*** HOLE CARDS ***
_fayzulllo_: calls $2
simper11: checks
*** FLOP *** [Jh Tc 2d]
simper11: checks
_fayzulllo_: bets $3
simper11: folds
Uncalled bet ($3) returned to _fayzulllo_
_fayzulllo_ collected $5.88 from pot
_fayzulllo_: doesn't show hand
*** SUMMARY ***
Total pot $6 | Rake $0.12
Board [Jh Tc 2d]
Seat 1: simper11 (big blind) folded on the Flop
Seat 2: _fayzulllo_ (button) (small blind) collected ($5.88)


PokerStars Hand #144411959699:  Hold'em Limit ($3/$6 USD) - 2015/11/26 11:00:11 ET
Table 'Pafuri II' 2-max Seat #1 is the button
Seat 1: simper11 ($223.46 in chips)
Seat 2: _fayzulllo_ ($87.54 in chips)
simper11: posts small blind $1
_fayzulllo_: posts big blind $3
*** HOLE CARDS ***
simper11: raises $3 to $6
_fayzulllo_: calls $3
*** FLOP *** [6s 7s 7d]
_fayzulllo_: checks
simper11: bets $3
_fayzulllo_: calls $3
*** TURN *** [6s 7s 7d] [3d]
_fayzulllo_: checks
simper11: bets $6
_fayzulllo_: calls $6
*** RIVER *** [6s 7s 7d 3d] [2c]
_fayzulllo_: checks
simper11: bets $6
_fayzulllo_: folds
Uncalled bet ($6) returned to simper11
simper11 collected $29.50 from pot
simper11: doesn't show hand
*** SUMMARY ***
Total pot $30 | Rake $0.50
Board [6s 7s 7d 3d 2c]
Seat 1: simper11 (button) (small blind) collected ($29.50)
Seat 2: _fayzulllo_ (big blind) folded on the River


PokerStars Hand #144411977543:  Hold'em Limit ($3/$6 USD) - 2015/11/26 11:00:39 ET
Table 'Pafuri II' 2-max Seat #2 is the button
Seat 1: simper11 ($237.96 in chips)
Seat 2: _fayzulllo_ ($72.54 in chips)
_fayzulllo_: posts small blind $1
simper11: posts big blind $3
*** HOLE CARDS ***
_fayzulllo_: calls $2
simper11: checks
*** FLOP *** [4c Qc 6d]
simper11: checks
_fayzulllo_: checks
*** TURN *** [4c Qc 6d] [9d]
simper11: checks
_fayzulllo_: bets $6
simper11: folds
Uncalled bet ($6) returned to _fayzulllo_
_fayzulllo_ collected $5.88 from pot
_fayzulllo_: doesn't show hand
*** SUMMARY ***
Total pot $6 | Rake $0.12
Board [4c Qc 6d 9d]
Seat 1: simper11 (big blind) folded on the Turn
Seat 2: _fayzulllo_ (button) (small blind) collected ($5.88)


PokerStars Hand #144411987360:  Hold'em Limit ($3/$6 USD) - 2015/11/26 11:00:54 ET
Table 'Pafuri II' 2-max Seat #1 is the button
Seat 1: simper11 ($234.96 in chips)
Seat 2: _fayzulllo_ ($75.42 in chips)
simper11: posts small blind $1
_fayzulllo_: posts big blind $3
*** HOLE CARDS ***
simper11: raises $3 to $6
_fayzulllo_: folds
Uncalled bet ($3) returned to simper11
simper11 collected $6 from pot
simper11: doesn't show hand
*** SUMMARY ***
Total pot $6 | Rake $0
Seat 1: simper11 (button) (small blind) collected ($6)
Seat 2: _fayzulllo_ (big blind) folded before Flop


PokerStars Hand #144411991042:  Hold'em Limit ($3/$6 USD) - 2015/11/26 11:00:59 ET
Table 'Pafuri II' 2-max Seat #2 is the button
Seat 1: simper11 ($237.96 in chips)
Seat 2: _fayzulllo_ ($72.42 in chips)
_fayzulllo_: posts small blind $1
simper11: posts big blind $3
*** HOLE CARDS ***
_fayzulllo_: calls $2
simper11: checks
*** FLOP *** [Qc 2s Tc]
simper11: bets $3
_fayzulllo_: calls $3
*** TURN *** [Qc 2s Tc] [Js]
simper11: bets $6
_fayzulllo_: calls $6
*** RIVER *** [Qc 2s Tc Js] [Jc]
simper11: bets $6
_fayzulllo_: folds
Uncalled bet ($6) returned to simper11
simper11 collected $23.52 from pot
simper11: doesn't show hand
*** SUMMARY ***
Total pot $24 | Rake $0.48
Board [Qc 2s Tc Js Jc]
Seat 1: simper11 (big blind) collected ($23.52)
Seat 2: _fayzulllo_ (button) (small blind) folded on the River


PokerStars Hand #144412013233:  Hold'em Limit ($3/$6 USD) - 2015/11/26 11:01:32 ET
Table 'Pafuri II' 2-max Seat #1 is the button
Seat 1: simper11 ($249.48 in chips)
Seat 2: _fayzulllo_ ($60.42 in chips)
simper11: posts small blind $1
_fayzulllo_: posts big blind $3
*** HOLE CARDS ***
simper11: raises $3 to $6
_fayzulllo_: calls $3
*** FLOP *** [2d Ks 7s]
_fayzulllo_: checks
simper11: bets $3
_fayzulllo_: raises $3 to $6
simper11: folds
Uncalled bet ($3) returned to _fayzulllo_
_fayzulllo_ collected $17.64 from pot
_fayzulllo_: doesn't show hand
*** SUMMARY ***
Total pot $18 | Rake $0.36
Board [2d Ks 7s]
Seat 1: simper11 (button) (small blind) folded on the Flop
Seat 2: _fayzulllo_ (big blind) collected ($17.64)


PokerStars Hand #144412022267:  Hold'em Limit ($3/$6 USD) - 2015/11/26 11:01:44 ET
Table 'Pafuri II' 2-max Seat #2 is the button
Seat 1: simper11 ($240.48 in chips)
Seat 2: _fayzulllo_ ($69.06 in chips)
_fayzulllo_: posts small blind $1
simper11: posts big blind $3
*** HOLE CARDS ***
_fayzulllo_: folds
Uncalled bet ($2) returned to simper11
simper11 collected $2 from pot
simper11: doesn't show hand
*** SUMMARY ***
Total pot $2 | Rake $0
Seat 1: simper11 (big blind) collected ($2)
Seat 2: _fayzulllo_ (button) (small blind) folded before Flop


PokerStars Hand #144412026314:  Hold'em Limit ($3/$6 USD) - 2015/11/26 11:01:50 ET
Table 'Pafuri II' 2-max Seat #1 is the button
Seat 1: simper11 ($241.48 in chips)
Seat 2: _fayzulllo_ ($68.06 in chips)
simper11: posts small blind $1
_fayzulllo_: posts big blind $3
*** HOLE CARDS ***
simper11: raises $3 to $6
_fayzulllo_: calls $3
*** FLOP *** [As 5c 6c]
_fayzulllo_: checks
simper11: bets $3
_fayzulllo_: calls $3
*** TURN *** [As 5c 6c] [3h]
_fayzulllo_: checks
simper11: checks
*** RIVER *** [As 5c 6c 3h] [9c]
_fayzulllo_: checks
simper11: checks
*** SHOW DOWN ***
_fayzulllo_: shows [Th 4c] (high card Ace)
simper11: shows [Kc 7d] (high card Ace - King kicker)
simper11 collected $17.64 from pot
*** SUMMARY ***
Total pot $18 | Rake $0.36
Board [As 5c 6c 3h 9c]
Seat 1: simper11 (button) (small blind) showed [Kc 7d] and won ($17.64) with high card Ace
Seat 2: _fayzulllo_ (big blind) showed [Th 4c] and lost with high card Ace


PokerStars Hand #144412041188:  Hold'em Limit ($3/$6 USD) - 2015/11/26 11:02:11 ET
Table 'Pafuri II' 2-max Seat #2 is the button
Seat 1: simper11 ($250.12 in chips)
Seat 2: _fayzulllo_ ($59.06 in chips)
_fayzulllo_: posts small blind $1
simper11: posts big blind $3
*** HOLE CARDS ***
_fayzulllo_: calls $2
simper11: checks
*** FLOP *** [Kc 8h 6c]
simper11: checks
_fayzulllo_: checks
*** TURN *** [Kc 8h 6c] [Qs]
simper11: checks
_fayzulllo_: bets $6
simper11: folds
Uncalled bet ($6) returned to _fayzulllo_
_fayzulllo_ collected $5.88 from pot
_fayzulllo_: doesn't show hand
*** SUMMARY ***
Total pot $6 | Rake $0.12
Board [Kc 8h 6c Qs]
Seat 1: simper11 (big blind) folded on the Turn
Seat 2: _fayzulllo_ (button) (small blind) collected ($5.88)


PokerStars Hand #144412051695:  Hold'em Limit ($3/$6 USD) - 2015/11/26 11:02:26 ET
Table 'Pafuri II' 2-max Seat #1 is the button
Seat 1: simper11 ($247.12 in chips)
Seat 2: _fayzulllo_ ($61.94 in chips)
simper11: posts small blind $1
_fayzulllo_: posts big blind $3
*** HOLE CARDS ***
simper11: raises $3 to $6
_fayzulllo_: calls $3
*** FLOP *** [Jd Jc 5h]
_fayzulllo_: checks
simper11: bets $3
_fayzulllo_: raises $3 to $6
simper11: calls $3
*** TURN *** [Jd Jc 5h] [7c]
_fayzulllo_: bets $6
simper11: calls $6
*** RIVER *** [Jd Jc 5h 7c] [3h]
_fayzulllo_: checks
simper11: checks
*** SHOW DOWN ***
_fayzulllo_: shows [8h 9c] (a pair of Jacks)
simper11: shows [9s Tc] (a pair of Jacks - Ten kicker)
simper11 collected $35.50 from pot
*** SUMMARY ***
Total pot $36 | Rake $0.50
Board [Jd Jc 5h 7c 3h]
Seat 1: simper11 (button) (small blind) showed [9s Tc] and won ($35.50) with a pair of Jacks
Seat 2: _fayzulllo_ (big blind) showed [8h 9c] and lost with a pair of Jacks


PokerStars Hand #144412071476:  Hold'em Limit ($3/$6 USD) - 2015/11/26 11:02:54 ET
Table 'Pafuri II' 2-max Seat #2 is the button
Seat 1: simper11 ($264.62 in chips)
Seat 2: _fayzulllo_ ($43.94 in chips)
_fayzulllo_: posts small blind $1
simper11: posts big blind $3
*** HOLE CARDS ***
_fayzulllo_: raises $3 to $6
simper11: folds
Uncalled bet ($3) returned to _fayzulllo_
_fayzulllo_ collected $6 from pot
_fayzulllo_: doesn't show hand
*** SUMMARY ***
Total pot $6 | Rake $0
Seat 1: simper11 (big blind) folded before Flop
Seat 2: _fayzulllo_ (button) (small blind) collected ($6)


PokerStars Hand #144412077868:  Hold'em Limit ($3/$6 USD) - 2015/11/26 11:03:02 ET
Table 'Pafuri II' 2-max Seat #1 is the button
Seat 1: simper11 ($261.62 in chips)
Seat 2: _fayzulllo_ ($46.94 in chips)
simper11: posts small blind $1
_fayzulllo_: posts big blind $3
*** HOLE CARDS ***
simper11: raises $3 to $6
_fayzulllo_: raises $3 to $9
simper11: calls $3
*** FLOP *** [Jd 9d 8d]
_fayzulllo_: bets $3
simper11: calls $3
*** TURN *** [Jd 9d 8d] [Ah]
_fayzulllo_: bets $6
simper11: calls $6
*** RIVER *** [Jd 9d 8d Ah] [Jh]
_fayzulllo_: bets $6
simper11: folds
Uncalled bet ($6) returned to _fayzulllo_
_fayzulllo_ collected $35.50 from pot
_fayzulllo_: doesn't show hand
*** SUMMARY ***
Total pot $36 | Rake $0.50
Board [Jd 9d 8d Ah Jh]
Seat 1: simper11 (button) (small blind) folded on the River
Seat 2: _fayzulllo_ (big blind) collected ($35.50)


PokerStars Hand #144412099519:  Hold'em Limit ($3/$6 USD) - 2015/11/26 11:03:32 ET
Table 'Pafuri II' 2-max Seat #2 is the button
Seat 1: simper11 ($243.62 in chips)
Seat 2: _fayzulllo_ ($64.44 in chips)
_fayzulllo_: posts small blind $1
simper11: posts big blind $3
*** HOLE CARDS ***
_fayzulllo_: raises $3 to $6
simper11: calls $3
*** FLOP *** [8h 7h 3d]
simper11: checks
_fayzulllo_: checks
*** TURN *** [8h 7h 3d] [4s]
simper11: bets $6
_fayzulllo_: calls $6
*** RIVER *** [8h 7h 3d 4s] [Ac]
simper11: checks
_fayzulllo_: bets $6
simper11: calls $6
*** SHOW DOWN ***
_fayzulllo_: shows [4d Ah] (two pair, Aces and Fours)
simper11: mucks hand
_fayzulllo_ collected $35.50 from pot
*** SUMMARY ***
Total pot $36 | Rake $0.50
Board [8h 7h 3d 4s Ac]
Seat 1: simper11 (big blind) mucked
Seat 2: _fayzulllo_ (button) (small blind) showed [4d Ah] and won ($35.50) with two pair, Aces and Fours


PokerStars Hand #144412130525:  Hold'em Limit ($3/$6 USD) - 2015/11/26 11:04:14 ET
Table 'Pafuri II' 2-max Seat #1 is the button
Seat 1: simper11 ($225.62 in chips)
Seat 2: _fayzulllo_ ($81.94 in chips)
simper11: posts small blind $1
_fayzulllo_: posts big blind $3
*** HOLE CARDS ***
simper11: raises $3 to $6
_fayzulllo_: calls $3
*** FLOP *** [5h 4h Kd]
_fayzulllo_: checks
simper11: bets $3
_fayzulllo_: calls $3
*** TURN *** [5h 4h Kd] [7c]
_fayzulllo_: checks
simper11: bets $6
_fayzulllo_: calls $6
*** RIVER *** [5h 4h Kd 7c] [6c]
_fayzulllo_: bets $6
simper11: folds
Uncalled bet ($6) returned to _fayzulllo_
_fayzulllo_ collected $29.50 from pot
_fayzulllo_: doesn't show hand
*** SUMMARY ***
Total pot $30 | Rake $0.50
Board [5h 4h Kd 7c 6c]
Seat 1: simper11 (button) (small blind) folded on the River
Seat 2: _fayzulllo_ (big blind) collected ($29.50)


PokerStars Hand #144412153144:  Hold'em Limit ($3/$6 USD) - 2015/11/26 11:04:45 ET
Table 'Pafuri II' 2-max Seat #2 is the button
Seat 1: simper11 ($210.62 in chips)
Seat 2: _fayzulllo_ ($96.44 in chips)
_fayzulllo_: posts small blind $1
simper11: posts big blind $3
*** HOLE CARDS ***
_fayzulllo_: raises $3 to $6
simper11: raises $3 to $9
_fayzulllo_: calls $3
*** FLOP *** [7s 5h 4h]
simper11: bets $3
_fayzulllo_: calls $3
*** TURN *** [7s 5h 4h] [4c]
simper11: bets $6
_fayzulllo_: calls $6
*** RIVER *** [7s 5h 4h 4c] [Ts]
simper11: bets $6
_fayzulllo_: calls $6
*** SHOW DOWN ***
simper11: shows [Qs Kh] (a pair of Fours)
_fayzulllo_: shows [9s As] (a pair of Fours - Ace kicker)
_fayzulllo_ collected $47.50 from pot
*** SUMMARY ***
Total pot $48 | Rake $0.50
Board [7s 5h 4h 4c Ts]
Seat 1: simper11 (big blind) showed [Qs Kh] and lost with a pair of Fours
Seat 2: _fayzulllo_ (button) (small blind) showed [9s As] and won ($47.50) with a pair of Fours


PokerStars Hand #144412165893:  Hold'em Limit ($3/$6 USD) - 2015/11/26 11:05:02 ET
Table 'Pafuri II' 2-max Seat #1 is the button
Seat 1: simper11 ($186.62 in chips)
Seat 2: _fayzulllo_ ($119.94 in chips)
simper11: posts small blind $1
_fayzulllo_: posts big blind $3
*** HOLE CARDS ***
simper11: raises $3 to $6
_fayzulllo_: calls $3
*** FLOP *** [6d 8s 9s]
_fayzulllo_: checks
simper11: checks
*** TURN *** [6d 8s 9s] [6c]
_fayzulllo_: checks
simper11: checks
*** RIVER *** [6d 8s 9s 6c] [Kh]
_fayzulllo_: checks
simper11: checks
*** SHOW DOWN ***
_fayzulllo_: shows [4d Ts] (a pair of Sixes)
simper11: shows [Jh 5d] (a pair of Sixes - King+Jack kicker)
simper11 collected $11.76 from pot
*** SUMMARY ***
Total pot $12 | Rake $0.24
Board [6d 8s 9s 6c Kh]
Seat 1: simper11 (button) (small blind) showed [Jh 5d] and won ($11.76) with a pair of Sixes
Seat 2: _fayzulllo_ (big blind) showed [4d Ts] and lost with a pair of Sixes


PokerStars Hand #144412179334:  Hold'em Limit ($3/$6 USD) - 2015/11/26 11:05:21 ET
Table 'Pafuri II' 2-max Seat #2 is the button
Seat 1: simper11 ($192.38 in chips)
Seat 2: _fayzulllo_ ($113.94 in chips)
_fayzulllo_: posts small blind $1
simper11: posts big blind $3
*** HOLE CARDS ***
_fayzulllo_: calls $2
simper11: checks
*** FLOP *** [8s 7d Th]
simper11: checks
_fayzulllo_: checks
*** TURN *** [8s 7d Th] [7h]
simper11: bets $6
_fayzulllo_: folds
Uncalled bet ($6) returned to simper11
simper11 collected $5.88 from pot
simper11: doesn't show hand
*** SUMMARY ***
Total pot $6 | Rake $0.12
Board [8s 7d Th 7h]
Seat 1: simper11 (big blind) collected ($5.88)
Seat 2: _fayzulllo_ (button) (small blind) folded on the Turn


PokerStars Hand #144412191382:  Hold'em Limit ($3/$6 USD) - 2015/11/26 11:05:37 ET
Table 'Pafuri II' 2-max Seat #1 is the button
Seat 1: simper11 ($195.26 in chips)
Seat 2: _fayzulllo_ ($110.94 in chips)
simper11: posts small blind $1
_fayzulllo_: posts big blind $3
*** HOLE CARDS ***
simper11: raises $3 to $6
_fayzulllo_: raises $3 to $9
simper11: calls $3
*** FLOP *** [Ac Td 3c]
_fayzulllo_: bets $3
simper11: folds
Uncalled bet ($3) returned to _fayzulllo_
_fayzulllo_ collected $17.64 from pot
_fayzulllo_: doesn't show hand
*** SUMMARY ***
Total pot $18 | Rake $0.36
Board [Ac Td 3c]
Seat 1: simper11 (button) (small blind) folded on the Flop
Seat 2: _fayzulllo_ (big blind) collected ($17.64)


PokerStars Hand #144412199742:  Hold'em Limit ($3/$6 USD) - 2015/11/26 11:05:48 ET
Table 'Pafuri II' 2-max Seat #2 is the button
Seat 1: simper11 ($186.26 in chips)
Seat 2: _fayzulllo_ ($119.58 in chips)
_fayzulllo_: posts small blind $1
simper11: posts big blind $3
*** HOLE CARDS ***
_fayzulllo_: calls $2
simper11: checks
*** FLOP *** [3d 2s 5s]
simper11: checks
_fayzulllo_: bets $3
simper11: calls $3
*** TURN *** [3d 2s 5s] [4c]
simper11: bets $6
_fayzulllo_: calls $6
*** RIVER *** [3d 2s 5s 4c] [Tc]
simper11: bets $6
_fayzulllo_: calls $6
*** SHOW DOWN ***
simper11: shows [2h 6d] (a straight, Deuce to Six)
_fayzulllo_: mucks hand
simper11 collected $35.50 from pot
*** SUMMARY ***
Total pot $36 | Rake $0.50
Board [3d 2s 5s 4c Tc]
Seat 1: simper11 (big blind) showed [2h 6d] and won ($35.50) with a straight, Deuce to Six
Seat 2: _fayzulllo_ (button) (small blind) mucked


PokerStars Hand #144412213776:  Hold'em Limit ($3/$6 USD) - 2015/11/26 11:06:07 ET
Table 'Pafuri II' 2-max Seat #1 is the button
Seat 1: simper11 ($203.76 in chips)
Seat 2: _fayzulllo_ ($101.58 in chips)
simper11: posts small blind $1
_fayzulllo_: posts big blind $3
*** HOLE CARDS ***
simper11: raises $3 to $6
_fayzulllo_: calls $3
*** FLOP *** [Qs Qc 2d]
_fayzulllo_: checks
simper11: bets $3
_fayzulllo_: calls $3
*** TURN *** [Qs Qc 2d] [8c]
_fayzulllo_: checks
simper11: bets $6
_fayzulllo_: calls $6
*** RIVER *** [Qs Qc 2d 8c] [5d]
_fayzulllo_: bets $6
simper11: calls $6
*** SHOW DOWN ***
_fayzulllo_: shows [Tc 5h] (two pair, Queens and Fives)
simper11: mucks hand
_fayzulllo_ collected $41.50 from pot
*** SUMMARY ***
Total pot $42 | Rake $0.50
Board [Qs Qc 2d 8c 5d]
Seat 1: simper11 (button) (small blind) mucked
Seat 2: _fayzulllo_ (big blind) showed [Tc 5h] and won ($41.50) with two pair, Queens and Fives


PokerStars Hand #144412228906:  Hold'em Limit ($3/$6 USD) - 2015/11/26 11:06:28 ET
Table 'Pafuri II' 2-max Seat #2 is the button
Seat 1: simper11 ($182.76 in chips)
Seat 2: _fayzulllo_ ($122.08 in chips)
_fayzulllo_: posts small blind $1
simper11: posts big blind $3
*** HOLE CARDS ***
_fayzulllo_: raises $3 to $6
simper11 said, "lolololol"
simper11: calls $3
*** FLOP *** [Qs 6s Qh]
simper11 said, "ololololoololol"
simper11: checks
simper11 said, "olololololol"
_fayzulllo_: checks
*** TURN *** [Qs 6s Qh] [3s]
simper11: checks
_fayzulllo_: checks
*** RIVER *** [Qs 6s Qh 3s] [Kh]
simper11 said, "olidiot"
simper11: checks
_fayzulllo_: checks
*** SHOW DOWN ***
simper11: shows [8d 7s] (a pair of Queens)
_fayzulllo_: shows [7c Ac] (a pair of Queens - Ace kicker)
_fayzulllo_ collected $11.76 from pot
*** SUMMARY ***
Total pot $12 | Rake $0.24
Board [Qs 6s Qh 3s Kh]
Seat 1: simper11 (big blind) showed [8d 7s] and lost with a pair of Queens
Seat 2: _fayzulllo_ (button) (small blind) showed [7c Ac] and won ($11.76) with a pair of Queens


PokerStars Hand #144412241745:  Hold'em Limit ($3/$6 USD) - 2015/11/26 11:06:45 ET
Table 'Pafuri II' 2-max Seat #1 is the button
Seat 1: simper11 ($176.76 in chips)
Seat 2: _fayzulllo_ ($127.84 in chips)
simper11: posts small blind $1
_fayzulllo_: posts big blind $3
*** HOLE CARDS ***
simper11: raises $3 to $6
_fayzulllo_: calls $3
*** FLOP *** [9h 8c 7d]
_fayzulllo_: checks
simper11: bets $3
_fayzulllo_: calls $3
*** TURN *** [9h 8c 7d] [4s]
_fayzulllo_: checks
simper11: bets $6
_fayzulllo_: calls $6
*** RIVER *** [9h 8c 7d 4s] [2h]
_fayzulllo_: checks
simper11: bets $6
_fayzulllo_: calls $6
*** SHOW DOWN ***
simper11: shows [Td 6c] (a straight, Six to Ten)
_fayzulllo_: mucks hand
simper11 collected $41.50 from pot
*** SUMMARY ***
Total pot $42 | Rake $0.50
Board [9h 8c 7d 4s 2h]
Seat 1: simper11 (button) (small blind) showed [Td 6c] and won ($41.50) with a straight, Six to Ten
Seat 2: _fayzulllo_ (big blind) mucked


PokerStars Hand #144412258521:  Hold'em Limit ($3/$6 USD) - 2015/11/26 11:07:08 ET
Table 'Pafuri II' 2-max Seat #2 is the button
Seat 1: simper11 ($197.26 in chips)
Seat 2: _fayzulllo_ ($106.84 in chips)
_fayzulllo_: posts small blind $1
simper11: posts big blind $3
*** HOLE CARDS ***
_fayzulllo_: calls $2
simper11: raises $3 to $6
_fayzulllo_: raises $3 to $9
simper11: raises $3 to $12
Betting is capped
_fayzulllo_: calls $3
*** FLOP *** [4h Tc Ad]
simper11: bets $3
_fayzulllo_: calls $3
*** TURN *** [4h Tc Ad] [Td]
simper11: bets $6
_fayzulllo_: calls $6
*** RIVER *** [4h Tc Ad Td] [5h]
simper11: bets $6
_fayzulllo_: calls $6
*** SHOW DOWN ***
simper11: shows [Ah Ks] (two pair, Aces and Tens)
_fayzulllo_: mucks hand
simper11 collected $53.50 from pot
*** SUMMARY ***
Total pot $54 | Rake $0.50
Board [4h Tc Ad Td 5h]
Seat 1: simper11 (big blind) showed [Ah Ks] and won ($53.50) with two pair, Aces and Tens
Seat 2: _fayzulllo_ (button) (small blind) mucked


PokerStars Hand #144412271954:  Hold'em Limit ($3/$6 USD) - 2015/11/26 11:07:26 ET
Table 'Pafuri II' 2-max Seat #1 is the button
Seat 1: simper11 ($223.76 in chips)
Seat 2: _fayzulllo_ ($79.84 in chips)
simper11: posts small blind $1
_fayzulllo_: posts big blind $3
*** HOLE CARDS ***
simper11: raises $3 to $6
_fayzulllo_: calls $3
*** FLOP *** [7d 2h Ad]
_fayzulllo_: checks
simper11: bets $3
_fayzulllo_: raises $3 to $6
simper11: calls $3
*** TURN *** [7d 2h Ad] [9c]
_fayzulllo_: bets $6
simper11: calls $6
*** RIVER *** [7d 2h Ad 9c] [8d]
_fayzulllo_: checks
simper11: checks
*** SHOW DOWN ***
_fayzulllo_: shows [4d Tc] (high card Ace)
simper11: shows [Kc Td] (high card Ace - King kicker)
simper11 collected $35.50 from pot
*** SUMMARY ***
Total pot $36 | Rake $0.50
Board [7d 2h Ad 9c 8d]
Seat 1: simper11 (button) (small blind) showed [Kc Td] and won ($35.50) with high card Ace
Seat 2: _fayzulllo_ (big blind) showed [4d Tc] and lost with high card Ace


PokerStars Hand #144412287542:  Hold'em Limit ($3/$6 USD) - 2015/11/26 11:07:47 ET
Table 'Pafuri II' 2-max Seat #2 is the button
Seat 1: simper11 ($241.26 in chips)
Seat 2: _fayzulllo_ ($61.84 in chips)
_fayzulllo_: posts small blind $1
simper11: posts big blind $3
*** HOLE CARDS ***
_fayzulllo_: raises $3 to $6
simper11: calls $3
*** FLOP *** [3h Ks 4d]
simper11: checks
_fayzulllo_: checks
*** TURN *** [3h Ks 4d] [Jd]
simper11: checks
_fayzulllo_: bets $6
simper11: folds
Uncalled bet ($6) returned to _fayzulllo_
_fayzulllo_ collected $11.76 from pot
_fayzulllo_: doesn't show hand
*** SUMMARY ***
Total pot $12 | Rake $0.24
Board [3h Ks 4d Jd]
Seat 1: simper11 (big blind) folded on the Turn
Seat 2: _fayzulllo_ (button) (small blind) collected ($11.76)


PokerStars Hand #144412296961:  Hold'em Limit ($3/$6 USD) - 2015/11/26 11:08:00 ET
Table 'Pafuri II' 2-max Seat #1 is the button
Seat 1: simper11 ($235.26 in chips)
Seat 2: _fayzulllo_ ($67.60 in chips)
simper11: posts small blind $1
_fayzulllo_: posts big blind $3
*** HOLE CARDS ***
simper11: raises $3 to $6
_fayzulllo_: raises $3 to $9
simper11: calls $3
*** FLOP *** [3s Ah Ac]
_fayzulllo_: bets $3
simper11: calls $3
*** TURN *** [3s Ah Ac] [Ts]
_fayzulllo_: checks
simper11: checks
*** RIVER *** [3s Ah Ac Ts] [2h]
_fayzulllo_: bets $6
simper11: raises $6 to $12
_fayzulllo_: calls $6
*** SHOW DOWN ***
simper11: shows [4s 5s] (a straight, Ace to Five)
_fayzulllo_: mucks hand
simper11 collected $47.50 from pot
*** SUMMARY ***
Total pot $48 | Rake $0.50
Board [3s Ah Ac Ts 2h]
Seat 1: simper11 (button) (small blind) showed [4s 5s] and won ($47.50) with a straight, Ace to Five
Seat 2: _fayzulllo_ (big blind) mucked


PokerStars Hand #144412311414:  Hold'em Limit ($3/$6 USD) - 2015/11/26 11:08:20 ET
Table 'Pafuri II' 2-max Seat #2 is the button
Seat 1: simper11 ($258.76 in chips)
Seat 2: _fayzulllo_ ($43.60 in chips)
_fayzulllo_: posts small blind $1
simper11: posts big blind $3
*** HOLE CARDS ***
_fayzulllo_: calls $2
simper11: checks
*** FLOP *** [3h 4c 3c]
simper11: checks
_fayzulllo_: checks
*** TURN *** [3h 4c 3c] [7c]
simper11: checks
_fayzulllo_: checks
*** RIVER *** [3h 4c 3c 7c] [7s]
simper11: checks
_fayzulllo_: checks
*** SHOW DOWN ***
simper11: shows [2h 8c] (two pair, Sevens and Threes)
_fayzulllo_: shows [Qs 5c] (two pair, Sevens and Threes - Queen kicker)
_fayzulllo_ collected $5.88 from pot
*** SUMMARY ***
Total pot $6 | Rake $0.12
Board [3h 4c 3c 7c 7s]
Seat 1: simper11 (big blind) showed [2h 8c] and lost with two pair, Sevens and Threes
Seat 2: _fayzulllo_ (button) (small blind) showed [Qs 5c] and won ($5.88) with two pair, Sevens and Threes


PokerStars Hand #144412367560:  Hold'em Limit ($3/$6 USD) - 2015/11/26 11:09:36 ET
Table 'Pafuri II' 2-max Seat #1 is the button
Seat 1: simper11 ($215.76 in chips)
Seat 2: _fayzulllo_ ($85.26 in chips)
simper11: posts small blind $1
_fayzulllo_: posts big blind $3
*** HOLE CARDS ***
simper11: folds
Uncalled bet ($2) returned to _fayzulllo_
_fayzulllo_ collected $2 from pot
_fayzulllo_: doesn't show hand
*** SUMMARY ***
Total pot $2 | Rake $0
Seat 1: simper11 (button) (small blind) folded before Flop
Seat 2: _fayzulllo_ (big blind) collected ($2)


PokerStars Hand #144412321896:  Hold'em Limit ($3/$6 USD) - 2015/11/26 11:08:34 ET
Table 'Pafuri II' 2-max Seat #1 is the button
Seat 1: simper11 ($255.76 in chips)
Seat 2: _fayzulllo_ ($46.48 in chips)
simper11: posts small blind $1
_fayzulllo_: posts big blind $3
*** HOLE CARDS ***
simper11: raises $3 to $6
_fayzulllo_: calls $3
*** FLOP *** [Qh 4s 7h]
_fayzulllo_: checks
simper11: bets $3
_fayzulllo_: raises $3 to $6
simper11: folds
Uncalled bet ($3) returned to _fayzulllo_
_fayzulllo_ collected $17.64 from pot
_fayzulllo_: doesn't show hand
*** SUMMARY ***
Total pot $18 | Rake $0.36
Board [Qh 4s 7h]
Seat 1: simper11 (button) (small blind) folded on the Flop
Seat 2: _fayzulllo_ (big blind) collected ($17.64)


PokerStars Hand #144412350271:  Hold'em Limit ($3/$6 USD) - 2015/11/26 11:09:12 ET
Table 'Pafuri II' 2-max Seat #1 is the button
Seat 1: simper11 ($237.76 in chips)
Seat 2: _fayzulllo_ ($63.76 in chips)
simper11: posts small blind $1
_fayzulllo_: posts big blind $3
*** HOLE CARDS ***
simper11: folds
Uncalled bet ($2) returned to _fayzulllo_
_fayzulllo_ collected $2 from pot
_fayzulllo_: doesn't show hand
*** SUMMARY ***
Total pot $2 | Rake $0
Seat 1: simper11 (button) (small blind) folded before Flop
Seat 2: _fayzulllo_ (big blind) collected ($2)


PokerStars Hand #144412333971:  Hold'em Limit ($3/$6 USD) - 2015/11/26 11:08:50 ET
Table 'Pafuri II' 2-max Seat #2 is the button
Seat 1: simper11 ($246.76 in chips)
Seat 2: _fayzulllo_ ($55.12 in chips)
_fayzulllo_: posts small blind $1
simper11: posts big blind $3
*** HOLE CARDS ***
_fayzulllo_: calls $2
simper11: checks
*** FLOP *** [3h 3s Qh]
simper11: checks
_fayzulllo_: checks
*** TURN *** [3h 3s Qh] [2d]
simper11: checks
_fayzulllo_: checks
*** RIVER *** [3h 3s Qh 2d] [6h]
simper11: checks
_fayzulllo_: bets $6
simper11: calls $6
*** SHOW DOWN ***
_fayzulllo_: shows [Kh 6c] (two pair, Sixes and Threes)
simper11: mucks hand
_fayzulllo_ collected $17.64 from pot
*** SUMMARY ***
Total pot $18 | Rake $0.36
Board [3h 3s Qh 2d 6h]
Seat 1: simper11 (big blind) mucked
Seat 2: _fayzulllo_ (button) (small blind) showed [Kh 6c] and won ($17.64) with two pair, Sixes and Threes


PokerStars Hand #144412353844:  Hold'em Limit ($3/$6 USD) - 2015/11/26 11:09:17 ET
Table 'Pafuri II' 2-max Seat #2 is the button
Seat 1: simper11 ($236.76 in chips)
Seat 2: _fayzulllo_ ($64.76 in chips)
_fayzulllo_: posts small blind $1
simper11: posts big blind $3
*** HOLE CARDS ***
_fayzulllo_: raises $3 to $6
simper11: calls $3
*** FLOP *** [8d Ah Td]
simper11: checks
_fayzulllo_: bets $3
simper11: calls $3
*** TURN *** [8d Ah Td] [Th]
simper11: checks
_fayzulllo_: bets $6
simper11: calls $6
*** RIVER *** [8d Ah Td Th] [Tc]
simper11: checks
_fayzulllo_: bets $6
simper11: calls $6
*** SHOW DOWN ***
_fayzulllo_: shows [5h Ac] (a full house, Tens full of Aces)
simper11: mucks hand
_fayzulllo_ collected $41.50 from pot
*** SUMMARY ***
Total pot $42 | Rake $0.50
Board [8d Ah Td Th Tc]
Seat 1: simper11 (big blind) mucked
Seat 2: _fayzulllo_ (button) (small blind) showed [5h Ac] and won ($41.50) with a full house, Tens full of Aces


PokerStars Hand #144412371771:  Hold'em Limit ($3/$6 USD) - 2015/11/26 11:09:42 ET
Table 'Pafuri II' 2-max Seat #2 is the button
Seat 1: simper11 ($214.76 in chips)
Seat 2: _fayzulllo_ ($86.26 in chips)
_fayzulllo_: posts small blind $1
simper11: posts big blind $3
*** HOLE CARDS ***
_fayzulllo_: raises $3 to $6
simper11: calls $3
*** FLOP *** [5s Kd Ah]
simper11: checks
_fayzulllo_: bets $3
simper11: raises $3 to $6
_fayzulllo_: calls $3
*** TURN *** [5s Kd Ah] [7c]
simper11: bets $6
_fayzulllo_: calls $6
*** RIVER *** [5s Kd Ah 7c] [8h]
simper11: bets $6
_fayzulllo_: folds
Uncalled bet ($6) returned to simper11
simper11 collected $35.50 from pot
simper11: doesn't show hand
*** SUMMARY ***
Total pot $36 | Rake $0.50
Board [5s Kd Ah 7c 8h]
Seat 1: simper11 (big blind) collected ($35.50)
Seat 2: _fayzulllo_ (button) (small blind) folded on the River


PokerStars Hand #144412393907:  Hold'em Limit ($3/$6 USD) - 2015/11/26 11:10:12 ET
Table 'Pafuri II' 2-max Seat #2 is the button
Seat 1: simper11 ($231.26 in chips)
Seat 2: _fayzulllo_ ($69.26 in chips)
_fayzulllo_: posts small blind $1
simper11: posts big blind $3
*** HOLE CARDS ***
_fayzulllo_: calls $2
simper11: checks
*** FLOP *** [6d 9d Ac]
simper11: bets $3
_fayzulllo_: calls $3
*** TURN *** [6d 9d Ac] [As]
simper11: bets $6
_fayzulllo_: calls $6
*** RIVER *** [6d 9d Ac As] [Ad]
simper11: bets $6
_fayzulllo_: calls $6
*** SHOW DOWN ***
simper11: shows [9c 4h] (a full house, Aces full of Nines)
_fayzulllo_: mucks hand
simper11 collected $35.50 from pot
*** SUMMARY ***
Total pot $36 | Rake $0.50
Board [6d 9d Ac As Ad]
Seat 1: simper11 (big blind) showed [9c 4h] and won ($35.50) with a full house, Aces full of Nines
Seat 2: _fayzulllo_ (button) (small blind) mucked


PokerStars Hand #144412390332:  Hold'em Limit ($3/$6 USD) - 2015/11/26 11:10:07 ET
Table 'Pafuri II' 2-max Seat #1 is the button
Seat 1: simper11 ($232.26 in chips)
Seat 2: _fayzulllo_ ($68.26 in chips)
simper11: posts small blind $1
_fayzulllo_: posts big blind $3
*** HOLE CARDS ***
simper11: folds
Uncalled bet ($2) returned to _fayzulllo_
_fayzulllo_ collected $2 from pot
_fayzulllo_: doesn't show hand
*** SUMMARY ***
Total pot $2 | Rake $0
Seat 1: simper11 (button) (small blind) folded before Flop
Seat 2: _fayzulllo_ (big blind) collected ($2)


PokerStars Hand #144412443599:  Hold'em Limit ($3/$6 USD) - 2015/11/26 11:11:20 ET
Table 'Pafuri II' 2-max Seat #2 is the button
Seat 1: simper11 ($195.76 in chips)
Seat 2: _fayzulllo_ ($103.26 in chips)
_fayzulllo_: posts small blind $1
simper11: posts big blind $3
*** HOLE CARDS ***
_fayzulllo_: calls $2
simper11: checks
*** FLOP *** [7d 3c 7h]
simper11: checks
_fayzulllo_: bets $3
simper11: folds
Uncalled bet ($3) returned to _fayzulllo_
_fayzulllo_ collected $5.88 from pot
_fayzulllo_: doesn't show hand
*** SUMMARY ***
Total pot $6 | Rake $0.12
Board [7d 3c 7h]
Seat 1: simper11 (big blind) folded on the Flop
Seat 2: _fayzulllo_ (button) (small blind) collected ($5.88)


PokerStars Hand #144412430890:  Hold'em Limit ($3/$6 USD) - 2015/11/26 11:11:02 ET
Table 'Pafuri II' 2-max Seat #1 is the button
Seat 1: simper11 ($219.76 in chips)
Seat 2: _fayzulllo_ ($79.76 in chips)
simper11: posts small blind $1
_fayzulllo_: posts big blind $3
*** HOLE CARDS ***
simper11: raises $3 to $6
_fayzulllo_: raises $3 to $9
simper11: calls $3
*** FLOP *** [Kd Jd Qh]
_fayzulllo_: bets $3
simper11: calls $3
*** TURN *** [Kd Jd Qh] [4h]
_fayzulllo_: bets $6
simper11: calls $6
*** RIVER *** [Kd Jd Qh 4h] [4s]
_fayzulllo_: bets $6
simper11: calls $6
*** SHOW DOWN ***
_fayzulllo_: shows [Qc Ks] (two pair, Kings and Queens)
simper11: mucks hand
_fayzulllo_ collected $47.50 from pot
*** SUMMARY ***
Total pot $48 | Rake $0.50
Board [Kd Jd Qh 4h 4s]
Seat 1: simper11 (button) (small blind) mucked
Seat 2: _fayzulllo_ (big blind) showed [Qc Ks] and won ($47.50) with two pair, Kings and Queens


PokerStars Hand #144412427026:  Hold'em Limit ($3/$6 USD) - 2015/11/26 11:10:57 ET
Table 'Pafuri II' 2-max Seat #2 is the button
Seat 1: simper11 ($218.76 in chips)
Seat 2: _fayzulllo_ ($80.76 in chips)
_fayzulllo_: posts small blind $1
simper11: posts big blind $3
*** HOLE CARDS ***
_fayzulllo_: folds
Uncalled bet ($2) returned to simper11
simper11 collected $2 from pot
simper11: doesn't show hand
*** SUMMARY ***
Total pot $2 | Rake $0
Seat 1: simper11 (big blind) collected ($2)
Seat 2: _fayzulllo_ (button) (small blind) folded before Flop


PokerStars Hand #144412411413:  Hold'em Limit ($3/$6 USD) - 2015/11/26 11:10:36 ET
Table 'Pafuri II' 2-max Seat #1 is the button
Seat 1: simper11 ($248.76 in chips)
Seat 2: _fayzulllo_ ($51.26 in chips)
simper11: posts small blind $1
_fayzulllo_: posts big blind $3
*** HOLE CARDS ***
simper11: raises $3 to $6
_fayzulllo_: raises $3 to $9
simper11: calls $3
*** FLOP *** [Jd 9c 3h]
_fayzulllo_: bets $3
simper11: calls $3
*** TURN *** [Jd 9c 3h] [6d]
_fayzulllo_: checks
simper11: bets $6
_fayzulllo_: calls $6
*** RIVER *** [Jd 9c 3h 6d] [6s]
_fayzulllo_: checks
simper11: bets $6
_fayzulllo_: raises $6 to $12
simper11: calls $6
*** SHOW DOWN ***
_fayzulllo_: shows [Qh Qs] (two pair, Queens and Sixes)
simper11: mucks hand
_fayzulllo_ collected $59.50 from pot
*** SUMMARY ***
Total pot $60 | Rake $0.50
Board [Jd 9c 3h 6d 6s]
Seat 1: simper11 (button) (small blind) mucked
Seat 2: _fayzulllo_ (big blind) showed [Qh Qs] and won ($59.50) with two pair, Queens and Sixes


PokerStars Hand #144412488123:  Hold'em Limit ($3/$6 USD) - 2015/11/26 11:12:20 ET
Table 'Pafuri II' 2-max Seat #2 is the button
Seat 1: simper11 ($173.76 in chips)
Seat 2: _fayzulllo_ ($124.52 in chips)
_fayzulllo_: posts small blind $1
simper11: posts big blind $3
*** HOLE CARDS ***
_fayzulllo_: raises $3 to $6
simper11: calls $3
*** FLOP *** [8c Kh Td]
simper11: checks
_fayzulllo_: bets $3
simper11: raises $3 to $6
_fayzulllo_: calls $3
*** TURN *** [8c Kh Td] [Qc]
simper11: bets $6
_fayzulllo_: calls $6
*** RIVER *** [8c Kh Td Qc] [Th]
simper11: bets $6
_fayzulllo_: calls $6
*** SHOW DOWN ***
simper11: shows [3s Ks] (two pair, Kings and Tens)
_fayzulllo_: mucks hand
simper11 collected $47.50 from pot
*** SUMMARY ***
Total pot $48 | Rake $0.50
Board [8c Kh Td Qc Th]
Seat 1: simper11 (big blind) showed [3s Ks] and won ($47.50) with two pair, Kings and Tens
Seat 2: _fayzulllo_ (button) (small blind) mucked


PokerStars Hand #144412484912:  Hold'em Limit ($3/$6 USD) - 2015/11/26 11:12:16 ET
Table 'Pafuri II' 2-max Seat #1 is the button
Seat 1: simper11 ($174.76 in chips)
Seat 2: _fayzulllo_ ($123.52 in chips)
simper11: posts small blind $1
_fayzulllo_: posts big blind $3
*** HOLE CARDS ***
simper11: folds
Uncalled bet ($2) returned to _fayzulllo_
_fayzulllo_ collected $2 from pot
_fayzulllo_: doesn't show hand
*** SUMMARY ***
Total pot $2 | Rake $0
Seat 1: simper11 (button) (small blind) folded before Flop
Seat 2: _fayzulllo_ (big blind) collected ($2)


PokerStars Hand #144412468700:  Hold'em Limit ($3/$6 USD) - 2015/11/26 11:11:54 ET
Table 'Pafuri II' 2-max Seat #2 is the button
Seat 1: simper11 ($177.76 in chips)
Seat 2: _fayzulllo_ ($120.64 in chips)
_fayzulllo_: posts small blind $1
simper11: posts big blind $3
*** HOLE CARDS ***
_fayzulllo_: calls $2
simper11: checks
*** FLOP *** [Ac 9h Ks]
simper11: checks
_fayzulllo_: checks
*** TURN *** [Ac 9h Ks] [9d]
simper11: checks
_fayzulllo_: checks
*** RIVER *** [Ac 9h Ks 9d] [5c]
simper11: checks
_fayzulllo_: checks
*** SHOW DOWN ***
simper11: shows [2s 6c] (a pair of Nines)
_fayzulllo_: shows [Td 6s] (a pair of Nines - Ace+King+Ten kicker)
_fayzulllo_ collected $5.88 from pot
*** SUMMARY ***
Total pot $6 | Rake $0.12
Board [Ac 9h Ks 9d 5c]
Seat 1: simper11 (big blind) showed [2s 6c] and lost with a pair of Nines
Seat 2: _fayzulllo_ (button) (small blind) showed [Td 6s] and won ($5.88) with a pair of Nines


PokerStars Hand #144412452518:  Hold'em Limit ($3/$6 USD) - 2015/11/26 11:11:32 ET
Table 'Pafuri II' 2-max Seat #1 is the button
Seat 1: simper11 ($192.76 in chips)
Seat 2: _fayzulllo_ ($106.14 in chips)
simper11: posts small blind $1
_fayzulllo_: posts big blind $3
*** HOLE CARDS ***
simper11: raises $3 to $6
_fayzulllo_: calls $3
*** FLOP *** [Td 4d 8c]
_fayzulllo_: checks
simper11: bets $3
_fayzulllo_: calls $3
*** TURN *** [Td 4d 8c] [5d]
_fayzulllo_: checks
simper11: bets $6
_fayzulllo_: calls $6
*** RIVER *** [Td 4d 8c 5d] [2c]
_fayzulllo_: checks
simper11: checks
*** SHOW DOWN ***
_fayzulllo_: shows [Ac 3d] (a straight, Ace to Five)
simper11: mucks hand
_fayzulllo_ collected $29.50 from pot
*** SUMMARY ***
Total pot $30 | Rake $0.50
Board [Td 4d 8c 5d 2c]
Seat 1: simper11 (button) (small blind) mucked
Seat 2: _fayzulllo_ (big blind) showed [Ac 3d] and won ($29.50) with a straight, Ace to Five


PokerStars Hand #144412527442:  Hold'em Limit ($3/$6 USD) - 2015/11/26 11:13:13 ET
Table 'Pafuri II' 2-max Seat #1 is the button
Seat 1: simper11 ($199.90 in chips)
Seat 2: _fayzulllo_ ($97.28 in chips)
simper11: posts small blind $1
_fayzulllo_: posts big blind $3
*** HOLE CARDS ***
simper11: raises $3 to $6
_fayzulllo_: raises $3 to $9
simper11: calls $3
*** FLOP *** [Qh 2s 5d]
_fayzulllo_: bets $3
simper11: calls $3
*** TURN *** [Qh 2s 5d] [3c]
_fayzulllo_: checks
simper11: bets $6
_fayzulllo_: calls $6
*** RIVER *** [Qh 2s 5d 3c] [9d]
_fayzulllo_: checks
simper11: bets $6
_fayzulllo_: calls $6
*** SHOW DOWN ***
simper11: shows [5h 6c] (a pair of Fives)
_fayzulllo_: mucks hand
simper11 collected $47.50 from pot
*** SUMMARY ***
Total pot $48 | Rake $0.50
Board [Qh 2s 5d 3c 9d]
Seat 1: simper11 (button) (small blind) showed [5h 6c] and won ($47.50) with a pair of Fives
Seat 2: _fayzulllo_ (big blind) mucked


PokerStars Hand #144412519679:  Hold'em Limit ($3/$6 USD) - 2015/11/26 11:13:03 ET
Table 'Pafuri II' 2-max Seat #2 is the button
Seat 1: simper11 ($205.90 in chips)
Seat 2: _fayzulllo_ ($91.52 in chips)
_fayzulllo_: posts small blind $1
simper11: posts big blind $3
*** HOLE CARDS ***
_fayzulllo_: raises $3 to $6
simper11: calls $3
*** FLOP *** [3d Qs 5s]
simper11: checks
_fayzulllo_: bets $3
simper11: folds
Uncalled bet ($3) returned to _fayzulllo_
_fayzulllo_ collected $11.76 from pot
_fayzulllo_: doesn't show hand
*** SUMMARY ***
Total pot $12 | Rake $0.24
Board [3d Qs 5s]
Seat 1: simper11 (big blind) folded on the Flop
Seat 2: _fayzulllo_ (button) (small blind) collected ($11.76)


PokerStars Hand #144412504978:  Hold'em Limit ($3/$6 USD) - 2015/11/26 11:12:43 ET
Table 'Pafuri II' 2-max Seat #1 is the button
Seat 1: simper11 ($197.26 in chips)
Seat 2: _fayzulllo_ ($100.52 in chips)
simper11: posts small blind $1
_fayzulllo_: posts big blind $3
*** HOLE CARDS ***
simper11: raises $3 to $6
_fayzulllo_: calls $3
*** FLOP *** [Jd 5s 3d]
_fayzulllo_: checks
simper11: bets $3
_fayzulllo_: calls $3
*** TURN *** [Jd 5s 3d] [4s]
_fayzulllo_: checks
simper11: bets $6
_fayzulllo_: folds
Uncalled bet ($6) returned to simper11
simper11 collected $17.64 from pot
simper11: doesn't show hand
*** SUMMARY ***
Total pot $18 | Rake $0.36
Board [Jd 5s 3d 4s]
Seat 1: simper11 (button) (small blind) collected ($17.64)
Seat 2: _fayzulllo_ (big blind) folded on the Turn


PokerStars Hand #144412577480:  Hold'em Limit ($3/$6 USD) - 2015/11/26 11:14:22 ET
Table 'Pafuri II' 2-max Seat #2 is the button
Seat 1: simper11 ($195.40 in chips)
Seat 2: _fayzulllo_ ($100.66 in chips)
_fayzulllo_: posts small blind $1
simper11: posts big blind $3
*** HOLE CARDS ***
_fayzulllo_: calls $2
simper11: checks
*** FLOP *** [9c 4s 7h]
simper11: checks
_fayzulllo_: bets $3
simper11: folds
Uncalled bet ($3) returned to _fayzulllo_
_fayzulllo_ collected $5.88 from pot
_fayzulllo_: doesn't show hand
*** SUMMARY ***
Total pot $6 | Rake $0.12
Board [9c 4s 7h]
Seat 1: simper11 (big blind) folded on the Flop
Seat 2: _fayzulllo_ (button) (small blind) collected ($5.88)


PokerStars Hand #144412573297:  Hold'em Limit ($3/$6 USD) - 2015/11/26 11:14:16 ET
Table 'Pafuri II' 2-max Seat #1 is the button
Seat 1: simper11 ($192.40 in chips)
Seat 2: _fayzulllo_ ($103.66 in chips)
simper11: posts small blind $1
_fayzulllo_: posts big blind $3
*** HOLE CARDS ***
simper11: raises $3 to $6
_fayzulllo_: folds
Uncalled bet ($3) returned to simper11
simper11 collected $6 from pot
simper11: doesn't show hand
*** SUMMARY ***
Total pot $6 | Rake $0
Seat 1: simper11 (button) (small blind) collected ($6)
Seat 2: _fayzulllo_ (big blind) folded before Flop


PokerStars Hand #144412564238:  Hold'em Limit ($3/$6 USD) - 2015/11/26 11:14:04 ET
Table 'Pafuri II' 2-max Seat #2 is the button
Seat 1: simper11 ($195.40 in chips)
Seat 2: _fayzulllo_ ($100.78 in chips)
_fayzulllo_: posts small blind $1
simper11: posts big blind $3
*** HOLE CARDS ***
_fayzulllo_: calls $2
simper11: checks
*** FLOP *** [2h Ad 8d]
simper11: checks
_fayzulllo_: bets $3
simper11: folds
Uncalled bet ($3) returned to _fayzulllo_
_fayzulllo_ collected $5.88 from pot
_fayzulllo_: doesn't show hand
*** SUMMARY ***
Total pot $6 | Rake $0.12
Board [2h Ad 8d]
Seat 1: simper11 (big blind) folded on the Flop
Seat 2: _fayzulllo_ (button) (small blind) collected ($5.88)


PokerStars Hand #144412560957:  Hold'em Limit ($3/$6 USD) - 2015/11/26 11:13:59 ET
Table 'Pafuri II' 2-max Seat #1 is the button
Seat 1: simper11 ($196.40 in chips)
Seat 2: _fayzulllo_ ($99.78 in chips)
simper11: posts small blind $1
_fayzulllo_: posts big blind $3
*** HOLE CARDS ***
simper11: folds
Uncalled bet ($2) returned to _fayzulllo_
_fayzulllo_ collected $2 from pot
_fayzulllo_: doesn't show hand
*** SUMMARY ***
Total pot $2 | Rake $0
Seat 1: simper11 (button) (small blind) folded before Flop
Seat 2: _fayzulllo_ (big blind) collected ($2)


PokerStars Hand #144412546922:  Hold'em Limit ($3/$6 USD) - 2015/11/26 11:13:40 ET
Table 'Pafuri II' 2-max Seat #2 is the button
Seat 1: simper11 ($223.40 in chips)
Seat 2: _fayzulllo_ ($73.28 in chips)
_fayzulllo_: posts small blind $1
simper11: posts big blind $3
*** HOLE CARDS ***
_fayzulllo_: calls $2
simper11: checks
*** FLOP *** [3c As 8h]
simper11: checks
_fayzulllo_: bets $3
simper11: raises $3 to $6
_fayzulllo_: calls $3
*** TURN *** [3c As 8h] [Qh]
simper11: bets $6
_fayzulllo_: calls $6
*** RIVER *** [3c As 8h Qh] [Td]
simper11: bets $6
_fayzulllo_: raises $6 to $12
simper11: calls $6
*** SHOW DOWN ***
_fayzulllo_: shows [Ad Qs] (two pair, Aces and Queens)
simper11: mucks hand
_fayzulllo_ collected $53.50 from pot
*** SUMMARY ***
Total pot $54 | Rake $0.50
Board [3c As 8h Qh Td]
Seat 1: simper11 (big blind) mucked
Seat 2: _fayzulllo_ (button) (small blind) showed [Ad Qs] and won ($53.50) with two pair, Aces and Queens


PokerStars Hand #144412621437:  Hold'em Limit ($3/$6 USD) - 2015/11/26 11:15:21 ET
Table 'Pafuri II' 2-max Seat #1 is the button
Seat 1: simper11 ($200.90 in chips)
Seat 2: _fayzulllo_ ($94.30 in chips)
simper11: posts small blind $1
_fayzulllo_: posts big blind $3
*** HOLE CARDS ***
simper11: raises $3 to $6
_fayzulllo_: calls $3
*** FLOP *** [6d 9h Qh]
_fayzulllo_: checks
simper11: bets $3
_fayzulllo_: calls $3
*** TURN *** [6d 9h Qh] [5s]
_fayzulllo_: checks
simper11: checks
*** RIVER *** [6d 9h Qh 5s] [2d]
_fayzulllo_: bets $6
simper11: folds
Uncalled bet ($6) returned to _fayzulllo_
_fayzulllo_ collected $17.64 from pot
_fayzulllo_: doesn't show hand
*** SUMMARY ***
Total pot $18 | Rake $0.36
Board [6d 9h Qh 5s 2d]
Seat 1: simper11 (button) (small blind) folded on the River
Seat 2: _fayzulllo_ (big blind) collected ($17.64)


PokerStars Hand #144412617262:  Hold'em Limit ($3/$6 USD) - 2015/11/26 11:15:15 ET
Table 'Pafuri II' 2-max Seat #2 is the button
Seat 1: simper11 ($199.90 in chips)
Seat 2: _fayzulllo_ ($95.30 in chips)
_fayzulllo_: posts small blind $1
simper11: posts big blind $3
*** HOLE CARDS ***
_fayzulllo_: folds
Uncalled bet ($2) returned to simper11
simper11 collected $2 from pot
simper11: doesn't show hand
*** SUMMARY ***
Total pot $2 | Rake $0
Seat 1: simper11 (big blind) collected ($2)
Seat 2: _fayzulllo_ (button) (small blind) folded before Flop


PokerStars Hand #144412613125:  Hold'em Limit ($3/$6 USD) - 2015/11/26 11:15:10 ET
Table 'Pafuri II' 2-max Seat #1 is the button
Seat 1: simper11 ($200.90 in chips)
Seat 2: _fayzulllo_ ($94.30 in chips)
simper11: posts small blind $1
_fayzulllo_: posts big blind $3
*** HOLE CARDS ***
simper11: folds
Uncalled bet ($2) returned to _fayzulllo_
_fayzulllo_ collected $2 from pot
_fayzulllo_: doesn't show hand
*** SUMMARY ***
Total pot $2 | Rake $0
Seat 1: simper11 (button) (small blind) folded before Flop
Seat 2: _fayzulllo_ (big blind) collected ($2)


PokerStars Hand #144412604120:  Hold'em Limit ($3/$6 USD) - 2015/11/26 11:14:58 ET
Table 'Pafuri II' 2-max Seat #2 is the button
Seat 1: simper11 ($206.90 in chips)
Seat 2: _fayzulllo_ ($88.54 in chips)
_fayzulllo_: posts small blind $1
simper11: posts big blind $3
*** HOLE CARDS ***
_fayzulllo_: raises $3 to $6
simper11: calls $3
*** FLOP *** [7s Td Ks]
simper11: checks
_fayzulllo_: bets $3
simper11: folds
Uncalled bet ($3) returned to _fayzulllo_
_fayzulllo_ collected $11.76 from pot
_fayzulllo_: doesn't show hand
*** SUMMARY ***
Total pot $12 | Rake $0.24
Board [7s Td Ks]
Seat 1: simper11 (big blind) folded on the Flop
Seat 2: _fayzulllo_ (button) (small blind) collected ($11.76)


PokerStars Hand #144412588173:  Hold'em Limit ($3/$6 USD) - 2015/11/26 11:14:36 ET
Table 'Pafuri II' 2-max Seat #1 is the button
Seat 1: simper11 ($192.40 in chips)
Seat 2: _fayzulllo_ ($103.54 in chips)
simper11: posts small blind $1
_fayzulllo_: posts big blind $3
*** HOLE CARDS ***
simper11: raises $3 to $6
_fayzulllo_: calls $3
*** FLOP *** [Td Qh 2c]
_fayzulllo_: checks
simper11: bets $3
_fayzulllo_: calls $3
*** TURN *** [Td Qh 2c] [3h]
_fayzulllo_: checks
simper11: checks
*** RIVER *** [Td Qh 2c 3h] [2d]
_fayzulllo_: checks
simper11: bets $6
_fayzulllo_: calls $6
*** SHOW DOWN ***
simper11: shows [8d 3d] (two pair, Threes and Deuces)
_fayzulllo_: mucks hand
simper11 collected $29.50 from pot
*** SUMMARY ***
Total pot $30 | Rake $0.50
Board [Td Qh 2c 3h 2d]
Seat 1: simper11 (button) (small blind) showed [8d 3d] and won ($29.50) with two pair, Threes and Deuces
Seat 2: _fayzulllo_ (big blind) mucked


PokerStars Hand #144412673979:  Hold'em Limit ($3/$6 USD) - 2015/11/26 11:16:32 ET
Table 'Pafuri II' 2-max Seat #2 is the button
Seat 1: simper11 ($212.40 in chips)
Seat 2: _fayzulllo_ ($81.46 in chips)
_fayzulllo_: posts small blind $1
simper11: posts big blind $3
*** HOLE CARDS ***
_fayzulllo_: raises $3 to $6
simper11: folds
Uncalled bet ($3) returned to _fayzulllo_
_fayzulllo_ collected $6 from pot
_fayzulllo_: doesn't show hand
*** SUMMARY ***
Total pot $6 | Rake $0
Seat 1: simper11 (big blind) folded before Flop
Seat 2: _fayzulllo_ (button) (small blind) collected ($6)


PokerStars Hand #144412650300:  Hold'em Limit ($3/$6 USD) - 2015/11/26 11:16:00 ET
Table 'Pafuri II' 2-max Seat #1 is the button
Seat 1: simper11 ($179.90 in chips)
Seat 2: _fayzulllo_ ($114.46 in chips)
simper11: posts small blind $1
_fayzulllo_: posts big blind $3
*** HOLE CARDS ***
simper11: raises $3 to $6
_fayzulllo_: calls $3
*** FLOP *** [9c 2c 6s]
_fayzulllo_: checks
simper11: bets $3
_fayzulllo_: calls $3
*** TURN *** [9c 2c 6s] [Qd]
_fayzulllo_: checks
simper11: bets $6
_fayzulllo_: raises $6 to $12
simper11: raises $6 to $18
_fayzulllo_: calls $6
*** RIVER *** [9c 2c 6s Qd] [4d]
_fayzulllo_: checks
simper11: bets $6
_fayzulllo_: calls $6
*** SHOW DOWN ***
simper11: shows [9d 6h] (two pair, Nines and Sixes)
_fayzulllo_: mucks hand
simper11 collected $65.50 from pot
*** SUMMARY ***
Total pot $66 | Rake $0.50
Board [9c 2c 6s Qd 4d]
Seat 1: simper11 (button) (small blind) showed [9d 6h] and won ($65.50) with two pair, Nines and Sixes
Seat 2: _fayzulllo_ (big blind) mucked


PokerStars Hand #144412635345:  Hold'em Limit ($3/$6 USD) - 2015/11/26 11:15:40 ET
Table 'Pafuri II' 2-max Seat #2 is the button
Seat 1: simper11 ($191.90 in chips)
Seat 2: _fayzulllo_ ($102.94 in chips)
_fayzulllo_: posts small blind $1
simper11: posts big blind $3
*** HOLE CARDS ***
_fayzulllo_: raises $3 to $6
simper11: calls $3
*** FLOP *** [Th Ah 3s]
simper11: checks
_fayzulllo_: checks
*** TURN *** [Th Ah 3s] [9s]
simper11: checks
_fayzulllo_: bets $6
simper11: calls $6
*** RIVER *** [Th Ah 3s 9s] [Qc]
simper11: checks
_fayzulllo_: bets $6
simper11: folds
Uncalled bet ($6) returned to _fayzulllo_
_fayzulllo_ collected $23.52 from pot
_fayzulllo_: doesn't show hand
*** SUMMARY ***
Total pot $24 | Rake $0.48
Board [Th Ah 3s 9s Qc]
Seat 1: simper11 (big blind) folded on the River
Seat 2: _fayzulllo_ (button) (small blind) collected ($23.52)


PokerStars Hand #144412727461:  Hold'em Limit ($3/$6 USD) - 2015/11/26 11:17:44 ET
Table 'Pafuri II' 2-max Seat #1 is the button
Seat 1: simper11 ($213.44 in chips)
Seat 2: _fayzulllo_ ($78.96 in chips)
simper11: posts small blind $1
_fayzulllo_: posts big blind $3
*** HOLE CARDS ***
simper11: folds
Uncalled bet ($2) returned to _fayzulllo_
_fayzulllo_ collected $2 from pot
_fayzulllo_: doesn't show hand
*** SUMMARY ***
Total pot $2 | Rake $0
Seat 1: simper11 (button) (small blind) folded before Flop
Seat 2: _fayzulllo_ (big blind) collected ($2)


PokerStars Hand #144412714462:  Hold'em Limit ($3/$6 USD) - 2015/11/26 11:17:26 ET
Table 'Pafuri II' 2-max Seat #2 is the button
Seat 1: simper11 ($201.92 in chips)
Seat 2: _fayzulllo_ ($90.96 in chips)
_fayzulllo_: posts small blind $1
simper11: posts big blind $3
*** HOLE CARDS ***
_fayzulllo_: raises $3 to $6
simper11: calls $3
*** FLOP *** [6h Jc 4c]
simper11: checks
_fayzulllo_: bets $3
simper11: raises $3 to $6
_fayzulllo_: calls $3
*** TURN *** [6h Jc 4c] [Ah]
simper11: bets $6
_fayzulllo_: folds
Uncalled bet ($6) returned to simper11
simper11 collected $23.52 from pot
simper11: doesn't show hand
*** SUMMARY ***
Total pot $24 | Rake $0.48
Board [6h Jc 4c Ah]
Seat 1: simper11 (big blind) collected ($23.52)
Seat 2: _fayzulllo_ (button) (small blind) folded on the Turn


PokerStars Hand #144412710955:  Hold'em Limit ($3/$6 USD) - 2015/11/26 11:17:22 ET
Table 'Pafuri II' 2-max Seat #1 is the button
Seat 1: simper11 ($202.92 in chips)
Seat 2: _fayzulllo_ ($89.96 in chips)
simper11: posts small blind $1
_fayzulllo_: posts big blind $3
*** HOLE CARDS ***
simper11: folds
Uncalled bet ($2) returned to _fayzulllo_
_fayzulllo_ collected $2 from pot
_fayzulllo_: doesn't show hand
*** SUMMARY ***
Total pot $2 | Rake $0
Seat 1: simper11 (button) (small blind) folded before Flop
Seat 2: _fayzulllo_ (big blind) collected ($2)


PokerStars Hand #144412697783:  Hold'em Limit ($3/$6 USD) - 2015/11/26 11:17:04 ET
Table 'Pafuri II' 2-max Seat #2 is the button
Seat 1: simper11 ($191.40 in chips)
Seat 2: _fayzulllo_ ($101.96 in chips)
_fayzulllo_: posts small blind $1
simper11: posts big blind $3
*** HOLE CARDS ***
_fayzulllo_: calls $2
simper11: checks
*** FLOP *** [7c 6h Tc]
simper11: checks
_fayzulllo_: bets $3
simper11: calls $3
*** TURN *** [7c 6h Tc] [Jh]
simper11: checks
_fayzulllo_: checks
*** RIVER *** [7c 6h Tc Jh] [4d]
simper11: bets $6
_fayzulllo_: calls $6
*** SHOW DOWN ***
simper11: shows [7s 9h] (a pair of Sevens)
_fayzulllo_: mucks hand
simper11 collected $23.52 from pot
*** SUMMARY ***
Total pot $24 | Rake $0.48
Board [7c 6h Tc Jh 4d]
Seat 1: simper11 (big blind) showed [7s 9h] and won ($23.52) with a pair of Sevens
Seat 2: _fayzulllo_ (button) (small blind) mucked


PokerStars Hand #144412679873:  Hold'em Limit ($3/$6 USD) - 2015/11/26 11:16:40 ET
Table 'Pafuri II' 2-max Seat #1 is the button
Seat 1: simper11 ($209.40 in chips)
Seat 2: _fayzulllo_ ($84.46 in chips)
simper11: posts small blind $1
_fayzulllo_: posts big blind $3
*** HOLE CARDS ***
simper11: raises $3 to $6
_fayzulllo_: calls $3
*** FLOP *** [3d 5h 6d]
_fayzulllo_: checks
simper11: bets $3
_fayzulllo_: raises $3 to $6
simper11: calls $3
*** TURN *** [3d 5h 6d] [6h]
_fayzulllo_: bets $6
simper11: calls $6
*** RIVER *** [3d 5h 6d 6h] [Jh]
_fayzulllo_: bets $6
simper11: folds
Uncalled bet ($6) returned to _fayzulllo_
_fayzulllo_ collected $35.50 from pot
_fayzulllo_: doesn't show hand
*** SUMMARY ***
Total pot $36 | Rake $0.50
Board [3d 5h 6d 6h Jh]
Seat 1: simper11 (button) (small blind) folded on the River
Seat 2: _fayzulllo_ (big blind) collected ($35.50)


PokerStars Hand #144412757330:  Hold'em Limit ($3/$6 USD) - 2015/11/26 11:18:24 ET
Table 'Pafuri II' 2-max Seat #1 is the button
Seat 1: simper11 ($226.72 in chips)
Seat 2: _fayzulllo_ ($64.96 in chips)
simper11: posts small blind $1
_fayzulllo_: posts big blind $3
*** HOLE CARDS ***
simper11: raises $3 to $6
_fayzulllo_: calls $3
*** FLOP *** [Qh 9d Jd]
_fayzulllo_: checks
simper11: bets $3
_fayzulllo_: calls $3
*** TURN *** [Qh 9d Jd] [7c]
_fayzulllo_: checks
simper11: bets $6
_fayzulllo_: calls $6
*** RIVER *** [Qh 9d Jd 7c] [Kc]
_fayzulllo_: checks
simper11: bets $6
_fayzulllo_: calls $6
*** SHOW DOWN ***
simper11: shows [8d Th] (a straight, Nine to King)
_fayzulllo_: mucks hand
simper11 collected $41.50 from pot
*** SUMMARY ***
Total pot $42 | Rake $0.50
Board [Qh 9d Jd 7c Kc]
Seat 1: simper11 (button) (small blind) showed [8d Th] and won ($41.50) with a straight, Nine to King
Seat 2: _fayzulllo_ (big blind) mucked


PokerStars Hand #144412745162:  Hold'em Limit ($3/$6 USD) - 2015/11/26 11:18:08 ET
Table 'Pafuri II' 2-max Seat #2 is the button
Seat 1: simper11 ($215.20 in chips)
Seat 2: _fayzulllo_ ($76.96 in chips)
_fayzulllo_: posts small blind $1
simper11: posts big blind $3
*** HOLE CARDS ***
_fayzulllo_: raises $3 to $6
simper11: raises $3 to $9
_fayzulllo_: calls $3
*** FLOP *** [8c 7d 3h]
simper11: bets $3
_fayzulllo_: calls $3
*** TURN *** [8c 7d 3h] [Td]
simper11: bets $6
_fayzulllo_: folds
Uncalled bet ($6) returned to simper11
simper11 collected $23.52 from pot
simper11: doesn't show hand
*** SUMMARY ***
Total pot $24 | Rake $0.48
Board [8c 7d 3h Td]
Seat 1: simper11 (big blind) collected ($23.52)
Seat 2: _fayzulllo_ (button) (small blind) folded on the Turn


PokerStars Hand #144412737102:  Hold'em Limit ($3/$6 USD) - 2015/11/26 11:17:57 ET
Table 'Pafuri II' 2-max Seat #1 is the button
Seat 1: simper11 ($209.44 in chips)
Seat 2: _fayzulllo_ ($82.96 in chips)
simper11: posts small blind $1
_fayzulllo_: posts big blind $3
*** HOLE CARDS ***
simper11: raises $3 to $6
_fayzulllo_: calls $3
*** FLOP *** [9c Td 5d]
_fayzulllo_: checks
simper11: bets $3
_fayzulllo_: folds
Uncalled bet ($3) returned to simper11
simper11 collected $11.76 from pot
simper11: doesn't show hand
*** SUMMARY ***
Total pot $12 | Rake $0.24
Board [9c Td 5d]
Seat 1: simper11 (button) (small blind) collected ($11.76)
Seat 2: _fayzulllo_ (big blind) folded on the Flop


PokerStars Hand #144412731467:  Hold'em Limit ($3/$6 USD) - 2015/11/26 11:17:50 ET
Table 'Pafuri II' 2-max Seat #2 is the button
Seat 1: simper11 ($212.44 in chips)
Seat 2: _fayzulllo_ ($79.96 in chips)
_fayzulllo_: posts small blind $1
simper11: posts big blind $3
*** HOLE CARDS ***
_fayzulllo_: raises $3 to $6
simper11: folds
Uncalled bet ($3) returned to _fayzulllo_
_fayzulllo_ collected $6 from pot
_fayzulllo_: doesn't show hand
*** SUMMARY ***
Total pot $6 | Rake $0
Seat 1: simper11 (big blind) folded before Flop
Seat 2: _fayzulllo_ (button) (small blind) collected ($6)


PokerStars Hand #144412806141:  Hold'em Limit ($3/$6 USD) - 2015/11/26 11:19:31 ET
Table 'Pafuri II' 2-max Seat #1 is the button
Seat 1: simper11 ($279.22 in chips)
Seat 2: _fayzulllo_ ($10.96 in chips)
simper11: posts small blind $1
_fayzulllo_: posts big blind $3
*** HOLE CARDS ***
simper11: raises $3 to $6
_fayzulllo_: calls $3
*** FLOP *** [8d 4c 4s]
_fayzulllo_: checks
simper11: bets $3
_fayzulllo_: raises $1.96 to $4.96 and is all-in
simper11: calls $1.96
*** TURN *** [8d 4c 4s] [Td]
*** RIVER *** [8d 4c 4s Td] [Js]
*** SHOW DOWN ***
_fayzulllo_: shows [8h 9c] (two pair, Eights and Fours)
simper11: shows [5s 7h] (a pair of Fours)
_fayzulllo_ collected $21.48 from pot
*** SUMMARY ***
Total pot $21.92 | Rake $0.44
Board [8d 4c 4s Td Js]
Seat 1: simper11 (button) (small blind) showed [5s 7h] and lost with a pair of Fours
Seat 2: _fayzulllo_ (big blind) showed [8h 9c] and won ($21.48) with two pair, Eights and Fours


PokerStars Hand #144412801017:  Hold'em Limit ($3/$6 USD) - 2015/11/26 11:19:24 ET
Table 'Pafuri II' 2-max Seat #2 is the button
Seat 1: simper11 ($282.22 in chips)
Seat 2: _fayzulllo_ ($7.96 in chips)
_fayzulllo_: posts small blind $1
simper11: posts big blind $3
*** HOLE CARDS ***
_fayzulllo_: raises $3 to $6
simper11: folds
Uncalled bet ($3) returned to _fayzulllo_
_fayzulllo_ collected $6 from pot
_fayzulllo_: doesn't show hand
*** SUMMARY ***
Total pot $6 | Rake $0
Seat 1: simper11 (big blind) folded before Flop
Seat 2: _fayzulllo_ (button) (small blind) collected ($6)


PokerStars Hand #144412788575:  Hold'em Limit ($3/$6 USD) - 2015/11/26 11:19:07 ET
Table 'Pafuri II' 2-max Seat #1 is the button
Seat 1: simper11 ($264.72 in chips)
Seat 2: _fayzulllo_ ($25.96 in chips)
simper11: posts small blind $1
_fayzulllo_: posts big blind $3
*** HOLE CARDS ***
simper11: raises $3 to $6
_fayzulllo_: calls $3
*** FLOP *** [8s 8h Ks]
_fayzulllo_: checks
simper11: bets $3
_fayzulllo_: raises $3 to $6
simper11: calls $3
*** TURN *** [8s 8h Ks] [Td]
_fayzulllo_: bets $6
simper11: raises $6 to $12
_fayzulllo_: folds
Uncalled bet ($6) returned to simper11
simper11 collected $35.50 from pot
simper11: doesn't show hand
*** SUMMARY ***
Total pot $36 | Rake $0.50
Board [8s 8h Ks Td]
Seat 1: simper11 (button) (small blind) collected ($35.50)
Seat 2: _fayzulllo_ (big blind) folded on the Turn


PokerStars Hand #144412772419:  Hold'em Limit ($3/$6 USD) - 2015/11/26 11:18:45 ET
Table 'Pafuri II' 2-max Seat #2 is the button
Seat 1: simper11 ($247.22 in chips)
Seat 2: _fayzulllo_ ($43.96 in chips)
_fayzulllo_: posts small blind $1
simper11: posts big blind $3
*** HOLE CARDS ***
_fayzulllo_: calls $2
simper11: checks
*** FLOP *** [3s 7h 6c]
simper11: bets $3
_fayzulllo_: calls $3
*** TURN *** [3s 7h 6c] [Ad]
simper11: bets $6
_fayzulllo_: calls $6
*** RIVER *** [3s 7h 6c Ad] [5h]
simper11: bets $6
_fayzulllo_: calls $6
*** SHOW DOWN ***
simper11: shows [7s 3d] (two pair, Sevens and Threes)
_fayzulllo_: mucks hand
simper11 collected $35.50 from pot
*** SUMMARY ***
Total pot $36 | Rake $0.50
Board [3s 7h 6c Ad 5h]
Seat 1: simper11 (big blind) showed [7s 3d] and won ($35.50) with two pair, Sevens and Threes
Seat 2: _fayzulllo_ (button) (small blind) mucked


PokerStars Hand #144412818321:  Hold'em Limit ($3/$6 USD) - 2015/11/26 11:19:47 ET
Table 'Pafuri II' 2-max Seat #2 is the button
Seat 1: simper11 ($268.26 in chips)
Seat 2: _fayzulllo_ ($21.48 in chips)
_fayzulllo_: posts small blind $1
simper11: posts big blind $3
*** HOLE CARDS ***
_fayzulllo_: calls $2
simper11: raises $3 to $6
_fayzulllo_: calls $3
*** FLOP *** [Ts Qd 8h]
simper11: bets $3
_fayzulllo_: calls $3
*** TURN *** [Ts Qd 8h] [3d]
simper11: bets $6
_fayzulllo_: calls $6
*** RIVER *** [Ts Qd 8h 3d] [6s]
simper11: bets $6
_fayzulllo_: calls $6
*** SHOW DOWN ***
simper11: shows [Kh Kc] (a pair of Kings)
_fayzulllo_: mucks hand
simper11 collected $41.50 from pot
*** SUMMARY ***
Total pot $42 | Rake $0.50
Board [Ts Qd 8h 3d 6s]
Seat 1: simper11 (big blind) showed [Kh Kc] and won ($41.50) with a pair of Kings
Seat 2: _fayzulllo_ (button) (small blind) mucked


