PokerStars Hand #161853755756:  Hold'em Limit ($3/$6 USD) - 2016/11/23 15:17:29 ET
Table 'Palamedes II' 6-max Seat #4 is the button
Seat 4: Actionni13 ($150 in chips)
Seat 6: MadFox666 ($123 in chips)
Actionni13: posts small blind $1
MadFox666: posts big blind $3
*** HOLE CARDS ***
Actionni13: raises $3 to $6
MadFox666: raises $3 to $9
Actionni13: calls $3
*** FLOP *** [2h 9d Tc]
MadFox666: bets $3
Actionni13: calls $3
*** TURN *** [2h 9d Tc] [4c]
MadFox666: bets $6
Actionni13: calls $6
*** RIVER *** [2h 9d Tc 4c] [4h]
MadFox666: checks
Actionni13: checks
*** SHOW DOWN ***
MadFox666: shows [8c Ac] (a pair of Fours)
Actionni13: shows [3h Ah] (a pair of Fours)
MadFox666 collected $17.75 from pot
Actionni13 collected $17.75 from pot
*** SUMMARY ***
Total pot $36 | Rake $0.50
Board [2h 9d Tc 4c 4h]
Seat 4: Actionni13 (button) (small blind) showed [3h Ah] and won ($17.75) with a pair of Fours
Seat 6: MadFox666 (big blind) showed [8c Ac] and won ($17.75) with a pair of Fours


PokerStars Hand #161853787450:  Hold'em Limit ($3/$6 USD) - 2016/11/23 15:17:58 ET
Table 'Palamedes II' 6-max Seat #4 is the button
Seat 4: Actionni13 ($151 in chips)
Seat 6: MadFox666 ($121.75 in chips)
Actionni13: posts small blind $1
MadFox666: posts big blind $3
*** HOLE CARDS ***
Actionni13: folds
Uncalled bet ($2) returned to MadFox666
MadFox666 collected $2 from pot
MadFox666: doesn't show hand
*** SUMMARY ***
Total pot $2 | Rake $0
Seat 4: Actionni13 (button) (small blind) folded before Flop
Seat 6: MadFox666 (big blind) collected ($2)


PokerStars Hand #161853781838:  Hold'em Limit ($3/$6 USD) - 2016/11/23 15:17:52 ET
Table 'Palamedes II' 6-max Seat #6 is the button
Seat 4: Actionni13 ($150 in chips)
Seat 6: MadFox666 ($122.75 in chips)
MadFox666: posts small blind $1
Actionni13: posts big blind $3
*** HOLE CARDS ***
MadFox666: folds
Uncalled bet ($2) returned to Actionni13
Actionni13 collected $2 from pot
*** SUMMARY ***
Total pot $2 | Rake $0
Seat 4: Actionni13 (big blind) collected ($2)
Seat 6: MadFox666 (button) (small blind) folded before Flop


PokerStars Hand #161853792938:  Hold'em Limit ($3/$6 USD) - 2016/11/23 15:18:04 ET
Table 'Palamedes II' 6-max Seat #6 is the button
Seat 4: Actionni13 ($150 in chips)
Seat 6: MadFox666 ($122.75 in chips)
MadFox666: posts small blind $1
Actionni13: posts big blind $3
*** HOLE CARDS ***
MadFox666: raises $3 to $6
Actionni13: calls $3
*** FLOP *** [Tc Jh 5d]
Actionni13: checks
MadFox666: bets $3
Actionni13: folds
Uncalled bet ($3) returned to MadFox666
MadFox666 collected $11.76 from pot
MadFox666: doesn't show hand
*** SUMMARY ***
Total pot $12 | Rake $0.24
Board [Tc Jh 5d]
Seat 4: Actionni13 (big blind) folded on the Flop
Seat 6: MadFox666 (button) (small blind) collected ($11.76)


PokerStars Hand #161853817264:  Hold'em Limit ($3/$6 USD) - 2016/11/23 15:18:30 ET
Table 'Palamedes II' 6-max Seat #6 is the button
Seat 4: Actionni13 ($155.76 in chips)
Seat 6: MadFox666 ($122.51 in chips)
MadFox666: posts small blind $1
Actionni13: posts big blind $3
*** HOLE CARDS ***
MadFox666: raises $3 to $6
Actionni13: folds
Uncalled bet ($3) returned to MadFox666
MadFox666 collected $6 from pot
MadFox666: doesn't show hand
*** SUMMARY ***
Total pot $6 | Rake $0
Seat 4: Actionni13 (big blind) folded before Flop
Seat 6: MadFox666 (button) (small blind) collected ($6)


PokerStars Hand #161853806892:  Hold'em Limit ($3/$6 USD) - 2016/11/23 15:18:19 ET
Table 'Palamedes II' 6-max Seat #4 is the button
Seat 4: Actionni13 ($150 in chips)
Seat 6: MadFox666 ($128.51 in chips)
Actionni13: posts small blind $1
MadFox666: posts big blind $3
*** HOLE CARDS ***
Actionni13: raises $3 to $6
MadFox666: calls $3
*** FLOP *** [2d Ts Td]
MadFox666: checks
Actionni13: bets $3
MadFox666: folds
Uncalled bet ($3) returned to Actionni13
Actionni13 collected $11.76 from pot
Actionni13: doesn't show hand
*** SUMMARY ***
Total pot $12 | Rake $0.24
Board [2d Ts Td]
Seat 4: Actionni13 (button) (small blind) collected ($11.76)
Seat 6: MadFox666 (big blind) folded on the Flop


PokerStars Hand #161853823098:  Hold'em Limit ($3/$6 USD) - 2016/11/23 15:18:36 ET
Table 'Palamedes II' 6-max Seat #4 is the button
Seat 4: Actionni13 ($152.76 in chips)
Seat 6: MadFox666 ($125.51 in chips)
Actionni13: posts small blind $1
MadFox666: posts big blind $3
*** HOLE CARDS ***
Actionni13: raises $3 to $6
MadFox666: calls $3
*** FLOP *** [Qs 5d Kd]
MadFox666: checks
Actionni13: bets $3
MadFox666: folds
Uncalled bet ($3) returned to Actionni13
italianhero4 joins the table at seat #1
Actionni13 collected $11.76 from pot
Actionni13: doesn't show hand
*** SUMMARY ***
Total pot $12 | Rake $0.24
Board [Qs 5d Kd]
Seat 4: Actionni13 (button) (small blind) collected ($11.76)
Seat 6: MadFox666 (big blind) folded on the Flop


PokerStars Hand #161854877737:  Hold'em Limit ($3/$6 USD) - 2016/11/23 15:37:16 ET
Table 'Palamedes II' 6-max Seat #3 is the button
Seat 3: sloboda4 ($54.84 in chips)
Seat 4: Actionni13 ($174.32 in chips)
sloboda4: posts small blind $1
Actionni13: posts big blind $3
*** HOLE CARDS ***
sloboda4: calls $2
Actionni13: checks
*** FLOP *** [As Ad 4h]
Actionni13: bets $3
sloboda4: calls $3
*** TURN *** [As Ad 4h] [7h]
Actionni13: checks
sloboda4: checks
*** RIVER *** [As Ad 4h 7h] [8s]
Actionni13: bets $6
sloboda4: calls $6
*** SHOW DOWN ***
Actionni13: shows [2d Ah] (three of a kind, Aces)
sloboda4: mucks hand
Actionni13 collected $23.52 from pot
*** SUMMARY ***
Total pot $24 | Rake $0.48
Board [As Ad 4h 7h 8s]
Seat 3: sloboda4 (button) (small blind) mucked
Seat 4: Actionni13 (big blind) showed [2d Ah] and won ($23.52) with three of a kind, Aces


PokerStars Hand #161854852387:  Hold'em Limit ($3/$6 USD) - 2016/11/23 15:36:49 ET
Table 'Palamedes II' 6-max Seat #4 is the button
Seat 3: sloboda4 ($34.34 in chips)
Seat 4: Actionni13 ($195.32 in chips)
Actionni13: posts small blind $1
vestimokrec: is sitting out
sloboda4: posts big blind $3
*** HOLE CARDS ***
zischepc joins the table at seat #6
Actionni13: raises $3 to $6
vestimokrec leaves the table
sloboda4: calls $3
*** FLOP *** [Jd 6c 6d]
sloboda4: checks
Actionni13: bets $3
sloboda4: calls $3
*** TURN *** [Jd 6c 6d] [9d]
sloboda4: checks
Actionni13: checks
*** RIVER *** [Jd 6c 6d 9d] [As]
sloboda4: bets $6
Actionni13: raises $6 to $12
sloboda4: raises $6 to $18
Actionni13: folds
Uncalled bet ($6) returned to sloboda4
sloboda4 collected $41.50 from pot
*** SUMMARY ***
Total pot $42 | Rake $0.50
Board [Jd 6c 6d 9d As]
Seat 3: sloboda4 (big blind) collected ($41.50)
Seat 4: Actionni13 (button) (small blind) folded on the River


