PokerStars Hand #162194580778:  Hold'em Limit ($3/$6 USD) - 2016/11/30 12:51:06 ET
Table 'Palamedes' 6-max Seat #6 is the button
Seat 3: rafik77889 ($43.29 in chips)
Seat 6: ki8p ($60 in chips)
ki8p: posts small blind $1
rafik77889: posts big blind $3
*** HOLE CARDS ***
ki8p: raises $3 to $6
rafik77889: raises $3 to $9
ki8p: raises $3 to $12
Betting is capped
rafik77889: calls $3
*** FLOP *** [6d 8c 3c]
rafik77889: bets $3
ki8p: raises $3 to $6
rafik77889: raises $3 to $9
ki8p: raises $3 to $12
Betting is capped
rafik77889: calls $3
*** TURN *** [6d 8c 3c] [Qs]
rafik77889: bets $6
ki8p: raises $6 to $12
rafik77889: raises $6 to $18
ki8p: folds
Uncalled bet ($6) returned to rafik77889
rafik77889 collected $71.50 from pot
rafik77889: doesn't show hand
*** SUMMARY ***
Total pot $72 | Rake $0.50
Board [6d 8c 3c Qs]
Seat 3: rafik77889 (big blind) collected ($71.50)
Seat 6: ki8p (button) (small blind) folded on the Turn


PokerStars Hand #162194599791:  Hold'em Limit ($3/$6 USD) - 2016/11/30 12:51:28 ET
Table 'Palamedes' 6-max Seat #3 is the button
Seat 3: rafik77889 ($78.79 in chips)
Seat 6: ki8p ($24 in chips)
rafik77889: posts small blind $1
ki8p: posts big blind $3
*** HOLE CARDS ***
rafik77889: raises $3 to $6
ki8p: raises $3 to $9
rafik77889: raises $3 to $12
Betting is capped
ki8p: calls $3
*** FLOP *** [Ac Kc 9s]
ki8p: bets $3
rafik77889: raises $3 to $6
ki8p: calls $3
*** TURN *** [Ac Kc 9s] [4s]
ki8p: checks
rafik77889: checks
*** RIVER *** [Ac Kc 9s 4s] [5h]
ki8p: checks
rafik77889: bets $6
ki8p: folds
Uncalled bet ($6) returned to rafik77889
rafik77889 collected $35.50 from pot
rafik77889: doesn't show hand
*** SUMMARY ***
Total pot $36 | Rake $0.50
Board [Ac Kc 9s 4s 5h]
Seat 3: rafik77889 (button) (small blind) collected ($35.50)
Seat 6: ki8p (big blind) folded on the River


PokerStars Hand #162194619118:  Hold'em Limit ($3/$6 USD) - 2016/11/30 12:51:49 ET
Table 'Palamedes' 6-max Seat #6 is the button
Seat 3: rafik77889 ($96.29 in chips)
Seat 6: ki8p ($6 in chips)
ki8p: posts small blind $1
rafik77889: posts big blind $3
*** HOLE CARDS ***
ki8p: calls $2
rafik77889: checks
*** FLOP *** [Kd Ts 3c]
rafik77889: checks
ki8p: checks
*** TURN *** [Kd Ts 3c] [5s]
rafik77889: bets $6
ki8p: calls $3 and is all-in
Uncalled bet ($3) returned to rafik77889
*** RIVER *** [Kd Ts 3c 5s] [6s]
*** SHOW DOWN ***
rafik77889: shows [5c Qh] (a pair of Fives)
ki8p: shows [Ac Qc] (high card Ace)
rafik77889 collected $11.76 from pot
*** SUMMARY ***
Total pot $12 | Rake $0.24
Board [Kd Ts 3c 5s 6s]
Seat 3: rafik77889 (big blind) showed [5c Qh] and won ($11.76) with a pair of Fives
Seat 6: ki8p (button) (small blind) showed [Ac Qc] and lost with high card Ace


PokerStars Hand #162195597657:  Hold'em Limit ($3/$6 USD) - 2016/11/30 13:11:02 ET
Table 'Palamedes' 6-max Seat #1 is the button
Seat 1: assitoni ($72 in chips)
Seat 4: Appendix Z ($101.46 in chips)
assitoni: posts small blind $1
Appendix Z: posts big blind $3
*** HOLE CARDS ***
assitoni: raises $3 to $6
Appendix Z: calls $3
*** FLOP *** [3d Js 7s]
Appendix Z: bets $3
assitoni: raises $3 to $6
Appendix Z: calls $3
*** TURN *** [3d Js 7s] [6d]
Appendix Z: bets $6
RockKillerTY joins the table at seat #5
assitoni: raises $6 to $12
Appendix Z: calls $6
*** RIVER *** [3d Js 7s 6d] [5c]
Appendix Z: checks
assitoni: bets $6
Appendix Z: calls $6
*** SHOW DOWN ***
assitoni: shows [6h Jd] (two pair, Jacks and Sixes)
Appendix Z: mucks hand
assitoni collected $59.50 from pot
*** SUMMARY ***
Total pot $60 | Rake $0.50
Board [3d Js 7s 6d 5c]
Seat 1: assitoni (button) (small blind) showed [6h Jd] and won ($59.50) with two pair, Jacks and Sixes
Seat 4: Appendix Z (big blind) mucked


PokerStars Hand #162195643691:  Hold'em Limit ($3/$6 USD) - 2016/11/30 13:11:53 ET
Table 'Palamedes' 6-max Seat #5 is the button
Seat 4: Appendix Z ($70.46 in chips)
Seat 5: RockKillerTY ($117 in chips)
RockKillerTY: posts small blind $1
assitoni: is sitting out
Appendix Z: posts big blind $3
*** HOLE CARDS ***
RockKillerTY: folds
Uncalled bet ($2) returned to Appendix Z
Appendix Z collected $2 from pot
*** SUMMARY ***
Total pot $2 | Rake $0
Seat 4: Appendix Z (big blind) collected ($2)
Seat 5: RockKillerTY (button) (small blind) folded before Flop


PokerStars Hand #162195651216:  Hold'em Limit ($3/$6 USD) - 2016/11/30 13:12:01 ET
Table 'Palamedes' 6-max Seat #4 is the button
Seat 4: Appendix Z ($71.46 in chips)
Seat 5: RockKillerTY ($116 in chips)
Appendix Z: posts small blind $1
RockKillerTY: posts big blind $3
*** HOLE CARDS ***
Appendix Z: raises $3 to $6
RockKillerTY: calls $3
*** FLOP *** [9c Ah 2d]
RockKillerTY: checks
Appendix Z: bets $3
RockKillerTY: raises $3 to $6
Appendix Z: raises $3 to $9
RockKillerTY: calls $3
*** TURN *** [9c Ah 2d] [Kd]
RockKillerTY: checks
Appendix Z: bets $6
RockKillerTY: calls $6
*** RIVER *** [9c Ah 2d Kd] [6s]
RockKillerTY: checks
Appendix Z: bets $6
RockKillerTY: calls $6
*** SHOW DOWN ***
Appendix Z: shows [9s Kh] (two pair, Kings and Nines)
RockKillerTY: mucks hand
Appendix Z collected $53.50 from pot
*** SUMMARY ***
Total pot $54 | Rake $0.50
Board [9c Ah 2d Kd 6s]
Seat 4: Appendix Z (button) (small blind) showed [9s Kh] and won ($53.50) with two pair, Kings and Nines
Seat 5: RockKillerTY (big blind) mucked


PokerStars Hand #162195697069:  Hold'em Limit ($3/$6 USD) - 2016/11/30 13:12:52 ET
Table 'Palamedes' 6-max Seat #5 is the button
Seat 4: Appendix Z ($97.96 in chips)
Seat 5: RockKillerTY ($89 in chips)
RockKillerTY: posts small blind $1
Appendix Z: posts big blind $3
*** HOLE CARDS ***
RockKillerTY: raises $3 to $6
Appendix Z: calls $3
*** FLOP *** [Kc 9d 4h]
Appendix Z: checks
RockKillerTY: bets $3
Appendix Z: raises $3 to $6
RockKillerTY: calls $3
*** TURN *** [Kc 9d 4h] [8h]
Appendix Z: bets $6
RockKillerTY: calls $6
*** RIVER *** [Kc 9d 4h 8h] [5c]
Appendix Z: checks
RockKillerTY: checks
*** SHOW DOWN ***
Appendix Z: shows [Ac 5s] (a pair of Fives)
RockKillerTY: mucks hand
Appendix Z collected $35.50 from pot
*** SUMMARY ***
Total pot $36 | Rake $0.50
Board [Kc 9d 4h 8h 5c]
Seat 4: Appendix Z (big blind) showed [Ac 5s] and won ($35.50) with a pair of Fives
Seat 5: RockKillerTY (button) (small blind) mucked


