PokerStars Hand #160861435163:  Hold'em Limit ($3/$6 USD) - 2016/11/03 19:03:02 ET
Table 'Palamedes' 6-max Seat #3 is the button
Seat 3: robertass84 ($140.26 in chips)
Seat 4: Actionni13 ($153 in chips)
robertass84: posts small blind $1
Actionni13: posts big blind $3
*** HOLE CARDS ***
robertass84: raises $3 to $6
Actionni13: calls $3
*** FLOP *** [8h 5c 5s]
Actionni13: checks
robertass84: bets $3
Actionni13: calls $3
*** TURN *** [8h 5c 5s] [Ad]
Actionni13: checks
robertass84: checks
*** RIVER *** [8h 5c 5s Ad] [Kc]
Actionni13: bets $6
robertass84: folds
Uncalled bet ($6) returned to Actionni13
Actionni13 collected $17.64 from pot
Actionni13: doesn't show hand
*** SUMMARY ***
Total pot $18 | Rake $0.36
Board [8h 5c 5s Ad Kc]
Seat 3: robertass84 (button) (small blind) folded on the River
Seat 4: Actionni13 (big blind) collected ($17.64)


PokerStars Hand #160861489699:  Hold'em Limit ($3/$6 USD) - 2016/11/03 19:04:10 ET
Table 'Palamedes' 6-max Seat #3 is the button
Seat 3: robertass84 ($121 in chips)
Seat 4: Actionni13 ($189.78 in chips)
robertass84: posts small blind $1
Actionni13: posts big blind $3
*** HOLE CARDS ***
robertass84: folds
Uncalled bet ($2) returned to Actionni13
Actionni13 collected $2 from pot
Actionni13: doesn't show hand
*** SUMMARY ***
Total pot $2 | Rake $0
Seat 3: robertass84 (button) (small blind) folded before Flop
Seat 4: Actionni13 (big blind) collected ($2)


PokerStars Hand #160861485133:  Hold'em Limit ($3/$6 USD) - 2016/11/03 19:04:05 ET
Table 'Palamedes' 6-max Seat #4 is the button
Seat 3: robertass84 ($120 in chips)
Seat 4: Actionni13 ($190.78 in chips)
Actionni13: posts small blind $1
robertass84: posts big blind $3
*** HOLE CARDS ***
Actionni13: folds
Uncalled bet ($2) returned to robertass84
robertass84 collected $2 from pot
robertass84: doesn't show hand
*** SUMMARY ***
Total pot $2 | Rake $0
Seat 3: robertass84 (big blind) collected ($2)
Seat 4: Actionni13 (button) (small blind) folded before Flop


PokerStars Hand #160861461237:  Hold'em Limit ($3/$6 USD) - 2016/11/03 19:03:35 ET
Table 'Palamedes' 6-max Seat #3 is the button
Seat 3: robertass84 ($122.26 in chips)
Seat 4: Actionni13 ($170.28 in chips)
robertass84: posts small blind $1
Actionni13: posts big blind $3
*** HOLE CARDS ***
robertass84: raises $3 to $6
Actionni13: raises $3 to $9
robertass84: raises $3 to $12
Betting is capped
Actionni13: calls $3
*** FLOP *** [2h 3d 7h]
Actionni13: checks
robertass84: bets $3
Actionni13: calls $3
*** TURN *** [2h 3d 7h] [Ah]
Actionni13: checks
robertass84: checks
*** RIVER *** [2h 3d 7h Ah] [2c]
Actionni13: checks
robertass84: bets $6
Actionni13: calls $6
*** SHOW DOWN ***
robertass84: shows [Tc 9c] (a pair of Deuces)
Actionni13: shows [Kc Qd] (a pair of Deuces - Ace+King kicker)
Actionni13 collected $41.50 from pot
*** SUMMARY ***
Total pot $42 | Rake $0.50
Board [2h 3d 7h Ah 2c]
Seat 3: robertass84 (button) (small blind) showed [Tc 9c] and lost with a pair of Deuces
Seat 4: Actionni13 (big blind) showed [Kc Qd] and won ($41.50) with a pair of Deuces


PokerStars Hand #160861451946:  Hold'em Limit ($3/$6 USD) - 2016/11/03 19:03:23 ET
Table 'Palamedes' 6-max Seat #4 is the button
Seat 3: robertass84 ($131.26 in chips)
Seat 4: Actionni13 ($161.64 in chips)
Actionni13: posts small blind $1
robertass84: posts big blind $3
*** HOLE CARDS ***
Actionni13: raises $3 to $6
robertass84: raises $3 to $9
Actionni13: calls $3
*** FLOP *** [9s Ac 5c]
robertass84: checks
Actionni13: bets $3
robertass84: folds
Uncalled bet ($3) returned to Actionni13
Actionni13 collected $17.64 from pot
Actionni13: doesn't show hand
*** SUMMARY ***
Total pot $18 | Rake $0.36
Board [9s Ac 5c]
Seat 3: robertass84 (big blind) folded on the Flop
Seat 4: Actionni13 (button) (small blind) collected ($17.64)


PokerStars Hand #160861493132:  Hold'em Limit ($3/$6 USD) - 2016/11/03 19:04:15 ET
Table 'Palamedes' 6-max Seat #4 is the button
Seat 3: robertass84 ($120 in chips)
Seat 4: Actionni13 ($190.78 in chips)
Actionni13: posts small blind $1
robertass84: posts big blind $3
*** HOLE CARDS ***
Actionni13: raises $3 to $6
robertass84: raises $3 to $9
Actionni13: calls $3
*** FLOP *** [Qs 3c 7h]
robertass84: bets $3
Actionni13: raises $3 to $6
robertass84: folds
Uncalled bet ($3) returned to Actionni13
robertass84 leaves the table
Actionni13 collected $23.52 from pot
Actionni13: doesn't show hand
*** SUMMARY ***
Total pot $24 | Rake $0.48
Board [Qs 3c 7h]
Seat 3: robertass84 (big blind) folded on the Flop
Seat 4: Actionni13 (button) (small blind) collected ($23.52)


PokerStars Hand #160862481463:  Hold'em Limit ($3/$6 USD) - 2016/11/03 19:25:41 ET
Table 'Palamedes' 6-max Seat #3 is the button
Seat 3: loessoe16 ($120 in chips)
Seat 4: Actionni13 ($202.30 in chips)
loessoe16: posts small blind $1
Actionni13: posts big blind $3
*** HOLE CARDS ***
loessoe16: raises $3 to $6
Actionni13: calls $3
*** FLOP *** [9c Qc Tc]
Actionni13: checks
loessoe16: bets $3
Actionni13: folds
Uncalled bet ($3) returned to loessoe16
loessoe16 collected $11.76 from pot
loessoe16: doesn't show hand
*** SUMMARY ***
Total pot $12 | Rake $0.24
Board [9c Qc Tc]
Seat 3: loessoe16 (button) (small blind) collected ($11.76)
Seat 4: Actionni13 (big blind) folded on the Flop


PokerStars Hand #160862496566:  Hold'em Limit ($3/$6 USD) - 2016/11/03 19:26:01 ET
Table 'Palamedes' 6-max Seat #4 is the button
Seat 3: loessoe16 ($125.76 in chips)
Seat 4: Actionni13 ($196.30 in chips)
Actionni13: posts small blind $1
loessoe16: posts big blind $3
*** HOLE CARDS ***
Actionni13: raises $3 to $6
loessoe16: calls $3
*** FLOP *** [Js Ac 9h]
loessoe16: checks
Actionni13: bets $3
loessoe16: folds
Uncalled bet ($3) returned to Actionni13
Actionni13 collected $11.76 from pot
Actionni13: doesn't show hand
*** SUMMARY ***
Total pot $12 | Rake $0.24
Board [Js Ac 9h]
Seat 3: loessoe16 (big blind) folded on the Flop
Seat 4: Actionni13 (button) (small blind) collected ($11.76)


PokerStars Hand #160862507884:  Hold'em Limit ($3/$6 USD) - 2016/11/03 19:26:12 ET
Table 'Palamedes' 6-max Seat #3 is the button
Seat 3: loessoe16 ($119.76 in chips)
Seat 4: Actionni13 ($202.06 in chips)
loessoe16: posts small blind $1
Actionni13: posts big blind $3
*** HOLE CARDS ***
loessoe16: raises $3 to $6
Actionni13: calls $3
*** FLOP *** [Ah 8s 7s]
Actionni13: checks
loessoe16: bets $3
Actionni13: raises $3 to $6
loessoe16: folds
Uncalled bet ($3) returned to Actionni13
Actionni13 collected $17.64 from pot
Actionni13: doesn't show hand
*** SUMMARY ***
Total pot $18 | Rake $0.36
Board [Ah 8s 7s]
Seat 3: loessoe16 (button) (small blind) folded on the Flop
Seat 4: Actionni13 (big blind) collected ($17.64)


PokerStars Hand #160862522710:  Hold'em Limit ($3/$6 USD) - 2016/11/03 19:26:31 ET
Table 'Palamedes' 6-max Seat #4 is the button
Seat 3: loessoe16 ($110.76 in chips)
Seat 4: Actionni13 ($210.70 in chips)
Actionni13: posts small blind $1
loessoe16: posts big blind $3
*** HOLE CARDS ***
Actionni13: raises $3 to $6
loessoe16: calls $3
*** FLOP *** [2c 7h 3d]
loessoe16: bets $3
Actionni13: calls $3
*** TURN *** [2c 7h 3d] [Qd]
loessoe16: bets $6
Actionni13: raises $6 to $12
loessoe16: folds
Uncalled bet ($6) returned to Actionni13
loessoe16 leaves the table
Actionni13 collected $29.50 from pot
Actionni13: doesn't show hand
*** SUMMARY ***
Total pot $30 | Rake $0.50
Board [2c 7h 3d Qd]
Seat 3: loessoe16 (big blind) folded on the Turn
Seat 4: Actionni13 (button) (small blind) collected ($29.50)


