PokerStars Hand #155640582768:  Hold'em Limit ($3/$6 USD) - 2016/07/06 13:28:23 ET
Table 'Palala' 10-max Seat #5 is the button
Seat 5: LifeisagameX ($60 in chips)
Seat 6: lockwoodlad ($138 in chips)
LifeisagameX: posts small blind $1
lockwoodlad: posts big blind $3
*** HOLE CARDS ***
LifeisagameX: raises $3 to $6
lockwoodlad: calls $3
*** FLOP *** [Tc 4h As]
lockwoodlad: checks
LifeisagameX: bets $3
lockwoodlad: folds
Uncalled bet ($3) returned to LifeisagameX
LifeisagameX collected $11.76 from pot
LifeisagameX: doesn't show hand
*** SUMMARY ***
Total pot $12 | Rake $0.24
Board [Tc 4h As]
Seat 5: LifeisagameX (button) (small blind) collected ($11.76)
Seat 6: lockwoodlad (big blind) folded on the Flop


PokerStars Hand #155640594603:  Hold'em Limit ($3/$6 USD) - 2016/07/06 13:28:40 ET
Table 'Palala' 10-max Seat #6 is the button
Seat 5: LifeisagameX ($65.76 in chips)
Seat 6: lockwoodlad ($132 in chips)
lockwoodlad: posts small blind $1
LifeisagameX: posts big blind $3
*** HOLE CARDS ***
lockwoodlad: raises $3 to $6
LifeisagameX: calls $3
*** FLOP *** [Tc Js Kh]
LifeisagameX: checks
lockwoodlad: bets $3
LifeisagameX: calls $3
*** TURN *** [Tc Js Kh] [Qh]
LifeisagameX: checks
lockwoodlad: bets $6
LifeisagameX: calls $6
*** RIVER *** [Tc Js Kh Qh] [7s]
LifeisagameX: checks
lockwoodlad: bets $6
LifeisagameX: folds
Uncalled bet ($6) returned to lockwoodlad
lockwoodlad collected $29.50 from pot
lockwoodlad: doesn't show hand
*** SUMMARY ***
Total pot $30 | Rake $0.50
Board [Tc Js Kh Qh 7s]
Seat 5: LifeisagameX (big blind) folded on the River
Seat 6: lockwoodlad (button) (small blind) collected ($29.50)


PokerStars Hand #155640640743:  Hold'em Limit ($3/$6 USD) - 2016/07/06 13:29:48 ET
Table 'Palala' 10-max Seat #5 is the button
Seat 5: LifeisagameX ($50.76 in chips)
Seat 6: lockwoodlad ($146.50 in chips)
LifeisagameX: posts small blind $1
lockwoodlad: posts big blind $3
*** HOLE CARDS ***
LifeisagameX: raises $3 to $6
lockwoodlad: calls $3
*** FLOP *** [3s 4c 2c]
lockwoodlad: checks
LifeisagameX: checks
*** TURN *** [3s 4c 2c] [Ac]
lockwoodlad: bets $6
Chessnok joins the table at seat #7
LifeisagameX: folds
Uncalled bet ($6) returned to lockwoodlad
lockwoodlad collected $11.76 from pot
lockwoodlad: doesn't show hand
*** SUMMARY ***
Total pot $12 | Rake $0.24
Board [3s 4c 2c Ac]
Seat 5: LifeisagameX (button) (small blind) folded on the Turn
Seat 6: lockwoodlad (big blind) collected ($11.76)


PokerStars Hand #155640802172:  Hold'em Limit ($3/$6 USD) - 2016/07/06 13:33:39 ET
Table 'Palala' 10-max Seat #6 is the button
Seat 6: lockwoodlad ($217.13 in chips)
Seat 7: Chessnok ($74.52 in chips)
lockwoodlad: posts small blind $1
Chessnok: posts big blind $3
*** HOLE CARDS ***
lockwoodlad: raises $3 to $6
Chessnok: calls $3
*** FLOP *** [5c Tc 6d]
Chessnok: checks
lockwoodlad: bets $3
Chessnok: folds
Uncalled bet ($3) returned to lockwoodlad
lockwoodlad collected $11.76 from pot
lockwoodlad: doesn't show hand
*** SUMMARY ***
Total pot $12 | Rake $0.24
Board [5c Tc 6d]
Seat 6: lockwoodlad (button) (small blind) collected ($11.76)
Seat 7: Chessnok (big blind) folded on the Flop


PokerStars Hand #155640796943:  Hold'em Limit ($3/$6 USD) - 2016/07/06 13:33:32 ET
Table 'Palala' 10-max Seat #7 is the button
Seat 6: lockwoodlad ($220.13 in chips)
Seat 7: Chessnok ($71.52 in chips)
Chessnok: posts small blind $1
lockwoodlad: posts big blind $3
*** HOLE CARDS ***
Chessnok: raises $3 to $6
lockwoodlad: folds
Uncalled bet ($3) returned to Chessnok
Chessnok collected $6 from pot
Chessnok: doesn't show hand
*** SUMMARY ***
Total pot $6 | Rake $0
Seat 6: lockwoodlad (big blind) folded before Flop
Seat 7: Chessnok (button) (small blind) collected ($6)


PokerStars Hand #155640788493:  Hold'em Limit ($3/$6 USD) - 2016/07/06 13:33:19 ET
Table 'Palala' 10-max Seat #6 is the button
Seat 6: lockwoodlad ($232.13 in chips)
Seat 7: Chessnok ($60 in chips)
lockwoodlad: posts small blind $1
Chessnok: posts big blind $3
*** HOLE CARDS ***
lockwoodlad: raises $3 to $6
Chessnok: raises $3 to $9
lockwoodlad: calls $3
*** FLOP *** [9h 9d 8h]
Chessnok: bets $3
lockwoodlad: calls $3
*** TURN *** [9h 9d 8h] [Ac]
Chessnok: bets $6
lockwoodlad: folds
Uncalled bet ($6) returned to Chessnok
Chessnok collected $23.52 from pot
Chessnok: doesn't show hand
*** SUMMARY ***
Total pot $24 | Rake $0.48
Board [9h 9d 8h Ac]
Seat 6: lockwoodlad (button) (small blind) folded on the Turn
Seat 7: Chessnok (big blind) collected ($23.52)


PokerStars Hand #155640772531:  Hold'em Limit ($3/$6 USD) - 2016/07/06 13:32:56 ET
Table 'Palala' 10-max Seat #7 is the button
Seat 6: lockwoodlad ($211.63 in chips)
Seat 7: Chessnok ($76 in chips)
Chessnok: posts small blind $1
lockwoodlad: posts big blind $3
*** HOLE CARDS ***
Chessnok: raises $3 to $6
lockwoodlad: calls $3
*** FLOP *** [8s 8d 5c]
lockwoodlad: checks
Chessnok: bets $3
lockwoodlad: calls $3
*** TURN *** [8s 8d 5c] [Qs]
lockwoodlad: checks
Chessnok: bets $6
lockwoodlad: calls $6
*** RIVER *** [8s 8d 5c Qs] [7h]
lockwoodlad: checks
Chessnok: bets $6
lockwoodlad: calls $6
*** SHOW DOWN ***
Chessnok: shows [3c 6c] (a pair of Eights)
lockwoodlad: shows [7s Kd] (two pair, Eights and Sevens)
lockwoodlad collected $41.50 from pot
*** SUMMARY ***
Total pot $42 | Rake $0.50
Board [8s 8d 5c Qs 7h]
Seat 6: lockwoodlad (big blind) showed [7s Kd] and won ($41.50) with two pair, Eights and Sevens
Seat 7: Chessnok (button) (small blind) showed [3c 6c] and lost with a pair of Eights


PokerStars Hand #155640768125:  Hold'em Limit ($3/$6 USD) - 2016/07/06 13:32:49 ET
Table 'Palala' 10-max Seat #6 is the button
Seat 6: lockwoodlad ($212.63 in chips)
Seat 7: Chessnok ($75 in chips)
lockwoodlad: posts small blind $1
Chessnok: posts big blind $3
*** HOLE CARDS ***
lockwoodlad: folds
Uncalled bet ($2) returned to Chessnok
Chessnok collected $2 from pot
Chessnok: doesn't show hand
*** SUMMARY ***
Total pot $2 | Rake $0
Seat 6: lockwoodlad (button) (small blind) folded before Flop
Seat 7: Chessnok (big blind) collected ($2)


PokerStars Hand #155640825562:  Hold'em Limit ($3/$6 USD) - 2016/07/06 13:34:14 ET
Table 'Palala' 10-max Seat #6 is the button
Seat 6: lockwoodlad ($198.89 in chips)
Seat 7: Chessnok ($92.02 in chips)
lockwoodlad: posts small blind $1
Chessnok: posts big blind $3
*** HOLE CARDS ***
lockwoodlad: raises $3 to $6
Chessnok: raises $3 to $9
lockwoodlad: raises $3 to $12
Betting is capped
Chessnok: calls $3
*** FLOP *** [Ah 9s 5h]
Chessnok: checks
lockwoodlad: bets $3
Chessnok: calls $3
*** TURN *** [Ah 9s 5h] [2s]
Chessnok: checks
lockwoodlad: bets $6
Chessnok: calls $6
*** RIVER *** [Ah 9s 5h 2s] [7h]
Chessnok: checks
lockwoodlad: checks
*** SHOW DOWN ***
Chessnok: shows [Qh Qc] (a pair of Queens)
lockwoodlad: mucks hand
Chessnok collected $41.50 from pot
*** SUMMARY ***
Total pot $42 | Rake $0.50
Board [Ah 9s 5h 2s 7h]
Seat 6: lockwoodlad (button) (small blind) mucked
Seat 7: Chessnok (big blind) showed [Qh Qc] and won ($41.50) with a pair of Queens


PokerStars Hand #155640809538:  Hold'em Limit ($3/$6 USD) - 2016/07/06 13:33:50 ET
Table 'Palala' 10-max Seat #7 is the button
Seat 6: lockwoodlad ($222.89 in chips)
Seat 7: Chessnok ($68.52 in chips)
Chessnok: posts small blind $1
lockwoodlad: posts big blind $3
*** HOLE CARDS ***
Chessnok: raises $3 to $6
lockwoodlad: raises $3 to $9
Chessnok: calls $3
*** FLOP *** [2c 3d 6h]
lockwoodlad: checks
Chessnok: bets $3
lockwoodlad: calls $3
*** TURN *** [2c 3d 6h] [Jc]
lockwoodlad: checks
Chessnok: bets $6
lockwoodlad: calls $6
*** RIVER *** [2c 3d 6h Jc] [Jh]
lockwoodlad: checks
Chessnok: bets $6
lockwoodlad: calls $6
*** SHOW DOWN ***
Chessnok: shows [2h Jd] (a full house, Jacks full of Deuces)
lockwoodlad: mucks hand
Chessnok collected $47.50 from pot
*** SUMMARY ***
Total pot $48 | Rake $0.50
Board [2c 3d 6h Jc Jh]
Seat 6: lockwoodlad (big blind) mucked
Seat 7: Chessnok (button) (small blind) showed [2h Jd] and won ($47.50) with a full house, Jacks full of Deuces


PokerStars Hand #155640859087:  Hold'em Limit ($3/$6 USD) - 2016/07/06 13:35:03 ET
Table 'Palala' 10-max Seat #6 is the button
Seat 6: lockwoodlad ($198.39 in chips)
Seat 7: Chessnok ($91.52 in chips)
lockwoodlad: posts small blind $1
Chessnok: posts big blind $3
*** HOLE CARDS ***
lockwoodlad: raises $3 to $6
Chessnok: calls $3
*** FLOP *** [7d 5c 6h]
Chessnok: bets $3
lockwoodlad: calls $3
*** TURN *** [7d 5c 6h] [3s]
Chessnok: bets $6
lockwoodlad: raises $6 to $12
Chessnok: raises $6 to $18
lockwoodlad: folds
Uncalled bet ($6) returned to Chessnok
Chessnok collected $41.50 from pot
Chessnok: doesn't show hand
*** SUMMARY ***
Total pot $42 | Rake $0.50
Board [7d 5c 6h 3s]
Seat 6: lockwoodlad (button) (small blind) folded on the Turn
Seat 7: Chessnok (big blind) collected ($41.50)


PokerStars Hand #155640842616:  Hold'em Limit ($3/$6 USD) - 2016/07/06 13:34:39 ET
Table 'Palala' 10-max Seat #7 is the button
Seat 6: lockwoodlad ($177.89 in chips)
Seat 7: Chessnok ($112.52 in chips)
Chessnok: posts small blind $1
lockwoodlad: posts big blind $3
*** HOLE CARDS ***
Chessnok: raises $3 to $6
lockwoodlad: raises $3 to $9
Chessnok: calls $3
*** FLOP *** [4s 3h 5h]
lockwoodlad: checks
Chessnok: bets $3
lockwoodlad: raises $3 to $6
Chessnok: calls $3
*** TURN *** [4s 3h 5h] [4h]
lockwoodlad: checks
Chessnok: checks
*** RIVER *** [4s 3h 5h 4h] [Kh]
lockwoodlad: bets $6
Chessnok: calls $6
*** SHOW DOWN ***
lockwoodlad: shows [9s Ah] (a flush, Ace high)
Chessnok: mucks hand
lockwoodlad collected $41.50 from pot
*** SUMMARY ***
Total pot $42 | Rake $0.50
Board [4s 3h 5h 4h Kh]
Seat 6: lockwoodlad (big blind) showed [9s Ah] and won ($41.50) with a flush, Ace high
Seat 7: Chessnok (button) (small blind) mucked


PokerStars Hand #155640896666:  Hold'em Limit ($3/$6 USD) - 2016/07/06 13:35:58 ET
Table 'Palala' 10-max Seat #6 is the button
Seat 6: lockwoodlad ($200.89 in chips)
Seat 7: Chessnok ($88.02 in chips)
lockwoodlad: posts small blind $1
Chessnok: posts big blind $3
*** HOLE CARDS ***
lockwoodlad: raises $3 to $6
Chessnok: raises $3 to $9
lockwoodlad: calls $3
*** FLOP *** [2d 6s Qd]
Chessnok: bets $3
lockwoodlad: calls $3
*** TURN *** [2d 6s Qd] [Kd]
Chessnok: bets $6
lockwoodlad: raises $6 to $12
Chessnok: folds
Uncalled bet ($6) returned to lockwoodlad
lockwoodlad collected $35.50 from pot
lockwoodlad: doesn't show hand
*** SUMMARY ***
Total pot $36 | Rake $0.50
Board [2d 6s Qd Kd]
Seat 6: lockwoodlad (button) (small blind) collected ($35.50)
Seat 7: Chessnok (big blind) folded on the Turn


PokerStars Hand #155640873797:  Hold'em Limit ($3/$6 USD) - 2016/07/06 13:35:25 ET
Table 'Palala' 10-max Seat #7 is the button
Seat 6: lockwoodlad ($177.39 in chips)
Seat 7: Chessnok ($112.02 in chips)
Chessnok: posts small blind $1
lockwoodlad: posts big blind $3
*** HOLE CARDS ***
Chessnok: raises $3 to $6
lockwoodlad: calls $3
*** FLOP *** [4s Qh 5h]
lockwoodlad: checks
Chessnok: bets $3
lockwoodlad: raises $3 to $6
Chessnok: calls $3
*** TURN *** [4s Qh 5h] [9d]
lockwoodlad: checks
Chessnok: bets $6
lockwoodlad: raises $6 to $12
Chessnok: calls $6
*** RIVER *** [4s Qh 5h 9d] [Kh]
lockwoodlad: checks
Chessnok: checks
*** SHOW DOWN ***
lockwoodlad: shows [7s Qc] (a pair of Queens)
Chessnok: mucks hand
lockwoodlad collected $47.50 from pot
*** SUMMARY ***
Total pot $48 | Rake $0.50
Board [4s Qh 5h 9d Kh]
Seat 6: lockwoodlad (big blind) showed [7s Qc] and won ($47.50) with a pair of Queens
Seat 7: Chessnok (button) (small blind) mucked


PokerStars Hand #155640942084:  Hold'em Limit ($3/$6 USD) - 2016/07/06 13:37:04 ET
Table 'Palala' 10-max Seat #7 is the button
Seat 6: lockwoodlad ($223.89 in chips)
Seat 7: Chessnok ($68.64 in chips)
Chessnok: posts small blind $1
lockwoodlad: posts big blind $3
*** HOLE CARDS ***
Chessnok: raises $3 to $6
lockwoodlad: calls $3
*** FLOP *** [2c 9c Th]
lockwoodlad: checks
Chessnok: bets $3
lockwoodlad: raises $3 to $6
Chessnok: calls $3
*** TURN *** [2c 9c Th] [Ad]
lockwoodlad: checks
Chessnok: bets $6
lockwoodlad: calls $6
*** RIVER *** [2c 9c Th Ad] [Qc]
lockwoodlad: checks
Chessnok: bets $6
lockwoodlad: calls $6
*** SHOW DOWN ***
Chessnok: shows [Ts 2d] (two pair, Tens and Deuces)
lockwoodlad: mucks hand
Chessnok collected $47.50 from pot
*** SUMMARY ***
Total pot $48 | Rake $0.50
Board [2c 9c Th Ad Qc]
Seat 6: lockwoodlad (big blind) mucked
Seat 7: Chessnok (button) (small blind) showed [Ts 2d] and won ($47.50) with two pair, Tens and Deuces


PokerStars Hand #155640933340:  Hold'em Limit ($3/$6 USD) - 2016/07/06 13:36:52 ET
Table 'Palala' 10-max Seat #6 is the button
Seat 6: lockwoodlad ($232.89 in chips)
Seat 7: Chessnok ($60 in chips)
lockwoodlad: posts small blind $1
Chessnok: posts big blind $3
*** HOLE CARDS ***
lockwoodlad: raises $3 to $6
Chessnok: raises $3 to $9
lockwoodlad: calls $3
*** FLOP *** [6d Td Ad]
Chessnok: bets $3
lockwoodlad: folds
Uncalled bet ($3) returned to Chessnok
Chessnok collected $17.64 from pot
Chessnok: doesn't show hand
*** SUMMARY ***
Total pot $18 | Rake $0.36
Board [6d Td Ad]
Seat 6: lockwoodlad (button) (small blind) folded on the Flop
Seat 7: Chessnok (big blind) collected ($17.64)


PokerStars Hand #155640908866:  Hold'em Limit ($3/$6 USD) - 2016/07/06 13:36:16 ET
Table 'Palala' 10-max Seat #7 is the button
Seat 6: lockwoodlad ($218.39 in chips)
Seat 7: Chessnok ($70.02 in chips)
Chessnok: posts small blind $1
lockwoodlad: posts big blind $3
*** HOLE CARDS ***
Chessnok: raises $3 to $6
lockwoodlad: calls $3
*** FLOP *** [4d Ks 9d]
lockwoodlad: checks
Chessnok: bets $3
lockwoodlad: calls $3
*** TURN *** [4d Ks 9d] [8c]
lockwoodlad: checks
Chessnok: bets $6
lockwoodlad: calls $6
*** RIVER *** [4d Ks 9d 8c] [2c]
lockwoodlad: checks
Chessnok: checks
*** SHOW DOWN ***
lockwoodlad: shows [4h 6d] (a pair of Fours)
Chessnok: mucks hand
lockwoodlad collected $29.50 from pot
*** SUMMARY ***
Total pot $30 | Rake $0.50
Board [4d Ks 9d 8c 2c]
Seat 6: lockwoodlad (big blind) showed [4h 6d] and won ($29.50) with a pair of Fours
Seat 7: Chessnok (button) (small blind) mucked


PokerStars Hand #155640978287:  Hold'em Limit ($3/$6 USD) - 2016/07/06 13:37:57 ET
Table 'Palala' 10-max Seat #7 is the button
Seat 6: lockwoodlad ($214.39 in chips)
Seat 7: Chessnok ($77.14 in chips)
Chessnok: posts small blind $1
lockwoodlad: posts big blind $3
*** HOLE CARDS ***
Chessnok: raises $3 to $6
lockwoodlad: calls $3
*** FLOP *** [Ts 8h Th]
lockwoodlad: checks
Chessnok: bets $3
lockwoodlad: raises $3 to $6
Chessnok: calls $3
*** TURN *** [Ts 8h Th] [7c]
lockwoodlad: checks
Chessnok: bets $6
lockwoodlad: calls $6
*** RIVER *** [Ts 8h Th 7c] [7h]
lockwoodlad: checks
Chessnok: bets $6
lockwoodlad: calls $6
*** SHOW DOWN ***
Chessnok: shows [Kh Kd] (two pair, Kings and Tens)
lockwoodlad: shows [Qh 5h] (a flush, Queen high)
lockwoodlad collected $47.50 from pot
*** SUMMARY ***
Total pot $48 | Rake $0.50
Board [Ts 8h Th 7c 7h]
Seat 6: lockwoodlad (big blind) showed [Qh 5h] and won ($47.50) with a flush, Queen high
Seat 7: Chessnok (button) (small blind) showed [Kh Kd] and lost with two pair, Kings and Tens


PokerStars Hand #155640965684:  Hold'em Limit ($3/$6 USD) - 2016/07/06 13:37:39 ET
Table 'Palala' 10-max Seat #6 is the button
Seat 6: lockwoodlad ($199.89 in chips)
Seat 7: Chessnok ($92.14 in chips)
lockwoodlad: posts small blind $1
Chessnok: posts big blind $3
*** HOLE CARDS ***
lockwoodlad: raises $3 to $6
Chessnok: calls $3
*** FLOP *** [7d 9s Ac]
Chessnok: checks
lockwoodlad: bets $3
Chessnok: calls $3
*** TURN *** [7d 9s Ac] [4d]
Chessnok: checks
lockwoodlad: bets $6
Chessnok: calls $6
*** RIVER *** [7d 9s Ac 4d] [Jd]
Chessnok: checks
lockwoodlad: checks
*** SHOW DOWN ***
Chessnok: shows [2s Kd] (high card Ace)
lockwoodlad: shows [Kh 4c] (a pair of Fours)
lockwoodlad collected $29.50 from pot
*** SUMMARY ***
Total pot $30 | Rake $0.50
Board [7d 9s Ac 4d Jd]
Seat 6: lockwoodlad (button) (small blind) showed [Kh 4c] and won ($29.50) with a pair of Fours
Seat 7: Chessnok (big blind) showed [2s Kd] and lost with high card Ace


PokerStars Hand #155641031521:  Hold'em Limit ($3/$6 USD) - 2016/07/06 13:39:15 ET
Table 'Palala' 10-max Seat #7 is the button
Seat 6: lockwoodlad ($249.41 in chips)
Seat 7: Chessnok ($60 in chips)
Chessnok: posts small blind $1
lockwoodlad: posts big blind $3
*** HOLE CARDS ***
Chessnok: raises $3 to $6
lockwoodlad: calls $3
*** FLOP *** [4d 7s 4c]
lockwoodlad: checks
Chessnok: bets $3
lockwoodlad: folds
Uncalled bet ($3) returned to Chessnok
Chessnok collected $11.76 from pot
Chessnok: doesn't show hand
*** SUMMARY ***
Total pot $12 | Rake $0.24
Board [4d 7s 4c]
Seat 6: lockwoodlad (big blind) folded on the Flop
Seat 7: Chessnok (button) (small blind) collected ($11.76)


PokerStars Hand #155641002461:  Hold'em Limit ($3/$6 USD) - 2016/07/06 13:38:32 ET
Table 'Palala' 10-max Seat #6 is the button
Seat 6: lockwoodlad ($237.89 in chips)
Seat 7: Chessnok ($60 in chips)
lockwoodlad: posts small blind $1
Chessnok: posts big blind $3
*** HOLE CARDS ***
lockwoodlad: raises $3 to $6
Chessnok: calls $3
*** FLOP *** [9h Ah 5s]
Chessnok: checks
lockwoodlad: bets $3
Chessnok: raises $3 to $6
lockwoodlad: calls $3
*** TURN *** [9h Ah 5s] [9s]
Chessnok: checks
lockwoodlad: bets $6
Chessnok: folds
Uncalled bet ($6) returned to lockwoodlad
lockwoodlad collected $23.52 from pot
lockwoodlad: doesn't show hand
*** SUMMARY ***
Total pot $24 | Rake $0.48
Board [9h Ah 5s 9s]
Seat 6: lockwoodlad (button) (small blind) collected ($23.52)
Seat 7: Chessnok (big blind) folded on the Turn


PokerStars Hand #155641040944:  Hold'em Limit ($3/$6 USD) - 2016/07/06 13:39:29 ET
Table 'Palala' 10-max Seat #6 is the button
Seat 6: lockwoodlad ($243.41 in chips)
Seat 7: Chessnok ($65.76 in chips)
lockwoodlad: posts small blind $1
Chessnok: posts big blind $3
*** HOLE CARDS ***
lockwoodlad: raises $3 to $6
Chessnok: raises $3 to $9
lockwoodlad: calls $3
*** FLOP *** [4s 2c 4c]
Chessnok: checks
lockwoodlad: checks
*** TURN *** [4s 2c 4c] [Jd]
Chessnok: bets $6
lockwoodlad: calls $6
*** RIVER *** [4s 2c 4c Jd] [Ks]
Chessnok: bets $6
lockwoodlad: raises $6 to $12
Chessnok: folds
Uncalled bet ($6) returned to lockwoodlad
lockwoodlad collected $41.50 from pot
lockwoodlad: doesn't show hand
*** SUMMARY ***
Total pot $42 | Rake $0.50
Board [4s 2c 4c Jd Ks]
Seat 6: lockwoodlad (button) (small blind) collected ($41.50)
Seat 7: Chessnok (big blind) folded on the River


PokerStars Hand #155641085078:  Hold'em Limit ($3/$6 USD) - 2016/07/06 13:40:19 ET
Table 'Palala' 10-max Seat #7 is the button
Seat 6: lockwoodlad ($263.91 in chips)
Seat 7: Chessnok ($60 in chips)
Chessnok: posts small blind $1
lockwoodlad: posts big blind $3
*** HOLE CARDS ***
Chessnok: raises $3 to $6
lockwoodlad: calls $3
*** FLOP *** [3s 3h 9h]
lockwoodlad: checks
Chessnok: bets $3
lockwoodlad: raises $3 to $6
Chessnok: calls $3
*** TURN *** [3s 3h 9h] [Ks]
lockwoodlad: checks
Chessnok: bets $6
lockwoodlad: calls $6
*** RIVER *** [3s 3h 9h Ks] [Ac]
lockwoodlad: checks
Chessnok: bets $6
lockwoodlad: raises $6 to $12
Chessnok: calls $6
*** SHOW DOWN ***
lockwoodlad: shows [Ah 6h] (two pair, Aces and Threes)
Chessnok: mucks hand
lockwoodlad collected $59.50 from pot
*** SUMMARY ***
Total pot $60 | Rake $0.50
Board [3s 3h 9h Ks Ac]
Seat 6: lockwoodlad (big blind) showed [Ah 6h] and won ($59.50) with two pair, Aces and Threes
Seat 7: Chessnok (button) (small blind) mucked


PokerStars Hand #155641122475:  Hold'em Limit ($3/$6 USD) - 2016/07/06 13:41:14 ET
Table 'Palala' 10-max Seat #6 is the button
Seat 6: lockwoodlad ($293.41 in chips)
Seat 7: Chessnok ($60 in chips)
lockwoodlad: posts small blind $1
Chessnok: posts big blind $3
*** HOLE CARDS ***
lockwoodlad: raises $3 to $6
Chessnok: raises $3 to $9
lockwoodlad: calls $3
*** FLOP *** [2h 4s 3c]
Chessnok: bets $3
lockwoodlad: calls $3
*** TURN *** [2h 4s 3c] [9d]
Chessnok: bets $6
lockwoodlad: calls $6
*** RIVER *** [2h 4s 3c 9d] [3h]
Chessnok: checks
lockwoodlad: checks
*** SHOW DOWN ***
Chessnok: shows [Ks 8h] (a pair of Threes)
lockwoodlad: shows [As 7d] (a pair of Threes - Ace kicker)
lockwoodlad collected $35.50 from pot
*** SUMMARY ***
Total pot $36 | Rake $0.50
Board [2h 4s 3c 9d 3h]
Seat 6: lockwoodlad (button) (small blind) showed [As 7d] and won ($35.50) with a pair of Threes
Seat 7: Chessnok (big blind) showed [Ks 8h] and lost with a pair of Threes


PokerStars Hand #155641149511:  Hold'em Limit ($3/$6 USD) - 2016/07/06 13:41:53 ET
Table 'Palala' 10-max Seat #7 is the button
Seat 6: lockwoodlad ($310.91 in chips)
Seat 7: Chessnok ($60 in chips)
Chessnok: posts small blind $1
lockwoodlad: posts big blind $3
*** HOLE CARDS ***
Chessnok: raises $3 to $6
lockwoodlad: calls $3
*** FLOP *** [Ts Jd 5d]
lockwoodlad: checks
Chessnok: bets $3
lockwoodlad: raises $3 to $6
Chessnok: raises $3 to $9
lockwoodlad: calls $3
*** TURN *** [Ts Jd 5d] [Kh]
lockwoodlad: checks
Chessnok: bets $6
lockwoodlad: calls $6
*** RIVER *** [Ts Jd 5d Kh] [6h]
lockwoodlad: checks
Chessnok: bets $6
lockwoodlad: folds
Uncalled bet ($6) returned to Chessnok
Chessnok collected $41.50 from pot
Chessnok: doesn't show hand
*** SUMMARY ***
Total pot $42 | Rake $0.50
Board [Ts Jd 5d Kh 6h]
Seat 6: lockwoodlad (big blind) folded on the River
Seat 7: Chessnok (button) (small blind) collected ($41.50)


PokerStars Hand #155641175897:  Hold'em Limit ($3/$6 USD) - 2016/07/06 13:42:32 ET
Table 'Palala' 10-max Seat #6 is the button
Seat 6: lockwoodlad ($289.91 in chips)
Seat 7: Chessnok ($80.50 in chips)
lockwoodlad: posts small blind $1
Chessnok: posts big blind $3
*** HOLE CARDS ***
lockwoodlad: raises $3 to $6
Chessnok: calls $3
*** FLOP *** [Qh 8h 3c]
Chessnok: checks
lockwoodlad: bets $3
Chessnok: folds
Uncalled bet ($3) returned to lockwoodlad
lockwoodlad collected $11.76 from pot
lockwoodlad: doesn't show hand
*** SUMMARY ***
Total pot $12 | Rake $0.24
Board [Qh 8h 3c]
Seat 6: lockwoodlad (button) (small blind) collected ($11.76)
Seat 7: Chessnok (big blind) folded on the Flop


PokerStars Hand #155641211415:  Hold'em Limit ($3/$6 USD) - 2016/07/06 13:43:23 ET
Table 'Palala' 10-max Seat #6 is the button
Seat 6: lockwoodlad ($268.67 in chips)
Seat 7: Chessnok ($101 in chips)
lockwoodlad: posts small blind $1
Chessnok: posts big blind $3
*** HOLE CARDS ***
lockwoodlad: raises $3 to $6
Chessnok: folds
Uncalled bet ($3) returned to lockwoodlad
lockwoodlad collected $6 from pot
lockwoodlad: doesn't show hand
*** SUMMARY ***
Total pot $6 | Rake $0
Seat 6: lockwoodlad (button) (small blind) collected ($6)
Seat 7: Chessnok (big blind) folded before Flop


PokerStars Hand #155641185261:  Hold'em Limit ($3/$6 USD) - 2016/07/06 13:42:45 ET
Table 'Palala' 10-max Seat #7 is the button
Seat 6: lockwoodlad ($295.67 in chips)
Seat 7: Chessnok ($74.50 in chips)
Chessnok: posts small blind $1
lockwoodlad: posts big blind $3
*** HOLE CARDS ***
Chessnok: raises $3 to $6
lockwoodlad: calls $3
*** FLOP *** [Th 8d 5s]
lockwoodlad: checks
Chessnok: bets $3
lockwoodlad: calls $3
*** TURN *** [Th 8d 5s] [4h]
lockwoodlad: checks
Chessnok: bets $6
lockwoodlad: raises $6 to $12
Chessnok: calls $6
*** RIVER *** [Th 8d 5s 4h] [6d]
lockwoodlad: checks
Chessnok: bets $6
lockwoodlad: calls $6
*** SHOW DOWN ***
Chessnok: shows [Qs Qh] (a pair of Queens)
lockwoodlad: mucks hand
Chessnok collected $53.50 from pot
*** SUMMARY ***
Total pot $54 | Rake $0.50
Board [Th 8d 5s 4h 6d]
Seat 6: lockwoodlad (big blind) mucked
Seat 7: Chessnok (button) (small blind) showed [Qs Qh] and won ($53.50) with a pair of Queens


PokerStars Hand #155641215379:  Hold'em Limit ($3/$6 USD) - 2016/07/06 13:43:29 ET
Table 'Palala' 10-max Seat #7 is the button
Seat 6: lockwoodlad ($271.67 in chips)
Seat 7: Chessnok ($98 in chips)
Chessnok: posts small blind $1
lockwoodlad: posts big blind $3
*** HOLE CARDS ***
Chessnok: raises $3 to $6
lockwoodlad: calls $3
*** FLOP *** [8c 5s 3c]
lockwoodlad: checks
Chessnok: bets $3
lockwoodlad: raises $3 to $6
www.24.de joins the table at seat #4
Chessnok: calls $3
*** TURN *** [8c 5s 3c] [Kd]
lockwoodlad: bets $6
Chessnok: raises $6 to $12
lockwoodlad: calls $6
*** RIVER *** [8c 5s 3c Kd] [As]
lockwoodlad: checks
Chessnok: bets $6
lockwoodlad: calls $6
*** SHOW DOWN ***
Chessnok: shows [Kh 2s] (a pair of Kings)
lockwoodlad: mucks hand
Chessnok collected $59.50 from pot
*** SUMMARY ***
Total pot $60 | Rake $0.50
Board [8c 5s 3c Kd As]
Seat 6: lockwoodlad (big blind) mucked
Seat 7: Chessnok (button) (small blind) showed [Kh 2s] and won ($59.50) with a pair of Kings


PokerStars Hand #155641229345:  Hold'em Limit ($3/$6 USD) - 2016/07/06 13:43:49 ET
Table 'Palala' 10-max Seat #6 is the button
Seat 6: lockwoodlad ($241.67 in chips)
Seat 7: Chessnok ($127.50 in chips)
lockwoodlad: posts small blind $1
Chessnok: posts big blind $3
*** HOLE CARDS ***
lockwoodlad: raises $3 to $6
Chessnok: raises $3 to $9
lockwoodlad: calls $3
*** FLOP *** [Js 2c 7s]
Chessnok: bets $3
lockwoodlad: raises $3 to $6
Chessnok: calls $3
*** TURN *** [Js 2c 7s] [3h]
Chessnok: checks
lockwoodlad: bets $6
Chessnok: calls $6
*** RIVER *** [Js 2c 7s 3h] [2s]
Chessnok: checks
lockwoodlad: bets $6
Chessnok: folds
Uncalled bet ($6) returned to lockwoodlad
lockwoodlad collected $41.50 from pot
lockwoodlad: doesn't show hand
Ale4o joins the table at seat #5
*** SUMMARY ***
Total pot $42 | Rake $0.50
Board [Js 2c 7s 3h 2s]
Seat 6: lockwoodlad (button) (small blind) collected ($41.50)
Seat 7: Chessnok (big blind) folded on the River


PokerStars Hand #155641747977:  Hold'em Limit ($3/$6 USD) - 2016/07/06 13:56:34 ET
Table 'Palala' 10-max Seat #6 is the button
Seat 6: Valya98 ($179.28 in chips)
Seat 7: Chessnok ($133.08 in chips)
Valya98: posts small blind $1
Chessnok: posts big blind $3
*** HOLE CARDS ***
Valya98: folds
Uncalled bet ($2) returned to Chessnok
Chessnok collected $2 from pot
Chessnok: doesn't show hand
*** SUMMARY ***
Total pot $2 | Rake $0
Seat 6: Valya98 (button) (small blind) folded before Flop
Seat 7: Chessnok (big blind) collected ($2)


PokerStars Hand #155641740795:  Hold'em Limit ($3/$6 USD) - 2016/07/06 13:56:21 ET
Table 'Palala' 10-max Seat #7 is the button
Seat 6: Valya98 ($173.52 in chips)
Seat 7: Chessnok ($139.08 in chips)
Chessnok: posts small blind $1
vestimokrec: is sitting out
Ale4o: is sitting out
Valya98: posts big blind $3
*** HOLE CARDS ***
Chessnok: raises $3 to $6
Valya98: calls $3
*** FLOP *** [Ad 3h 8d]
vestimokrec leaves the table
Valya98: bets $3
Ale4o leaves the table
Chessnok: folds
Uncalled bet ($3) returned to Valya98
Valya98 collected $11.76 from pot
*** SUMMARY ***
Total pot $12 | Rake $0.24
Board [Ad 3h 8d]
Seat 6: Valya98 (big blind) collected ($11.76)
Seat 7: Chessnok (button) (small blind) folded on the Flop


