PokerStars Hand #145785167250:  Hold'em Limit ($3/$6 USD) - 2015/12/23 6:29:43 ET
Table 'Palala' 6-max Seat #3 is the button
Seat 3: @92gara42@ ($54.21 in chips)
Seat 4: TbIP-TbIP 88 ($72 in chips)
@92gara42@: posts small blind $1
TbIP-TbIP 88: posts big blind $3
*** HOLE CARDS ***
@92gara42@: raises $3 to $6
TbIP-TbIP 88: calls $3
*** FLOP *** [Kh Js Ts]
TbIP-TbIP 88: checks
@92gara42@: bets $3
TbIP-TbIP 88: calls $3
*** TURN *** [Kh Js Ts] [6s]
TbIP-TbIP 88: checks
@92gara42@: checks
*** RIVER *** [Kh Js Ts 6s] [Tc]
TbIP-TbIP 88: bets $6
@92gara42@: raises $6 to $12
TbIP-TbIP 88: calls $6
*** SHOW DOWN ***
@92gara42@: shows [As 8s] (a flush, Ace high)
TbIP-TbIP 88: mucks hand
@92gara42@ collected $41.50 from pot
*** SUMMARY ***
Total pot $42 | Rake $0.50
Board [Kh Js Ts 6s Tc]
Seat 3: @92gara42@ (button) (small blind) showed [As 8s] and won ($41.50) with a flush, Ace high
Seat 4: TbIP-TbIP 88 (big blind) mucked


PokerStars Hand #145785184537:  Hold'em Limit ($3/$6 USD) - 2015/12/23 6:30:11 ET
Table 'Palala' 6-max Seat #4 is the button
Seat 3: @92gara42@ ($74.71 in chips)
Seat 4: TbIP-TbIP 88 ($72 in chips)
TbIP-TbIP 88: posts small blind $1
@92gara42@: posts big blind $3
*** HOLE CARDS ***
TbIP-TbIP 88: raises $3 to $6
@92gara42@: raises $3 to $9
TbIP-TbIP 88: calls $3
*** FLOP *** [Ac Js 8d]
@92gara42@: bets $3
TbIP-TbIP 88: folds
Uncalled bet ($3) returned to @92gara42@
@92gara42@ collected $17.64 from pot
@92gara42@: doesn't show hand
*** SUMMARY ***
Total pot $18 | Rake $0.36
Board [Ac Js 8d]
Seat 3: @92gara42@ (big blind) collected ($17.64)
Seat 4: TbIP-TbIP 88 (button) (small blind) folded on the Flop


PokerStars Hand #145785192933:  Hold'em Limit ($3/$6 USD) - 2015/12/23 6:30:29 ET
Table 'Palala' 6-max Seat #3 is the button
Seat 3: @92gara42@ ($83.35 in chips)
Seat 4: TbIP-TbIP 88 ($72 in chips)
@92gara42@: posts small blind $1
TbIP-TbIP 88: posts big blind $3
*** HOLE CARDS ***
@92gara42@: calls $2
TbIP-TbIP 88: checks
*** FLOP *** [9s As Ah]
TbIP-TbIP 88: checks
@92gara42@: checks
*** TURN *** [9s As Ah] [4c]
TbIP-TbIP 88: bets $6
@92gara42@: folds
Uncalled bet ($6) returned to TbIP-TbIP 88
TbIP-TbIP 88 collected $5.88 from pot
TbIP-TbIP 88: doesn't show hand
*** SUMMARY ***
Total pot $6 | Rake $0.12
Board [9s As Ah 4c]
Seat 3: @92gara42@ (button) (small blind) folded on the Turn
Seat 4: TbIP-TbIP 88 (big blind) collected ($5.88)


PokerStars Hand #145785199307:  Hold'em Limit ($3/$6 USD) - 2015/12/23 6:30:42 ET
Table 'Palala' 6-max Seat #4 is the button
Seat 3: @92gara42@ ($80.35 in chips)
Seat 4: TbIP-TbIP 88 ($74.88 in chips)
TbIP-TbIP 88: posts small blind $1
@92gara42@: posts big blind $3
*** HOLE CARDS ***
TbIP-TbIP 88: raises $3 to $6
@92gara42@: folds
Uncalled bet ($3) returned to TbIP-TbIP 88
TbIP-TbIP 88 collected $6 from pot
TbIP-TbIP 88: doesn't show hand
@92gara42@ leaves the table
*** SUMMARY ***
Total pot $6 | Rake $0
Seat 3: @92gara42@ (big blind) folded before Flop
Seat 4: TbIP-TbIP 88 (button) (small blind) collected ($6)


