PokerStars Hand #160865137182:  Hold'em Limit ($3/$6 USD) - 2016/11/03 20:31:41 ET
Table 'Palamedes' 6-max Seat #5 is the button
Seat 3: ToDaFelt ($137.39 in chips)
Seat 5: too2ez ($70.27 in chips)
too2ez: posts small blind $1
GrumpyGonzo: is sitting out
ToDaFelt: posts big blind $3
*** HOLE CARDS ***
too2ez: raises $3 to $6
ToDaFelt: calls $3
*** FLOP *** [5c 9c Ts]
ToDaFelt: checks
too2ez: bets $3
GrumpyGonzo leaves the table
ToDaFelt: raises $3 to $6
too2ez: calls $3
*** TURN *** [5c 9c Ts] [4d]
ToDaFelt: bets $6
too2ez: folds
Uncalled bet ($6) returned to ToDaFelt
ToDaFelt collected $23.52 from pot
ToDaFelt: doesn't show hand
*** SUMMARY ***
Total pot $24 | Rake $0.48
Board [5c 9c Ts 4d]
Seat 3: ToDaFelt (big blind) collected ($23.52)
Seat 5: too2ez (button) (small blind) folded on the Turn


PokerStars Hand #160865193230:  Hold'em Limit ($3/$6 USD) - 2016/11/03 20:33:05 ET
Table 'Palamedes' 6-max Seat #5 is the button
Seat 3: ToDaFelt ($121.91 in chips)
Seat 5: too2ez ($84.53 in chips)
too2ez: posts small blind $1
ToDaFelt: posts big blind $3
*** HOLE CARDS ***
too2ez: raises $3 to $6
ToDaFelt: raises $3 to $9
too2ez: calls $3
*** FLOP *** [Js Kc Qc]
ToDaFelt: bets $3
too2ez: calls $3
*** TURN *** [Js Kc Qc] [Tc]
ToDaFelt: bets $6
too2ez: calls $6
*** RIVER *** [Js Kc Qc Tc] [9s]
ToDaFelt: bets $6
too2ez: calls $6
*** SHOW DOWN ***
ToDaFelt: shows [Qd Ts] (a straight, Nine to King)
too2ez: shows [Th 8s] (a straight, Nine to King)
ToDaFelt collected $23.75 from pot
too2ez collected $23.75 from pot
*** SUMMARY ***
Total pot $48 | Rake $0.50
Board [Js Kc Qc Tc 9s]
Seat 3: ToDaFelt (big blind) showed [Qd Ts] and won ($23.75) with a straight, Nine to King
Seat 5: too2ez (button) (small blind) showed [Th 8s] and won ($23.75) with a straight, Nine to King


PokerStars Hand #160865188996:  Hold'em Limit ($3/$6 USD) - 2016/11/03 20:32:58 ET
Table 'Palamedes' 6-max Seat #3 is the button
Seat 3: ToDaFelt ($118.91 in chips)
Seat 5: too2ez ($87.53 in chips)
ToDaFelt: posts small blind $1
too2ez: posts big blind $3
*** HOLE CARDS ***
ToDaFelt: raises $3 to $6
too2ez: folds
Uncalled bet ($3) returned to ToDaFelt
ToDaFelt collected $6 from pot
ToDaFelt: doesn't show hand
*** SUMMARY ***
Total pot $6 | Rake $0
Seat 3: ToDaFelt (button) (small blind) collected ($6)
Seat 5: too2ez (big blind) folded before Flop


PokerStars Hand #160865178841:  Hold'em Limit ($3/$6 USD) - 2016/11/03 20:32:41 ET
Table 'Palamedes' 6-max Seat #5 is the button
Seat 3: ToDaFelt ($124.91 in chips)
Seat 5: too2ez ($81.77 in chips)
too2ez: posts small blind $1
ToDaFelt: posts big blind $3
*** HOLE CARDS ***
too2ez: raises $3 to $6
ToDaFelt: calls $3
*** FLOP *** [2h Ac Qd]
ToDaFelt: checks
too2ez: checks
*** TURN *** [2h Ac Qd] [2c]
ToDaFelt: checks
too2ez: bets $6
ToDaFelt: folds
Uncalled bet ($6) returned to too2ez
too2ez collected $11.76 from pot
too2ez: doesn't show hand
*** SUMMARY ***
Total pot $12 | Rake $0.24
Board [2h Ac Qd 2c]
Seat 3: ToDaFelt (big blind) folded on the Turn
Seat 5: too2ez (button) (small blind) collected ($11.76)


PokerStars Hand #160865153539:  Hold'em Limit ($3/$6 USD) - 2016/11/03 20:32:08 ET
Table 'Palamedes' 6-max Seat #3 is the button
Seat 3: ToDaFelt ($148.91 in chips)
Seat 5: too2ez ($58.27 in chips)
ToDaFelt: posts small blind $1
too2ez: posts big blind $3
*** HOLE CARDS ***
ToDaFelt: raises $3 to $6
too2ez: raises $3 to $9
ToDaFelt: calls $3
*** FLOP *** [Ah 4d 3s]
too2ez: bets $3
ToDaFelt: calls $3
*** TURN *** [Ah 4d 3s] [7h]
too2ez: bets $6
ToDaFelt: calls $6
*** RIVER *** [Ah 4d 3s 7h] [Ts]
too2ez: bets $6
ToDaFelt: calls $6
*** SHOW DOWN ***
too2ez: shows [Td 9d] (a pair of Tens)
ToDaFelt: mucks hand
too2ez collected $47.50 from pot
*** SUMMARY ***
Total pot $48 | Rake $0.50
Board [Ah 4d 3s 7h Ts]
Seat 3: ToDaFelt (button) (small blind) mucked
Seat 5: too2ez (big blind) showed [Td 9d] and won ($47.50) with a pair of Tens


PokerStars Hand #160865213143:  Hold'em Limit ($3/$6 USD) - 2016/11/03 20:33:39 ET
Table 'Palamedes' 6-max Seat #5 is the button
Seat 3: ToDaFelt ($120.66 in chips)
Seat 5: too2ez ($85.28 in chips)
too2ez: posts small blind $1
ToDaFelt: posts big blind $3
*** HOLE CARDS ***
too2ez: raises $3 to $6
ToDaFelt: calls $3
*** FLOP *** [5c 5h Tc]
ToDaFelt: checks
too2ez: bets $3
ToDaFelt: raises $3 to $6
too2ez: calls $3
*** TURN *** [5c 5h Tc] [5s]
ToDaFelt: bets $6
too2ez: calls $6
*** RIVER *** [5c 5h Tc 5s] [2s]
ToDaFelt: bets $6
too2ez: calls $6
*** SHOW DOWN ***
ToDaFelt: shows [4d Ts] (a full house, Fives full of Tens)
too2ez: mucks hand
ToDaFelt collected $47.50 from pot
*** SUMMARY ***
Total pot $48 | Rake $0.50
Board [5c 5h Tc 5s 2s]
Seat 3: ToDaFelt (big blind) showed [4d Ts] and won ($47.50) with a full house, Fives full of Tens
Seat 5: too2ez (button) (small blind) mucked


PokerStars Hand #160865207738:  Hold'em Limit ($3/$6 USD) - 2016/11/03 20:33:30 ET
Table 'Palamedes' 6-max Seat #3 is the button
Seat 3: ToDaFelt ($121.66 in chips)
Seat 5: too2ez ($84.28 in chips)
ToDaFelt: posts small blind $1
too2ez: posts big blind $3
*** HOLE CARDS ***
ToDaFelt: folds
Uncalled bet ($2) returned to too2ez
too2ez collected $2 from pot
too2ez: doesn't show hand
*** SUMMARY ***
Total pot $2 | Rake $0
Seat 3: ToDaFelt (button) (small blind) folded before Flop
Seat 5: too2ez (big blind) collected ($2)


PokerStars Hand #160865261837:  Hold'em Limit ($3/$6 USD) - 2016/11/03 20:35:01 ET
Table 'Palamedes' 6-max Seat #5 is the button
Seat 3: ToDaFelt ($120.16 in chips)
Seat 5: too2ez ($84.78 in chips)
too2ez: posts small blind $1
ToDaFelt: posts big blind $3
*** HOLE CARDS ***
too2ez: folds
Uncalled bet ($2) returned to ToDaFelt
ToDaFelt collected $2 from pot
ToDaFelt: doesn't show hand
*** SUMMARY ***
Total pot $2 | Rake $0
Seat 3: ToDaFelt (big blind) collected ($2)
Seat 5: too2ez (button) (small blind) folded before Flop


PokerStars Hand #160865256658:  Hold'em Limit ($3/$6 USD) - 2016/11/03 20:34:53 ET
Table 'Palamedes' 6-max Seat #3 is the button
Seat 3: ToDaFelt ($121.16 in chips)
Seat 5: too2ez ($83.78 in chips)
ToDaFelt: posts small blind $1
too2ez: posts big blind $3
*** HOLE CARDS ***
ToDaFelt: folds
Uncalled bet ($2) returned to too2ez
too2ez collected $2 from pot
too2ez: doesn't show hand
*** SUMMARY ***
Total pot $2 | Rake $0
Seat 3: ToDaFelt (button) (small blind) folded before Flop
Seat 5: too2ez (big blind) collected ($2)


PokerStars Hand #160865249985:  Hold'em Limit ($3/$6 USD) - 2016/11/03 20:34:41 ET
Table 'Palamedes' 6-max Seat #5 is the button
Seat 3: ToDaFelt ($120.16 in chips)
Seat 5: too2ez ($84.78 in chips)
too2ez: posts small blind $1
ToDaFelt: posts big blind $3
*** HOLE CARDS ***
too2ez: folds
Uncalled bet ($2) returned to ToDaFelt
ToDaFelt collected $2 from pot
ToDaFelt: doesn't show hand
*** SUMMARY ***
Total pot $2 | Rake $0
Seat 3: ToDaFelt (big blind) collected ($2)
Seat 5: too2ez (button) (small blind) folded before Flop


PokerStars Hand #160865234646:  Hold'em Limit ($3/$6 USD) - 2016/11/03 20:34:15 ET
Table 'Palamedes' 6-max Seat #3 is the button
Seat 3: ToDaFelt ($144.16 in chips)
Seat 5: too2ez ($61.28 in chips)
ToDaFelt: posts small blind $1
too2ez: posts big blind $3
*** HOLE CARDS ***
ToDaFelt: raises $3 to $6
too2ez: raises $3 to $9
ToDaFelt: calls $3
*** FLOP *** [2s 6d Ah]
too2ez: bets $3
ToDaFelt: calls $3
*** TURN *** [2s 6d Ah] [7d]
too2ez: bets $6
ToDaFelt: calls $6
*** RIVER *** [2s 6d Ah 7d] [Kh]
too2ez: bets $6
ToDaFelt: calls $6
*** SHOW DOWN ***
too2ez: shows [Td Ks] (a pair of Kings)
ToDaFelt: mucks hand
too2ez collected $47.50 from pot
*** SUMMARY ***
Total pot $48 | Rake $0.50
Board [2s 6d Ah 7d Kh]
Seat 3: ToDaFelt (button) (small blind) mucked
Seat 5: too2ez (big blind) showed [Td Ks] and won ($47.50) with a pair of Kings


PokerStars Hand #160865287339:  Hold'em Limit ($3/$6 USD) - 2016/11/03 20:35:44 ET
Table 'Palamedes' 6-max Seat #3 is the button
Seat 3: ToDaFelt ($145.66 in chips)
Seat 5: too2ez ($58.78 in chips)
ToDaFelt: posts small blind $1
too2ez: posts big blind $3
*** HOLE CARDS ***
ToDaFelt: raises $3 to $6
too2ez: raises $3 to $9
ToDaFelt: calls $3
*** FLOP *** [Jd Ac 4h]
too2ez: checks
ToDaFelt: bets $3
too2ez: calls $3
*** TURN *** [Jd Ac 4h] [Ks]
too2ez: checks
ToDaFelt: checks
*** RIVER *** [Jd Ac 4h Ks] [9c]
too2ez: bets $6
ToDaFelt: raises $6 to $12
too2ez: calls $6
*** SHOW DOWN ***
ToDaFelt: shows [9s Jh] (two pair, Jacks and Nines)
too2ez: shows [Kh Jc] (two pair, Kings and Jacks)
too2ez collected $47.50 from pot
*** SUMMARY ***
Total pot $48 | Rake $0.50
Board [Jd Ac 4h Ks 9c]
Seat 3: ToDaFelt (button) (small blind) showed [9s Jh] and lost with two pair, Jacks and Nines
Seat 5: too2ez (big blind) showed [Kh Jc] and won ($47.50) with two pair, Kings and Jacks


PokerStars Hand #160865284347:  Hold'em Limit ($3/$6 USD) - 2016/11/03 20:35:39 ET
Table 'Palamedes' 6-max Seat #5 is the button
Seat 3: ToDaFelt ($144.66 in chips)
Seat 5: too2ez ($59.78 in chips)
too2ez: posts small blind $1
ToDaFelt: posts big blind $3
*** HOLE CARDS ***
too2ez: folds
Uncalled bet ($2) returned to ToDaFelt
ToDaFelt collected $2 from pot
ToDaFelt: doesn't show hand
*** SUMMARY ***
Total pot $2 | Rake $0
Seat 3: ToDaFelt (big blind) collected ($2)
Seat 5: too2ez (button) (small blind) folded before Flop


PokerStars Hand #160865264965:  Hold'em Limit ($3/$6 USD) - 2016/11/03 20:35:06 ET
Table 'Palamedes' 6-max Seat #3 is the button
Seat 3: ToDaFelt ($121.16 in chips)
Seat 5: too2ez ($83.78 in chips)
ToDaFelt: posts small blind $1
too2ez: posts big blind $3
*** HOLE CARDS ***
ToDaFelt: raises $3 to $6
too2ez: raises $3 to $9
ToDaFelt: calls $3
*** FLOP *** [Ks Th 4c]
too2ez: bets $3
ToDaFelt: calls $3
*** TURN *** [Ks Th 4c] [9c]
too2ez: checks
ToDaFelt: bets $6
too2ez: calls $6
*** RIVER *** [Ks Th 4c 9c] [3d]
too2ez: checks
ToDaFelt: bets $6
too2ez: calls $6
*** SHOW DOWN ***
ToDaFelt: shows [Kc Ad] (a pair of Kings)
too2ez: mucks hand
ToDaFelt collected $47.50 from pot
*** SUMMARY ***
Total pot $48 | Rake $0.50
Board [Ks Th 4c 9c 3d]
Seat 3: ToDaFelt (button) (small blind) showed [Kc Ad] and won ($47.50) with a pair of Kings
Seat 5: too2ez (big blind) mucked


PokerStars Hand #160865320849:  Hold'em Limit ($3/$6 USD) - 2016/11/03 20:36:41 ET
Table 'Palamedes' 6-max Seat #5 is the button
Seat 3: ToDaFelt ($105.66 in chips)
Seat 5: too2ez ($97.78 in chips)
too2ez: posts small blind $1
ToDaFelt: posts big blind $3
*** HOLE CARDS ***
too2ez: raises $3 to $6
ToDaFelt: calls $3
*** FLOP *** [Jd 4d 5d]
ToDaFelt: checks
too2ez: bets $3
ToDaFelt: calls $3
*** TURN *** [Jd 4d 5d] [Th]
ToDaFelt: checks
too2ez: checks
*** RIVER *** [Jd 4d 5d Th] [6d]
ToDaFelt: bets $6
too2ez: raises $6 to $12
ToDaFelt: calls $6
*** SHOW DOWN ***
too2ez: shows [2s Ad] (a flush, Ace high)
ToDaFelt: mucks hand
too2ez collected $41.50 from pot
*** SUMMARY ***
Total pot $42 | Rake $0.50
Board [Jd 4d 5d Th 6d]
Seat 3: ToDaFelt (big blind) mucked
Seat 5: too2ez (button) (small blind) showed [2s Ad] and won ($41.50) with a flush, Ace high


PokerStars Hand #160865317917:  Hold'em Limit ($3/$6 USD) - 2016/11/03 20:36:36 ET
Table 'Palamedes' 6-max Seat #3 is the button
Seat 3: ToDaFelt ($106.66 in chips)
Seat 5: too2ez ($96.78 in chips)
ToDaFelt: posts small blind $1
too2ez: posts big blind $3
*** HOLE CARDS ***
ToDaFelt: folds
Uncalled bet ($2) returned to too2ez
too2ez collected $2 from pot
too2ez: doesn't show hand
*** SUMMARY ***
Total pot $2 | Rake $0
Seat 3: ToDaFelt (button) (small blind) folded before Flop
Seat 5: too2ez (big blind) collected ($2)


PokerStars Hand #160865300865:  Hold'em Limit ($3/$6 USD) - 2016/11/03 20:36:07 ET
Table 'Palamedes' 6-max Seat #5 is the button
Seat 3: ToDaFelt ($121.66 in chips)
Seat 5: too2ez ($82.28 in chips)
too2ez: posts small blind $1
ToDaFelt: posts big blind $3
*** HOLE CARDS ***
too2ez: raises $3 to $6
ToDaFelt: raises $3 to $9
too2ez: raises $3 to $12
Betting is capped
ToDaFelt: calls $3
*** FLOP *** [2s 4c 6d]
ToDaFelt: checks
too2ez: bets $3
ToDaFelt: calls $3
*** TURN *** [2s 4c 6d] [8c]
ToDaFelt: checks
too2ez: bets $6
ToDaFelt: folds
Uncalled bet ($6) returned to too2ez
too2ez collected $29.50 from pot
too2ez: doesn't show hand
*** SUMMARY ***
Total pot $30 | Rake $0.50
Board [2s 4c 6d 8c]
Seat 3: ToDaFelt (big blind) folded on the Turn
Seat 5: too2ez (button) (small blind) collected ($29.50)


PokerStars Hand #160865353412:  Hold'em Limit ($3/$6 USD) - 2016/11/03 20:37:37 ET
Table 'Palamedes' 6-max Seat #5 is the button
Seat 3: ToDaFelt ($75.66 in chips)
Seat 5: too2ez ($126.92 in chips)
too2ez: posts small blind $1
ToDaFelt: posts big blind $3
*** HOLE CARDS ***
too2ez: folds
Uncalled bet ($2) returned to ToDaFelt
ToDaFelt collected $2 from pot
ToDaFelt: doesn't show hand
*** SUMMARY ***
Total pot $2 | Rake $0
Seat 3: ToDaFelt (big blind) collected ($2)
Seat 5: too2ez (button) (small blind) folded before Flop


PokerStars Hand #160865339211:  Hold'em Limit ($3/$6 USD) - 2016/11/03 20:37:13 ET
Table 'Palamedes' 6-max Seat #3 is the button
Seat 3: ToDaFelt ($84.66 in chips)
Seat 5: too2ez ($118.28 in chips)
ToDaFelt: posts small blind $1
too2ez: posts big blind $3
*** HOLE CARDS ***
ToDaFelt: raises $3 to $6
too2ez: raises $3 to $9
ToDaFelt: calls $3
*** FLOP *** [Ks Tc 2s]
too2ez: bets $3
ToDaFelt: folds
Uncalled bet ($3) returned to too2ez
too2ez collected $17.64 from pot
too2ez: doesn't show hand
*** SUMMARY ***
Total pot $18 | Rake $0.36
Board [Ks Tc 2s]
Seat 3: ToDaFelt (button) (small blind) folded on the Flop
Seat 5: too2ez (big blind) collected ($17.64)


PokerStars Hand #160865356414:  Hold'em Limit ($3/$6 USD) - 2016/11/03 20:37:42 ET
Table 'Palamedes' 6-max Seat #3 is the button
Seat 3: ToDaFelt ($76.66 in chips)
Seat 5: too2ez ($125.92 in chips)
ToDaFelt: posts small blind $1
too2ez: posts big blind $3
*** HOLE CARDS ***
ToDaFelt: folds
Uncalled bet ($2) returned to too2ez
too2ez collected $2 from pot
too2ez: doesn't show hand
*** SUMMARY ***
Total pot $2 | Rake $0
Seat 3: ToDaFelt (button) (small blind) folded before Flop
Seat 5: too2ez (big blind) collected ($2)


PokerStars Hand #160865359490:  Hold'em Limit ($3/$6 USD) - 2016/11/03 20:37:47 ET
Table 'Palamedes' 6-max Seat #5 is the button
Seat 3: ToDaFelt ($75.66 in chips)
Seat 5: too2ez ($126.92 in chips)
too2ez: posts small blind $1
ToDaFelt: posts big blind $3
*** HOLE CARDS ***
too2ez: raises $3 to $6
ToDaFelt: calls $3
*** FLOP *** [Th Ah 3d]
ToDaFelt: checks
too2ez: bets $3
ToDaFelt: raises $3 to $6
too2ez: calls $3
*** TURN *** [Th Ah 3d] [8d]
ToDaFelt: bets $6
too2ez: folds
Uncalled bet ($6) returned to ToDaFelt
ToDaFelt collected $23.52 from pot
ToDaFelt: doesn't show hand
*** SUMMARY ***
Total pot $24 | Rake $0.48
Board [Th Ah 3d 8d]
Seat 3: ToDaFelt (big blind) collected ($23.52)
Seat 5: too2ez (button) (small blind) folded on the Turn


PokerStars Hand #160865371349:  Hold'em Limit ($3/$6 USD) - 2016/11/03 20:38:08 ET
Table 'Palamedes' 6-max Seat #3 is the button
Seat 3: ToDaFelt ($87.18 in chips)
Seat 5: too2ez ($114.92 in chips)
ToDaFelt: posts small blind $1
too2ez: posts big blind $3
*** HOLE CARDS ***
ToDaFelt: folds
Uncalled bet ($2) returned to too2ez
too2ez collected $2 from pot
too2ez: doesn't show hand
*** SUMMARY ***
Total pot $2 | Rake $0
Seat 3: ToDaFelt (button) (small blind) folded before Flop
Seat 5: too2ez (big blind) collected ($2)


PokerStars Hand #160865389787:  Hold'em Limit ($3/$6 USD) - 2016/11/03 20:38:40 ET
Table 'Palamedes' 6-max Seat #3 is the button
Seat 3: ToDaFelt ($109.68 in chips)
Seat 5: too2ez ($91.92 in chips)
ToDaFelt: posts small blind $1
too2ez: posts big blind $3
*** HOLE CARDS ***
ToDaFelt: folds
Uncalled bet ($2) returned to too2ez
too2ez collected $2 from pot
too2ez: doesn't show hand
*** SUMMARY ***
Total pot $2 | Rake $0
Seat 3: ToDaFelt (button) (small blind) folded before Flop
Seat 5: too2ez (big blind) collected ($2)


PokerStars Hand #160865377267:  Hold'em Limit ($3/$6 USD) - 2016/11/03 20:38:18 ET
Table 'Palamedes' 6-max Seat #5 is the button
Seat 3: ToDaFelt ($86.18 in chips)
Seat 5: too2ez ($115.92 in chips)
too2ez: posts small blind $1
ToDaFelt: posts big blind $3
*** HOLE CARDS ***
too2ez: raises $3 to $6
ToDaFelt: calls $3
*** FLOP *** [Ad 5c Ac]
ToDaFelt: checks
too2ez: bets $3
ToDaFelt: raises $3 to $6
too2ez: calls $3
*** TURN *** [Ad 5c Ac] [7s]
ToDaFelt: bets $6
too2ez: calls $6
*** RIVER *** [Ad 5c Ac 7s] [9c]
ToDaFelt: bets $6
too2ez: calls $6
*** SHOW DOWN ***
ToDaFelt: shows [Jc 5d] (two pair, Aces and Fives)
too2ez: mucks hand
ToDaFelt collected $47.50 from pot
*** SUMMARY ***
Total pot $48 | Rake $0.50
Board [Ad 5c Ac 7s 9c]
Seat 3: ToDaFelt (big blind) showed [Jc 5d] and won ($47.50) with two pair, Aces and Fives
Seat 5: too2ez (button) (small blind) mucked


PokerStars Hand #160865392704:  Hold'em Limit ($3/$6 USD) - 2016/11/03 20:38:45 ET
Table 'Palamedes' 6-max Seat #5 is the button
Seat 3: ToDaFelt ($108.68 in chips)
Seat 5: too2ez ($92.92 in chips)
too2ez: posts small blind $1
ToDaFelt: posts big blind $3
*** HOLE CARDS ***
too2ez: raises $3 to $6
ToDaFelt: folds
Uncalled bet ($3) returned to too2ez
too2ez collected $6 from pot
too2ez: doesn't show hand
*** SUMMARY ***
Total pot $6 | Rake $0
Seat 3: ToDaFelt (big blind) folded before Flop
Seat 5: too2ez (button) (small blind) collected ($6)


PokerStars Hand #160865405582:  Hold'em Limit ($3/$6 USD) - 2016/11/03 20:39:07 ET
Table 'Palamedes' 6-max Seat #5 is the button
Seat 3: ToDaFelt ($111.44 in chips)
Seat 5: too2ez ($89.92 in chips)
too2ez: posts small blind $1
ToDaFelt: posts big blind $3
*** HOLE CARDS ***
too2ez: folds
Uncalled bet ($2) returned to ToDaFelt
ToDaFelt collected $2 from pot
ToDaFelt: doesn't show hand
*** SUMMARY ***
Total pot $2 | Rake $0
Seat 3: ToDaFelt (big blind) collected ($2)
Seat 5: too2ez (button) (small blind) folded before Flop


PokerStars Hand #160865396703:  Hold'em Limit ($3/$6 USD) - 2016/11/03 20:38:52 ET
Table 'Palamedes' 6-max Seat #3 is the button
Seat 3: ToDaFelt ($105.68 in chips)
Seat 5: too2ez ($95.92 in chips)
ToDaFelt: posts small blind $1
too2ez: posts big blind $3
*** HOLE CARDS ***
ToDaFelt: raises $3 to $6
too2ez: calls $3
*** FLOP *** [6d As 2h]
too2ez: checks
ToDaFelt: bets $3
too2ez: folds
Uncalled bet ($3) returned to ToDaFelt
ToDaFelt collected $11.76 from pot
ToDaFelt: doesn't show hand
*** SUMMARY ***
Total pot $12 | Rake $0.24
Board [6d As 2h]
Seat 3: ToDaFelt (button) (small blind) collected ($11.76)
Seat 5: too2ez (big blind) folded on the Flop


PokerStars Hand #160865409110:  Hold'em Limit ($3/$6 USD) - 2016/11/03 20:39:13 ET
Table 'Palamedes' 6-max Seat #3 is the button
Seat 3: ToDaFelt ($112.44 in chips)
Seat 5: too2ez ($88.92 in chips)
ToDaFelt: posts small blind $1
too2ez: posts big blind $3
*** HOLE CARDS ***
ToDaFelt: raises $3 to $6
too2ez: calls $3
*** FLOP *** [Ac 2h Ad]
too2ez: checks
ToDaFelt: bets $3
too2ez: folds
Uncalled bet ($3) returned to ToDaFelt
ToDaFelt collected $11.76 from pot
ToDaFelt: doesn't show hand
*** SUMMARY ***
Total pot $12 | Rake $0.24
Board [Ac 2h Ad]
Seat 3: ToDaFelt (button) (small blind) collected ($11.76)
Seat 5: too2ez (big blind) folded on the Flop


PokerStars Hand #160865415120:  Hold'em Limit ($3/$6 USD) - 2016/11/03 20:39:23 ET
Table 'Palamedes' 6-max Seat #5 is the button
Seat 3: ToDaFelt ($118.20 in chips)
Seat 5: too2ez ($82.92 in chips)
too2ez: posts small blind $1
ToDaFelt: posts big blind $3
*** HOLE CARDS ***
too2ez: raises $3 to $6
ToDaFelt: raises $3 to $9
too2ez: calls $3
*** FLOP *** [8s Jc 4h]
ToDaFelt: bets $3
too2ez: calls $3
*** TURN *** [8s Jc 4h] [3c]
ToDaFelt: bets $6
too2ez: raises $6 to $12
ToDaFelt: calls $6
*** RIVER *** [8s Jc 4h 3c] [Th]
ToDaFelt: checks
too2ez: bets $6
ToDaFelt: calls $6
*** SHOW DOWN ***
too2ez: shows [7c Qc] (high card Queen)
ToDaFelt: shows [9s Ah] (high card Ace)
ToDaFelt collected $59.50 from pot
*** SUMMARY ***
Total pot $60 | Rake $0.50
Board [8s Jc 4h 3c Th]
Seat 3: ToDaFelt (big blind) showed [9s Ah] and won ($59.50) with high card Ace
Seat 5: too2ez (button) (small blind) showed [7c Qc] and lost with high card Queen


PokerStars Hand #160865426669:  Hold'em Limit ($3/$6 USD) - 2016/11/03 20:39:43 ET
Table 'Palamedes' 6-max Seat #3 is the button
Seat 3: ToDaFelt ($147.70 in chips)
Seat 5: too2ez ($52.92 in chips)
ToDaFelt: posts small blind $1
too2ez: posts big blind $3
*** HOLE CARDS ***
ToDaFelt: raises $3 to $6
too2ez: calls $3
*** FLOP *** [9h 3h 4h]
too2ez: checks
ToDaFelt: bets $3
too2ez: calls $3
*** TURN *** [9h 3h 4h] [Qd]
too2ez: checks
ToDaFelt: bets $6
too2ez: raises $6 to $12
ToDaFelt: calls $6
*** RIVER *** [9h 3h 4h Qd] [Jc]
too2ez: bets $6
ToDaFelt: raises $6 to $12
too2ez: calls $6
*** SHOW DOWN ***
ToDaFelt: shows [6d 8h] (high card Queen)
too2ez: shows [9c 3s] (two pair, Nines and Threes)
too2ez collected $65.50 from pot
*** SUMMARY ***
Total pot $66 | Rake $0.50
Board [9h 3h 4h Qd Jc]
Seat 3: ToDaFelt (button) (small blind) showed [6d 8h] and lost with high card Queen
Seat 5: too2ez (big blind) showed [9c 3s] and won ($65.50) with two pair, Nines and Threes


PokerStars Hand #160865440387:  Hold'em Limit ($3/$6 USD) - 2016/11/03 20:40:07 ET
Table 'Palamedes' 6-max Seat #5 is the button
Seat 3: ToDaFelt ($114.70 in chips)
Seat 5: too2ez ($85.42 in chips)
too2ez: posts small blind $1
ToDaFelt: posts big blind $3
*** HOLE CARDS ***
too2ez: raises $3 to $6
ToDaFelt: calls $3
*** FLOP *** [Jc 9c Ah]
ToDaFelt: checks
too2ez: bets $3
ToDaFelt: raises $3 to $6
too2ez: calls $3
*** TURN *** [Jc 9c Ah] [6c]
ToDaFelt: bets $6
too2ez: calls $6
*** RIVER *** [Jc 9c Ah 6c] [2h]
ToDaFelt: bets $6
too2ez: folds
Uncalled bet ($6) returned to ToDaFelt
ToDaFelt collected $35.50 from pot
ToDaFelt: doesn't show hand
*** SUMMARY ***
Total pot $36 | Rake $0.50
Board [Jc 9c Ah 6c 2h]
Seat 3: ToDaFelt (big blind) collected ($35.50)
Seat 5: too2ez (button) (small blind) folded on the River


PokerStars Hand #160865452164:  Hold'em Limit ($3/$6 USD) - 2016/11/03 20:40:28 ET
Table 'Palamedes' 6-max Seat #3 is the button
Seat 3: ToDaFelt ($132.20 in chips)
Seat 5: too2ez ($67.42 in chips)
ToDaFelt: posts small blind $1
too2ez: posts big blind $3
*** HOLE CARDS ***
ToDaFelt: folds
Uncalled bet ($2) returned to too2ez
too2ez collected $2 from pot
too2ez: doesn't show hand
*** SUMMARY ***
Total pot $2 | Rake $0
Seat 3: ToDaFelt (button) (small blind) folded before Flop
Seat 5: too2ez (big blind) collected ($2)


PokerStars Hand #160865465458:  Hold'em Limit ($3/$6 USD) - 2016/11/03 20:40:51 ET
Table 'Palamedes' 6-max Seat #3 is the button
Seat 3: ToDaFelt ($128.20 in chips)
Seat 5: too2ez ($71.42 in chips)
ToDaFelt: posts small blind $1
too2ez: posts big blind $3
*** HOLE CARDS ***
ToDaFelt: folds
Uncalled bet ($2) returned to too2ez
too2ez collected $2 from pot
too2ez: doesn't show hand
*** SUMMARY ***
Total pot $2 | Rake $0
Seat 3: ToDaFelt (button) (small blind) folded before Flop
Seat 5: too2ez (big blind) collected ($2)


PokerStars Hand #160865460817:  Hold'em Limit ($3/$6 USD) - 2016/11/03 20:40:43 ET
Table 'Palamedes' 6-max Seat #5 is the button
Seat 3: ToDaFelt ($131.20 in chips)
Seat 5: too2ez ($68.42 in chips)
too2ez: posts small blind $1
ToDaFelt: posts big blind $3
*** HOLE CARDS ***
too2ez: raises $3 to $6
ToDaFelt: folds
Uncalled bet ($3) returned to too2ez
too2ez collected $6 from pot
too2ez: doesn't show hand
*** SUMMARY ***
Total pot $6 | Rake $0
Seat 3: ToDaFelt (big blind) folded before Flop
Seat 5: too2ez (button) (small blind) collected ($6)


PokerStars Hand #160865468561:  Hold'em Limit ($3/$6 USD) - 2016/11/03 20:40:57 ET
Table 'Palamedes' 6-max Seat #5 is the button
Seat 3: ToDaFelt ($127.20 in chips)
Seat 5: too2ez ($72.42 in chips)
too2ez: posts small blind $1
ToDaFelt: posts big blind $3
*** HOLE CARDS ***
too2ez: folds
Uncalled bet ($2) returned to ToDaFelt
ToDaFelt collected $2 from pot
ToDaFelt: doesn't show hand
*** SUMMARY ***
Total pot $2 | Rake $0
Seat 3: ToDaFelt (big blind) collected ($2)
Seat 5: too2ez (button) (small blind) folded before Flop


PokerStars Hand #160865471637:  Hold'em Limit ($3/$6 USD) - 2016/11/03 20:41:02 ET
Table 'Palamedes' 6-max Seat #3 is the button
Seat 3: ToDaFelt ($128.20 in chips)
Seat 5: too2ez ($71.42 in chips)
ToDaFelt: posts small blind $1
too2ez: posts big blind $3
*** HOLE CARDS ***
ToDaFelt: raises $3 to $6
too2ez: calls $3
*** FLOP *** [Qs 2h 9s]
too2ez: checks
ToDaFelt: bets $3
too2ez: folds
Uncalled bet ($3) returned to ToDaFelt
ToDaFelt collected $11.76 from pot
ToDaFelt: doesn't show hand
*** SUMMARY ***
Total pot $12 | Rake $0.24
Board [Qs 2h 9s]
Seat 3: ToDaFelt (button) (small blind) collected ($11.76)
Seat 5: too2ez (big blind) folded on the Flop


PokerStars Hand #160865478759:  Hold'em Limit ($3/$6 USD) - 2016/11/03 20:41:14 ET
Table 'Palamedes' 6-max Seat #5 is the button
Seat 3: ToDaFelt ($133.96 in chips)
Seat 5: too2ez ($65.42 in chips)
too2ez: posts small blind $1
ToDaFelt: posts big blind $3
*** HOLE CARDS ***
too2ez: raises $3 to $6
ToDaFelt: calls $3
*** FLOP *** [Qs 8d Js]
ToDaFelt: checks
too2ez: bets $3
ToDaFelt: raises $3 to $6
too2ez: folds
Uncalled bet ($3) returned to ToDaFelt
ToDaFelt collected $17.64 from pot
ToDaFelt: doesn't show hand
*** SUMMARY ***
Total pot $18 | Rake $0.36
Board [Qs 8d Js]
Seat 3: ToDaFelt (big blind) collected ($17.64)
Seat 5: too2ez (button) (small blind) folded on the Flop


PokerStars Hand #160865486805:  Hold'em Limit ($3/$6 USD) - 2016/11/03 20:41:28 ET
Table 'Palamedes' 6-max Seat #3 is the button
Seat 3: ToDaFelt ($142.60 in chips)
Seat 5: too2ez ($56.42 in chips)
ToDaFelt: posts small blind $1
too2ez: posts big blind $3
*** HOLE CARDS ***
ToDaFelt: raises $3 to $6
too2ez: calls $3
*** FLOP *** [Kd Qd Js]
too2ez: checks
ToDaFelt: bets $3
too2ez: calls $3
*** TURN *** [Kd Qd Js] [2c]
too2ez: checks
ToDaFelt: bets $6
too2ez: raises $6 to $12
ToDaFelt: calls $6
*** RIVER *** [Kd Qd Js 2c] [Tc]
too2ez: checks
ToDaFelt: bets $6
too2ez: calls $6
*** SHOW DOWN ***
ToDaFelt: shows [Jh Ac] (a straight, Ten to Ace)
too2ez: mucks hand
ToDaFelt collected $53.50 from pot
*** SUMMARY ***
Total pot $54 | Rake $0.50
Board [Kd Qd Js 2c Tc]
Seat 3: ToDaFelt (button) (small blind) showed [Jh Ac] and won ($53.50) with a straight, Ten to Ace
Seat 5: too2ez (big blind) mucked


PokerStars Hand #160865501856:  Hold'em Limit ($3/$6 USD) - 2016/11/03 20:41:55 ET
Table 'Palamedes' 6-max Seat #5 is the button
Seat 3: ToDaFelt ($169.10 in chips)
Seat 5: too2ez ($29.42 in chips)
too2ez: posts small blind $1
ToDaFelt: posts big blind $3
*** HOLE CARDS ***
krytalex joins the table at seat #6
too2ez: raises $3 to $6
ToDaFelt: calls $3
*** FLOP *** [5c Ts 5h]
ToDaFelt: checks
too2ez: bets $3
ToDaFelt: raises $3 to $6
too2ez: calls $3
*** TURN *** [5c Ts 5h] [8s]
ToDaFelt: bets $6
too2ez: folds
Uncalled bet ($6) returned to ToDaFelt
ToDaFelt collected $23.52 from pot
ToDaFelt: doesn't show hand
*** SUMMARY ***
Total pot $24 | Rake $0.48
Board [5c Ts 5h 8s]
Seat 3: ToDaFelt (big blind) collected ($23.52)
Seat 5: too2ez (button) (small blind) folded on the Turn


PokerStars Hand #160865515154:  Hold'em Limit ($3/$6 USD) - 2016/11/03 20:42:18 ET
Table 'Palamedes' 6-max Seat #3 is the button
Seat 3: ToDaFelt ($180.62 in chips)
Seat 5: too2ez ($17.42 in chips)
ToDaFelt: posts small blind $1
too2ez: posts big blind $3
*** HOLE CARDS ***
ToDaFelt: raises $3 to $6
too2ez: calls $3
*** FLOP *** [9h Jh Kc]
too2ez: checks
ToDaFelt: bets $3
too2ez: calls $3
*** TURN *** [9h Jh Kc] [4s]
too2ez: checks
ToDaFelt: bets $6
too2ez: raises $2.42 to $8.42 and is all-in
ToDaFelt: calls $2.42
krytalex leaves the table
*** RIVER *** [9h Jh Kc 4s] [Js]
*** SHOW DOWN ***
too2ez: shows [7h 9d] (two pair, Jacks and Nines)
ToDaFelt: shows [5h Kd] (two pair, Kings and Jacks)
ToDaFelt collected $34.34 from pot
*** SUMMARY ***
Total pot $34.84 | Rake $0.50
Board [9h Jh Kc 4s Js]
Seat 3: ToDaFelt (button) (small blind) showed [5h Kd] and won ($34.34) with two pair, Kings and Jacks
Seat 5: too2ez (big blind) showed [7h 9d] and lost with two pair, Jacks and Nines


