PokerStars Hand #161167836372:  Hold'em Limit ($3/$6 USD) - 2016/11/09 19:44:49 ET
Table 'Pales II' 6-max Seat #5 is the button
Seat 4: charlys65 ($29 in chips)
Seat 5: TinaTurner72 ($121 in chips)
TinaTurner72: posts small blind $1
charlys65: posts big blind $3
*** HOLE CARDS ***
TinaTurner72: raises $3 to $6
charlys65: calls $3
*** FLOP *** [7h 7c Th]
charlys65: checks
TinaTurner72: bets $3
charlys65: calls $3
*** TURN *** [7h 7c Th] [3d]
charlys65: checks
TinaTurner72: bets $6
charlys65: raises $6 to $12
TinaTurner72: raises $6 to $18
charlys65: calls $6
*** RIVER *** [7h 7c Th 3d] [2s]
charlys65: checks
TinaTurner72: checks
*** SHOW DOWN ***
charlys65: shows [9s 8s] (a pair of Sevens)
TinaTurner72: shows [Kd 5s] (a pair of Sevens - King kicker)
TinaTurner72 collected $53.50 from pot
*** SUMMARY ***
Total pot $54 | Rake $0.50
Board [7h 7c Th 3d 2s]
Seat 4: charlys65 (big blind) showed [9s 8s] and lost with a pair of Sevens
Seat 5: TinaTurner72 (button) (small blind) showed [Kd 5s] and won ($53.50) with a pair of Sevens


PokerStars Hand #161172738316:  Hold'em Limit ($3/$6 USD) - 2016/11/09 23:05:21 ET
Table 'Pales II' 6-max Seat #5 is the button
Seat 2: RaisemyNut$ ($93.82 in chips)
Seat 5: hairy1961 ($33.13 in chips)
hairy1961: posts small blind $1
RaisemyNut$: posts big blind $3
*** HOLE CARDS ***
hairy1961: folds
Uncalled bet ($2) returned to RaisemyNut$
RaisemyNut$ collected $2 from pot
RaisemyNut$: doesn't show hand
*** SUMMARY ***
Total pot $2 | Rake $0
Seat 2: RaisemyNut$ (big blind) collected ($2)
Seat 5: hairy1961 (button) (small blind) folded before Flop


PokerStars Hand #161172731106:  Hold'em Limit ($3/$6 USD) - 2016/11/09 23:04:57 ET
Table 'Pales II' 6-max Seat #2 is the button
Seat 2: RaisemyNut$ ($105.82 in chips)
Seat 5: hairy1961 ($21.61 in chips)
RaisemyNut$: posts small blind $1
hairy1961: posts big blind $3
*** HOLE CARDS ***
RaisemyNut$: raises $3 to $6
hairy1961: calls $3
*** FLOP *** [8d Tc 3h]
hairy1961: checks
RaisemyNut$: bets $3
hairy1961: raises $3 to $6
RaisemyNut$: calls $3
*** TURN *** [8d Tc 3h] [Qh]
hairy1961: bets $6
RaisemyNut$: folds
Uncalled bet ($6) returned to hairy1961
hairy1961 collected $23.52 from pot
*** SUMMARY ***
Total pot $24 | Rake $0.48
Board [8d Tc 3h Qh]
Seat 2: RaisemyNut$ (button) (small blind) folded on the Turn
Seat 5: hairy1961 (big blind) collected ($23.52)


PokerStars Hand #161172725835:  Hold'em Limit ($3/$6 USD) - 2016/11/09 23:04:39 ET
Table 'Pales II' 6-max Seat #5 is the button
Seat 2: RaisemyNut$ ($104.82 in chips)
Seat 5: hairy1961 ($22.61 in chips)
hairy1961: posts small blind $1
Velbor107: is sitting out
RaisemyNut$: posts big blind $3
*** HOLE CARDS ***
hairy1961: folds
Uncalled bet ($2) returned to RaisemyNut$
RaisemyNut$ collected $2 from pot
RaisemyNut$: doesn't show hand
*** SUMMARY ***
Total pot $2 | Rake $0
Seat 2: RaisemyNut$ (big blind) collected ($2)
Seat 5: hairy1961 (button) (small blind) folded before Flop


PokerStars Hand #161172729456:  Hold'em Limit ($3/$6 USD) - 2016/11/09 23:04:51 ET
Table 'Pales II' 6-max Seat #5 is the button
Seat 2: RaisemyNut$ ($104.82 in chips)
Seat 5: hairy1961 ($22.61 in chips)
hairy1961: posts small blind $1
RaisemyNut$: posts big blind $3
*** HOLE CARDS ***
hairy1961: folds
Uncalled bet ($2) returned to RaisemyNut$
RaisemyNut$ collected $2 from pot
RaisemyNut$: doesn't show hand
*** SUMMARY ***
Total pot $2 | Rake $0
Seat 2: RaisemyNut$ (big blind) collected ($2)
Seat 5: hairy1961 (button) (small blind) folded before Flop


PokerStars Hand #161172727653:  Hold'em Limit ($3/$6 USD) - 2016/11/09 23:04:45 ET
Table 'Pales II' 6-max Seat #2 is the button
Seat 2: RaisemyNut$ ($105.82 in chips)
Seat 5: hairy1961 ($21.61 in chips)
RaisemyNut$: posts small blind $1
hairy1961: posts big blind $3
*** HOLE CARDS ***
RaisemyNut$: folds
Uncalled bet ($2) returned to hairy1961
hairy1961 collected $2 from pot
*** SUMMARY ***
Total pot $2 | Rake $0
Seat 2: RaisemyNut$ (button) (small blind) folded before Flop
Seat 5: hairy1961 (big blind) collected ($2)


PokerStars Hand #161172746088:  Hold'em Limit ($3/$6 USD) - 2016/11/09 23:05:47 ET
Table 'Pales II' 6-max Seat #2 is the button
Seat 2: RaisemyNut$ ($86.82 in chips)
Seat 5: hairy1961 ($39.77 in chips)
RaisemyNut$: posts small blind $1
hairy1961: posts big blind $3
*** HOLE CARDS ***
RaisemyNut$: raises $3 to $6
hairy1961: calls $3
*** FLOP *** [9s 6s 7d]
hairy1961: checks
RaisemyNut$: bets $3
hairy1961: calls $3
*** TURN *** [9s 6s 7d] [8s]
hairy1961: checks
RaisemyNut$: bets $6
hairy1961: calls $6
*** RIVER *** [9s 6s 7d 8s] [4c]
hairy1961: checks
RaisemyNut$: bets $6
hairy1961: calls $6
*** SHOW DOWN ***
RaisemyNut$: shows [Ts 5s] (a flush, Ten high)
hairy1961: mucks hand
RaisemyNut$ collected $41.50 from pot
*** SUMMARY ***
Total pot $42 | Rake $0.50
Board [9s 6s 7d 8s 4c]
Seat 2: RaisemyNut$ (button) (small blind) showed [Ts 5s] and won ($41.50) with a flush, Ten high
Seat 5: hairy1961 (big blind) mucked


PokerStars Hand #161172744394:  Hold'em Limit ($3/$6 USD) - 2016/11/09 23:05:42 ET
Table 'Pales II' 6-max Seat #5 is the button
Seat 2: RaisemyNut$ ($85.82 in chips)
Seat 5: hairy1961 ($40.77 in chips)
hairy1961: posts small blind $1
RaisemyNut$: posts big blind $3
*** HOLE CARDS ***
hairy1961: folds
Uncalled bet ($2) returned to RaisemyNut$
RaisemyNut$ collected $2 from pot
RaisemyNut$: doesn't show hand
*** SUMMARY ***
Total pot $2 | Rake $0
Seat 2: RaisemyNut$ (big blind) collected ($2)
Seat 5: hairy1961 (button) (small blind) folded before Flop


PokerStars Hand #161172740101:  Hold'em Limit ($3/$6 USD) - 2016/11/09 23:05:27 ET
Table 'Pales II' 6-max Seat #2 is the button
Seat 2: RaisemyNut$ ($94.82 in chips)
Seat 5: hairy1961 ($32.13 in chips)
RaisemyNut$: posts small blind $1
hairy1961: posts big blind $3
*** HOLE CARDS ***
RaisemyNut$: raises $3 to $6
hairy1961: raises $3 to $9
RaisemyNut$: calls $3
*** FLOP *** [6s Qh 6d]
Velbor107 leaves the table
hairy1961: bets $3
RaisemyNut$: folds
Uncalled bet ($3) returned to hairy1961
hairy1961 collected $17.64 from pot
*** SUMMARY ***
Total pot $18 | Rake $0.36
Board [6s Qh 6d]
Seat 2: RaisemyNut$ (button) (small blind) folded on the Flop
Seat 5: hairy1961 (big blind) collected ($17.64)


PokerStars Hand #161172760311:  Hold'em Limit ($3/$6 USD) - 2016/11/09 23:06:36 ET
Table 'Pales II' 6-max Seat #2 is the button
Seat 2: RaisemyNut$ ($108.32 in chips)
Seat 5: hairy1961 ($17.77 in chips)
RaisemyNut$: posts small blind $1
hairy1961: posts big blind $3
*** HOLE CARDS ***
RaisemyNut$: raises $3 to $6
hairy1961: raises $3 to $9
RaisemyNut$: calls $3
*** FLOP *** [8s Ah 3d]
hairy1961: bets $3
RaisemyNut$: calls $3
*** TURN *** [8s Ah 3d] [2d]
hairy1961: bets $5.77 and is all-in
RaisemyNut$: calls $5.77
*** RIVER *** [8s Ah 3d 2d] [2h]
*** SHOW DOWN ***
hairy1961: shows [6c 7d] (a pair of Deuces)
RaisemyNut$: shows [Jc Tc] (a pair of Deuces - Ace+Jack kicker)
RaisemyNut$ collected $35.04 from pot
*** SUMMARY ***
Total pot $35.54 | Rake $0.50
Board [8s Ah 3d 2d 2h]
Seat 2: RaisemyNut$ (button) (small blind) showed [Jc Tc] and won ($35.04) with a pair of Deuces
Seat 5: hairy1961 (big blind) showed [6c 7d] and lost with a pair of Deuces


PokerStars Hand #161172758501:  Hold'em Limit ($3/$6 USD) - 2016/11/09 23:06:30 ET
Table 'Pales II' 6-max Seat #5 is the button
Seat 2: RaisemyNut$ ($107.32 in chips)
Seat 5: hairy1961 ($18.77 in chips)
hairy1961: posts small blind $1
RaisemyNut$: posts big blind $3
*** HOLE CARDS ***
hairy1961: folds
Uncalled bet ($2) returned to RaisemyNut$
RaisemyNut$ collected $2 from pot
RaisemyNut$: doesn't show hand
*** SUMMARY ***
Total pot $2 | Rake $0
Seat 2: RaisemyNut$ (big blind) collected ($2)
Seat 5: hairy1961 (button) (small blind) folded before Flop


