PokerStars Hand #168990154317:  Hold'em Limit ($3/$6 USD) - 2017/04/13 14:57:27 ET
Table 'Pales' 10-max Seat #10 is the button
Seat 1: Zubasa07 ($300 in chips)
Seat 10: ManuelSikora ($120 in chips)
ManuelSikora: posts small blind $1
Zubasa07: posts big blind $3
*** HOLE CARDS ***
ManuelSikora: raises $3 to $6
Zubasa07: calls $3
*** FLOP *** [9d Jc 7d]
Zubasa07: checks
ManuelSikora: checks
*** TURN *** [9d Jc 7d] [Kh]
Zubasa07: checks
ManuelSikora: checks
*** RIVER *** [9d Jc 7d Kh] [Th]
Zubasa07: checks
ManuelSikora: checks
*** SHOW DOWN ***
Zubasa07: shows [6s 5d] (high card King)
ManuelSikora: shows [Kc Ah] (a pair of Kings)
ManuelSikora collected $11.76 from pot
*** SUMMARY ***
Total pot $12 | Rake $0.24
Board [9d Jc 7d Kh Th]
Seat 1: Zubasa07 (big blind) showed [6s 5d] and lost with high card King
Seat 10: ManuelSikora (button) (small blind) showed [Kc Ah] and won ($11.76) with a pair of Kings


PokerStars Hand #168990177154:  Hold'em Limit ($3/$6 USD) - 2017/04/13 14:58:00 ET
Table 'Pales' 10-max Seat #1 is the button
Seat 1: Zubasa07 ($294 in chips)
Seat 10: ManuelSikora ($125.76 in chips)
Zubasa07: posts small blind $1
ManuelSikora: posts big blind $3
*** HOLE CARDS ***
Zubasa07: raises $3 to $6
ManuelSikora: raises $3 to $9
Zubasa07: calls $3
*** FLOP *** [9s 6c 6h]
ManuelSikora: bets $3
Zubasa07: calls $3
*** TURN *** [9s 6c 6h] [6d]
ManuelSikora: bets $6
Zubasa07: calls $6
*** RIVER *** [9s 6c 6h 6d] [6s]
ManuelSikora: bets $6
Jack_Wu1985 joins the table at seat #6
Zubasa07: folds
Uncalled bet ($6) returned to ManuelSikora
ManuelSikora collected $35.50 from pot
ManuelSikora: doesn't show hand
*** SUMMARY ***
Total pot $36 | Rake $0.50
Board [9s 6c 6h 6d 6s]
Seat 1: Zubasa07 (button) (small blind) folded on the River
Seat 10: ManuelSikora (big blind) collected ($35.50)


PokerStars Hand #168990232358:  Hold'em Limit ($3/$6 USD) - 2017/04/13 14:59:21 ET
Table 'Pales' 10-max Seat #10 is the button
Seat 1: Zubasa07 ($276 in chips)
Seat 10: ManuelSikora ($143.26 in chips)
ManuelSikora: posts small blind $1
Zubasa07: posts big blind $3
*** HOLE CARDS ***
ManuelSikora: raises $3 to $6
Zubasa07: calls $3
*** FLOP *** [5s Kc Jh]
Zubasa07: checks
ManuelSikora: bets $3
Zubasa07: raises $3 to $6
ManuelSikora: calls $3
*** TURN *** [5s Kc Jh] [4s]
Zubasa07: checks
ManuelSikora: checks
*** RIVER *** [5s Kc Jh 4s] [Ah]
Zubasa07: checks
ManuelSikora: bets $6
Jack_Wu1985 leaves the table
Zubasa07: calls $6
*** SHOW DOWN ***
ManuelSikora: shows [3h Ac] (a pair of Aces)
Zubasa07: mucks hand
ManuelSikora collected $35.50 from pot
*** SUMMARY ***
Total pot $36 | Rake $0.50
Board [5s Kc Jh 4s Ah]
Seat 1: Zubasa07 (big blind) mucked
Seat 10: ManuelSikora (button) (small blind) showed [3h Ac] and won ($35.50) with a pair of Aces


PokerStars Hand #168990273523:  Hold'em Limit ($3/$6 USD) - 2017/04/13 15:00:20 ET
Table 'Pales' 10-max Seat #1 is the button
Seat 1: Zubasa07 ($258 in chips)
Seat 10: ManuelSikora ($160.76 in chips)
Zubasa07: posts small blind $1
ManuelSikora: posts big blind $3
*** HOLE CARDS ***
Zubasa07: raises $3 to $6
ManuelSikora: raises $3 to $9
Zubasa07: calls $3
*** FLOP *** [8s 5c Kc]
ManuelSikora: bets $3
Zubasa07: calls $3
*** TURN *** [8s 5c Kc] [9c]
ManuelSikora: bets $6
Zubasa07: raises $6 to $12
ManuelSikora: raises $6 to $18
Zubasa07: calls $6
*** RIVER *** [8s 5c Kc 9c] [Jc]
ManuelSikora: checks
Zubasa07: checks
*** SHOW DOWN ***
ManuelSikora: shows [Qd Qs] (a pair of Queens)
Zubasa07: shows [Ah Ad] (a pair of Aces)
Zubasa07 collected $59.50 from pot
*** SUMMARY ***
Total pot $60 | Rake $0.50
Board [8s 5c Kc 9c Jc]
Seat 1: Zubasa07 (button) (small blind) showed [Ah Ad] and won ($59.50) with a pair of Aces
Seat 10: ManuelSikora (big blind) showed [Qd Qs] and lost with a pair of Queens


PokerStars Hand #168990323482:  Hold'em Limit ($3/$6 USD) - 2017/04/13 15:01:27 ET
Table 'Pales' 10-max Seat #10 is the button
Seat 1: Zubasa07 ($287.50 in chips)
Seat 10: ManuelSikora ($130.76 in chips)
ManuelSikora: posts small blind $1
Zubasa07: posts big blind $3
*** HOLE CARDS ***
ManuelSikora: raises $3 to $6
Zubasa07: calls $3
*** FLOP *** [Td Qs 2h]
Zubasa07: checks
ManuelSikora: bets $3
Zubasa07: calls $3
*** TURN *** [Td Qs 2h] [Qd]
Zubasa07: checks
ManuelSikora: bets $6
Zubasa07: calls $6
*** RIVER *** [Td Qs 2h Qd] [6c]
Zubasa07: checks
ManuelSikora: bets $6
Zubasa07: calls $6
*** SHOW DOWN ***
ManuelSikora: shows [Qh 8d] (three of a kind, Queens)
Zubasa07: mucks hand
ManuelSikora collected $41.50 from pot
*** SUMMARY ***
Total pot $42 | Rake $0.50
Board [Td Qs 2h Qd 6c]
Seat 1: Zubasa07 (big blind) mucked
Seat 10: ManuelSikora (button) (small blind) showed [Qh 8d] and won ($41.50) with three of a kind, Queens


PokerStars Hand #168990375229:  Hold'em Limit ($3/$6 USD) - 2017/04/13 15:02:30 ET
Table 'Pales' 10-max Seat #1 is the button
Seat 1: Zubasa07 ($266.50 in chips)
Seat 10: ManuelSikora ($283.04 in chips)
Zubasa07: posts small blind $1
ManuelSikora: posts big blind $3
*** HOLE CARDS ***
Zubasa07: folds
Uncalled bet ($2) returned to ManuelSikora
ManuelSikora collected $2 from pot
ManuelSikora: doesn't show hand
*** SUMMARY ***
Total pot $2 | Rake $0
Seat 1: Zubasa07 (button) (small blind) folded before Flop
Seat 10: ManuelSikora (big blind) collected ($2)


PokerStars Hand #168990384331:  Hold'em Limit ($3/$6 USD) - 2017/04/13 15:02:41 ET
Table 'Pales' 10-max Seat #10 is the button
Seat 1: Zubasa07 ($265.50 in chips)
Seat 10: ManuelSikora ($284.04 in chips)
ManuelSikora: posts small blind $1
Zubasa07: posts big blind $3
*** HOLE CARDS ***
ManuelSikora: raises $3 to $6
Zubasa07: calls $3
*** FLOP *** [8c 3h Ks]
Zubasa07: checks
ManuelSikora: bets $3
Zubasa07: calls $3
*** TURN *** [8c 3h Ks] [Td]
Zubasa07: checks
ManuelSikora: bets $6
Zubasa07: calls $6
*** RIVER *** [8c 3h Ks Td] [6c]
Zubasa07: checks
ManuelSikora: checks
*** SHOW DOWN ***
Zubasa07: shows [Ad 7c] (high card Ace)
ManuelSikora: shows [8d 2s] (a pair of Eights)
ManuelSikora collected $29.50 from pot
*** SUMMARY ***
Total pot $30 | Rake $0.50
Board [8c 3h Ks Td 6c]
Seat 1: Zubasa07 (big blind) showed [Ad 7c] and lost with high card Ace
Seat 10: ManuelSikora (button) (small blind) showed [8d 2s] and won ($29.50) with a pair of Eights


PokerStars Hand #168990462665:  Hold'em Limit ($3/$6 USD) - 2017/04/13 15:04:14 ET
Table 'Pales' 10-max Seat #1 is the button
Seat 1: Zubasa07 ($235.50 in chips)
Seat 10: ManuelSikora ($313.06 in chips)
Zubasa07: posts small blind $1
ManuelSikora: posts big blind $3
*** HOLE CARDS ***
Zubasa07: raises $3 to $6
ManuelSikora: calls $3
*** FLOP *** [Tc Kc 2d]
ManuelSikora: checks
Zubasa07: bets $3
ManuelSikora: folds
Uncalled bet ($3) returned to Zubasa07
Zubasa07 collected $11.76 from pot
Zubasa07: doesn't show hand
*** SUMMARY ***
Total pot $12 | Rake $0.24
Board [Tc Kc 2d]
Seat 1: Zubasa07 (button) (small blind) collected ($11.76)
Seat 10: ManuelSikora (big blind) folded on the Flop


PokerStars Hand #168990424678:  Hold'em Limit ($3/$6 USD) - 2017/04/13 15:03:29 ET
Table 'Pales' 10-max Seat #1 is the button
Seat 1: Zubasa07 ($250.50 in chips)
Seat 10: ManuelSikora ($298.54 in chips)
Zubasa07: posts small blind $1
ManuelSikora: posts big blind $3
*** HOLE CARDS ***
Zubasa07: raises $3 to $6
ManuelSikora: raises $3 to $9
Zubasa07: calls $3
*** FLOP *** [8c 7c Qs]
ManuelSikora: bets $3
Zubasa07: calls $3
*** TURN *** [8c 7c Qs] [5h]
ManuelSikora: bets $6
Zubasa07: folds
Uncalled bet ($6) returned to ManuelSikora
ManuelSikora collected $23.52 from pot
ManuelSikora: doesn't show hand
*** SUMMARY ***
Total pot $24 | Rake $0.48
Board [8c 7c Qs 5h]
Seat 1: Zubasa07 (button) (small blind) folded on the Turn
Seat 10: ManuelSikora (big blind) collected ($23.52)


PokerStars Hand #168990452252:  Hold'em Limit ($3/$6 USD) - 2017/04/13 15:04:01 ET
Table 'Pales' 10-max Seat #10 is the button
Seat 1: Zubasa07 ($238.50 in chips)
Seat 10: ManuelSikora ($310.06 in chips)
ManuelSikora: posts small blind $1
Zubasa07: posts big blind $3
*** HOLE CARDS ***
ManuelSikora: raises $3 to $6
Zubasa07: folds
Uncalled bet ($3) returned to ManuelSikora
ManuelSikora collected $6 from pot
ManuelSikora: doesn't show hand
*** SUMMARY ***
Total pot $6 | Rake $0
Seat 1: Zubasa07 (big blind) folded before Flop
Seat 10: ManuelSikora (button) (small blind) collected ($6)


PokerStars Hand #168990485572:  Hold'em Limit ($3/$6 USD) - 2017/04/13 15:04:40 ET
Table 'Pales' 10-max Seat #10 is the button
Seat 1: Zubasa07 ($241.26 in chips)
Seat 10: ManuelSikora ($307.06 in chips)
ManuelSikora: posts small blind $1
Zubasa07: posts big blind $3
*** HOLE CARDS ***
ManuelSikora: raises $3 to $6
Zubasa07: calls $3
*** FLOP *** [Kd 6d 3s]
Zubasa07: checks
ManuelSikora: checks
*** TURN *** [Kd 6d 3s] [5c]
Zubasa07: bets $6
ManuelSikora: raises $6 to $12
patrikskjold joins the table at seat #2
Zubasa07: folds
Uncalled bet ($6) returned to ManuelSikora
ManuelSikora collected $23.52 from pot
ManuelSikora: doesn't show hand
*** SUMMARY ***
Total pot $24 | Rake $0.48
Board [Kd 6d 3s 5c]
Seat 1: Zubasa07 (big blind) folded on the Turn
Seat 10: ManuelSikora (button) (small blind) collected ($23.52)


PokerStars Hand #168990810832:  Hold'em Limit ($3/$6 USD) - 2017/04/13 15:11:04 ET
Table 'Pales' 10-max Seat #1 is the button
Seat 1: Zubasa07 ($212.37 in chips)
Seat 9: lenn0x23 ($365.92 in chips)
Zubasa07: posts small blind $1
patrikskjold: is sitting out
yamaxerm: is sitting out
lenn0x23: posts big blind $3
*** HOLE CARDS ***
Zubasa07: folds
Uncalled bet ($2) returned to lenn0x23
yamaxerm leaves the table
lenn0x23 collected $2 from pot
lenn0x23: doesn't show hand
*** SUMMARY ***
Total pot $2 | Rake $0
Seat 1: Zubasa07 (button) (small blind) folded before Flop
Seat 9: lenn0x23 (big blind) collected ($2)


PokerStars Hand #168990817870:  Hold'em Limit ($3/$6 USD) - 2017/04/13 15:11:12 ET
Table 'Pales' 10-max Seat #9 is the button
Seat 1: Zubasa07 ($211.37 in chips)
Seat 9: lenn0x23 ($366.92 in chips)
lenn0x23: posts small blind $1
Zubasa07: posts big blind $3
*** HOLE CARDS ***
patrikskjold leaves the table
lenn0x23: calls $2
Zubasa07: raises $3 to $6
GoliafUa joins the table at seat #10
lenn0x23: calls $3
*** FLOP *** [6c Jd 8s]
Zubasa07: bets $3
lenn0x23: calls $3
*** TURN *** [6c Jd 8s] [2h]
Zubasa07: bets $6
lenn0x23: calls $6
*** RIVER *** [6c Jd 8s 2h] [4h]
Zubasa07: bets $6
lenn0x23: calls $6
*** SHOW DOWN ***
Zubasa07: shows [8d 7d] (a pair of Eights)
lenn0x23: shows [7h 8c] (a pair of Eights)
Zubasa07 collected $20.75 from pot
lenn0x23 collected $20.75 from pot
*** SUMMARY ***
Total pot $42 | Rake $0.50
Board [6c Jd 8s 2h 4h]
Seat 1: Zubasa07 (big blind) showed [8d 7d] and won ($20.75) with a pair of Eights
Seat 9: lenn0x23 (button) (small blind) showed [7h 8c] and won ($20.75) with a pair of Eights


PokerStars Hand #168990859641:  Hold'em Limit ($3/$6 USD) - 2017/04/13 15:12:03 ET
Table 'Pales' 10-max Seat #1 is the button
Seat 1: Zubasa07 ($211.12 in chips)
Seat 9: lenn0x23 ($366.67 in chips)
Zubasa07: posts small blind $1
lenn0x23: posts big blind $3
*** HOLE CARDS ***
Zubasa07: raises $3 to $6
lenn0x23: folds
Uncalled bet ($3) returned to Zubasa07
Zubasa07 collected $6 from pot
*** SUMMARY ***
Total pot $6 | Rake $0
Seat 1: Zubasa07 (button) (small blind) collected ($6)
Seat 9: lenn0x23 (big blind) folded before Flop


PokerStars Hand #168990870496:  Hold'em Limit ($3/$6 USD) - 2017/04/13 15:12:15 ET
Table 'Pales' 10-max Seat #9 is the button
Seat 1: Zubasa07 ($214.12 in chips)
Seat 9: lenn0x23 ($363.67 in chips)
lenn0x23: posts small blind $1
Zubasa07: posts big blind $3
*** HOLE CARDS ***
lenn0x23: raises $3 to $6
Zubasa07: calls $3
*** FLOP *** [7s Td 6d]
Zubasa07: checks
lenn0x23: bets $3
Zubasa07: raises $3 to $6
lenn0x23: calls $3
*** TURN *** [7s Td 6d] [5d]
Zubasa07: bets $6
lenn0x23: folds
Uncalled bet ($6) returned to Zubasa07
Zubasa07 collected $23.52 from pot
Zubasa07: doesn't show hand
*** SUMMARY ***
Total pot $24 | Rake $0.48
Board [7s Td 6d 5d]
Seat 1: Zubasa07 (big blind) collected ($23.52)
Seat 9: lenn0x23 (button) (small blind) folded on the Turn


PokerStars Hand #168990928254:  Hold'em Limit ($3/$6 USD) - 2017/04/13 15:13:24 ET
Table 'Pales' 10-max Seat #1 is the button
Seat 1: Zubasa07 ($229.64 in chips)
Seat 9: lenn0x23 ($347.67 in chips)
Zubasa07: posts small blind $1
lenn0x23: posts big blind $3
*** HOLE CARDS ***
Zubasa07: raises $3 to $6
lenn0x23: folds
Uncalled bet ($3) returned to Zubasa07
Zubasa07 collected $6 from pot
Zubasa07: doesn't show hand
*** SUMMARY ***
Total pot $6 | Rake $0
Seat 1: Zubasa07 (button) (small blind) collected ($6)
Seat 9: lenn0x23 (big blind) folded before Flop


PokerStars Hand #168990921086:  Hold'em Limit ($3/$6 USD) - 2017/04/13 15:13:16 ET
Table 'Pales' 10-max Seat #9 is the button
Seat 1: Zubasa07 ($228.64 in chips)
Seat 9: lenn0x23 ($348.67 in chips)
lenn0x23: posts small blind $1
Zubasa07: posts big blind $3
*** HOLE CARDS ***
lenn0x23: folds
Uncalled bet ($2) returned to Zubasa07
Zubasa07 collected $2 from pot
Zubasa07: doesn't show hand
*** SUMMARY ***
Total pot $2 | Rake $0
Seat 1: Zubasa07 (big blind) collected ($2)
Seat 9: lenn0x23 (button) (small blind) folded before Flop


PokerStars Hand #168990905664:  Hold'em Limit ($3/$6 USD) - 2017/04/13 15:12:57 ET
Table 'Pales' 10-max Seat #1 is the button
Seat 1: Zubasa07 ($225.64 in chips)
Seat 9: lenn0x23 ($351.67 in chips)
Zubasa07: posts small blind $1
lenn0x23: posts big blind $3
*** HOLE CARDS ***
Zubasa07: raises $3 to $6
lenn0x23: folds
Uncalled bet ($3) returned to Zubasa07
Zubasa07 collected $6 from pot
Zubasa07: doesn't show hand
*** SUMMARY ***
Total pot $6 | Rake $0
Seat 1: Zubasa07 (button) (small blind) collected ($6)
Seat 9: lenn0x23 (big blind) folded before Flop


