PokerStars Hand #160791965656:  Hold'em Limit ($3/$6 USD) - 2016/11/02 12:06:42 ET
Table 'Pales II' 6-max Seat #3 is the button
Seat 3: cornetc ($60 in chips)
Seat 4: Actionni13 ($150 in chips)
cornetc: posts small blind $1
Actionni13: posts big blind $3
*** HOLE CARDS ***
cornetc: raises $3 to $6
Actionni13: calls $3
*** FLOP *** [3d 7s 2h]
Actionni13: checks
cornetc: bets $3
Actionni13: raises $3 to $6
cornetc: raises $3 to $9
Actionni13: calls $3
*** TURN *** [3d 7s 2h] [Kc]
Actionni13: checks
cornetc: checks
*** RIVER *** [3d 7s 2h Kc] [3c]
Actionni13: bets $6
cornetc: calls $6
*** SHOW DOWN ***
Actionni13: shows [5h 4s] (a pair of Threes)
cornetc: shows [7h Jh] (two pair, Sevens and Threes)
cornetc collected $41.50 from pot
*** SUMMARY ***
Total pot $42 | Rake $0.50
Board [3d 7s 2h Kc 3c]
Seat 3: cornetc (button) (small blind) showed [7h Jh] and won ($41.50) with two pair, Sevens and Threes
Seat 4: Actionni13 (big blind) showed [5h 4s] and lost with a pair of Threes


PokerStars Hand #160792019912:  Hold'em Limit ($3/$6 USD) - 2016/11/02 12:07:55 ET
Table 'Pales II' 6-max Seat #3 is the button
Seat 3: cornetc ($26.50 in chips)
Seat 4: Actionni13 ($202.64 in chips)
cornetc: posts small blind $1
Actionni13: posts big blind $3
*** HOLE CARDS ***
cornetc: raises $3 to $6
Actionni13: calls $3
*** FLOP *** [Th Qc 8s]
Actionni13: checks
cornetc: checks
*** TURN *** [Th Qc 8s] [Qd]
Actionni13: bets $6
cornetc: folds
Uncalled bet ($6) returned to Actionni13
Actionni13 collected $11.76 from pot
Actionni13: doesn't show hand
*** SUMMARY ***
Total pot $12 | Rake $0.24
Board [Th Qc 8s Qd]
Seat 3: cornetc (button) (small blind) folded on the Turn
Seat 4: Actionni13 (big blind) collected ($11.76)


PokerStars Hand #160792015593:  Hold'em Limit ($3/$6 USD) - 2016/11/02 12:07:50 ET
Table 'Pales II' 6-max Seat #4 is the button
Seat 3: cornetc ($29.50 in chips)
Seat 4: Actionni13 ($199.64 in chips)
Actionni13: posts small blind $1
cornetc: posts big blind $3
*** HOLE CARDS ***
Actionni13: raises $3 to $6
cornetc: folds
Uncalled bet ($3) returned to Actionni13
Actionni13 collected $6 from pot
Actionni13: doesn't show hand
*** SUMMARY ***
Total pot $6 | Rake $0
Seat 3: cornetc (big blind) folded before Flop
Seat 4: Actionni13 (button) (small blind) collected ($6)


PokerStars Hand #160792005515:  Hold'em Limit ($3/$6 USD) - 2016/11/02 12:07:36 ET
Table 'Pales II' 6-max Seat #3 is the button
Seat 3: cornetc ($47.50 in chips)
Seat 4: Actionni13 ($182.14 in chips)
cornetc: posts small blind $1
Actionni13: posts big blind $3
*** HOLE CARDS ***
cornetc: raises $3 to $6
Actionni13: calls $3
*** FLOP *** [7d 6d 6s]
Actionni13: checks
cornetc: checks
*** TURN *** [7d 6d 6s] [2c]
Actionni13: bets $6
cornetc: calls $6
*** RIVER *** [7d 6d 6s 2c] [6c]
Actionni13: bets $6
cornetc: calls $6
*** SHOW DOWN ***
Actionni13: shows [4s 7s] (a full house, Sixes full of Sevens)
cornetc: mucks hand
Actionni13 collected $35.50 from pot
*** SUMMARY ***
Total pot $36 | Rake $0.50
Board [7d 6d 6s 2c 6c]
Seat 3: cornetc (button) (small blind) mucked
Seat 4: Actionni13 (big blind) showed [4s 7s] and won ($35.50) with a full house, Sixes full of Sevens


PokerStars Hand #160792001527:  Hold'em Limit ($3/$6 USD) - 2016/11/02 12:07:31 ET
Table 'Pales II' 6-max Seat #4 is the button
Seat 3: cornetc ($50.50 in chips)
Seat 4: Actionni13 ($179.14 in chips)
Actionni13: posts small blind $1
cornetc: posts big blind $3
*** HOLE CARDS ***
Actionni13: raises $3 to $6
cornetc: folds
Uncalled bet ($3) returned to Actionni13
Actionni13 collected $6 from pot
Actionni13: doesn't show hand
*** SUMMARY ***
Total pot $6 | Rake $0
Seat 3: cornetc (big blind) folded before Flop
Seat 4: Actionni13 (button) (small blind) collected ($6)


PokerStars Hand #160791994154:  Hold'em Limit ($3/$6 USD) - 2016/11/02 12:07:21 ET
Table 'Pales II' 6-max Seat #3 is the button
Seat 3: cornetc ($59.50 in chips)
Seat 4: Actionni13 ($170.50 in chips)
cornetc: posts small blind $1
Actionni13: posts big blind $3
*** HOLE CARDS ***
cornetc: raises $3 to $6
Actionni13: raises $3 to $9
cornetc: calls $3
*** FLOP *** [Ah Ad 7s]
Actionni13: bets $3
cornetc: folds
Uncalled bet ($3) returned to Actionni13
Actionni13 collected $17.64 from pot
Actionni13: doesn't show hand
*** SUMMARY ***
Total pot $18 | Rake $0.36
Board [Ah Ad 7s]
Seat 3: cornetc (button) (small blind) folded on the Flop
Seat 4: Actionni13 (big blind) collected ($17.64)


PokerStars Hand #160791982118:  Hold'em Limit ($3/$6 USD) - 2016/11/02 12:07:04 ET
Table 'Pales II' 6-max Seat #4 is the button
Seat 3: cornetc ($80.50 in chips)
Seat 4: Actionni13 ($150 in chips)
Actionni13: posts small blind $1
cornetc: posts big blind $3
*** HOLE CARDS ***
Actionni13: raises $3 to $6
cornetc: calls $3
*** FLOP *** [2h 9d Jh]
cornetc: checks
Actionni13: bets $3
cornetc: calls $3
*** TURN *** [2h 9d Jh] [6h]
cornetc: checks
Actionni13: checks
*** RIVER *** [2h 9d Jh 6h] [2s]
cornetc: bets $6
Actionni13: raises $6 to $12
cornetc: calls $6
*** SHOW DOWN ***
Actionni13: shows [7d 2d] (three of a kind, Deuces)
cornetc: mucks hand
Actionni13 collected $41.50 from pot
*** SUMMARY ***
Total pot $42 | Rake $0.50
Board [2h 9d Jh 6h 2s]
Seat 3: cornetc (big blind) mucked
Seat 4: Actionni13 (button) (small blind) showed [7d 2d] and won ($41.50) with three of a kind, Deuces


PokerStars Hand #160792053378:  Hold'em Limit ($3/$6 USD) - 2016/11/02 12:08:41 ET
Table 'Pales II' 6-max Seat #3 is the button
Seat 3: cornetc ($35 in chips)
Seat 4: Actionni13 ($193.40 in chips)
cornetc: posts small blind $1
Actionni13: posts big blind $3
*** HOLE CARDS ***
cornetc: raises $3 to $6
Actionni13: raises $3 to $9
cornetc: calls $3
*** FLOP *** [Jd 7d 8c]
Actionni13: bets $3
cornetc: calls $3
*** TURN *** [Jd 7d 8c] [5c]
Actionni13: bets $6
cornetc: raises $6 to $12
Actionni13: calls $6
*** RIVER *** [Jd 7d 8c 5c] [9c]
Actionni13: checks
cornetc: bets $6
Actionni13: folds
Uncalled bet ($6) returned to cornetc
cornetc collected $47.50 from pot
cornetc: doesn't show hand
*** SUMMARY ***
Total pot $48 | Rake $0.50
Board [Jd 7d 8c 5c 9c]
Seat 3: cornetc (button) (small blind) collected ($47.50)
Seat 4: Actionni13 (big blind) folded on the River


PokerStars Hand #160792049265:  Hold'em Limit ($3/$6 USD) - 2016/11/02 12:08:35 ET
Table 'Pales II' 6-max Seat #4 is the button
Seat 3: cornetc ($38 in chips)
Seat 4: Actionni13 ($190.40 in chips)
Actionni13: posts small blind $1
cornetc: posts big blind $3
*** HOLE CARDS ***
Actionni13: raises $3 to $6
cornetc: folds
Uncalled bet ($3) returned to Actionni13
Actionni13 collected $6 from pot
Actionni13: doesn't show hand
*** SUMMARY ***
Total pot $6 | Rake $0
Seat 3: cornetc (big blind) folded before Flop
Seat 4: Actionni13 (button) (small blind) collected ($6)


PokerStars Hand #160792042177:  Hold'em Limit ($3/$6 USD) - 2016/11/02 12:08:25 ET
Table 'Pales II' 6-max Seat #3 is the button
Seat 3: cornetc ($35 in chips)
Seat 4: Actionni13 ($193.40 in chips)
cornetc: posts small blind $1
Actionni13: posts big blind $3
*** HOLE CARDS ***
cornetc: raises $3 to $6
Actionni13: folds
Uncalled bet ($3) returned to cornetc
cornetc collected $6 from pot
cornetc: doesn't show hand
*** SUMMARY ***
Total pot $6 | Rake $0
Seat 3: cornetc (button) (small blind) collected ($6)
Seat 4: Actionni13 (big blind) folded before Flop


PokerStars Hand #160792027994:  Hold'em Limit ($3/$6 USD) - 2016/11/02 12:08:06 ET
Table 'Pales II' 6-max Seat #4 is the button
Seat 3: cornetc ($20.50 in chips)
Seat 4: Actionni13 ($208.40 in chips)
Actionni13: posts small blind $1
cornetc: posts big blind $3
*** HOLE CARDS ***
Actionni13: raises $3 to $6
cornetc: calls $3
*** FLOP *** [Kc Th Jc]
cornetc: checks
Actionni13: bets $3
cornetc: calls $3
*** TURN *** [Kc Th Jc] [5s]
cornetc: checks
Actionni13: checks
*** RIVER *** [Kc Th Jc 5s] [4s]
cornetc: checks
Actionni13: bets $6
cornetc: calls $6
*** SHOW DOWN ***
Actionni13: shows [Td Ah] (a pair of Tens)
cornetc: shows [Jd 7h] (a pair of Jacks)
cornetc collected $29.50 from pot
*** SUMMARY ***
Total pot $30 | Rake $0.50
Board [Kc Th Jc 5s 4s]
Seat 3: cornetc (big blind) showed [Jd 7h] and won ($29.50) with a pair of Jacks
Seat 4: Actionni13 (button) (small blind) showed [Td Ah] and lost with a pair of Tens


PokerStars Hand #160792081015:  Hold'em Limit ($3/$6 USD) - 2016/11/02 12:09:18 ET
Table 'Pales II' 6-max Seat #4 is the button
Seat 3: cornetc ($54.50 in chips)
Seat 4: Actionni13 ($173.40 in chips)
Actionni13: posts small blind $1
cornetc: posts big blind $3
*** HOLE CARDS ***
Actionni13: raises $3 to $6
cornetc: calls $3
*** FLOP *** [8c 6d Jd]
cornetc: checks
Actionni13: bets $3
cornetc: calls $3
*** TURN *** [8c 6d Jd] [9c]
cornetc: checks
Actionni13: bets $6
cornetc: raises $6 to $12
Actionni13: calls $6
*** RIVER *** [8c 6d Jd 9c] [Ks]
cornetc: checks
Actionni13: checks
*** SHOW DOWN ***
cornetc: shows [Ac Jh] (a pair of Jacks)
Actionni13: mucks hand
cornetc collected $41.50 from pot
*** SUMMARY ***
Total pot $42 | Rake $0.50
Board [8c 6d Jd 9c Ks]
Seat 3: cornetc (big blind) showed [Ac Jh] and won ($41.50) with a pair of Jacks
Seat 4: Actionni13 (button) (small blind) mucked


PokerStars Hand #160792077652:  Hold'em Limit ($3/$6 USD) - 2016/11/02 12:09:14 ET
Table 'Pales II' 6-max Seat #3 is the button
Seat 3: cornetc ($55.50 in chips)
Seat 4: Actionni13 ($172.40 in chips)
cornetc: posts small blind $1
Actionni13: posts big blind $3
*** HOLE CARDS ***
cornetc: folds
Uncalled bet ($2) returned to Actionni13
Actionni13 collected $2 from pot
Actionni13: doesn't show hand
*** SUMMARY ***
Total pot $2 | Rake $0
Seat 3: cornetc (button) (small blind) folded before Flop
Seat 4: Actionni13 (big blind) collected ($2)


PokerStars Hand #160792072129:  Hold'em Limit ($3/$6 USD) - 2016/11/02 12:09:06 ET
Table 'Pales II' 6-max Seat #4 is the button
Seat 3: cornetc ($58.50 in chips)
Seat 4: Actionni13 ($169.40 in chips)
Actionni13: posts small blind $1
cornetc: posts big blind $3
*** HOLE CARDS ***
Actionni13: raises $3 to $6
cornetc: folds
Uncalled bet ($3) returned to Actionni13
Actionni13 collected $6 from pot
Actionni13: doesn't show hand
*** SUMMARY ***
Total pot $6 | Rake $0
Seat 3: cornetc (big blind) folded before Flop
Seat 4: Actionni13 (button) (small blind) collected ($6)


PokerStars Hand #160792151664:  Hold'em Limit ($3/$6 USD) - 2016/11/02 12:10:54 ET
Table 'Pales II' 6-max Seat #3 is the button
Seat 3: cornetc ($17.76 in chips)
Seat 4: Actionni13 ($207.92 in chips)
cornetc: posts small blind $1
Actionni13: posts big blind $3
*** HOLE CARDS ***
cornetc: raises $3 to $6
RockKillerTY joins the table at seat #5
Actionni13: calls $3
*** FLOP *** [9d 6c 7d]
Actionni13: checks
cornetc: checks
*** TURN *** [9d 6c 7d] [8c]
Actionni13: bets $6
cornetc: folds
Uncalled bet ($6) returned to Actionni13
Actionni13 collected $11.76 from pot
Actionni13: doesn't show hand
*** SUMMARY ***
Total pot $12 | Rake $0.24
Board [9d 6c 7d 8c]
Seat 3: cornetc (button) (small blind) folded on the Turn
Seat 4: Actionni13 (big blind) collected ($11.76)


PokerStars Hand #160792140214:  Hold'em Limit ($3/$6 USD) - 2016/11/02 12:10:38 ET
Table 'Pales II' 6-max Seat #4 is the button
Seat 3: cornetc ($53.76 in chips)
Seat 4: Actionni13 ($172.42 in chips)
Actionni13: posts small blind $1
cornetc: posts big blind $3
*** HOLE CARDS ***
Actionni13: raises $3 to $6
cornetc: calls $3
*** FLOP *** [2d 3h 4h]
cornetc: checks
Actionni13: checks
*** TURN *** [2d 3h 4h] [Qh]
cornetc: bets $6
Actionni13: raises $6 to $12
cornetc: calls $6
*** RIVER *** [2d 3h 4h Qh] [5c]
cornetc: bets $6
Actionni13: raises $6 to $12
cornetc: raises $6 to $18
Actionni13: calls $6
*** SHOW DOWN ***
cornetc: shows [4s Ad] (a straight, Ace to Five)
Actionni13: shows [6s Qs] (a straight, Deuce to Six)
Actionni13 collected $71.50 from pot
*** SUMMARY ***
Total pot $72 | Rake $0.50
Board [2d 3h 4h Qh 5c]
Seat 3: cornetc (big blind) showed [4s Ad] and lost with a straight, Ace to Five
Seat 4: Actionni13 (button) (small blind) showed [6s Qs] and won ($71.50) with a straight, Deuce to Six


PokerStars Hand #160792132018:  Hold'em Limit ($3/$6 USD) - 2016/11/02 12:10:27 ET
Table 'Pales II' 6-max Seat #3 is the button
Seat 3: cornetc ($48 in chips)
Seat 4: Actionni13 ($178.42 in chips)
cornetc: posts small blind $1
Actionni13: posts big blind $3
*** HOLE CARDS ***
cornetc: raises $3 to $6
Actionni13: calls $3
*** FLOP *** [6s 3d Ks]
Actionni13: checks
cornetc: bets $3
Actionni13: folds
Uncalled bet ($3) returned to cornetc
cornetc collected $11.76 from pot
cornetc: doesn't show hand
*** SUMMARY ***
Total pot $12 | Rake $0.24
Board [6s 3d Ks]
Seat 3: cornetc (button) (small blind) collected ($11.76)
Seat 4: Actionni13 (big blind) folded on the Flop


PokerStars Hand #160792120647:  Hold'em Limit ($3/$6 USD) - 2016/11/02 12:10:12 ET
Table 'Pales II' 6-max Seat #4 is the button
Seat 3: cornetc ($63 in chips)
Seat 4: Actionni13 ($163.92 in chips)
Actionni13: posts small blind $1
cornetc: posts big blind $3
*** HOLE CARDS ***
Actionni13: raises $3 to $6
cornetc: calls $3
*** FLOP *** [7d Kd Ts]
cornetc: checks
Actionni13: bets $3
cornetc: calls $3
*** TURN *** [7d Kd Ts] [4d]
cornetc: checks
Actionni13: bets $6
cornetc: calls $6
*** RIVER *** [7d Kd Ts 4d] [Qh]
cornetc: checks
Actionni13: bets $6
cornetc: folds
Uncalled bet ($6) returned to Actionni13
Actionni13 collected $29.50 from pot
Actionni13: doesn't show hand
*** SUMMARY ***
Total pot $30 | Rake $0.50
Board [7d Kd Ts 4d Qh]
Seat 3: cornetc (big blind) folded on the River
Seat 4: Actionni13 (button) (small blind) collected ($29.50)


PokerStars Hand #160792104614:  Hold'em Limit ($3/$6 USD) - 2016/11/02 12:09:50 ET
Table 'Pales II' 6-max Seat #3 is the button
Seat 3: cornetc ($75 in chips)
Seat 4: Actionni13 ($152.40 in chips)
cornetc: posts small blind $1
Actionni13: posts big blind $3
*** HOLE CARDS ***
cornetc: raises $3 to $6
Actionni13: raises $3 to $9
cornetc: calls $3
*** FLOP *** [2c Th Qs]
Actionni13: bets $3
cornetc: calls $3
*** TURN *** [2c Th Qs] [4d]
Actionni13: bets $6
cornetc: folds
Uncalled bet ($6) returned to Actionni13
Actionni13 collected $23.52 from pot
Actionni13: doesn't show hand
*** SUMMARY ***
Total pot $24 | Rake $0.48
Board [2c Th Qs 4d]
Seat 3: cornetc (button) (small blind) folded on the Turn
Seat 4: Actionni13 (big blind) collected ($23.52)


