PokerStars Hand #168422693970:  Hold'em Limit ($3/$6 USD) - 2017/04/01 12:10:26 ET
Table 'Pales II' 6-max Seat #3 is the button
Seat 3: gregas75 ($244.61 in chips)
Seat 4: VolkovDmitri ($120 in chips)
gregas75: posts small blind $1
VolkovDmitri: posts big blind $3
*** HOLE CARDS ***
vestimokrec joins the table at seat #5
gregas75: calls $2
VolkovDmitri: raises $3 to $6
gregas75: calls $3
*** FLOP *** [Qh Ah 5c]
VolkovDmitri: bets $3
gregas75: raises $3 to $6
VolkovDmitri: folds
Uncalled bet ($3) returned to gregas75
gregas75 collected $17.64 from pot
gregas75: doesn't show hand
*** SUMMARY ***
Total pot $18 | Rake $0.36
Board [Qh Ah 5c]
Seat 3: gregas75 (button) (small blind) collected ($17.64)
Seat 4: VolkovDmitri (big blind) folded on the Flop


PokerStars Hand #168425504077:  Hold'em Limit ($3/$6 USD) - 2017/04/01 13:10:45 ET
Table 'Pales II' 6-max Seat #1 is the button
Seat 1: Krazy90 ($268.77 in chips)
Seat 5: alpha2777 ($114.48 in chips)
Krazy90: posts small blind $1
HAL9QQQ: is sitting out
alpha2777: posts big blind $3
*** HOLE CARDS ***
Krazy90: raises $3 to $6
alpha2777: calls $3
*** FLOP *** [9c Td Qc]
alpha2777: checks
Krazy90: checks
*** TURN *** [9c Td Qc] [Tc]
alpha2777: bets $6
Krazy90: folds
Uncalled bet ($6) returned to alpha2777
HAL9QQQ leaves the table
alpha2777 collected $11.76 from pot
alpha2777: doesn't show hand
*** SUMMARY ***
Total pot $12 | Rake $0.24
Board [9c Td Qc Tc]
Seat 1: Krazy90 (button) (small blind) folded on the Turn
Seat 5: alpha2777 (big blind) collected ($11.76)


PokerStars Hand #168425515036:  Hold'em Limit ($3/$6 USD) - 2017/04/01 13:10:58 ET
Table 'Pales II' 6-max Seat #5 is the button
Seat 1: Krazy90 ($262.77 in chips)
Seat 5: alpha2777 ($120.24 in chips)
alpha2777: posts small blind $1
Krazy90: posts big blind $3
*** HOLE CARDS ***
alpha2777: folds
Uncalled bet ($2) returned to Krazy90
Krazy90 collected $2 from pot
Krazy90: doesn't show hand
alpha2777 leaves the table
*** SUMMARY ***
Total pot $2 | Rake $0
Seat 1: Krazy90 (big blind) collected ($2)
Seat 5: alpha2777 (button) (small blind) folded before Flop


