PokerStars Hand #174732358363:  Hold'em Limit ($3/$6 USD) - 2017/08/24 9:32:06 ET
Table 'Palinurus' 6-max Seat #2 is the button
Seat 2: marieke19522 ($103.32 in chips)
Seat 3: vestimokrec ($120 in chips)
marieke19522: posts small blind $1
vestimokrec: posts big blind $3
*** HOLE CARDS ***
marieke19522: calls $2
vestimokrec: checks
*** FLOP *** [3s Th Tc]
vestimokrec: checks
marieke19522: checks
*** TURN *** [3s Th Tc] [2c]
vestimokrec: bets $6
marieke19522: calls $6
*** RIVER *** [3s Th Tc 2c] [4s]
vestimokrec: bets $6
marieke19522: raises $6 to $12
vestimokrec: calls $6
*** SHOW DOWN ***
marieke19522: shows [3d 3c] (a full house, Threes full of Tens)
vestimokrec: mucks hand
marieke19522 collected $41.50 from pot
*** SUMMARY ***
Total pot $42 | Rake $0.50
Board [3s Th Tc 2c 4s]
Seat 2: marieke19522 (button) (small blind) showed [3d 3c] and won ($41.50) with a full house, Threes full of Tens
Seat 3: vestimokrec (big blind) mucked


PokerStars Hand #174732380437:  Hold'em Limit ($3/$6 USD) - 2017/08/24 9:32:49 ET
Table 'Palinurus' 6-max Seat #3 is the button
Seat 2: marieke19522 ($123.82 in chips)
Seat 3: vestimokrec ($99 in chips)
vestimokrec: posts small blind $1
marieke19522: posts big blind $3
*** HOLE CARDS ***
vestimokrec: raises $3 to $6
marieke19522: calls $3
*** FLOP *** [Qc 7d Jh]
marieke19522: checks
vestimokrec: checks
*** TURN *** [Qc 7d Jh] [5c]
marieke19522: checks
vestimokrec: bets $6
marieke19522: folds
Uncalled bet ($6) returned to vestimokrec
vestimokrec collected $11.76 from pot
vestimokrec: doesn't show hand
*** SUMMARY ***
Total pot $12 | Rake $0.24
Board [Qc 7d Jh 5c]
Seat 2: marieke19522 (big blind) folded on the Turn
Seat 3: vestimokrec (button) (small blind) collected ($11.76)


PokerStars Hand #174732401607:  Hold'em Limit ($3/$6 USD) - 2017/08/24 9:33:30 ET
Table 'Palinurus' 6-max Seat #3 is the button
Seat 2: marieke19522 ($116.82 in chips)
Seat 3: vestimokrec ($105.76 in chips)
vestimokrec: posts small blind $1
marieke19522: posts big blind $3
*** HOLE CARDS ***
vestimokrec: raises $3 to $6
marieke19522: calls $3
*** FLOP *** [As 8h Kc]
marieke19522: checks
vestimokrec: bets $3
marieke19522: calls $3
*** TURN *** [As 8h Kc] [5c]
marieke19522: checks
vestimokrec: checks
*** RIVER *** [As 8h Kc 5c] [2c]
marieke19522: bets $6
vestimokrec: folds
Uncalled bet ($6) returned to marieke19522
marieke19522 collected $17.64 from pot
*** SUMMARY ***
Total pot $18 | Rake $0.36
Board [As 8h Kc 5c 2c]
Seat 2: marieke19522 (big blind) collected ($17.64)
Seat 3: vestimokrec (button) (small blind) folded on the River


PokerStars Hand #174732425084:  Hold'em Limit ($3/$6 USD) - 2017/08/24 9:34:16 ET
Table 'Palinurus' 6-max Seat #2 is the button
Seat 2: marieke19522 ($125.46 in chips)
Seat 3: vestimokrec ($96.76 in chips)
marieke19522: posts small blind $1
vestimokrec: posts big blind $3
*** HOLE CARDS ***
marieke19522: folds
Uncalled bet ($2) returned to vestimokrec
vestimokrec collected $2 from pot
vestimokrec: doesn't show hand
*** SUMMARY ***
Total pot $2 | Rake $0
Seat 2: marieke19522 (button) (small blind) folded before Flop
Seat 3: vestimokrec (big blind) collected ($2)


PokerStars Hand #174732398952:  Hold'em Limit ($3/$6 USD) - 2017/08/24 9:33:25 ET
Table 'Palinurus' 6-max Seat #2 is the button
Seat 2: marieke19522 ($117.82 in chips)
Seat 3: vestimokrec ($104.76 in chips)
marieke19522: posts small blind $1
vestimokrec: posts big blind $3
*** HOLE CARDS ***
marieke19522: folds
Uncalled bet ($2) returned to vestimokrec
vestimokrec collected $2 from pot
vestimokrec: doesn't show hand
*** SUMMARY ***
Total pot $2 | Rake $0
Seat 2: marieke19522 (button) (small blind) folded before Flop
Seat 3: vestimokrec (big blind) collected ($2)


PokerStars Hand #174732438288:  Hold'em Limit ($3/$6 USD) - 2017/08/24 9:34:41 ET
Table 'Palinurus' 6-max Seat #2 is the button
Seat 2: marieke19522 ($138.96 in chips)
Seat 3: vestimokrec ($82.76 in chips)
marieke19522: posts small blind $1
vestimokrec: posts big blind $3
*** HOLE CARDS ***
marieke19522: folds
Uncalled bet ($2) returned to vestimokrec
vestimokrec collected $2 from pot
vestimokrec: doesn't show hand
*** SUMMARY ***
Total pot $2 | Rake $0
Seat 2: marieke19522 (button) (small blind) folded before Flop
Seat 3: vestimokrec (big blind) collected ($2)


PokerStars Hand #174732427906:  Hold'em Limit ($3/$6 USD) - 2017/08/24 9:34:21 ET
Table 'Palinurus' 6-max Seat #3 is the button
Seat 2: marieke19522 ($124.46 in chips)
Seat 3: vestimokrec ($97.76 in chips)
vestimokrec: posts small blind $1
marieke19522: posts big blind $3
*** HOLE CARDS ***
vestimokrec: raises $3 to $6
marieke19522: calls $3
*** FLOP *** [4s Ad 3c]
marieke19522: checks
vestimokrec: bets $3
marieke19522: calls $3
*** TURN *** [4s Ad 3c] [Kd]
marieke19522: checks
vestimokrec: checks
*** RIVER *** [4s Ad 3c Kd] [5s]
marieke19522: bets $6
vestimokrec: calls $6
*** SHOW DOWN ***
marieke19522: shows [Ac 9h] (a pair of Aces)
vestimokrec: mucks hand
marieke19522 collected $29.50 from pot
*** SUMMARY ***
Total pot $30 | Rake $0.50
Board [4s Ad 3c Kd 5s]
Seat 2: marieke19522 (big blind) showed [Ac 9h] and won ($29.50) with a pair of Aces
Seat 3: vestimokrec (button) (small blind) mucked


PokerStars Hand #174732440673:  Hold'em Limit ($3/$6 USD) - 2017/08/24 9:34:46 ET
Table 'Palinurus' 6-max Seat #3 is the button
Seat 2: marieke19522 ($137.96 in chips)
Seat 3: vestimokrec ($83.76 in chips)
vestimokrec: posts small blind $1
marieke19522: posts big blind $3
*** HOLE CARDS ***
vestimokrec: raises $3 to $6
marieke19522: calls $3
*** FLOP *** [Ts 5c 4c]
marieke19522: checks
vestimokrec: bets $3
marieke19522: calls $3
*** TURN *** [Ts 5c 4c] [3d]
marieke19522: checks
vestimokrec: bets $6
marieke19522: calls $6
*** RIVER *** [Ts 5c 4c 3d] [Kd]
marieke19522: checks
vestimokrec: bets $6
marieke19522: folds
Uncalled bet ($6) returned to vestimokrec
vestimokrec collected $29.50 from pot
vestimokrec: doesn't show hand
*** SUMMARY ***
Total pot $30 | Rake $0.50
Board [Ts 5c 4c 3d Kd]
Seat 2: marieke19522 (big blind) folded on the River
Seat 3: vestimokrec (button) (small blind) collected ($29.50)


PokerStars Hand #174732456617:  Hold'em Limit ($3/$6 USD) - 2017/08/24 9:35:17 ET
Table 'Palinurus' 6-max Seat #2 is the button
Seat 2: marieke19522 ($122.96 in chips)
Seat 3: vestimokrec ($98.26 in chips)
marieke19522: posts small blind $1
vestimokrec: posts big blind $3
*** HOLE CARDS ***
marieke19522: raises $3 to $6
vestimokrec: calls $3
*** FLOP *** [6c 5d 7d]
vestimokrec: checks
marieke19522: bets $3
vestimokrec: calls $3
*** TURN *** [6c 5d 7d] [9s]
vestimokrec: checks
marieke19522: checks
*** RIVER *** [6c 5d 7d 9s] [Qd]
vestimokrec: bets $6
marieke19522: calls $6
*** SHOW DOWN ***
vestimokrec: shows [8h Th] (a straight, Six to Ten)
marieke19522: mucks hand
vestimokrec collected $29.50 from pot
*** SUMMARY ***
Total pot $30 | Rake $0.50
Board [6c 5d 7d 9s Qd]
Seat 2: marieke19522 (button) (small blind) mucked
Seat 3: vestimokrec (big blind) showed [8h Th] and won ($29.50) with a straight, Six to Ten


PokerStars Hand #174732496352:  Hold'em Limit ($3/$6 USD) - 2017/08/24 9:36:35 ET
Table 'Palinurus' 6-max Seat #2 is the button
Seat 2: marieke19522 ($119.48 in chips)
Seat 3: vestimokrec ($100.76 in chips)
marieke19522: posts small blind $1
vestimokrec: posts big blind $3
*** HOLE CARDS ***
marieke19522: raises $3 to $6
vestimokrec: calls $3
*** FLOP *** [9h Ah 2c]
vestimokrec: checks
marieke19522: bets $3
vestimokrec: raises $3 to $6
marieke19522: calls $3
*** TURN *** [9h Ah 2c] [Tc]
vestimokrec: bets $6
marieke19522: raises $6 to $12
vestimokrec: folds
Uncalled bet ($6) returned to marieke19522
marieke19522 collected $35.50 from pot
*** SUMMARY ***
Total pot $36 | Rake $0.50
Board [9h Ah 2c Tc]
Seat 2: marieke19522 (button) (small blind) collected ($35.50)
Seat 3: vestimokrec (big blind) folded on the Turn


PokerStars Hand #174732519863:  Hold'em Limit ($3/$6 USD) - 2017/08/24 9:37:21 ET
Table 'Palinurus' 6-max Seat #2 is the button
Seat 2: marieke19522 ($130.98 in chips)
Seat 3: vestimokrec ($88.52 in chips)
marieke19522: posts small blind $1
vestimokrec: posts big blind $3
*** HOLE CARDS ***
marieke19522: folds
Uncalled bet ($2) returned to vestimokrec
vestimokrec collected $2 from pot
vestimokrec: doesn't show hand
*** SUMMARY ***
Total pot $2 | Rake $0
Seat 2: marieke19522 (button) (small blind) folded before Flop
Seat 3: vestimokrec (big blind) collected ($2)


PokerStars Hand #174732512160:  Hold'em Limit ($3/$6 USD) - 2017/08/24 9:37:06 ET
Table 'Palinurus' 6-max Seat #3 is the button
Seat 2: marieke19522 ($136.98 in chips)
Seat 3: vestimokrec ($82.76 in chips)
vestimokrec: posts small blind $1
marieke19522: posts big blind $3
*** HOLE CARDS ***
vestimokrec: raises $3 to $6
marieke19522: calls $3
*** FLOP *** [Jc Kd Td]
marieke19522: checks
vestimokrec: bets $3
kote1969 joins the table at seat #6
marieke19522: folds
Uncalled bet ($3) returned to vestimokrec
vestimokrec collected $11.76 from pot
vestimokrec: doesn't show hand
*** SUMMARY ***
Total pot $12 | Rake $0.24
Board [Jc Kd Td]
Seat 2: marieke19522 (big blind) folded on the Flop
Seat 3: vestimokrec (button) (small blind) collected ($11.76)


PokerStars Hand #174732478848:  Hold'em Limit ($3/$6 USD) - 2017/08/24 9:36:01 ET
Table 'Palinurus' 6-max Seat #3 is the button
Seat 2: marieke19522 ($107.96 in chips)
Seat 3: vestimokrec ($112.76 in chips)
vestimokrec: posts small blind $1
marieke19522: posts big blind $3
*** HOLE CARDS ***
vestimokrec: raises $3 to $6
marieke19522: raises $3 to $9
vestimokrec: calls $3
*** FLOP *** [2d 4h Ts]
marieke19522: bets $3
vestimokrec: calls $3
*** TURN *** [2d 4h Ts] [9s]
marieke19522: bets $6
vestimokrec: folds
Uncalled bet ($6) returned to marieke19522
marieke19522 collected $23.52 from pot
*** SUMMARY ***
Total pot $24 | Rake $0.48
Board [2d 4h Ts 9s]
Seat 2: marieke19522 (big blind) collected ($23.52)
Seat 3: vestimokrec (button) (small blind) folded on the Turn


PokerStars Hand #174732596444:  Hold'em Limit ($3/$6 USD) - 2017/08/24 9:39:50 ET
Table 'Palinurus' 6-max Seat #5 is the button
Seat 5: ELCapitano26 ($94.75 in chips)
Seat 6: kote1969 ($72.34 in chips)
ELCapitano26: posts small blind $1
kote1969: posts big blind $3
*** HOLE CARDS ***
ELCapitano26: folds
Uncalled bet ($2) returned to kote1969
kote1969 collected $2 from pot
*** SUMMARY ***
Total pot $2 | Rake $0
Seat 5: ELCapitano26 (button) (small blind) folded before Flop
Seat 6: kote1969 (big blind) collected ($2)


PokerStars Hand #174732587843:  Hold'em Limit ($3/$6 USD) - 2017/08/24 9:39:33 ET
Table 'Palinurus' 6-max Seat #6 is the button
Seat 5: ELCapitano26 ($100.75 in chips)
Seat 6: kote1969 ($66.58 in chips)
vestimokrec joins the table at seat #1
kote1969: posts small blind $1
ELCapitano26: posts big blind $3
*** HOLE CARDS ***
kote1969: calls $2
ELCapitano26: checks
*** FLOP *** [9c Th 6s]
ELCapitano26: checks
kote1969: bets $3
ELCapitano26: calls $3
*** TURN *** [9c Th 6s] [7c]
ELCapitano26: checks
naspirkataa joins the table at seat #2
kote1969: bets $6
ELCapitano26: folds
Uncalled bet ($6) returned to kote1969
kote1969 collected $11.76 from pot
*** SUMMARY ***
Total pot $12 | Rake $0.24
Board [9c Th 6s 7c]
Seat 5: ELCapitano26 (big blind) folded on the Turn
Seat 6: kote1969 (button) (small blind) collected ($11.76)


PokerStars Hand #174735175276:  Hold'em Limit ($3/$6 USD) - 2017/08/24 11:01:35 ET
Table 'Palinurus' 6-max Seat #3 is the button
Seat 3: Pelurile ($95.02 in chips)
Seat 6: HAL9QQQ ($120.84 in chips)
Pelurile: posts small blind $1
HAL9QQQ: posts big blind $3
*** HOLE CARDS ***
Pelurile: raises $3 to $6
HAL9QQQ: folds
Uncalled bet ($3) returned to Pelurile
Pelurile collected $6 from pot
Pelurile: doesn't show hand
*** SUMMARY ***
Total pot $6 | Rake $0
Seat 3: Pelurile (button) (small blind) collected ($6)
Seat 6: HAL9QQQ (big blind) folded before Flop


