PokerStars Hand #156329336600:  Hold'em Limit ($3/$6 USD) - 2016/07/23 4:55:00 ET
Table 'Palisana' 10-max Seat #7 is the button
Seat 1: 35Front9 ($108 in chips)
Seat 7: VolkovDmitri ($131.52 in chips)
VolkovDmitri: posts small blind $1
35Front9: posts big blind $3
*** HOLE CARDS ***
VolkovDmitri: raises $3 to $6
35Front9: calls $3
*** FLOP *** [9c Qh 2s]
35Front9: bets $3
VolkovDmitri: raises $3 to $6
35Front9: folds
Uncalled bet ($3) returned to VolkovDmitri
VolkovDmitri collected $17.64 from pot
VolkovDmitri: doesn't show hand
*** SUMMARY ***
Total pot $18 | Rake $0.36
Board [9c Qh 2s]
Seat 1: 35Front9 (big blind) folded on the Flop
Seat 7: VolkovDmitri (button) (small blind) collected ($17.64)


PokerStars Hand #156329328231:  Hold'em Limit ($3/$6 USD) - 2016/07/23 4:54:35 ET
Table 'Palisana' 10-max Seat #1 is the button
Seat 1: 35Front9 ($120 in chips)
Seat 7: VolkovDmitri ($120 in chips)
35Front9: posts small blind $1
VolkovDmitri: posts big blind $3
*** HOLE CARDS ***
35Front9: raises $3 to $6
VolkovDmitri: calls $3
*** FLOP *** [7c Jc 2s]
VolkovDmitri: checks
35Front9: bets $3
VolkovDmitri: raises $3 to $6
35Front9: calls $3
*** TURN *** [7c Jc 2s] [8d]
VolkovDmitri: bets $6
35Front9: folds
Uncalled bet ($6) returned to VolkovDmitri
VolkovDmitri collected $23.52 from pot
VolkovDmitri: doesn't show hand
*** SUMMARY ***
Total pot $24 | Rake $0.48
Board [7c Jc 2s 8d]
Seat 1: 35Front9 (button) (small blind) folded on the Turn
Seat 7: VolkovDmitri (big blind) collected ($23.52)


PokerStars Hand #156329345275:  Hold'em Limit ($3/$6 USD) - 2016/07/23 4:55:28 ET
Table 'Palisana' 10-max Seat #1 is the button
Seat 1: 35Front9 ($99 in chips)
Seat 7: VolkovDmitri ($140.16 in chips)
35Front9: posts small blind $1
VolkovDmitri: posts big blind $3
*** HOLE CARDS ***
35Front9: calls $2
VolkovDmitri: raises $3 to $6
35Front9: calls $3
*** FLOP *** [Tc 8h Ad]
VolkovDmitri: checks
35Front9: bets $3
VolkovDmitri: folds
Uncalled bet ($3) returned to 35Front9
35Front9 collected $11.76 from pot
35Front9: doesn't show hand
*** SUMMARY ***
Total pot $12 | Rake $0.24
Board [Tc 8h Ad]
Seat 1: 35Front9 (button) (small blind) collected ($11.76)
Seat 7: VolkovDmitri (big blind) folded on the Flop


PokerStars Hand #156329373647:  Hold'em Limit ($3/$6 USD) - 2016/07/23 4:57:03 ET
Table 'Palisana' 10-max Seat #7 is the button
Seat 1: 35Front9 ($115.28 in chips)
Seat 7: VolkovDmitri ($123.16 in chips)
VolkovDmitri: posts small blind $1
35Front9: posts big blind $3
*** HOLE CARDS ***
VolkovDmitri: folds
Uncalled bet ($2) returned to 35Front9
35Front9 collected $2 from pot
35Front9: doesn't show hand
*** SUMMARY ***
Total pot $2 | Rake $0
Seat 1: 35Front9 (big blind) collected ($2)
Seat 7: VolkovDmitri (button) (small blind) folded before Flop


PokerStars Hand #156329372166:  Hold'em Limit ($3/$6 USD) - 2016/07/23 4:56:58 ET
Table 'Palisana' 10-max Seat #1 is the button
Seat 1: 35Front9 ($116.28 in chips)
Seat 7: VolkovDmitri ($122.16 in chips)
35Front9: posts small blind $1
VolkovDmitri: posts big blind $3
*** HOLE CARDS ***
35Front9: folds
Uncalled bet ($2) returned to VolkovDmitri
VolkovDmitri collected $2 from pot
VolkovDmitri: doesn't show hand
*** SUMMARY ***
Total pot $2 | Rake $0
Seat 1: 35Front9 (button) (small blind) folded before Flop
Seat 7: VolkovDmitri (big blind) collected ($2)


PokerStars Hand #156329358752:  Hold'em Limit ($3/$6 USD) - 2016/07/23 4:56:14 ET
Table 'Palisana' 10-max Seat #7 is the button
Seat 1: 35Front9 ($104.76 in chips)
Seat 7: VolkovDmitri ($134.16 in chips)
VolkovDmitri: posts small blind $1
35Front9: posts big blind $3
*** HOLE CARDS ***
VolkovDmitri: raises $3 to $6
35Front9: calls $3
*** FLOP *** [3s 2d 8h]
35Front9: checks
VolkovDmitri: bets $3
35Front9: raises $3 to $6
VolkovDmitri: calls $3
*** TURN *** [3s 2d 8h] [Th]
35Front9: bets $6
VolkovDmitri: folds
Uncalled bet ($6) returned to 35Front9
35Front9 collected $23.52 from pot
35Front9: doesn't show hand
*** SUMMARY ***
Total pot $24 | Rake $0.48
Board [3s 2d 8h Th]
Seat 1: 35Front9 (big blind) collected ($23.52)
Seat 7: VolkovDmitri (button) (small blind) folded on the Turn


PokerStars Hand #156329391271:  Hold'em Limit ($3/$6 USD) - 2016/07/23 4:58:01 ET
Table 'Palisana' 10-max Seat #7 is the button
Seat 1: 35Front9 ($83.28 in chips)
Seat 7: VolkovDmitri ($154.66 in chips)
VolkovDmitri: posts small blind $1
35Front9: posts big blind $3
*** HOLE CARDS ***
VolkovDmitri: raises $3 to $6
35Front9: calls $3
*** FLOP *** [Jh 3h Ts]
35Front9: bets $3
VolkovDmitri: raises $3 to $6
35Front9: folds
Uncalled bet ($3) returned to VolkovDmitri
VolkovDmitri collected $17.64 from pot
VolkovDmitri: doesn't show hand
*** SUMMARY ***
Total pot $18 | Rake $0.36
Board [Jh 3h Ts]
Seat 1: 35Front9 (big blind) folded on the Flop
Seat 7: VolkovDmitri (button) (small blind) collected ($17.64)


PokerStars Hand #156329377332:  Hold'em Limit ($3/$6 USD) - 2016/07/23 4:57:15 ET
Table 'Palisana' 10-max Seat #1 is the button
Seat 1: 35Front9 ($116.28 in chips)
Seat 7: VolkovDmitri ($122.16 in chips)
35Front9: posts small blind $1
VolkovDmitri: posts big blind $3
*** HOLE CARDS ***
35Front9: raises $3 to $6
VolkovDmitri: raises $3 to $9
35Front9: calls $3
*** FLOP *** [Tc Ac 7h]
VolkovDmitri: bets $3
35Front9: raises $3 to $6
VolkovDmitri: calls $3
*** TURN *** [Tc Ac 7h] [Qh]
VolkovDmitri: checks
35Front9: bets $6
VolkovDmitri: raises $6 to $12
35Front9: calls $6
*** RIVER *** [Tc Ac 7h Qh] [9s]
VolkovDmitri: bets $6
35Front9: calls $6
*** SHOW DOWN ***
VolkovDmitri: shows [Ks Js] (a straight, Ten to Ace)
35Front9: mucks hand
VolkovDmitri collected $65.50 from pot
*** SUMMARY ***
Total pot $66 | Rake $0.50
Board [Tc Ac 7h Qh 9s]
Seat 1: 35Front9 (button) (small blind) mucked
Seat 7: VolkovDmitri (big blind) showed [Ks Js] and won ($65.50) with a straight, Ten to Ace


