PokerStars Hand #166741383601:  Hold'em Limit ($3/$6 USD) - 2017/02/25 6:30:26 ET
Table 'Pallas II' 6-max Seat #1 is the button
Seat 1: Rus29APX ($99 in chips)
Seat 6: kolaz03 ($91.74 in chips)
Rus29APX: posts small blind $1
japachess: is sitting out
kolaz03: posts big blind $3
japachess leaves the table
*** HOLE CARDS ***
Rus29APX: raises $3 to $6
kolaz03: folds
Uncalled bet ($3) returned to Rus29APX
Rus29APX collected $6 from pot
Rus29APX: doesn't show hand
*** SUMMARY ***
Total pot $6 | Rake $0
Seat 1: Rus29APX (button) (small blind) collected ($6)
Seat 6: kolaz03 (big blind) folded before Flop


PokerStars Hand #166741388025:  Hold'em Limit ($3/$6 USD) - 2017/02/25 6:30:35 ET
Table 'Pallas II' 6-max Seat #6 is the button
Seat 1: Rus29APX ($102 in chips)
Seat 6: kolaz03 ($88.74 in chips)
kolaz03: posts small blind $1
Rus29APX: posts big blind $3
*** HOLE CARDS ***
kolaz03: raises $3 to $6
Rus29APX: calls $3
*** FLOP *** [7d Ah 8h]
Rus29APX: checks
kolaz03: bets $3
Rus29APX: raises $3 to $6
kolaz03: calls $3
*** TURN *** [7d Ah 8h] [3d]
Rus29APX: bets $6
kolaz03: calls $6
*** RIVER *** [7d Ah 8h 3d] [Jd]
Rus29APX: bets $6
kolaz03: calls $6
*** SHOW DOWN ***
Rus29APX: shows [5c 6d] (high card Ace)
kolaz03: shows [2s Kh] (high card Ace - King kicker)
kolaz03 collected $47.50 from pot
*** SUMMARY ***
Total pot $48 | Rake $0.50
Board [7d Ah 8h 3d Jd]
Seat 1: Rus29APX (big blind) showed [5c 6d] and lost with high card Ace
Seat 6: kolaz03 (button) (small blind) showed [2s Kh] and won ($47.50) with high card Ace


