PokerStars Hand #144791465183:  Hold'em Limit ($3/$6 USD) - 2015/12/03 23:38:04 ET
Table 'Pallas II' 6-max Seat #4 is the button
Seat 3: skaluah ($142.33 in chips)
Seat 4: Velbor107 ($265.10 in chips)
Velbor107: posts small blind $1
skaluah: posts big blind $3
*** HOLE CARDS ***
Velbor107: raises $3 to $6
Bubman78 joins the table at seat #6
skaluah: calls $3
*** FLOP *** [5d 7s Jh]
skaluah: checks
Velbor107: bets $3
skaluah: calls $3
*** TURN *** [5d 7s Jh] [Jc]
ct-650 leaves the table
skaluah: checks
Velbor107: bets $6
skaluah: calls $6
*** RIVER *** [5d 7s Jh Jc] [8d]
skaluah: checks
Velbor107: checks
*** SHOW DOWN ***
skaluah: shows [7h As] (two pair, Jacks and Sevens)
Velbor107: mucks hand
skaluah collected $29.50 from pot
alexslep joins the table at seat #1
*** SUMMARY ***
Total pot $30 | Rake $0.50
Board [5d 7s Jh Jc 8d]
Seat 3: skaluah (big blind) showed [7h As] and won ($29.50) with two pair, Jacks and Sevens
Seat 4: Velbor107 (button) (small blind) mucked


PokerStars Hand #144791458559:  Hold'em Limit ($3/$6 USD) - 2015/12/03 23:37:40 ET
Table 'Pallas II' 6-max Seat #3 is the button
Seat 3: skaluah ($136.57 in chips)
Seat 4: Velbor107 ($271.10 in chips)
skaluah: posts small blind $1
Velbor107: posts big blind $3
*** HOLE CARDS ***
skaluah: raises $3 to $6
Velbor107: calls $3
*** FLOP *** [6s Tc Qs]
Velbor107: checks
skaluah: bets $3
Velbor107: folds
Uncalled bet ($3) returned to skaluah
skaluah collected $11.76 from pot
*** SUMMARY ***
Total pot $12 | Rake $0.24
Board [6s Tc Qs]
Seat 3: skaluah (button) (small blind) collected ($11.76)
Seat 4: Velbor107 (big blind) folded on the Flop


PokerStars Hand #144791477620:  Hold'em Limit ($3/$6 USD) - 2015/12/03 23:38:49 ET
Table 'Pallas II' 6-max Seat #3 is the button
Seat 3: skaluah ($156.83 in chips)
Seat 4: Velbor107 ($250.10 in chips)
skaluah: posts small blind $1
Velbor107: posts big blind $3
*** HOLE CARDS ***
skaluah: raises $3 to $6
Velbor107: calls $3
*** FLOP *** [2c 9d 8c]
Velbor107: bets $3
skaluah: calls $3
*** TURN *** [2c 9d 8c] [3d]
Velbor107: checks
skaluah: bets $6
Velbor107: calls $6
*** RIVER *** [2c 9d 8c 3d] [Jh]
Velbor107: checks
skaluah: bets $6
Velbor107: raises $6 to $12
skaluah: calls $6
*** SHOW DOWN ***
Velbor107: shows [Td Qc] (a straight, Eight to Queen)
skaluah: mucks hand
Velbor107 collected $53.50 from pot
*** SUMMARY ***
Total pot $54 | Rake $0.50
Board [2c 9d 8c 3d Jh]
Seat 3: skaluah (button) (small blind) mucked
Seat 4: Velbor107 (big blind) showed [Td Qc] and won ($53.50) with a straight, Eight to Queen


