PokerStars Hand #145058326759:  Hold'em Limit ($3/$6 USD) - 2015/12/09 0:56:42 ET
Table 'Palma II' 6-max Seat #1 is the button
Seat 1: _fayzulllo_ ($70 in chips)
Seat 4: Agrotait ($73.88 in chips)
_fayzulllo_: posts small blind $1
Agrotait: posts big blind $3
*** HOLE CARDS ***
_fayzulllo_: raises $3 to $6
Agrotait: raises $3 to $9
_fayzulllo_: calls $3
*** FLOP *** [6h 8h 8c]
Agrotait: bets $3
_fayzulllo_: calls $3
*** TURN *** [6h 8h 8c] [3s]
scorpio04 joins the table at seat #2
Agrotait: bets $6
_fayzulllo_: calls $6
*** RIVER *** [6h 8h 8c 3s] [3h]
Agrotait: checks
_fayzulllo_: checks
*** SHOW DOWN ***
Agrotait: shows [Kh Ac] (two pair, Eights and Threes)
_fayzulllo_: mucks hand
Agrotait collected $35.50 from pot
*** SUMMARY ***
Total pot $36 | Rake $0.50
Board [6h 8h 8c 3s 3h]
Seat 1: _fayzulllo_ (button) (small blind) mucked
Seat 4: Agrotait (big blind) showed [Kh Ac] and won ($35.50) with two pair, Eights and Threes


PokerStars Hand #145058321970:  Hold'em Limit ($3/$6 USD) - 2015/12/09 0:56:21 ET
Table 'Palma II' 6-max Seat #4 is the button
Seat 1: _fayzulllo_ ($69 in chips)
Seat 4: Agrotait ($74.88 in chips)
Agrotait: posts small blind $1
_fayzulllo_: posts big blind $3
*** HOLE CARDS ***
Agrotait: folds
Uncalled bet ($2) returned to _fayzulllo_
_fayzulllo_ collected $2 from pot
_fayzulllo_: doesn't show hand
*** SUMMARY ***
Total pot $2 | Rake $0
Seat 1: _fayzulllo_ (big blind) collected ($2)
Seat 4: Agrotait (button) (small blind) folded before Flop


PokerStars Hand #145058525733:  Hold'em Limit ($3/$6 USD) - 2015/12/09 1:09:26 ET
Table 'Palma II' 6-max Seat #2 is the button
Seat 1: _fayzulllo_ ($87.78 in chips)
Seat 2: scorpio04 ($90.02 in chips)
scorpio04: posts small blind $1
Agrotait: is sitting out
_fayzulllo_: posts big blind $3
*** HOLE CARDS ***
scorpio04: raises $3 to $6
_fayzulllo_: calls $3
*** FLOP *** [6h 4d 8c]
_fayzulllo_: checks
scorpio04: bets $3
_fayzulllo_: calls $3
*** TURN *** [6h 4d 8c] [Qc]
_fayzulllo_: checks
scorpio04: bets $6
_fayzulllo_: raises $6 to $12
scorpio04: folds
Uncalled bet ($6) returned to _fayzulllo_
_fayzulllo_ collected $29.50 from pot
_fayzulllo_: doesn't show hand
*** SUMMARY ***
Total pot $30 | Rake $0.50
Board [6h 4d 8c Qc]
Seat 1: _fayzulllo_ (big blind) collected ($29.50)
Seat 2: scorpio04 (button) (small blind) folded on the Turn


PokerStars Hand #145058533584:  Hold'em Limit ($3/$6 USD) - 2015/12/09 1:09:54 ET
Table 'Palma II' 6-max Seat #1 is the button
Seat 1: _fayzulllo_ ($102.28 in chips)
Seat 2: scorpio04 ($75.02 in chips)
_fayzulllo_: posts small blind $1
scorpio04: posts big blind $3
*** HOLE CARDS ***
_fayzulllo_: raises $3 to $6
scorpio04: calls $3
*** FLOP *** [9d 6h 2d]
scorpio04: checks
_fayzulllo_: bets $3
scorpio04: raises $3 to $6
_fayzulllo_: calls $3
*** TURN *** [9d 6h 2d] [2c]
Agrotait leaves the table
scorpio04: bets $6
_fayzulllo_: calls $6
*** RIVER *** [9d 6h 2d 2c] [9s]
scorpio04: bets $6
_fayzulllo_: calls $6
*** SHOW DOWN ***
scorpio04: shows [Ts 8c] (two pair, Nines and Deuces)
_fayzulllo_: shows [Qs Kc] (two pair, Nines and Deuces - King kicker)
_fayzulllo_ collected $47.50 from pot
*** SUMMARY ***
Total pot $48 | Rake $0.50
Board [9d 6h 2d 2c 9s]
Seat 1: _fayzulllo_ (button) (small blind) showed [Qs Kc] and won ($47.50) with two pair, Nines and Deuces
Seat 2: scorpio04 (big blind) showed [Ts 8c] and lost with two pair, Nines and Deuces


PokerStars Hand #145058562094:  Hold'em Limit ($3/$6 USD) - 2015/12/09 1:11:40 ET
Table 'Palma II' 6-max Seat #3 is the button
Seat 2: scorpio04 ($72 in chips)
Seat 3: HAL9QQQ ($139.74 in chips)
HAL9QQQ: posts small blind $1
_fayzulllo_: is sitting out
scorpio04: posts big blind $3
*** HOLE CARDS ***
HAL9QQQ: folds
Uncalled bet ($2) returned to scorpio04
_fayzulllo_ leaves the table
scorpio04 collected $2 from pot
scorpio04: doesn't show hand
*** SUMMARY ***
Total pot $2 | Rake $0
Seat 2: scorpio04 (big blind) collected ($2)
Seat 3: HAL9QQQ (button) (small blind) folded before Flop


