PokerStars Hand #147264590444:  Hold'em Limit ($3/$6 USD) - 2016/01/18 13:45:28 ET
Table 'Paloque II' 6-max Seat #4 is the button
Seat 4: Mordnilap ($73 in chips)
Seat 6: BARCA1CRIS ($119 in chips)
Mordnilap: posts small blind $1
BARCA1CRIS: posts big blind $3
*** HOLE CARDS ***
Mordnilap: raises $3 to $6
BARCA1CRIS: calls $3
*** FLOP *** [2h Qc 6d]
BARCA1CRIS: checks
Mordnilap: bets $3
BARCA1CRIS: raises $3 to $6
Mordnilap: calls $3
*** TURN *** [2h Qc 6d] [9h]
BARCA1CRIS: bets $6
Mordnilap: calls $6
*** RIVER *** [2h Qc 6d 9h] [5d]
olavike joins the table at seat #2
BARCA1CRIS: bets $6
Mordnilap: folds
Uncalled bet ($6) returned to BARCA1CRIS
BARCA1CRIS collected $35.50 from pot
BARCA1CRIS: doesn't show hand
*** SUMMARY ***
Total pot $36 | Rake $0.50
Board [2h Qc 6d 9h 5d]
Seat 4: Mordnilap (button) (small blind) folded on the River
Seat 6: BARCA1CRIS (big blind) collected ($35.50)


PokerStars Hand #147268954806:  Hold'em Limit ($3/$6 USD) - 2016/01/18 14:52:59 ET
Table 'Paloque II' 6-max Seat #3 is the button
Seat 3: tritratru ($329.47 in chips)
Seat 5: Chessnok ($107.25 in chips)
tritratru: posts small blind $1
Chessnok: posts big blind $3
*** HOLE CARDS ***
tritratru: raises $3 to $6
Chessnok: calls $3
*** FLOP *** [3c 5d 2c]
Chessnok: checks
tritratru: bets $3
Chessnok: calls $3
*** TURN *** [3c 5d 2c] [Jh]
Chessnok: checks
tritratru: checks
*** RIVER *** [3c 5d 2c Jh] [Jc]
Chessnok: bets $6
tritratru: calls $6
*** SHOW DOWN ***
Chessnok: shows [Td 3d] (two pair, Jacks and Threes)
tritratru: mucks hand
Chessnok collected $29.50 from pot
*** SUMMARY ***
Total pot $30 | Rake $0.50
Board [3c 5d 2c Jh Jc]
Seat 3: tritratru (button) (small blind) mucked
Seat 5: Chessnok (big blind) showed [Td 3d] and won ($29.50) with two pair, Jacks and Threes


PokerStars Hand #147268999529:  Hold'em Limit ($3/$6 USD) - 2016/01/18 14:53:39 ET
Table 'Paloque II' 6-max Seat #3 is the button
Seat 3: tritratru ($331.97 in chips)
Seat 5: Chessnok ($103.75 in chips)
tritratru: posts small blind $1
Chessnok: posts big blind $3
*** HOLE CARDS ***
tritratru: folds
Uncalled bet ($2) returned to Chessnok
Chessnok collected $2 from pot
Chessnok: doesn't show hand
*** SUMMARY ***
Total pot $2 | Rake $0
Seat 3: tritratru (button) (small blind) folded before Flop
Seat 5: Chessnok (big blind) collected ($2)


PokerStars Hand #147268976812:  Hold'em Limit ($3/$6 USD) - 2016/01/18 14:53:19 ET
Table 'Paloque II' 6-max Seat #5 is the button
Seat 3: tritratru ($314.47 in chips)
Seat 5: Chessnok ($121.75 in chips)
Chessnok: posts small blind $1
tritratru: posts big blind $3
*** HOLE CARDS ***
Chessnok: raises $3 to $6
tritratru: raises $3 to $9
Chessnok: calls $3
*** FLOP *** [3c 6h 9s]
tritratru: bets $3
Chessnok: calls $3
*** TURN *** [3c 6h 9s] [3h]
tritratru: bets $6
Chessnok: calls $6
*** RIVER *** [3c 6h 9s 3h] [Js]
tritratru: checks
Chessnok: checks
*** SHOW DOWN ***
tritratru: shows [Ac Kc] (a pair of Threes)
Chessnok: mucks hand
tritratru collected $35.50 from pot
*** SUMMARY ***
Total pot $36 | Rake $0.50
Board [3c 6h 9s 3h Js]
Seat 3: tritratru (big blind) showed [Ac Kc] and won ($35.50) with a pair of Threes
Seat 5: Chessnok (button) (small blind) mucked


PokerStars Hand #147269015054:  Hold'em Limit ($3/$6 USD) - 2016/01/18 14:53:53 ET
Table 'Paloque II' 6-max Seat #5 is the button
Seat 3: tritratru ($330.97 in chips)
Seat 5: Chessnok ($104.75 in chips)
Chessnok: posts small blind $1
tritratru: posts big blind $3
*** HOLE CARDS ***
Chessnok: folds
Uncalled bet ($2) returned to tritratru
tritratru collected $2 from pot
tritratru: doesn't show hand
*** SUMMARY ***
Total pot $2 | Rake $0
Seat 3: tritratru (big blind) collected ($2)
Seat 5: Chessnok (button) (small blind) folded before Flop


PokerStars Hand #147269024342:  Hold'em Limit ($3/$6 USD) - 2016/01/18 14:54:01 ET
Table 'Paloque II' 6-max Seat #3 is the button
Seat 3: tritratru ($331.97 in chips)
Seat 5: Chessnok ($103.75 in chips)
tritratru: posts small blind $1
Chessnok: posts big blind $3
*** HOLE CARDS ***
tritratru: raises $3 to $6
Chessnok: calls $3
*** FLOP *** [9d 9h 7d]
Chessnok: checks
tritratru: bets $3
Chessnok: raises $3 to $6
tritratru: calls $3
*** TURN *** [9d 9h 7d] [3d]
Bastable86 joins the table at seat #4
Chessnok: bets $6
tritratru: calls $6
*** RIVER *** [9d 9h 7d 3d] [Kh]
Chessnok: bets $6
tritratru: calls $6
*** SHOW DOWN ***
Chessnok: shows [6c 8s] (a pair of Nines)
tritratru: shows [7c 6s] (two pair, Nines and Sevens)
tritratru collected $47.50 from pot
*** SUMMARY ***
Total pot $48 | Rake $0.50
Board [9d 9h 7d 3d Kh]
Seat 3: tritratru (button) (small blind) showed [7c 6s] and won ($47.50) with two pair, Nines and Sevens
Seat 5: Chessnok (big blind) showed [6c 8s] and lost with a pair of Nines


PokerStars Hand #147269057888:  Hold'em Limit ($3/$6 USD) - 2016/01/18 14:54:32 ET
Table 'Paloque II' 6-max Seat #5 is the button
Seat 3: tritratru ($355.47 in chips)
Seat 5: Chessnok ($79.75 in chips)
Chessnok: posts small blind $1
tritratru: posts big blind $3
*** HOLE CARDS ***
Chessnok: raises $3 to $6
tritratru: calls $3
*** FLOP *** [8s 5h 8h]
tritratru: checks
Chessnok: bets $3
tritratru: folds
Uncalled bet ($3) returned to Chessnok
Chessnok collected $11.76 from pot
Chessnok: doesn't show hand
*** SUMMARY ***
Total pot $12 | Rake $0.24
Board [8s 5h 8h]
Seat 3: tritratru (big blind) folded on the Flop
Seat 5: Chessnok (button) (small blind) collected ($11.76)


PokerStars Hand #147269009953:  Hold'em Limit ($3/$6 USD) - 2016/01/18 14:53:48 ET
Table 'Paloque II' 6-max Seat #3 is the button
Seat 3: tritratru ($331.97 in chips)
Seat 5: Chessnok ($103.75 in chips)
tritratru: posts small blind $1
Chessnok: posts big blind $3
*** HOLE CARDS ***
tritratru: folds
Uncalled bet ($2) returned to Chessnok
Chessnok collected $2 from pot
Chessnok: doesn't show hand
*** SUMMARY ***
Total pot $2 | Rake $0
Seat 3: tritratru (button) (small blind) folded before Flop
Seat 5: Chessnok (big blind) collected ($2)


PokerStars Hand #147269005211:  Hold'em Limit ($3/$6 USD) - 2016/01/18 14:53:44 ET
Table 'Paloque II' 6-max Seat #5 is the button
Seat 3: tritratru ($330.97 in chips)
Seat 5: Chessnok ($104.75 in chips)
Chessnok: posts small blind $1
tritratru: posts big blind $3
*** HOLE CARDS ***
Chessnok: folds
Uncalled bet ($2) returned to tritratru
tritratru collected $2 from pot
tritratru: doesn't show hand
*** SUMMARY ***
Total pot $2 | Rake $0
Seat 3: tritratru (big blind) collected ($2)
Seat 5: Chessnok (button) (small blind) folded before Flop


PokerStars Hand #147269783257:  Hold'em Limit ($3/$6 USD) - 2016/01/18 15:06:14 ET
Table 'Paloque II' 6-max Seat #2 is the button
Seat 2: olavike ($267.08 in chips)
Seat 5: Chessnok ($63 in chips)
olavike: posts small blind $1
Chessnok: posts big blind $3
*** HOLE CARDS ***
BuzovaPro leaves the table
olavike: raises $3 to $6
Chessnok: raises $3 to $9
olavike: calls $3
*** FLOP *** [6d 9s 2h]
Chessnok: bets $3
olavike: calls $3
*** TURN *** [6d 9s 2h] [4s]
Chessnok: bets $6
olavike: raises $6 to $12
Chessnok: calls $6
*** RIVER *** [6d 9s 2h 4s] [7s]
Chessnok: checks
olavike: bets $6
Chessnok: folds
Uncalled bet ($6) returned to olavike
olavike collected $47.50 from pot
olavike: doesn't show hand
*** SUMMARY ***
Total pot $48 | Rake $0.50
Board [6d 9s 2h 4s 7s]
Seat 2: olavike (button) (small blind) collected ($47.50)
Seat 5: Chessnok (big blind) folded on the River


PokerStars Hand #147269774528:  Hold'em Limit ($3/$6 USD) - 2016/01/18 15:06:06 ET
Table 'Paloque II' 6-max Seat #5 is the button
Seat 2: olavike ($270.08 in chips)
Seat 5: Chessnok ($60 in chips)
Chessnok: posts small blind $1
BuzovaPro: is sitting out
SashaYuvelir: is sitting out
olavike: posts big blind $3
*** HOLE CARDS ***
Chessnok: raises $3 to $6
olavike: folds
Uncalled bet ($3) returned to Chessnok
Chessnok collected $6 from pot
Chessnok: doesn't show hand
*** SUMMARY ***
Total pot $6 | Rake $0
Seat 2: olavike (big blind) folded before Flop
Seat 5: Chessnok (button) (small blind) collected ($6)


