PokerStars Hand #175330437936:  Hold'em Limit ($3/$6 USD) - 2017/09/07 12:48:57 ET
Table 'Paloque II' 6-max Seat #6 is the button
Seat 1: Psynto ($86.10 in chips)
Seat 6: artecris ($225.06 in chips)
sincity999 will be allowed to play after the button
vestimokrec will be allowed to play after the button
artecris: posts small blind $1
Psynto: posts big blind $3
*** HOLE CARDS ***
artecris: raises $3 to $6
Psynto: calls $3
*** FLOP *** [Kc 8h Kh]
Psynto: checks
arina201317 leaves the table
artecris: bets $3
Psynto: folds
Uncalled bet ($3) returned to artecris
artecris collected $11.76 from pot
artecris: doesn't show hand
*** SUMMARY ***
Total pot $12 | Rake $0.24
Board [Kc 8h Kh]
Seat 1: Psynto (big blind) folded on the Flop
Seat 6: artecris (button) (small blind) collected ($11.76)


PokerStars Hand #175335918708:  Hold'em Limit ($3/$6 USD) - 2017/09/07 14:47:25 ET
Table 'Paloque II' 6-max Seat #6 is the button
Seat 1: ToDaFelt ($120 in chips)
Seat 6: manly70 ($322.68 in chips)
manly70: posts small blind $1
ToDaFelt: posts big blind $3
*** HOLE CARDS ***
manly70: calls $2
ToDaFelt: checks
*** FLOP *** [Kh 3s 3d]
ToDaFelt: checks
manly70: bets $3
ToDaFelt: raises $3 to $6
manly70: calls $3
*** TURN *** [Kh 3s 3d] [5h]
ToDaFelt: bets $6
manly70: raises $6 to $12
ToDaFelt: calls $6
*** RIVER *** [Kh 3s 3d 5h] [5s]
ToDaFelt: checks
manly70: bets $6
ToDaFelt: calls $6
*** SHOW DOWN ***
manly70: shows [3h 2h] (a full house, Threes full of Fives)
ToDaFelt: shows [7c 3c] (a full house, Threes full of Fives)
ToDaFelt collected $26.75 from pot
manly70 collected $26.75 from pot
*** SUMMARY ***
Total pot $54 | Rake $0.50
Board [Kh 3s 3d 5h 5s]
Seat 1: ToDaFelt (big blind) showed [7c 3c] and won ($26.75) with a full house, Threes full of Fives
Seat 6: manly70 (button) (small blind) showed [3h 2h] and won ($26.75) with a full house, Threes full of Fives


PokerStars Hand #175335999440:  Hold'em Limit ($3/$6 USD) - 2017/09/07 14:49:04 ET
Table 'Paloque II' 6-max Seat #1 is the button
Seat 1: ToDaFelt ($120 in chips)
Seat 6: manly70 ($369.43 in chips)
ToDaFelt: posts small blind $1
manly70: posts big blind $3
*** HOLE CARDS ***
ToDaFelt: raises $3 to $6
manly70: folds
Uncalled bet ($3) returned to ToDaFelt
ToDaFelt collected $6 from pot
ToDaFelt: doesn't show hand
*** SUMMARY ***
Total pot $6 | Rake $0
Seat 1: ToDaFelt (button) (small blind) collected ($6)
Seat 6: manly70 (big blind) folded before Flop


PokerStars Hand #175335976464:  Hold'em Limit ($3/$6 USD) - 2017/09/07 14:48:36 ET
Table 'Paloque II' 6-max Seat #6 is the button
Seat 1: ToDaFelt ($98.75 in chips)
Seat 6: manly70 ($342.93 in chips)
manly70: posts small blind $1
ToDaFelt: posts big blind $3
*** HOLE CARDS ***
manly70: raises $3 to $6
ToDaFelt: calls $3
*** FLOP *** [7s 2d As]
ToDaFelt: checks
manly70: bets $3
ToDaFelt: calls $3
*** TURN *** [7s 2d As] [Qs]
ToDaFelt: checks
manly70: bets $6
ToDaFelt: raises $6 to $12
manly70: calls $6
*** RIVER *** [7s 2d As Qs] [6c]
ToDaFelt: bets $6
manly70: calls $6
*** SHOW DOWN ***
ToDaFelt: shows [Ts Jd] (high card Ace)
manly70: shows [Ah 5h] (a pair of Aces)
manly70 collected $53.50 from pot
*** SUMMARY ***
Total pot $54 | Rake $0.50
Board [7s 2d As Qs 6c]
Seat 1: ToDaFelt (big blind) showed [Ts Jd] and lost with high card Ace
Seat 6: manly70 (button) (small blind) showed [Ah 5h] and won ($53.50) with a pair of Aces


PokerStars Hand #175335954463:  Hold'em Limit ($3/$6 USD) - 2017/09/07 14:48:09 ET
Table 'Paloque II' 6-max Seat #1 is the button
Seat 1: ToDaFelt ($119.75 in chips)
Seat 6: manly70 ($322.43 in chips)
ToDaFelt: posts small blind $1
manly70: posts big blind $3
*** HOLE CARDS ***
ToDaFelt: raises $3 to $6
manly70: calls $3
*** FLOP *** [5d 2h 9s]
manly70: checks
ToDaFelt: bets $3
manly70: calls $3
*** TURN *** [5d 2h 9s] [3d]
manly70: checks
ToDaFelt: bets $6
manly70: calls $6
*** RIVER *** [5d 2h 9s 3d] [7s]
manly70: checks
ToDaFelt: bets $6
manly70: calls $6
*** SHOW DOWN ***
ToDaFelt: shows [8h 4h] (high card Nine)
manly70: shows [5h 6h] (a pair of Fives)
manly70 collected $41.50 from pot
*** SUMMARY ***
Total pot $42 | Rake $0.50
Board [5d 2h 9s 3d 7s]
Seat 1: ToDaFelt (button) (small blind) showed [8h 4h] and lost with high card Nine
Seat 6: manly70 (big blind) showed [5h 6h] and won ($41.50) with a pair of Fives


PokerStars Hand #175336028723:  Hold'em Limit ($3/$6 USD) - 2017/09/07 14:49:41 ET
Table 'Paloque II' 6-max Seat #1 is the button
Seat 1: ToDaFelt ($131.64 in chips)
Seat 6: manly70 ($357.43 in chips)
ToDaFelt: posts small blind $1
manly70: posts big blind $3
*** HOLE CARDS ***
ToDaFelt: raises $3 to $6
manly70: folds
Uncalled bet ($3) returned to ToDaFelt
ToDaFelt collected $6 from pot
ToDaFelt: doesn't show hand
*** SUMMARY ***
Total pot $6 | Rake $0
Seat 1: ToDaFelt (button) (small blind) collected ($6)
Seat 6: manly70 (big blind) folded before Flop


PokerStars Hand #175336036024:  Hold'em Limit ($3/$6 USD) - 2017/09/07 14:49:50 ET
Table 'Paloque II' 6-max Seat #6 is the button
Seat 1: ToDaFelt ($134.64 in chips)
Seat 6: manly70 ($354.43 in chips)
manly70: posts small blind $1
ToDaFelt: posts big blind $3
*** HOLE CARDS ***
manly70: calls $2
ToDaFelt: raises $3 to $6
manly70: calls $3
*** FLOP *** [6h Jc 5h]
ToDaFelt: bets $3
manly70: folds
Uncalled bet ($3) returned to ToDaFelt
ToDaFelt collected $11.76 from pot
ToDaFelt: doesn't show hand
*** SUMMARY ***
Total pot $12 | Rake $0.24
Board [6h Jc 5h]
Seat 1: ToDaFelt (big blind) collected ($11.76)
Seat 6: manly70 (button) (small blind) folded on the Flop


PokerStars Hand #175336053753:  Hold'em Limit ($3/$6 USD) - 2017/09/07 14:50:11 ET
Table 'Paloque II' 6-max Seat #1 is the button
Seat 1: ToDaFelt ($140.40 in chips)
Seat 6: manly70 ($348.43 in chips)
ToDaFelt: posts small blind $1
manly70: posts big blind $3
*** HOLE CARDS ***
ToDaFelt: folds
Uncalled bet ($2) returned to manly70
manly70 collected $2 from pot
*** SUMMARY ***
Total pot $2 | Rake $0
Seat 1: ToDaFelt (button) (small blind) folded before Flop
Seat 6: manly70 (big blind) collected ($2)


PokerStars Hand #175336005451:  Hold'em Limit ($3/$6 USD) - 2017/09/07 14:49:12 ET
Table 'Paloque II' 6-max Seat #6 is the button
Seat 1: ToDaFelt ($123 in chips)
Seat 6: manly70 ($366.43 in chips)
manly70: posts small blind $1
ToDaFelt: posts big blind $3
*** HOLE CARDS ***
manly70: raises $3 to $6
ToDaFelt: calls $3
*** FLOP *** [3d Ts 2h]
ToDaFelt: checks
manly70: bets $3
ToDaFelt: calls $3
*** TURN *** [3d Ts 2h] [4h]
ToDaFelt: checks
manly70: checks
*** RIVER *** [3d Ts 2h 4h] [4c]
ToDaFelt: checks
manly70: checks
*** SHOW DOWN ***
ToDaFelt: shows [7h Ks] (a pair of Fours)
manly70: mucks hand
ToDaFelt collected $17.64 from pot
*** SUMMARY ***
Total pot $18 | Rake $0.36
Board [3d Ts 2h 4h 4c]
Seat 1: ToDaFelt (big blind) showed [7h Ks] and won ($17.64) with a pair of Fours
Seat 6: manly70 (button) (small blind) mucked


PokerStars Hand #175336059291:  Hold'em Limit ($3/$6 USD) - 2017/09/07 14:50:18 ET
Table 'Paloque II' 6-max Seat #6 is the button
Seat 1: ToDaFelt ($139.40 in chips)
Seat 6: manly70 ($349.43 in chips)
manly70: posts small blind $1
ToDaFelt: posts big blind $3
*** HOLE CARDS ***
manly70: calls $2
ToDaFelt: raises $3 to $6
manly70: calls $3
*** FLOP *** [5d Ks 3c]
ToDaFelt: bets $3
manly70: calls $3
*** TURN *** [5d Ks 3c] [7c]
ToDaFelt: bets $6
manly70: folds
Uncalled bet ($6) returned to ToDaFelt
ToDaFelt collected $17.64 from pot
ToDaFelt: doesn't show hand
*** SUMMARY ***
Total pot $18 | Rake $0.36
Board [5d Ks 3c 7c]
Seat 1: ToDaFelt (big blind) collected ($17.64)
Seat 6: manly70 (button) (small blind) folded on the Turn


PokerStars Hand #175336095553:  Hold'em Limit ($3/$6 USD) - 2017/09/07 14:51:03 ET
Table 'Paloque II' 6-max Seat #6 is the button
Seat 1: ToDaFelt ($142.04 in chips)
Seat 6: manly70 ($346.19 in chips)
manly70: posts small blind $1
ToDaFelt: posts big blind $3
*** HOLE CARDS ***
manly70: folds
Uncalled bet ($2) returned to ToDaFelt
ToDaFelt collected $2 from pot
ToDaFelt: doesn't show hand
*** SUMMARY ***
Total pot $2 | Rake $0
Seat 1: ToDaFelt (big blind) collected ($2)
Seat 6: manly70 (button) (small blind) folded before Flop


PokerStars Hand #175336080098:  Hold'em Limit ($3/$6 USD) - 2017/09/07 14:50:44 ET
Table 'Paloque II' 6-max Seat #1 is the button
Seat 1: ToDaFelt ($148.04 in chips)
Seat 6: manly70 ($340.43 in chips)
ToDaFelt: posts small blind $1
manly70: posts big blind $3
*** HOLE CARDS ***
ToDaFelt: raises $3 to $6
manly70: calls $3
*** FLOP *** [9d Td 2d]
manly70: checks
ToDaFelt: checks
*** TURN *** [9d Td 2d] [7s]
manly70: bets $6
ToDaFelt: folds
Uncalled bet ($6) returned to manly70
manly70 collected $11.76 from pot
*** SUMMARY ***
Total pot $12 | Rake $0.24
Board [9d Td 2d 7s]
Seat 1: ToDaFelt (button) (small blind) folded on the Turn
Seat 6: manly70 (big blind) collected ($11.76)


PokerStars Hand #175336144110:  Hold'em Limit ($3/$6 USD) - 2017/09/07 14:52:03 ET
Table 'Paloque II' 6-max Seat #6 is the button
Seat 1: ToDaFelt ($119.56 in chips)
Seat 6: manly70 ($367.69 in chips)
manly70: posts small blind $1
ToDaFelt: posts big blind $3
*** HOLE CARDS ***
manly70: calls $2
ToDaFelt: raises $3 to $6
manly70: calls $3
*** FLOP *** [2c 4h Kc]
ToDaFelt: bets $3
manly70: calls $3
*** TURN *** [2c 4h Kc] [Qs]
ToDaFelt: bets $6
manly70: folds
Uncalled bet ($6) returned to ToDaFelt
ToDaFelt collected $17.64 from pot
ToDaFelt: doesn't show hand
*** SUMMARY ***
Total pot $18 | Rake $0.36
Board [2c 4h Kc Qs]
Seat 1: ToDaFelt (big blind) collected ($17.64)
Seat 6: manly70 (button) (small blind) folded on the Turn


PokerStars Hand #175336120714:  Hold'em Limit ($3/$6 USD) - 2017/09/07 14:51:34 ET
Table 'Paloque II' 6-max Seat #6 is the button
Seat 1: ToDaFelt ($107.04 in chips)
Seat 6: manly70 ($380.69 in chips)
manly70: posts small blind $1
ToDaFelt: posts big blind $3
*** HOLE CARDS ***
manly70: folds
Uncalled bet ($2) returned to ToDaFelt
ToDaFelt collected $2 from pot
ToDaFelt: doesn't show hand
*** SUMMARY ***
Total pot $2 | Rake $0
Seat 1: ToDaFelt (big blind) collected ($2)
Seat 6: manly70 (button) (small blind) folded before Flop


PokerStars Hand #175336101064:  Hold'em Limit ($3/$6 USD) - 2017/09/07 14:51:10 ET
Table 'Paloque II' 6-max Seat #1 is the button
Seat 1: ToDaFelt ($143.04 in chips)
Seat 6: manly70 ($345.19 in chips)
ToDaFelt: posts small blind $1
manly70: posts big blind $3
*** HOLE CARDS ***
ToDaFelt: raises $3 to $6
manly70: calls $3
*** FLOP *** [8d 2c 9h]
manly70: checks
ToDaFelt: bets $3
manly70: raises $3 to $6
ToDaFelt: calls $3
*** TURN *** [8d 2c 9h] [Tc]
manly70: bets $6
ToDaFelt: calls $6
*** RIVER *** [8d 2c 9h Tc] [7c]
manly70: bets $6
ToDaFelt: raises $6 to $12
manly70: raises $6 to $18
ToDaFelt: calls $6
*** SHOW DOWN ***
manly70: shows [9c 4c] (a flush, Ten high)
ToDaFelt: mucks hand
manly70 collected $71.50 from pot
*** SUMMARY ***
Total pot $72 | Rake $0.50
Board [8d 2c 9h Tc 7c]
Seat 1: ToDaFelt (button) (small blind) mucked
Seat 6: manly70 (big blind) showed [9c 4c] and won ($71.50) with a flush, Ten high


PokerStars Hand #175336125741:  Hold'em Limit ($3/$6 USD) - 2017/09/07 14:51:40 ET
Table 'Paloque II' 6-max Seat #1 is the button
Seat 1: ToDaFelt ($108.04 in chips)
Seat 6: manly70 ($379.69 in chips)
ToDaFelt: posts small blind $1
manly70: posts big blind $3
*** HOLE CARDS ***
ToDaFelt: raises $3 to $6
manly70: calls $3
*** FLOP *** [Qd 4d Th]
manly70: checks
ToDaFelt: checks
*** TURN *** [Qd 4d Th] [Jc]
manly70: checks
ToDaFelt: bets $6
manly70: calls $6
*** RIVER *** [Qd 4d Th Jc] [5s]
manly70: checks
ToDaFelt: checks
*** SHOW DOWN ***
manly70: shows [Kc 3s] (high card King)
ToDaFelt: shows [Ac 6h] (high card Ace)
ToDaFelt collected $23.52 from pot
*** SUMMARY ***
Total pot $24 | Rake $0.48
Board [Qd 4d Th Jc 5s]
Seat 1: ToDaFelt (button) (small blind) showed [Ac 6h] and won ($23.52) with high card Ace
Seat 6: manly70 (big blind) showed [Kc 3s] and lost with high card King


PokerStars Hand #175336191341:  Hold'em Limit ($3/$6 USD) - 2017/09/07 14:53:01 ET
Table 'Paloque II' 6-max Seat #1 is the button
Seat 1: ToDaFelt ($139.70 in chips)
Seat 6: manly70 ($346.57 in chips)
ToDaFelt: posts small blind $1
manly70: posts big blind $3
*** HOLE CARDS ***
ToDaFelt: raises $3 to $6
manly70: folds
Uncalled bet ($3) returned to ToDaFelt
ToDaFelt collected $6 from pot
ToDaFelt: doesn't show hand
*** SUMMARY ***
Total pot $6 | Rake $0
Seat 1: ToDaFelt (button) (small blind) collected ($6)
Seat 6: manly70 (big blind) folded before Flop


PokerStars Hand #175336163565:  Hold'em Limit ($3/$6 USD) - 2017/09/07 14:52:27 ET
Table 'Paloque II' 6-max Seat #1 is the button
Seat 1: ToDaFelt ($128.20 in chips)
Seat 6: manly70 ($358.69 in chips)
ToDaFelt: posts small blind $1
manly70: posts big blind $3
*** HOLE CARDS ***
ToDaFelt: raises $3 to $6
manly70: calls $3
*** FLOP *** [3c Td Ts]
manly70: checks
ToDaFelt: bets $3
manly70: calls $3
*** TURN *** [3c Td Ts] [Jd]
manly70: checks
ToDaFelt: bets $6
manly70: calls $6
*** RIVER *** [3c Td Ts Jd] [5d]
manly70: checks
ToDaFelt: bets $6
manly70: folds
Uncalled bet ($6) returned to ToDaFelt
ToDaFelt collected $29.50 from pot
ToDaFelt: doesn't show hand
*** SUMMARY ***
Total pot $30 | Rake $0.50
Board [3c Td Ts Jd 5d]
Seat 1: ToDaFelt (button) (small blind) collected ($29.50)
Seat 6: manly70 (big blind) folded on the River


PokerStars Hand #175336237667:  Hold'em Limit ($3/$6 USD) - 2017/09/07 14:53:58 ET
Table 'Paloque II' 6-max Seat #6 is the button
Seat 1: ToDaFelt ($192.70 in chips)
Seat 6: manly70 ($292.57 in chips)
manly70: posts small blind $1
ToDaFelt: posts big blind $3
*** HOLE CARDS ***
manly70: raises $3 to $6
ToDaFelt: calls $3
*** FLOP *** [9h 8s Jh]
ToDaFelt: bets $3
manly70: calls $3
*** TURN *** [9h 8s Jh] [3c]
ToDaFelt: bets $6
manly70: calls $6
*** RIVER *** [9h 8s Jh 3c] [6s]
ToDaFelt: bets $6
manly70: folds
Uncalled bet ($6) returned to ToDaFelt
ToDaFelt collected $29.50 from pot
ToDaFelt: doesn't show hand
*** SUMMARY ***
Total pot $30 | Rake $0.50
Board [9h 8s Jh 3c 6s]
Seat 1: ToDaFelt (big blind) collected ($29.50)
Seat 6: manly70 (button) (small blind) folded on the River


PokerStars Hand #175336220728:  Hold'em Limit ($3/$6 USD) - 2017/09/07 14:53:37 ET
Table 'Paloque II' 6-max Seat #1 is the button
Seat 1: ToDaFelt ($178.20 in chips)
Seat 6: manly70 ($307.57 in chips)
ToDaFelt: posts small blind $1
manly70: posts big blind $3
*** HOLE CARDS ***
ToDaFelt: raises $3 to $6
manly70: calls $3
*** FLOP *** [9d 3s Tc]
manly70: checks
ToDaFelt: bets $3
manly70: calls $3
*** TURN *** [9d 3s Tc] [9c]
manly70: checks
ToDaFelt: checks
*** RIVER *** [9d 3s Tc 9c] [6h]
manly70: bets $6
ToDaFelt: calls $6
*** SHOW DOWN ***
manly70: shows [8s 3h] (two pair, Nines and Threes)
ToDaFelt: shows [Js 6c] (two pair, Nines and Sixes)
ToDaFelt collected $29.50 from pot
*** SUMMARY ***
Total pot $30 | Rake $0.50
Board [9d 3s Tc 9c 6h]
Seat 1: ToDaFelt (button) (small blind) showed [Js 6c] and won ($29.50) with two pair, Nines and Sixes
Seat 6: manly70 (big blind) showed [8s 3h] and lost with two pair, Nines and Threes


PokerStars Hand #175336257349:  Hold'em Limit ($3/$6 USD) - 2017/09/07 14:54:22 ET
Table 'Paloque II' 6-max Seat #1 is the button
Seat 1: ToDaFelt ($207.20 in chips)
Seat 6: manly70 ($277.57 in chips)
ToDaFelt: posts small blind $1
manly70: posts big blind $3
*** HOLE CARDS ***
ToDaFelt: raises $3 to $6
manly70: folds
Uncalled bet ($3) returned to ToDaFelt
ToDaFelt collected $6 from pot
ToDaFelt: doesn't show hand
*** SUMMARY ***
Total pot $6 | Rake $0
Seat 1: ToDaFelt (button) (small blind) collected ($6)
Seat 6: manly70 (big blind) folded before Flop


PokerStars Hand #175336196812:  Hold'em Limit ($3/$6 USD) - 2017/09/07 14:53:08 ET
Table 'Paloque II' 6-max Seat #6 is the button
Seat 1: ToDaFelt ($142.70 in chips)
Seat 6: manly70 ($343.57 in chips)
manly70: posts small blind $1
ToDaFelt: posts big blind $3
*** HOLE CARDS ***
manly70: raises $3 to $6
ToDaFelt: calls $3
*** FLOP *** [4h 2s 8s]
ToDaFelt: checks
manly70: bets $3
ToDaFelt: raises $3 to $6
manly70: calls $3
*** TURN *** [4h 2s 8s] [9h]
ToDaFelt: bets $6
manly70: raises $6 to $12
ToDaFelt: raises $6 to $18
manly70: calls $6
*** RIVER *** [4h 2s 8s 9h] [Ah]
ToDaFelt: bets $6
manly70: calls $6
*** SHOW DOWN ***
ToDaFelt: shows [4d 8d] (two pair, Eights and Fours)
manly70: mucks hand
ToDaFelt collected $71.50 from pot
*** SUMMARY ***
Total pot $72 | Rake $0.50
Board [4h 2s 8s 9h Ah]
Seat 1: ToDaFelt (big blind) showed [4d 8d] and won ($71.50) with two pair, Eights and Fours
Seat 6: manly70 (button) (small blind) mucked


PokerStars Hand #175336263039:  Hold'em Limit ($3/$6 USD) - 2017/09/07 14:54:29 ET
Table 'Paloque II' 6-max Seat #6 is the button
Seat 1: ToDaFelt ($210.20 in chips)
Seat 6: manly70 ($274.57 in chips)
manly70: posts small blind $1
ToDaFelt: posts big blind $3
*** HOLE CARDS ***
manly70: folds
Uncalled bet ($2) returned to ToDaFelt
ToDaFelt collected $2 from pot
ToDaFelt: doesn't show hand
*** SUMMARY ***
Total pot $2 | Rake $0
Seat 1: ToDaFelt (big blind) collected ($2)
Seat 6: manly70 (button) (small blind) folded before Flop


PokerStars Hand #175336267387:  Hold'em Limit ($3/$6 USD) - 2017/09/07 14:54:35 ET
Table 'Paloque II' 6-max Seat #1 is the button
Seat 1: ToDaFelt ($211.20 in chips)
Seat 6: manly70 ($273.57 in chips)
ToDaFelt: posts small blind $1
manly70: posts big blind $3
*** HOLE CARDS ***
ToDaFelt: raises $3 to $6
manly70: calls $3
*** FLOP *** [Ac 4d 3s]
manly70: checks
ToDaFelt: bets $3
manly70: calls $3
*** TURN *** [Ac 4d 3s] [5h]
manly70: checks
ToDaFelt: checks
*** RIVER *** [Ac 4d 3s 5h] [8s]
manly70: checks
ToDaFelt: checks
*** SHOW DOWN ***
manly70: shows [Jd Kh] (high card Ace)
ToDaFelt: mucks hand
manly70 collected $17.64 from pot
*** SUMMARY ***
Total pot $18 | Rake $0.36
Board [Ac 4d 3s 5h 8s]
Seat 1: ToDaFelt (button) (small blind) mucked
Seat 6: manly70 (big blind) showed [Jd Kh] and won ($17.64) with high card Ace


PokerStars Hand #175336300829:  Hold'em Limit ($3/$6 USD) - 2017/09/07 14:55:16 ET
Table 'Paloque II' 6-max Seat #1 is the button
Seat 1: ToDaFelt ($219.70 in chips)
Seat 6: manly70 ($264.21 in chips)
ToDaFelt: posts small blind $1
manly70: posts big blind $3
*** HOLE CARDS ***
ToDaFelt: raises $3 to $6
manly70: calls $3
*** FLOP *** [7c 9h 6s]
manly70: checks
ToDaFelt: checks
*** TURN *** [7c 9h 6s] [Ac]
manly70: bets $6
ToDaFelt: calls $6
*** RIVER *** [7c 9h 6s Ac] [9s]
manly70: checks
ToDaFelt: bets $6
manly70: calls $6
*** SHOW DOWN ***
ToDaFelt: shows [4s 5h] (a pair of Nines)
manly70: shows [5d 6d] (two pair, Nines and Sixes)
manly70 collected $35.50 from pot
*** SUMMARY ***
Total pot $36 | Rake $0.50
Board [7c 9h 6s Ac 9s]
Seat 1: ToDaFelt (button) (small blind) showed [4s 5h] and lost with a pair of Nines
Seat 6: manly70 (big blind) showed [5d 6d] and won ($35.50) with two pair, Nines and Sixes


PokerStars Hand #175336313589:  Hold'em Limit ($3/$6 USD) - 2017/09/07 14:55:36 ET
Table 'Paloque II' 6-max Seat #6 is the button
Seat 1: ToDaFelt ($201.70 in chips)
Seat 6: manly70 ($281.71 in chips)
manly70: posts small blind $1
ToDaFelt: posts big blind $3
*** HOLE CARDS ***
manly70: calls $2
roxy1362 joins the table at seat #5
ToDaFelt: checks
*** FLOP *** [8d 4d 6s]
ToDaFelt: checks
manly70: bets $3
ToDaFelt: folds
Uncalled bet ($3) returned to manly70
manly70 collected $5.88 from pot
*** SUMMARY ***
Total pot $6 | Rake $0.12
Board [8d 4d 6s]
Seat 1: ToDaFelt (big blind) folded on the Flop
Seat 6: manly70 (button) (small blind) collected ($5.88)


PokerStars Hand #175338984740:  Hold'em Limit ($3/$6 USD) - 2017/09/07 15:49:16 ET
Table 'Paloque II' 6-max Seat #6 is the button
Seat 3: Chessnok ($297.92 in chips)
Seat 6: manly70 ($209.95 in chips)
manly70: posts small blind $1
Chessnok: posts big blind $3
*** HOLE CARDS ***
manly70: raises $3 to $6
Chessnok: raises $3 to $9
manly70: calls $3
*** FLOP *** [6s 7h 5h]
Chessnok: bets $3
manly70: raises $3 to $6
Chessnok: raises $3 to $9
manly70: calls $3
*** TURN *** [6s 7h 5h] [2c]
Chessnok: bets $6
Apanage joins the table at seat #1
manly70: calls $6
*** RIVER *** [6s 7h 5h 2c] [9d]
Chessnok: bets $6
manly70: raises $6 to $12
Chessnok: calls $6
*** SHOW DOWN ***
manly70: shows [7d 8s] (a straight, Five to Nine)
Chessnok: mucks hand
manly70 collected $71.50 from pot
*** SUMMARY ***
Total pot $72 | Rake $0.50
Board [6s 7h 5h 2c 9d]
Seat 3: Chessnok (big blind) mucked
Seat 6: manly70 (button) (small blind) showed [7d 8s] and won ($71.50) with a straight, Five to Nine


PokerStars Hand #175338962740:  Hold'em Limit ($3/$6 USD) - 2017/09/07 15:48:50 ET
Table 'Paloque II' 6-max Seat #6 is the button
Seat 3: Chessnok ($280.64 in chips)
Seat 6: manly70 ($227.95 in chips)
manly70: posts small blind $1
Chessnok: posts big blind $3
*** HOLE CARDS ***
manly70: raises $3 to $6
Chessnok: raises $3 to $9
manly70: calls $3
*** FLOP *** [5d Kc 2s]
Chessnok: bets $3
manly70: calls $3
*** TURN *** [5d Kc 2s] [5s]
Chessnok: bets $6
manly70: folds
Uncalled bet ($6) returned to Chessnok
Chessnok collected $23.52 from pot
Chessnok: doesn't show hand
*** SUMMARY ***
Total pot $24 | Rake $0.48
Board [5d Kc 2s 5s]
Seat 3: Chessnok (big blind) collected ($23.52)
Seat 6: manly70 (button) (small blind) folded on the Turn


PokerStars Hand #175338974606:  Hold'em Limit ($3/$6 USD) - 2017/09/07 15:49:04 ET
Table 'Paloque II' 6-max Seat #3 is the button
Seat 3: Chessnok ($292.16 in chips)
Seat 6: manly70 ($215.95 in chips)
Chessnok: posts small blind $1
manly70: posts big blind $3
*** HOLE CARDS ***
Chessnok: raises $3 to $6
manly70: calls $3
*** FLOP *** [9c Ad 2s]
manly70: checks
Chessnok: bets $3
manly70: folds
Uncalled bet ($3) returned to Chessnok
Chessnok collected $11.76 from pot
Chessnok: doesn't show hand
*** SUMMARY ***
Total pot $12 | Rake $0.24
Board [9c Ad 2s]
Seat 3: Chessnok (button) (small blind) collected ($11.76)
Seat 6: manly70 (big blind) folded on the Flop


PokerStars Hand #175339005905:  Hold'em Limit ($3/$6 USD) - 2017/09/07 15:49:41 ET
Table 'Paloque II' 6-max Seat #3 is the button
Seat 3: Chessnok ($261.92 in chips)
Seat 6: manly70 ($245.45 in chips)
Chessnok: posts small blind $1
manly70: posts big blind $3
*** HOLE CARDS ***
Chessnok: raises $3 to $6
manly70: calls $3
*** FLOP *** [2d Qs 2h]
manly70: checks
Chessnok: bets $3
manly70: calls $3
*** TURN *** [2d Qs 2h] [Tc]
manly70: checks
Chessnok: bets $6
manly70: folds
Uncalled bet ($6) returned to Chessnok
Chessnok collected $17.64 from pot
Chessnok: doesn't show hand
*** SUMMARY ***
Total pot $18 | Rake $0.36
Board [2d Qs 2h Tc]
Seat 3: Chessnok (button) (small blind) collected ($17.64)
Seat 6: manly70 (big blind) folded on the Turn


PokerStars Hand #175341068807:  Hold'em Limit ($3/$6 USD) - 2017/09/07 16:31:09 ET
Table 'Paloque II' 6-max Seat #3 is the button
Seat 2: vestimokrec ($153.43 in chips)
Seat 3: Chessnok ($322.04 in chips)
Chessnok: posts small blind $1
B_loJkl: is sitting out
Zubasa07: is sitting out
vestimokrec: posts big blind $3
*** HOLE CARDS ***
Chessnok: raises $3 to $6
vestimokrec: calls $3
*** FLOP *** [7c Qs Jh]
B_loJkl leaves the table
vestimokrec: checks
Chessnok: bets $3
vestimokrec: calls $3
*** TURN *** [7c Qs Jh] [4s]
vestimokrec: checks
Chessnok: bets $6
vestimokrec: calls $6
*** RIVER *** [7c Qs Jh 4s] [8c]
vestimokrec: checks
Chessnok: bets $6
vestimokrec: folds
Uncalled bet ($6) returned to Chessnok
Chessnok collected $29.50 from pot
Chessnok: doesn't show hand
*** SUMMARY ***
Total pot $30 | Rake $0.50
Board [7c Qs Jh 4s 8c]
Seat 2: vestimokrec (big blind) folded on the River
Seat 3: Chessnok (button) (small blind) collected ($29.50)


PokerStars Hand #175341946325:  Hold'em Limit ($3/$6 USD) - 2017/09/07 16:48:19 ET
Table 'Paloque II' 6-max Seat #5 is the button
Seat 4: Actionni13 ($150 in chips)
Seat 5: mytuter ($68.64 in chips)
mytuter: posts small blind $1
Actionni13: posts big blind $3
*** HOLE CARDS ***
mytuter: raises $3 to $6
Actionni13: folds
Uncalled bet ($3) returned to mytuter
mytuter collected $6 from pot
mytuter: doesn't show hand
*** SUMMARY ***
Total pot $6 | Rake $0
Seat 4: Actionni13 (big blind) folded before Flop
Seat 5: mytuter (button) (small blind) collected ($6)


PokerStars Hand #175341930717:  Hold'em Limit ($3/$6 USD) - 2017/09/07 16:48:00 ET
Table 'Paloque II' 6-max Seat #4 is the button
Seat 4: Actionni13 ($150 in chips)
Seat 5: mytuter ($60 in chips)
Actionni13: posts small blind $1
mytuter: posts big blind $3
*** HOLE CARDS ***
Actionni13: raises $3 to $6
mytuter: raises $3 to $9
Actionni13: calls $3
*** FLOP *** [8d Jc 2h]
mytuter: bets $3
Actionni13: folds
Uncalled bet ($3) returned to mytuter
mytuter collected $17.64 from pot
mytuter: doesn't show hand
*** SUMMARY ***
Total pot $18 | Rake $0.36
Board [8d Jc 2h]
Seat 4: Actionni13 (button) (small blind) folded on the Flop
Seat 5: mytuter (big blind) collected ($17.64)


PokerStars Hand #175341953788:  Hold'em Limit ($3/$6 USD) - 2017/09/07 16:48:28 ET
Table 'Paloque II' 6-max Seat #4 is the button
Seat 4: Actionni13 ($150 in chips)
Seat 5: mytuter ($71.64 in chips)
ToDaFelt joins the table at seat #6
Actionni13: posts small blind $1
mytuter: posts big blind $3
*** HOLE CARDS ***
Actionni13: raises $3 to $6
mytuter: calls $3
*** FLOP *** [Tc 4s 3c]
mytuter: checks
Actionni13: checks
*** TURN *** [Tc 4s 3c] [4c]
mytuter: checks
Actionni13: checks
*** RIVER *** [Tc 4s 3c 4c] [3s]
mytuter: checks
Actionni13: checks
*** SHOW DOWN ***
mytuter: shows [2s Kd] (two pair, Fours and Threes)
Actionni13: mucks hand
mytuter collected $11.76 from pot
*** SUMMARY ***
Total pot $12 | Rake $0.24
Board [Tc 4s 3c 4c 3s]
Seat 4: Actionni13 (button) (small blind) mucked
Seat 5: mytuter (big blind) showed [2s Kd] and won ($11.76) with two pair, Fours and Threes


