PokerStars Hand #175349693267:  Hold'em Limit ($3/$6 USD) - 2017/09/07 20:03:09 ET
Table 'Paloque II' 6-max Seat #5 is the button
Seat 1: Kaukadiginte ($84.59 in chips)
Seat 5: mytuter ($148.74 in chips)
mytuter: posts small blind $1
Kaukadiginte: posts big blind $3
*** HOLE CARDS ***
mytuter: raises $3 to $6
Kaukadiginte: calls $3
*** FLOP *** [Th 3d 8d]
Kaukadiginte: checks
mytuter: bets $3
Kaukadiginte: folds
Uncalled bet ($3) returned to mytuter
mytuter collected $11.76 from pot
mytuter: doesn't show hand
*** SUMMARY ***
Total pot $12 | Rake $0.24
Board [Th 3d 8d]
Seat 1: Kaukadiginte (big blind) folded on the Flop
Seat 5: mytuter (button) (small blind) collected ($11.76)


PokerStars Hand #175349700258:  Hold'em Limit ($3/$6 USD) - 2017/09/07 20:03:23 ET
Table 'Paloque II' 6-max Seat #1 is the button
Seat 1: Kaukadiginte ($78.59 in chips)
Seat 5: mytuter ($154.50 in chips)
Kaukadiginte: posts small blind $1
mytuter: posts big blind $3
*** HOLE CARDS ***
Kaukadiginte: raises $3 to $6
mytuter: folds
Uncalled bet ($3) returned to Kaukadiginte
Kaukadiginte collected $6 from pot
Kaukadiginte: doesn't show hand
*** SUMMARY ***
Total pot $6 | Rake $0
Seat 1: Kaukadiginte (button) (small blind) collected ($6)
Seat 5: mytuter (big blind) folded before Flop


PokerStars Hand #175349703365:  Hold'em Limit ($3/$6 USD) - 2017/09/07 20:03:29 ET
Table 'Paloque II' 6-max Seat #5 is the button
Seat 1: Kaukadiginte ($81.59 in chips)
Seat 5: mytuter ($151.50 in chips)
mytuter: posts small blind $1
Kaukadiginte: posts big blind $3
*** HOLE CARDS ***
mytuter: raises $3 to $6
Kaukadiginte: calls $3
*** FLOP *** [3d As 4s]
Kaukadiginte: bets $3
mytuter: raises $3 to $6
Kaukadiginte: calls $3
*** TURN *** [3d As 4s] [9c]
rascal_319 leaves the table
Kaukadiginte: checks
mytuter: bets $6
Kaukadiginte: calls $6
*** RIVER *** [3d As 4s 9c] [4c]
Kaukadiginte: checks
mytuter: checks
*** SHOW DOWN ***
Kaukadiginte: shows [5h 8c] (a pair of Fours)
mytuter: shows [6d Td] (a pair of Fours - Ace+Ten kicker)
mytuter collected $35.50 from pot
*** SUMMARY ***
Total pot $36 | Rake $0.50
Board [3d As 4s 9c 4c]
Seat 1: Kaukadiginte (big blind) showed [5h 8c] and lost with a pair of Fours
Seat 5: mytuter (button) (small blind) showed [6d Td] and won ($35.50) with a pair of Fours


PokerStars Hand #175349690425:  Hold'em Limit ($3/$6 USD) - 2017/09/07 20:03:03 ET
Table 'Paloque II' 6-max Seat #1 is the button
Seat 1: Kaukadiginte ($85.59 in chips)
Seat 5: mytuter ($147.74 in chips)
Kaukadiginte: posts small blind $1
ToDaFelt: is sitting out
mytuter: posts big blind $3
*** HOLE CARDS ***
ToDaFelt leaves the table
Kaukadiginte: folds
Uncalled bet ($2) returned to mytuter
mytuter collected $2 from pot
mytuter: doesn't show hand
*** SUMMARY ***
Total pot $2 | Rake $0
Seat 1: Kaukadiginte (button) (small blind) folded before Flop
Seat 5: mytuter (big blind) collected ($2)


PokerStars Hand #175349716821:  Hold'em Limit ($3/$6 USD) - 2017/09/07 20:03:56 ET
Table 'Paloque II' 6-max Seat #1 is the button
Seat 1: Kaukadiginte ($63.59 in chips)
Seat 5: mytuter ($169 in chips)
Kaukadiginte: posts small blind $1
mytuter: posts big blind $3
*** HOLE CARDS ***
Kaukadiginte: raises $3 to $6
mytuter: calls $3
*** FLOP *** [4d Kc 9h]
mytuter: checks
Kaukadiginte: bets $3
mytuter: calls $3
*** TURN *** [4d Kc 9h] [2h]
mytuter: checks
Kaukadiginte: bets $6
mytuter: raises $6 to $12
Kaukadiginte: calls $6
*** RIVER *** [4d Kc 9h 2h] [5c]
mytuter: bets $6
Kaukadiginte: calls $6
*** SHOW DOWN ***
mytuter: shows [Tc Kd] (a pair of Kings)
Kaukadiginte: mucks hand
mytuter collected $53.50 from pot
*** SUMMARY ***
Total pot $54 | Rake $0.50
Board [4d Kc 9h 2h 5c]
Seat 1: Kaukadiginte (button) (small blind) mucked
Seat 5: mytuter (big blind) showed [Tc Kd] and won ($53.50) with a pair of Kings


PokerStars Hand #175349727673:  Hold'em Limit ($3/$6 USD) - 2017/09/07 20:04:19 ET
Table 'Paloque II' 6-max Seat #5 is the button
Seat 1: Kaukadiginte ($36.59 in chips)
Seat 5: mytuter ($195.50 in chips)
mytuter: posts small blind $1
Kaukadiginte: posts big blind $3
*** HOLE CARDS ***
mytuter: raises $3 to $6
Kaukadiginte: calls $3
*** FLOP *** [2h 7c 6s]
Kaukadiginte: checks
mytuter: bets $3
Kaukadiginte: calls $3
*** TURN *** [2h 7c 6s] [Jd]
Kaukadiginte: checks
mytuter: checks
*** RIVER *** [2h 7c 6s Jd] [Qc]
Kaukadiginte: checks
mytuter: bets $6
Kaukadiginte: folds
Uncalled bet ($6) returned to mytuter
mytuter collected $17.64 from pot
mytuter: doesn't show hand
*** SUMMARY ***
Total pot $18 | Rake $0.36
Board [2h 7c 6s Jd Qc]
Seat 1: Kaukadiginte (big blind) folded on the River
Seat 5: mytuter (button) (small blind) collected ($17.64)


PokerStars Hand #175349740379:  Hold'em Limit ($3/$6 USD) - 2017/09/07 20:04:45 ET
Table 'Paloque II' 6-max Seat #1 is the button
Seat 1: Kaukadiginte ($27.59 in chips)
Seat 5: mytuter ($204.14 in chips)
Kaukadiginte: posts small blind $1
mytuter: posts big blind $3
*** HOLE CARDS ***
Kaukadiginte: raises $3 to $6
mytuter: folds
Uncalled bet ($3) returned to Kaukadiginte
Kaukadiginte collected $6 from pot
Kaukadiginte: doesn't show hand
*** SUMMARY ***
Total pot $6 | Rake $0
Seat 1: Kaukadiginte (button) (small blind) collected ($6)
Seat 5: mytuter (big blind) folded before Flop


PokerStars Hand #175349752302:  Hold'em Limit ($3/$6 USD) - 2017/09/07 20:05:09 ET
Table 'Paloque II' 6-max Seat #1 is the button
Seat 1: Kaukadiginte ($30.34 in chips)
Seat 5: mytuter ($200.89 in chips)
Kaukadiginte: posts small blind $1
mytuter: posts big blind $3
*** HOLE CARDS ***
Kaukadiginte: raises $3 to $6
mytuter: calls $3
*** FLOP *** [3c 2h 5d]
mytuter: checks
Kaukadiginte: bets $3
mytuter: folds
Uncalled bet ($3) returned to Kaukadiginte
Kaukadiginte collected $11.76 from pot
Kaukadiginte: doesn't show hand
*** SUMMARY ***
Total pot $12 | Rake $0.24
Board [3c 2h 5d]
Seat 1: Kaukadiginte (button) (small blind) collected ($11.76)
Seat 5: mytuter (big blind) folded on the Flop


PokerStars Hand #175349761912:  Hold'em Limit ($3/$6 USD) - 2017/09/07 20:05:29 ET
Table 'Paloque II' 6-max Seat #1 is the button
Seat 1: Kaukadiginte ($37.10 in chips)
Seat 5: mytuter ($193.89 in chips)
Kaukadiginte: posts small blind $1
mytuter: posts big blind $3
*** HOLE CARDS ***
Kaukadiginte: folds
Uncalled bet ($2) returned to mytuter
mytuter collected $2 from pot
mytuter: doesn't show hand
*** SUMMARY ***
Total pot $2 | Rake $0
Seat 1: Kaukadiginte (button) (small blind) folded before Flop
Seat 5: mytuter (big blind) collected ($2)


PokerStars Hand #175349759149:  Hold'em Limit ($3/$6 USD) - 2017/09/07 20:05:23 ET
Table 'Paloque II' 6-max Seat #5 is the button
Seat 1: Kaukadiginte ($36.10 in chips)
Seat 5: mytuter ($194.89 in chips)
mytuter: posts small blind $1
Kaukadiginte: posts big blind $3
*** HOLE CARDS ***
mytuter: folds
Uncalled bet ($2) returned to Kaukadiginte
Kaukadiginte collected $2 from pot
Kaukadiginte: doesn't show hand
*** SUMMARY ***
Total pot $2 | Rake $0
Seat 1: Kaukadiginte (big blind) collected ($2)
Seat 5: mytuter (button) (small blind) folded before Flop


PokerStars Hand #175349776899:  Hold'em Limit ($3/$6 USD) - 2017/09/07 20:06:00 ET
Table 'Paloque II' 6-max Seat #1 is the button
Seat 1: Kaukadiginte ($21.10 in chips)
Seat 5: mytuter ($209.39 in chips)
Kaukadiginte: posts small blind $1
mytuter: posts big blind $3
*** HOLE CARDS ***
Kaukadiginte: folds
Uncalled bet ($2) returned to mytuter
mytuter collected $2 from pot
mytuter: doesn't show hand
*** SUMMARY ***
Total pot $2 | Rake $0
Seat 1: Kaukadiginte (button) (small blind) folded before Flop
Seat 5: mytuter (big blind) collected ($2)


PokerStars Hand #175349764722:  Hold'em Limit ($3/$6 USD) - 2017/09/07 20:05:35 ET
Table 'Paloque II' 6-max Seat #5 is the button
Seat 1: Kaukadiginte ($36.10 in chips)
Seat 5: mytuter ($194.89 in chips)
mytuter: posts small blind $1
Kaukadiginte: posts big blind $3
*** HOLE CARDS ***
mytuter: calls $2
Kaukadiginte: raises $3 to $6
mytuter: calls $3
*** FLOP *** [2h 5c 2c]
Kaukadiginte: bets $3
mytuter: calls $3
*** TURN *** [2h 5c 2c] [6s]
Kaukadiginte: checks
mytuter: bets $6
Kaukadiginte: calls $6
*** RIVER *** [2h 5c 2c 6s] [As]
Kaukadiginte: checks
mytuter: bets $6
Kaukadiginte: folds
Uncalled bet ($6) returned to mytuter
mytuter collected $29.50 from pot
mytuter: doesn't show hand
*** SUMMARY ***
Total pot $30 | Rake $0.50
Board [2h 5c 2c 6s As]
Seat 1: Kaukadiginte (big blind) folded on the River
Seat 5: mytuter (button) (small blind) collected ($29.50)


PokerStars Hand #175349743392:  Hold'em Limit ($3/$6 USD) - 2017/09/07 20:04:51 ET
Table 'Paloque II' 6-max Seat #5 is the button
Seat 1: Kaukadiginte ($30.59 in chips)
Seat 5: mytuter ($201.14 in chips)
mytuter: posts small blind $1
Kaukadiginte: posts big blind $3
*** HOLE CARDS ***
mytuter: raises $3 to $6
Kaukadiginte: calls $3
*** FLOP *** [8c 8s 6h]
Kaukadiginte: bets $3
mytuter: calls $3
*** TURN *** [8c 8s 6h] [Qs]
Kaukadiginte: bets $6
mytuter: calls $6
*** RIVER *** [8c 8s 6h Qs] [Jc]
Kaukadiginte: bets $6
mytuter: calls $6
*** SHOW DOWN ***
Kaukadiginte: shows [Ks 9h] (a pair of Eights)
mytuter: shows [2s Kh] (a pair of Eights)
Kaukadiginte collected $20.75 from pot
mytuter collected $20.75 from pot
*** SUMMARY ***
Total pot $42 | Rake $0.50
Board [8c 8s 6h Qs Jc]
Seat 1: Kaukadiginte (big blind) showed [Ks 9h] and won ($20.75) with a pair of Eights
Seat 5: mytuter (button) (small blind) showed [2s Kh] and won ($20.75) with a pair of Eights


PokerStars Hand #175349779595:  Hold'em Limit ($3/$6 USD) - 2017/09/07 20:06:05 ET
Table 'Paloque II' 6-max Seat #5 is the button
Seat 1: Kaukadiginte ($20.10 in chips)
Seat 5: mytuter ($210.39 in chips)
mytuter: posts small blind $1
Kaukadiginte: posts big blind $3
*** HOLE CARDS ***
mytuter: raises $3 to $6
Kaukadiginte: raises $3 to $9
mytuter: calls $3
*** FLOP *** [Kh Jc 6s]
Kaukadiginte: bets $3
mytuter: calls $3
*** TURN *** [Kh Jc 6s] [9s]
Kaukadiginte: bets $6
mytuter: raises $6 to $12
Kaukadiginte: calls $2.10 and is all-in
Uncalled bet ($3.90) returned to mytuter
*** RIVER *** [Kh Jc 6s 9s] [Kd]
*** SHOW DOWN ***
Kaukadiginte: shows [Ah 9d] (two pair, Kings and Nines)
mytuter: shows [8s As] (a pair of Kings)
Kaukadiginte collected $39.70 from pot
*** SUMMARY ***
Total pot $40.20 | Rake $0.50
Board [Kh Jc 6s 9s Kd]
Seat 1: Kaukadiginte (big blind) showed [Ah 9d] and won ($39.70) with two pair, Kings and Nines
Seat 5: mytuter (button) (small blind) showed [8s As] and lost with a pair of Kings


PokerStars Hand #175349789098:  Hold'em Limit ($3/$6 USD) - 2017/09/07 20:06:25 ET
Table 'Paloque II' 6-max Seat #1 is the button
Seat 1: Kaukadiginte ($39.70 in chips)
Seat 5: mytuter ($190.29 in chips)
Kaukadiginte: posts small blind $1
mytuter: posts big blind $3
*** HOLE CARDS ***
Kaukadiginte: folds
Uncalled bet ($2) returned to mytuter
mytuter collected $2 from pot
mytuter: doesn't show hand
*** SUMMARY ***
Total pot $2 | Rake $0
Seat 1: Kaukadiginte (button) (small blind) folded before Flop
Seat 5: mytuter (big blind) collected ($2)


PokerStars Hand #175349796319:  Hold'em Limit ($3/$6 USD) - 2017/09/07 20:06:40 ET
Table 'Paloque II' 6-max Seat #1 is the button
Seat 1: Kaukadiginte ($39.70 in chips)
Seat 5: mytuter ($190.29 in chips)
Kaukadiginte: posts small blind $1
mytuter: posts big blind $3
*** HOLE CARDS ***
bubsski joins the table at seat #6
Kaukadiginte: raises $3 to $6
mytuter: calls $3
*** FLOP *** [Qh 7d 7s]
mytuter: checks
Kaukadiginte: checks
*** TURN *** [Qh 7d 7s] [4d]
mytuter: checks
Kaukadiginte: bets $6
mytuter: raises $6 to $12
Kaukadiginte: calls $6
*** RIVER *** [Qh 7d 7s 4d] [Kh]
mytuter: bets $6
Kaukadiginte: folds
Uncalled bet ($6) returned to mytuter
mytuter collected $35.50 from pot
mytuter: doesn't show hand
*** SUMMARY ***
Total pot $36 | Rake $0.50
Board [Qh 7d 7s 4d Kh]
Seat 1: Kaukadiginte (button) (small blind) folded on the River
Seat 5: mytuter (big blind) collected ($35.50)


PokerStars Hand #175354532486:  Hold'em Limit ($3/$6 USD) - 2017/09/07 23:40:48 ET
Table 'Paloque II' 6-max Seat #4 is the button
Seat 4: vitamin168 ($163.84 in chips)
Seat 5: karambakilla ($203.31 in chips)
vitamin168: posts small blind $1
karambakilla: posts big blind $3
*** HOLE CARDS ***
vitamin168: folds
Uncalled bet ($2) returned to karambakilla
karambakilla collected $2 from pot
karambakilla: doesn't show hand
*** SUMMARY ***
Total pot $2 | Rake $0
Seat 4: vitamin168 (button) (small blind) folded before Flop
Seat 5: karambakilla (big blind) collected ($2)


PokerStars Hand #175354527154:  Hold'em Limit ($3/$6 USD) - 2017/09/07 23:40:29 ET
Table 'Paloque II' 6-max Seat #5 is the button
Seat 4: vitamin168 ($178.84 in chips)
Seat 5: karambakilla ($188.81 in chips)
karambakilla: posts small blind $1
vitamin168: posts big blind $3
*** HOLE CARDS ***
karambakilla: raises $3 to $6
vitamin168: calls $3
*** FLOP *** [9c 5c 7h]
vitamin168: checks
karambakilla: bets $3
vitamin168: calls $3
*** TURN *** [9c 5c 7h] [8h]
vitamin168: checks
karambakilla: checks
*** RIVER *** [9c 5c 7h 8h] [Jc]
vitamin168: checks
karambakilla: bets $6
vitamin168: calls $6
*** SHOW DOWN ***
karambakilla: shows [8d Tc] (a straight, Seven to Jack)
vitamin168: mucks hand
karambakilla collected $29.50 from pot
*** SUMMARY ***
Total pot $30 | Rake $0.50
Board [9c 5c 7h 8h Jc]
Seat 4: vitamin168 (big blind) mucked
Seat 5: karambakilla (button) (small blind) showed [8d Tc] and won ($29.50) with a straight, Seven to Jack


PokerStars Hand #175354533936:  Hold'em Limit ($3/$6 USD) - 2017/09/07 23:40:54 ET
Table 'Paloque II' 6-max Seat #5 is the button
Seat 4: vitamin168 ($162.84 in chips)
Seat 5: karambakilla ($204.31 in chips)
karambakilla: posts small blind $1
vitamin168: posts big blind $3
*** HOLE CARDS ***
karambakilla: raises $3 to $6
vitamin168: raises $3 to $9
karambakilla: calls $3
*** FLOP *** [Kd 4c As]
vitamin168: bets $3
karambakilla: calls $3
*** TURN *** [Kd 4c As] [5h]
vitamin168: bets $6
karambakilla: calls $6
*** RIVER *** [Kd 4c As 5h] [9s]
vitamin168: bets $6
karambakilla: folds
Uncalled bet ($6) returned to vitamin168
vitamin168 collected $35.50 from pot
vitamin168: doesn't show hand
*** SUMMARY ***
Total pot $36 | Rake $0.50
Board [Kd 4c As 5h 9s]
Seat 4: vitamin168 (big blind) collected ($35.50)
Seat 5: karambakilla (button) (small blind) folded on the River


PokerStars Hand #175354551230:  Hold'em Limit ($3/$6 USD) - 2017/09/07 23:41:56 ET
Table 'Paloque II' 6-max Seat #5 is the button
Seat 4: vitamin168 ($210.60 in chips)
Seat 5: karambakilla ($155.31 in chips)
karambakilla: posts small blind $1
vitamin168: posts big blind $3
*** HOLE CARDS ***
karambakilla: folds
Uncalled bet ($2) returned to vitamin168
vitamin168 collected $2 from pot
vitamin168: doesn't show hand
*** SUMMARY ***
Total pot $2 | Rake $0
Seat 4: vitamin168 (big blind) collected ($2)
Seat 5: karambakilla (button) (small blind) folded before Flop


PokerStars Hand #175354548424:  Hold'em Limit ($3/$6 USD) - 2017/09/07 23:41:46 ET
Table 'Paloque II' 6-max Seat #4 is the button
Seat 4: vitamin168 ($204.84 in chips)
Seat 5: karambakilla ($161.31 in chips)
vitamin168: posts small blind $1
karambakilla: posts big blind $3
*** HOLE CARDS ***
vitamin168: raises $3 to $6
karambakilla: calls $3
*** FLOP *** [Jd Ac 6d]
karambakilla: checks
vitamin168: bets $3
karambakilla: folds
Uncalled bet ($3) returned to vitamin168
vitamin168 collected $11.76 from pot
vitamin168: doesn't show hand
*** SUMMARY ***
Total pot $12 | Rake $0.24
Board [Jd Ac 6d]
Seat 4: vitamin168 (button) (small blind) collected ($11.76)
Seat 5: karambakilla (big blind) folded on the Flop


PokerStars Hand #175354546768:  Hold'em Limit ($3/$6 USD) - 2017/09/07 23:41:40 ET
Table 'Paloque II' 6-max Seat #5 is the button
Seat 4: vitamin168 ($207.84 in chips)
Seat 5: karambakilla ($158.31 in chips)
karambakilla: posts small blind $1
vitamin168: posts big blind $3
*** HOLE CARDS ***
karambakilla: raises $3 to $6
vitamin168: folds
Uncalled bet ($3) returned to karambakilla
karambakilla collected $6 from pot
karambakilla: doesn't show hand
*** SUMMARY ***
Total pot $6 | Rake $0
Seat 4: vitamin168 (big blind) folded before Flop
Seat 5: karambakilla (button) (small blind) collected ($6)


PokerStars Hand #175354545179:  Hold'em Limit ($3/$6 USD) - 2017/09/07 23:41:34 ET
Table 'Paloque II' 6-max Seat #4 is the button
Seat 4: vitamin168 ($204.84 in chips)
Seat 5: karambakilla ($161.31 in chips)
vitamin168: posts small blind $1
karambakilla: posts big blind $3
*** HOLE CARDS ***
vitamin168: raises $3 to $6
karambakilla: folds
Uncalled bet ($3) returned to vitamin168
vitamin168 collected $6 from pot
vitamin168: doesn't show hand
*** SUMMARY ***
Total pot $6 | Rake $0
Seat 4: vitamin168 (button) (small blind) collected ($6)
Seat 5: karambakilla (big blind) folded before Flop


PokerStars Hand #175354543886:  Hold'em Limit ($3/$6 USD) - 2017/09/07 23:41:29 ET
Table 'Paloque II' 6-max Seat #5 is the button
Seat 4: vitamin168 ($203.84 in chips)
Seat 5: karambakilla ($162.31 in chips)
karambakilla: posts small blind $1
vitamin168: posts big blind $3
*** HOLE CARDS ***
karambakilla: folds
Uncalled bet ($2) returned to vitamin168
vitamin168 collected $2 from pot
vitamin168: doesn't show hand
*** SUMMARY ***
Total pot $2 | Rake $0
Seat 4: vitamin168 (big blind) collected ($2)
Seat 5: karambakilla (button) (small blind) folded before Flop


PokerStars Hand #175354539399:  Hold'em Limit ($3/$6 USD) - 2017/09/07 23:41:13 ET
Table 'Paloque II' 6-max Seat #4 is the button
Seat 4: vitamin168 ($180.34 in chips)
Seat 5: karambakilla ($186.31 in chips)
vitamin168: posts small blind $1
karambakilla: posts big blind $3
*** HOLE CARDS ***
vitamin168: raises $3 to $6
karambakilla: calls $3
*** FLOP *** [4s 3h 3d]
karambakilla: checks
vitamin168: bets $3
karambakilla: raises $3 to $6
vitamin168: calls $3
*** TURN *** [4s 3h 3d] [6s]
karambakilla: bets $6
vitamin168: calls $6
*** RIVER *** [4s 3h 3d 6s] [2c]
karambakilla: bets $6
vitamin168: calls $6
*** SHOW DOWN ***
karambakilla: shows [7s 4c] (two pair, Fours and Threes)
vitamin168: shows [Ac 4d] (two pair, Fours and Threes - Ace kicker)
vitamin168 collected $47.50 from pot
*** SUMMARY ***
Total pot $48 | Rake $0.50
Board [4s 3h 3d 6s 2c]
Seat 4: vitamin168 (button) (small blind) showed [Ac 4d] and won ($47.50) with two pair, Fours and Threes
Seat 5: karambakilla (big blind) showed [7s 4c] and lost with two pair, Fours and Threes


PokerStars Hand #175354556508:  Hold'em Limit ($3/$6 USD) - 2017/09/07 23:42:15 ET
Table 'Paloque II' 6-max Seat #5 is the button
Seat 4: vitamin168 ($193.60 in chips)
Seat 5: karambakilla ($171.81 in chips)
karambakilla: posts small blind $1
vitamin168: posts big blind $3
*** HOLE CARDS ***
karambakilla: raises $3 to $6
vitamin168: folds
Uncalled bet ($3) returned to karambakilla
karambakilla collected $6 from pot
karambakilla: doesn't show hand
*** SUMMARY ***
Total pot $6 | Rake $0
Seat 4: vitamin168 (big blind) folded before Flop
Seat 5: karambakilla (button) (small blind) collected ($6)


PokerStars Hand #175354552588:  Hold'em Limit ($3/$6 USD) - 2017/09/07 23:42:01 ET
Table 'Paloque II' 6-max Seat #4 is the button
Seat 4: vitamin168 ($211.60 in chips)
Seat 5: karambakilla ($154.31 in chips)
vitamin168: posts small blind $1
karambakilla: posts big blind $3
*** HOLE CARDS ***
vitamin168: raises $3 to $6
karambakilla: calls $3
*** FLOP *** [Kh 9c 6s]
karambakilla: checks
vitamin168: checks
*** TURN *** [Kh 9c 6s] [5c]
karambakilla: bets $6
vitamin168: calls $6
*** RIVER *** [Kh 9c 6s 5c] [2d]
karambakilla: bets $6
vitamin168: calls $6
*** SHOW DOWN ***
karambakilla: shows [4c 4h] (a pair of Fours)
vitamin168: mucks hand
karambakilla collected $35.50 from pot
*** SUMMARY ***
Total pot $36 | Rake $0.50
Board [Kh 9c 6s 5c 2d]
Seat 4: vitamin168 (button) (small blind) mucked
Seat 5: karambakilla (big blind) showed [4c 4h] and won ($35.50) with a pair of Fours


PokerStars Hand #175354558187:  Hold'em Limit ($3/$6 USD) - 2017/09/07 23:42:21 ET
Table 'Paloque II' 6-max Seat #4 is the button
Seat 4: vitamin168 ($190.60 in chips)
Seat 5: karambakilla ($174.81 in chips)
vitamin168: posts small blind $1
karambakilla: posts big blind $3
*** HOLE CARDS ***
vitamin168: raises $3 to $6
karambakilla: calls $3
*** FLOP *** [Td Ac 4s]
karambakilla: bets $3
vitamin168: calls $3
*** TURN *** [Td Ac 4s] [Qh]
karambakilla: bets $6
vitamin168: raises $6 to $12
karambakilla: calls $6
*** RIVER *** [Td Ac 4s Qh] [5h]
karambakilla: checks
vitamin168: bets $6
karambakilla: calls $6
*** SHOW DOWN ***
vitamin168: shows [Qs Ah] (two pair, Aces and Queens)
karambakilla: mucks hand
vitamin168 collected $53.50 from pot
*** SUMMARY ***
Total pot $54 | Rake $0.50
Board [Td Ac 4s Qh 5h]
Seat 4: vitamin168 (button) (small blind) showed [Qs Ah] and won ($53.50) with two pair, Aces and Queens
Seat 5: karambakilla (big blind) mucked


PokerStars Hand #175354563264:  Hold'em Limit ($3/$6 USD) - 2017/09/07 23:42:39 ET
Table 'Paloque II' 6-max Seat #5 is the button
Seat 4: vitamin168 ($217.10 in chips)
Seat 5: karambakilla ($147.81 in chips)
karambakilla: posts small blind $1
vitamin168: posts big blind $3
*** HOLE CARDS ***
karambakilla: raises $3 to $6
vitamin168: folds
Uncalled bet ($3) returned to karambakilla
karambakilla collected $6 from pot
karambakilla: doesn't show hand
*** SUMMARY ***
Total pot $6 | Rake $0
Seat 4: vitamin168 (big blind) folded before Flop
Seat 5: karambakilla (button) (small blind) collected ($6)


PokerStars Hand #175354573206:  Hold'em Limit ($3/$6 USD) - 2017/09/07 23:43:15 ET
Table 'Paloque II' 6-max Seat #4 is the button
Seat 4: vitamin168 ($181.10 in chips)
Seat 5: karambakilla ($183.31 in chips)
vitamin168: posts small blind $1
karambakilla: posts big blind $3
*** HOLE CARDS ***
vitamin168: raises $3 to $6
karambakilla: folds
Uncalled bet ($3) returned to vitamin168
vitamin168 collected $6 from pot
vitamin168: doesn't show hand
*** SUMMARY ***
Total pot $6 | Rake $0
Seat 4: vitamin168 (button) (small blind) collected ($6)
Seat 5: karambakilla (big blind) folded before Flop


PokerStars Hand #175354571321:  Hold'em Limit ($3/$6 USD) - 2017/09/07 23:43:08 ET
Table 'Paloque II' 6-max Seat #5 is the button
Seat 4: vitamin168 ($184.10 in chips)
Seat 5: karambakilla ($180.31 in chips)
karambakilla: posts small blind $1
vitamin168: posts big blind $3
*** HOLE CARDS ***
karambakilla: raises $3 to $6
vitamin168: folds
Uncalled bet ($3) returned to karambakilla
karambakilla collected $6 from pot
karambakilla: doesn't show hand
*** SUMMARY ***
Total pot $6 | Rake $0
Seat 4: vitamin168 (big blind) folded before Flop
Seat 5: karambakilla (button) (small blind) collected ($6)


PokerStars Hand #175354576264:  Hold'em Limit ($3/$6 USD) - 2017/09/07 23:43:26 ET
Table 'Paloque II' 6-max Seat #4 is the button
Seat 4: vitamin168 ($185.10 in chips)
Seat 5: karambakilla ($179.31 in chips)
vitamin168: posts small blind $1
karambakilla: posts big blind $3
*** HOLE CARDS ***
vitamin168: folds
Uncalled bet ($2) returned to karambakilla
karambakilla collected $2 from pot
karambakilla: doesn't show hand
*** SUMMARY ***
Total pot $2 | Rake $0
Seat 4: vitamin168 (button) (small blind) folded before Flop
Seat 5: karambakilla (big blind) collected ($2)


PokerStars Hand #175354574981:  Hold'em Limit ($3/$6 USD) - 2017/09/07 23:43:21 ET
Table 'Paloque II' 6-max Seat #5 is the button
Seat 4: vitamin168 ($184.10 in chips)
Seat 5: karambakilla ($180.31 in chips)
karambakilla: posts small blind $1
vitamin168: posts big blind $3
*** HOLE CARDS ***
karambakilla: folds
Uncalled bet ($2) returned to vitamin168
vitamin168 collected $2 from pot
vitamin168: doesn't show hand
*** SUMMARY ***
Total pot $2 | Rake $0
Seat 4: vitamin168 (big blind) collected ($2)
Seat 5: karambakilla (button) (small blind) folded before Flop


PokerStars Hand #175354579139:  Hold'em Limit ($3/$6 USD) - 2017/09/07 23:43:36 ET
Table 'Paloque II' 6-max Seat #4 is the button
Seat 4: vitamin168 ($185.10 in chips)
Seat 5: karambakilla ($179.31 in chips)
vitamin168: posts small blind $1
karambakilla: posts big blind $3
*** HOLE CARDS ***
vitamin168: raises $3 to $6
karambakilla: folds
Uncalled bet ($3) returned to vitamin168
vitamin168 collected $6 from pot
vitamin168: doesn't show hand
*** SUMMARY ***
Total pot $6 | Rake $0
Seat 4: vitamin168 (button) (small blind) collected ($6)
Seat 5: karambakilla (big blind) folded before Flop


PokerStars Hand #175354577733:  Hold'em Limit ($3/$6 USD) - 2017/09/07 23:43:31 ET
Table 'Paloque II' 6-max Seat #5 is the button
Seat 4: vitamin168 ($184.10 in chips)
Seat 5: karambakilla ($180.31 in chips)
karambakilla: posts small blind $1
vitamin168: posts big blind $3
*** HOLE CARDS ***
karambakilla: folds
Uncalled bet ($2) returned to vitamin168
vitamin168 collected $2 from pot
vitamin168: doesn't show hand
*** SUMMARY ***
Total pot $2 | Rake $0
Seat 4: vitamin168 (big blind) collected ($2)
Seat 5: karambakilla (button) (small blind) folded before Flop


PokerStars Hand #175354582646:  Hold'em Limit ($3/$6 USD) - 2017/09/07 23:43:49 ET
Table 'Paloque II' 6-max Seat #4 is the button
Seat 4: vitamin168 ($189.10 in chips)
Seat 5: karambakilla ($175.31 in chips)
vitamin168: posts small blind $1
karambakilla: posts big blind $3
*** HOLE CARDS ***
vitamin168: raises $3 to $6
karambakilla: calls $3
*** FLOP *** [4h Jd 8d]
karambakilla: checks
vitamin168: bets $3
karambakilla: calls $3
*** TURN *** [4h Jd 8d] [3c]
karambakilla: checks
vitamin168: bets $6
karambakilla: calls $6
*** RIVER *** [4h Jd 8d 3c] [Qh]
karambakilla: checks
vitamin168: bets $6
karambakilla: calls $6
*** SHOW DOWN ***
vitamin168: shows [Jh 6d] (a pair of Jacks)
karambakilla: mucks hand
vitamin168 collected $41.50 from pot
*** SUMMARY ***
Total pot $42 | Rake $0.50
Board [4h Jd 8d 3c Qh]
Seat 4: vitamin168 (button) (small blind) showed [Jh 6d] and won ($41.50) with a pair of Jacks
Seat 5: karambakilla (big blind) mucked


PokerStars Hand #175354580850:  Hold'em Limit ($3/$6 USD) - 2017/09/07 23:43:42 ET
Table 'Paloque II' 6-max Seat #5 is the button
Seat 4: vitamin168 ($188.10 in chips)
Seat 5: karambakilla ($176.31 in chips)
karambakilla: posts small blind $1
vitamin168: posts big blind $3
*** HOLE CARDS ***
karambakilla: folds
Uncalled bet ($2) returned to vitamin168
vitamin168 collected $2 from pot
vitamin168: doesn't show hand
*** SUMMARY ***
Total pot $2 | Rake $0
Seat 4: vitamin168 (big blind) collected ($2)
Seat 5: karambakilla (button) (small blind) folded before Flop


PokerStars Hand #175354595367:  Hold'em Limit ($3/$6 USD) - 2017/09/07 23:44:34 ET
Table 'Paloque II' 6-max Seat #5 is the button
Seat 4: vitamin168 ($187.60 in chips)
Seat 5: karambakilla ($175.81 in chips)
karambakilla: posts small blind $1
vitamin168: posts big blind $3
*** HOLE CARDS ***
karambakilla: raises $3 to $6
vitamin168: folds
Uncalled bet ($3) returned to karambakilla
karambakilla collected $6 from pot
karambakilla: doesn't show hand
*** SUMMARY ***
Total pot $6 | Rake $0
Seat 4: vitamin168 (big blind) folded before Flop
Seat 5: karambakilla (button) (small blind) collected ($6)


PokerStars Hand #175354606932:  Hold'em Limit ($3/$6 USD) - 2017/09/07 23:45:16 ET
Table 'Paloque II' 6-max Seat #5 is the button
Seat 4: vitamin168 ($175.60 in chips)
Seat 5: karambakilla ($187.31 in chips)
karambakilla: posts small blind $1
vitamin168: posts big blind $3
*** HOLE CARDS ***
karambakilla: raises $3 to $6
vitamin168: folds
Uncalled bet ($3) returned to karambakilla
karambakilla collected $6 from pot
karambakilla: doesn't show hand
*** SUMMARY ***
Total pot $6 | Rake $0
Seat 4: vitamin168 (big blind) folded before Flop
Seat 5: karambakilla (button) (small blind) collected ($6)


PokerStars Hand #175354604139:  Hold'em Limit ($3/$6 USD) - 2017/09/07 23:45:06 ET
Table 'Paloque II' 6-max Seat #4 is the button
Seat 4: vitamin168 ($172.60 in chips)
Seat 5: karambakilla ($190.31 in chips)
vitamin168: posts small blind $1
karambakilla: posts big blind $3
*** HOLE CARDS ***
vitamin168: raises $3 to $6
karambakilla: folds
Uncalled bet ($3) returned to vitamin168
vitamin168 collected $6 from pot
vitamin168: doesn't show hand
*** SUMMARY ***
Total pot $6 | Rake $0
Seat 4: vitamin168 (button) (small blind) collected ($6)
Seat 5: karambakilla (big blind) folded before Flop


PokerStars Hand #175354598749:  Hold'em Limit ($3/$6 USD) - 2017/09/07 23:44:46 ET
Table 'Paloque II' 6-max Seat #5 is the button
Seat 4: vitamin168 ($187.60 in chips)
Seat 5: karambakilla ($175.81 in chips)
karambakilla: posts small blind $1
vitamin168: posts big blind $3
*** HOLE CARDS ***
karambakilla: raises $3 to $6
vitamin168: calls $3
*** FLOP *** [Jh 2c 5h]
vitamin168: checks
karambakilla: bets $3
vitamin168: calls $3
*** TURN *** [Jh 2c 5h] [7c]
vitamin168: checks
karambakilla: checks
*** RIVER *** [Jh 2c 5h 7c] [3d]
vitamin168: checks
karambakilla: bets $6
vitamin168: calls $6
*** SHOW DOWN ***
karambakilla: shows [3h 8h] (a pair of Threes)
vitamin168: mucks hand
karambakilla collected $29.50 from pot
*** SUMMARY ***
Total pot $30 | Rake $0.50
Board [Jh 2c 5h 7c 3d]
Seat 4: vitamin168 (big blind) mucked
Seat 5: karambakilla (button) (small blind) showed [3h 8h] and won ($29.50) with a pair of Threes


PokerStars Hand #175354597099:  Hold'em Limit ($3/$6 USD) - 2017/09/07 23:44:40 ET
Table 'Paloque II' 6-max Seat #4 is the button
Seat 4: vitamin168 ($184.60 in chips)
Seat 5: karambakilla ($178.81 in chips)
vitamin168: posts small blind $1
karambakilla: posts big blind $3
*** HOLE CARDS ***
vitamin168: raises $3 to $6
karambakilla: folds
Uncalled bet ($3) returned to vitamin168
vitamin168 collected $6 from pot
vitamin168: doesn't show hand
*** SUMMARY ***
Total pot $6 | Rake $0
Seat 4: vitamin168 (button) (small blind) collected ($6)
Seat 5: karambakilla (big blind) folded before Flop


PokerStars Hand #175354593786:  Hold'em Limit ($3/$6 USD) - 2017/09/07 23:44:29 ET
Table 'Paloque II' 6-max Seat #4 is the button
Seat 4: vitamin168 ($188.60 in chips)
Seat 5: karambakilla ($174.81 in chips)
vitamin168: posts small blind $1
karambakilla: posts big blind $3
*** HOLE CARDS ***
vitamin168: folds
Uncalled bet ($2) returned to karambakilla
karambakilla collected $2 from pot
karambakilla: doesn't show hand
*** SUMMARY ***
Total pot $2 | Rake $0
Seat 4: vitamin168 (button) (small blind) folded before Flop
Seat 5: karambakilla (big blind) collected ($2)


PokerStars Hand #175354587910:  Hold'em Limit ($3/$6 USD) - 2017/09/07 23:44:07 ET
Table 'Paloque II' 6-max Seat #5 is the button
Seat 4: vitamin168 ($209.60 in chips)
Seat 5: karambakilla ($154.31 in chips)
karambakilla: posts small blind $1
vitamin168: posts big blind $3
*** HOLE CARDS ***
karambakilla: raises $3 to $6
vitamin168: calls $3
*** FLOP *** [8h Ah Qh]
vitamin168: checks
karambakilla: bets $3
vitamin168: calls $3
*** TURN *** [8h Ah Qh] [Js]
vitamin168: checks
karambakilla: bets $6
vitamin168: calls $6
*** RIVER *** [8h Ah Qh Js] [6d]
vitamin168: checks
karambakilla: bets $6
vitamin168: calls $6
*** SHOW DOWN ***
karambakilla: shows [Ad 4h] (a pair of Aces)
vitamin168: mucks hand
karambakilla collected $41.50 from pot
*** SUMMARY ***
Total pot $42 | Rake $0.50
Board [8h Ah Qh Js 6d]
Seat 4: vitamin168 (big blind) mucked
Seat 5: karambakilla (button) (small blind) showed [Ad 4h] and won ($41.50) with a pair of Aces


PokerStars Hand #175354613260:  Hold'em Limit ($3/$6 USD) - 2017/09/07 23:45:39 ET
Table 'Paloque II' 6-max Seat #5 is the button
Seat 4: vitamin168 ($157.60 in chips)
Seat 5: karambakilla ($204.81 in chips)
karambakilla: posts small blind $1
vitamin168: posts big blind $3
*** HOLE CARDS ***
karambakilla: folds
Uncalled bet ($2) returned to vitamin168
vitamin168 collected $2 from pot
vitamin168: doesn't show hand
*** SUMMARY ***
Total pot $2 | Rake $0
Seat 4: vitamin168 (big blind) collected ($2)
Seat 5: karambakilla (button) (small blind) folded before Flop


PokerStars Hand #175354620803:  Hold'em Limit ($3/$6 USD) - 2017/09/07 23:46:06 ET
Table 'Paloque II' 6-max Seat #5 is the button
Seat 4: vitamin168 ($143.60 in chips)
Seat 5: karambakilla ($218.31 in chips)
karambakilla: posts small blind $1
vitamin168: posts big blind $3
*** HOLE CARDS ***
karambakilla: raises $3 to $6
vitamin168: folds
Uncalled bet ($3) returned to karambakilla
karambakilla collected $6 from pot
karambakilla: doesn't show hand
*** SUMMARY ***
Total pot $6 | Rake $0
Seat 4: vitamin168 (big blind) folded before Flop
Seat 5: karambakilla (button) (small blind) collected ($6)


PokerStars Hand #175354616355:  Hold'em Limit ($3/$6 USD) - 2017/09/07 23:45:50 ET
Table 'Paloque II' 6-max Seat #4 is the button
Seat 4: vitamin168 ($158.60 in chips)
Seat 5: karambakilla ($203.81 in chips)
vitamin168: posts small blind $1
karambakilla: posts big blind $3
*** HOLE CARDS ***
vitamin168: raises $3 to $6
karambakilla: calls $3
*** FLOP *** [7c 3c 7s]
karambakilla: bets $3
vitamin168: calls $3
*** TURN *** [7c 3c 7s] [Ah]
karambakilla: checks
vitamin168: checks
*** RIVER *** [7c 3c 7s Ah] [4h]
karambakilla: bets $6
vitamin168: calls $6
*** SHOW DOWN ***
karambakilla: shows [9s 9d] (two pair, Nines and Sevens)
vitamin168: mucks hand
karambakilla collected $29.50 from pot
*** SUMMARY ***
Total pot $30 | Rake $0.50
Board [7c 3c 7s Ah 4h]
Seat 4: vitamin168 (button) (small blind) mucked
Seat 5: karambakilla (big blind) showed [9s 9d] and won ($29.50) with two pair, Nines and Sevens


PokerStars Hand #175354608696:  Hold'em Limit ($3/$6 USD) - 2017/09/07 23:45:22 ET
Table 'Paloque II' 6-max Seat #4 is the button
Seat 4: vitamin168 ($172.60 in chips)
Seat 5: karambakilla ($190.31 in chips)
vitamin168: posts small blind $1
karambakilla: posts big blind $3
*** HOLE CARDS ***
vitamin168: raises $3 to $6
karambakilla: calls $3
*** FLOP *** [Ah 3s 9c]
karambakilla: checks
vitamin168: bets $3
karambakilla: calls $3
*** TURN *** [Ah 3s 9c] [2h]
karambakilla: checks
vitamin168: checks
*** RIVER *** [Ah 3s 9c 2h] [7h]
karambakilla: bets $6
vitamin168: calls $6
*** SHOW DOWN ***
karambakilla: shows [Ac 5c] (a pair of Aces)
vitamin168: mucks hand
karambakilla collected $29.50 from pot
*** SUMMARY ***
Total pot $30 | Rake $0.50
Board [Ah 3s 9c 2h 7h]
Seat 4: vitamin168 (button) (small blind) mucked
Seat 5: karambakilla (big blind) showed [Ac 5c] and won ($29.50) with a pair of Aces


PokerStars Hand #175354631422:  Hold'em Limit ($3/$6 USD) - 2017/09/07 23:46:44 ET
Table 'Paloque II' 6-max Seat #4 is the button
Seat 4: vitamin168 ($146.12 in chips)
Seat 5: karambakilla ($215.07 in chips)
vitamin168: posts small blind $1
karambakilla: posts big blind $3
*** HOLE CARDS ***
vitamin168: raises $3 to $6
karambakilla: calls $3
*** FLOP *** [8h Td 6c]
karambakilla: checks
vitamin168: checks
*** TURN *** [8h Td 6c] [Tc]
karambakilla: checks
vitamin168: bets $6
karambakilla: folds
Uncalled bet ($6) returned to vitamin168
vitamin168 collected $11.76 from pot
vitamin168: doesn't show hand
*** SUMMARY ***
Total pot $12 | Rake $0.24
Board [8h Td 6c Tc]
Seat 4: vitamin168 (button) (small blind) collected ($11.76)
Seat 5: karambakilla (big blind) folded on the Turn


PokerStars Hand #175354626352:  Hold'em Limit ($3/$6 USD) - 2017/09/07 23:46:26 ET
Table 'Paloque II' 6-max Seat #5 is the button
Seat 4: vitamin168 ($134.60 in chips)
Seat 5: karambakilla ($227.07 in chips)
karambakilla: posts small blind $1
vitamin168: posts big blind $3
*** HOLE CARDS ***
karambakilla: raises $3 to $6
vitamin168: calls $3
*** FLOP *** [3s Kh Kd]
vitamin168: checks
karambakilla: checks
*** TURN *** [3s Kh Kd] [6s]
vitamin168: checks
karambakilla: bets $6
vitamin168: calls $6
*** RIVER *** [3s Kh Kd 6s] [2h]
vitamin168: bets $6
karambakilla: folds
Uncalled bet ($6) returned to vitamin168
vitamin168 collected $23.52 from pot
vitamin168: doesn't show hand
*** SUMMARY ***
Total pot $24 | Rake $0.48
Board [3s Kh Kd 6s 2h]
Seat 4: vitamin168 (big blind) collected ($23.52)
Seat 5: karambakilla (button) (small blind) folded on the River


PokerStars Hand #175354622529:  Hold'em Limit ($3/$6 USD) - 2017/09/07 23:46:12 ET
Table 'Paloque II' 6-max Seat #4 is the button
Seat 4: vitamin168 ($140.60 in chips)
Seat 5: karambakilla ($221.31 in chips)
vitamin168: posts small blind $1
karambakilla: posts big blind $3
*** HOLE CARDS ***
vitamin168: raises $3 to $6
karambakilla: calls $3
*** FLOP *** [5h 2s 9h]
karambakilla: checks
vitamin168: checks
*** TURN *** [5h 2s 9h] [3d]
karambakilla: bets $6
vitamin168: folds
Uncalled bet ($6) returned to karambakilla
karambakilla collected $11.76 from pot
karambakilla: doesn't show hand
*** SUMMARY ***
Total pot $12 | Rake $0.24
Board [5h 2s 9h 3d]
Seat 4: vitamin168 (button) (small blind) folded on the Turn
Seat 5: karambakilla (big blind) collected ($11.76)


PokerStars Hand #175354635319:  Hold'em Limit ($3/$6 USD) - 2017/09/07 23:46:58 ET
Table 'Paloque II' 6-max Seat #5 is the button
Seat 4: vitamin168 ($151.88 in chips)
Seat 5: karambakilla ($209.07 in chips)
karambakilla: posts small blind $1
vitamin168: posts big blind $3
*** HOLE CARDS ***
karambakilla: raises $3 to $6
vitamin168: calls $3
*** FLOP *** [3s 2d 4d]
vitamin168: checks
karambakilla: bets $3
vitamin168: calls $3
*** TURN *** [3s 2d 4d] [8s]
vitamin168: checks
karambakilla: checks
*** RIVER *** [3s 2d 4d 8s] [8h]
vitamin168: checks
karambakilla: bets $6
vitamin168: calls $6
*** SHOW DOWN ***
karambakilla: shows [Ad 6d] (a pair of Eights)
vitamin168: mucks hand
karambakilla collected $29.50 from pot
*** SUMMARY ***
Total pot $30 | Rake $0.50
Board [3s 2d 4d 8s 8h]
Seat 4: vitamin168 (big blind) mucked
Seat 5: karambakilla (button) (small blind) showed [Ad 6d] and won ($29.50) with a pair of Eights


PokerStars Hand #175354652007:  Hold'em Limit ($3/$6 USD) - 2017/09/07 23:47:59 ET
Table 'Paloque II' 6-max Seat #5 is the button
Seat 4: vitamin168 ($153.38 in chips)
Seat 5: karambakilla ($206.57 in chips)
karambakilla: posts small blind $1
vitamin168: posts big blind $3
*** HOLE CARDS ***
karambakilla: raises $3 to $6
vitamin168: calls $3
*** FLOP *** [Ad Tc 6h]
vitamin168: checks
karambakilla: bets $3
vitamin168: folds
Uncalled bet ($3) returned to karambakilla
karambakilla collected $11.76 from pot
karambakilla: doesn't show hand
*** SUMMARY ***
Total pot $12 | Rake $0.24
Board [Ad Tc 6h]
Seat 4: vitamin168 (big blind) folded on the Flop
Seat 5: karambakilla (button) (small blind) collected ($11.76)


PokerStars Hand #175354654547:  Hold'em Limit ($3/$6 USD) - 2017/09/07 23:48:08 ET
Table 'Paloque II' 6-max Seat #4 is the button
Seat 4: vitamin168 ($147.38 in chips)
Seat 5: karambakilla ($212.33 in chips)
vitamin168: posts small blind $1
karambakilla: posts big blind $3
*** HOLE CARDS ***
vitamin168: raises $3 to $6
karambakilla: calls $3
*** FLOP *** [As 8c 6h]
karambakilla: checks
vitamin168: bets $3
karambakilla: calls $3
*** TURN *** [As 8c 6h] [2s]
karambakilla: checks
vitamin168: checks
*** RIVER *** [As 8c 6h 2s] [Th]
karambakilla: checks
vitamin168: checks
*** SHOW DOWN ***
karambakilla: shows [Qh Ks] (high card Ace)
vitamin168: shows [6d 5d] (a pair of Sixes)
vitamin168 collected $17.64 from pot
*** SUMMARY ***
Total pot $18 | Rake $0.36
Board [As 8c 6h 2s Th]
Seat 4: vitamin168 (button) (small blind) showed [6d 5d] and won ($17.64) with a pair of Sixes
Seat 5: karambakilla (big blind) showed [Qh Ks] and lost with high card Ace


PokerStars Hand #175354647979:  Hold'em Limit ($3/$6 USD) - 2017/09/07 23:47:45 ET
Table 'Paloque II' 6-max Seat #5 is the button
Seat 4: vitamin168 ($157.38 in chips)
Seat 5: karambakilla ($202.57 in chips)
karambakilla: posts small blind $1
vitamin168: posts big blind $3
*** HOLE CARDS ***
karambakilla: raises $3 to $6
vitamin168: folds
Uncalled bet ($3) returned to karambakilla
karambakilla collected $6 from pot
karambakilla: doesn't show hand
*** SUMMARY ***
Total pot $6 | Rake $0
Seat 4: vitamin168 (big blind) folded before Flop
Seat 5: karambakilla (button) (small blind) collected ($6)


PokerStars Hand #175354640439:  Hold'em Limit ($3/$6 USD) - 2017/09/07 23:47:18 ET
Table 'Paloque II' 6-max Seat #4 is the button
Seat 4: vitamin168 ($136.88 in chips)
Seat 5: karambakilla ($223.57 in chips)
vitamin168: posts small blind $1
karambakilla: posts big blind $3
*** HOLE CARDS ***
vitamin168: raises $3 to $6
karambakilla: calls $3
*** FLOP *** [5s Ah 5d]
karambakilla: checks
vitamin168: bets $3
karambakilla: calls $3
*** TURN *** [5s Ah 5d] [3c]
karambakilla: checks
vitamin168: bets $6
karambakilla: calls $6
*** RIVER *** [5s Ah 5d 3c] [Qd]
karambakilla: checks
vitamin168: bets $6
karambakilla: calls $6
*** SHOW DOWN ***
vitamin168: shows [Qc As] (two pair, Aces and Queens)
karambakilla: mucks hand
vitamin168 collected $41.50 from pot
*** SUMMARY ***
Total pot $42 | Rake $0.50
Board [5s Ah 5d 3c Qd]
Seat 4: vitamin168 (button) (small blind) showed [Qc As] and won ($41.50) with two pair, Aces and Queens
Seat 5: karambakilla (big blind) mucked


PokerStars Hand #175354650495:  Hold'em Limit ($3/$6 USD) - 2017/09/07 23:47:54 ET
Table 'Paloque II' 6-max Seat #4 is the button
Seat 4: vitamin168 ($154.38 in chips)
Seat 5: karambakilla ($205.57 in chips)
vitamin168: posts small blind $1
karambakilla: posts big blind $3
*** HOLE CARDS ***
vitamin168: folds
Uncalled bet ($2) returned to karambakilla
karambakilla collected $2 from pot
karambakilla: doesn't show hand
*** SUMMARY ***
Total pot $2 | Rake $0
Seat 4: vitamin168 (button) (small blind) folded before Flop
Seat 5: karambakilla (big blind) collected ($2)


PokerStars Hand #175354661834:  Hold'em Limit ($3/$6 USD) - 2017/09/07 23:48:35 ET
Table 'Paloque II' 6-max Seat #4 is the button
Seat 4: vitamin168 ($150.02 in chips)
Seat 5: karambakilla ($209.09 in chips)
vitamin168: posts small blind $1
karambakilla: posts big blind $3
*** HOLE CARDS ***
vitamin168: raises $3 to $6
karambakilla: calls $3
*** FLOP *** [Jd 9d Kh]
karambakilla: checks
vitamin168: checks
*** TURN *** [Jd 9d Kh] [Th]
karambakilla: checks
vitamin168: bets $6
karambakilla: calls $6
*** RIVER *** [Jd 9d Kh Th] [2s]
karambakilla: checks
vitamin168: checks
*** SHOW DOWN ***
karambakilla: shows [Ts Jc] (two pair, Jacks and Tens)
vitamin168: mucks hand
karambakilla collected $23.52 from pot
*** SUMMARY ***
Total pot $24 | Rake $0.48
Board [Jd 9d Kh Th 2s]
Seat 4: vitamin168 (button) (small blind) mucked
Seat 5: karambakilla (big blind) showed [Ts Jc] and won ($23.52) with two pair, Jacks and Tens


PokerStars Hand #175354659099:  Hold'em Limit ($3/$6 USD) - 2017/09/07 23:48:25 ET
Table 'Paloque II' 6-max Seat #5 is the button
Seat 4: vitamin168 ($156.02 in chips)
Seat 5: karambakilla ($203.33 in chips)
karambakilla: posts small blind $1
vitamin168: posts big blind $3
*** HOLE CARDS ***
karambakilla: raises $3 to $6
vitamin168: calls $3
*** FLOP *** [8c 3h Qc]
Brama Br joins the table at seat #1
vitamin168: checks
karambakilla: bets $3
vitamin168: folds
Uncalled bet ($3) returned to karambakilla
karambakilla collected $11.76 from pot
karambakilla: doesn't show hand
*** SUMMARY ***
Total pot $12 | Rake $0.24
Board [8c 3h Qc]
Seat 4: vitamin168 (big blind) folded on the Flop
Seat 5: karambakilla (button) (small blind) collected ($11.76)


PokerStars Hand #175354741872:  Hold'em Limit ($3/$6 USD) - 2017/09/07 23:53:29 ET
Table 'Paloque II' 6-max Seat #4 is the button
Seat 4: vitamin168 ($169.22 in chips)
Seat 5: karambakilla ($272.45 in chips)
vitamin168: posts small blind $1
karambakilla: posts big blind $3
*** HOLE CARDS ***
vitamin168: raises $3 to $6
karambakilla: calls $3
*** FLOP *** [6h Js 6c]
karambakilla: checks
vitamin168: bets $3
karambakilla: folds
Uncalled bet ($3) returned to vitamin168
vitamin168 collected $11.76 from pot
vitamin168: doesn't show hand
*** SUMMARY ***
Total pot $12 | Rake $0.24
Board [6h Js 6c]
Seat 4: vitamin168 (button) (small blind) collected ($11.76)
Seat 5: karambakilla (big blind) folded on the Flop


PokerStars Hand #175354753084:  Hold'em Limit ($3/$6 USD) - 2017/09/07 23:54:11 ET
Table 'Paloque II' 6-max Seat #4 is the button
Seat 4: vitamin168 ($159.98 in chips)
Seat 5: karambakilla ($281.09 in chips)
vitamin168: posts small blind $1
karambakilla: posts big blind $3
*** HOLE CARDS ***
vitamin168: raises $3 to $6
karambakilla: calls $3
*** FLOP *** [7s Jh Js]
karambakilla: checks
vitamin168: bets $3
karambakilla: folds
Uncalled bet ($3) returned to vitamin168
vitamin168 collected $11.76 from pot
vitamin168: doesn't show hand
*** SUMMARY ***
Total pot $12 | Rake $0.24
Board [7s Jh Js]
Seat 4: vitamin168 (button) (small blind) collected ($11.76)
Seat 5: karambakilla (big blind) folded on the Flop


PokerStars Hand #175354751604:  Hold'em Limit ($3/$6 USD) - 2017/09/07 23:54:05 ET
Table 'Paloque II' 6-max Seat #5 is the button
Seat 4: vitamin168 ($162.98 in chips)
Seat 5: karambakilla ($278.09 in chips)
karambakilla: posts small blind $1
vitamin168: posts big blind $3
*** HOLE CARDS ***
karambakilla: raises $3 to $6
vitamin168: folds
Uncalled bet ($3) returned to karambakilla
karambakilla collected $6 from pot
karambakilla: doesn't show hand
*** SUMMARY ***
Total pot $6 | Rake $0
Seat 4: vitamin168 (big blind) folded before Flop
Seat 5: karambakilla (button) (small blind) collected ($6)


PokerStars Hand #175354747528:  Hold'em Limit ($3/$6 USD) - 2017/09/07 23:53:50 ET
Table 'Paloque II' 6-max Seat #4 is the button
Seat 4: vitamin168 ($171.98 in chips)
Seat 5: karambakilla ($269.45 in chips)
vitamin168: posts small blind $1
karambakilla: posts big blind $3
*** HOLE CARDS ***
vitamin168: raises $3 to $6
karambakilla: calls $3
*** FLOP *** [Ks 7s 4h]
karambakilla: checks
vitamin168: bets $3
karambakilla: raises $3 to $6
vitamin168: folds
Uncalled bet ($3) returned to karambakilla
karambakilla collected $17.64 from pot
karambakilla: doesn't show hand
*** SUMMARY ***
Total pot $18 | Rake $0.36
Board [Ks 7s 4h]
Seat 4: vitamin168 (button) (small blind) folded on the Flop
Seat 5: karambakilla (big blind) collected ($17.64)


PokerStars Hand #175354745759:  Hold'em Limit ($3/$6 USD) - 2017/09/07 23:53:44 ET
Table 'Paloque II' 6-max Seat #5 is the button
Seat 4: vitamin168 ($174.98 in chips)
Seat 5: karambakilla ($266.45 in chips)
karambakilla: posts small blind $1
vitamin168: posts big blind $3
*** HOLE CARDS ***
karambakilla: raises $3 to $6
vitamin168: folds
Uncalled bet ($3) returned to karambakilla
karambakilla collected $6 from pot
karambakilla: doesn't show hand
*** SUMMARY ***
Total pot $6 | Rake $0
Seat 4: vitamin168 (big blind) folded before Flop
Seat 5: karambakilla (button) (small blind) collected ($6)


PokerStars Hand #175354760993:  Hold'em Limit ($3/$6 USD) - 2017/09/07 23:54:40 ET
Table 'Paloque II' 6-max Seat #5 is the button
Seat 4: vitamin168 ($175.38 in chips)
Seat 5: karambakilla ($265.09 in chips)
karambakilla: posts small blind $1
vitamin168: posts big blind $3
*** HOLE CARDS ***
karambakilla: raises $3 to $6
vitamin168: calls $3
*** FLOP *** [Jd 6c Tc]
vitamin168: checks
karambakilla: bets $3
vitamin168: raises $3 to $6
karambakilla: calls $3
*** TURN *** [Jd 6c Tc] [5c]
vitamin168: bets $6
karambakilla: folds
Uncalled bet ($6) returned to vitamin168
vitamin168 collected $23.52 from pot
vitamin168: doesn't show hand
*** SUMMARY ***
Total pot $24 | Rake $0.48
Board [Jd 6c Tc 5c]
Seat 4: vitamin168 (big blind) collected ($23.52)
Seat 5: karambakilla (button) (small blind) folded on the Turn


PokerStars Hand #175354764657:  Hold'em Limit ($3/$6 USD) - 2017/09/07 23:54:54 ET
Table 'Paloque II' 6-max Seat #4 is the button
Seat 4: vitamin168 ($186.90 in chips)
Seat 5: karambakilla ($253.09 in chips)
vitamin168: posts small blind $1
karambakilla: posts big blind $3
*** HOLE CARDS ***
vitamin168: raises $3 to $6
karambakilla: calls $3
*** FLOP *** [4h Qh 7d]
karambakilla: checks
vitamin168: bets $3
karambakilla: calls $3
*** TURN *** [4h Qh 7d] [6s]
karambakilla: checks
vitamin168: checks
*** RIVER *** [4h Qh 7d 6s] [2s]
karambakilla: bets $6
vitamin168: folds
Uncalled bet ($6) returned to karambakilla
karambakilla collected $17.64 from pot
karambakilla: doesn't show hand
*** SUMMARY ***
Total pot $18 | Rake $0.36
Board [4h Qh 7d 6s 2s]
Seat 4: vitamin168 (button) (small blind) folded on the River
Seat 5: karambakilla (big blind) collected ($17.64)


PokerStars Hand #175354768875:  Hold'em Limit ($3/$6 USD) - 2017/09/07 23:55:10 ET
Table 'Paloque II' 6-max Seat #5 is the button
Seat 4: vitamin168 ($177.90 in chips)
Seat 5: karambakilla ($261.73 in chips)
karambakilla: posts small blind $1
vitamin168: posts big blind $3
*** HOLE CARDS ***
karambakilla: raises $3 to $6
vitamin168: calls $3
*** FLOP *** [8c Kh 4d]
vitamin168: checks
karambakilla: checks
*** TURN *** [8c Kh 4d] [7c]
vitamin168: checks
karambakilla: checks
*** RIVER *** [8c Kh 4d 7c] [Tc]
vitamin168: checks
karambakilla: bets $6
vitamin168: folds
Uncalled bet ($6) returned to karambakilla
karambakilla collected $11.76 from pot
karambakilla: doesn't show hand
*** SUMMARY ***
Total pot $12 | Rake $0.24
Board [8c Kh 4d 7c Tc]
Seat 4: vitamin168 (big blind) folded on the River
Seat 5: karambakilla (button) (small blind) collected ($11.76)


PokerStars Hand #175354757267:  Hold'em Limit ($3/$6 USD) - 2017/09/07 23:54:27 ET
Table 'Paloque II' 6-max Seat #4 is the button
Seat 4: vitamin168 ($166.74 in chips)
Seat 5: karambakilla ($274.09 in chips)
vitamin168: posts small blind $1
karambakilla: posts big blind $3
*** HOLE CARDS ***
vitamin168: raises $3 to $6
karambakilla: calls $3
*** FLOP *** [Kh 3h 2d]
karambakilla: checks
vitamin168: bets $3
karambakilla: calls $3
*** TURN *** [Kh 3h 2d] [Th]
karambakilla: checks
vitamin168: bets $6
karambakilla: folds
Uncalled bet ($6) returned to vitamin168
vitamin168 collected $17.64 from pot
vitamin168: doesn't show hand
*** SUMMARY ***
Total pot $18 | Rake $0.36
Board [Kh 3h 2d Th]
Seat 4: vitamin168 (button) (small blind) collected ($17.64)
Seat 5: karambakilla (big blind) folded on the Turn


PokerStars Hand #175354755912:  Hold'em Limit ($3/$6 USD) - 2017/09/07 23:54:22 ET
Table 'Paloque II' 6-max Seat #5 is the button
Seat 4: vitamin168 ($165.74 in chips)
Seat 5: karambakilla ($275.09 in chips)
karambakilla: posts small blind $1
vitamin168: posts big blind $3
*** HOLE CARDS ***
karambakilla: folds
Uncalled bet ($2) returned to vitamin168
vitamin168 collected $2 from pot
vitamin168: doesn't show hand
*** SUMMARY ***
Total pot $2 | Rake $0
Seat 4: vitamin168 (big blind) collected ($2)
Seat 5: karambakilla (button) (small blind) folded before Flop


PokerStars Hand #175354773770:  Hold'em Limit ($3/$6 USD) - 2017/09/07 23:55:31 ET
Table 'Paloque II' 6-max Seat #5 is the button
Seat 4: vitamin168 ($170.90 in chips)
Seat 5: karambakilla ($268.49 in chips)
karambakilla: posts small blind $1
vitamin168: posts big blind $3
*** HOLE CARDS ***
karambakilla: raises $3 to $6
vitamin168: calls $3
*** FLOP *** [7d 5h 2h]
vitamin168: checks
karambakilla: bets $3
vitamin168: raises $3 to $6
karambakilla: calls $3
*** TURN *** [7d 5h 2h] [Qd]
vitamin168: bets $6
karambakilla: calls $6
*** RIVER *** [7d 5h 2h Qd] [Kd]
vitamin168: checks
karambakilla: checks
*** SHOW DOWN ***
vitamin168: shows [6d 5d] (a flush, King high)
karambakilla: mucks hand
vitamin168 collected $35.50 from pot
*** SUMMARY ***
Total pot $36 | Rake $0.50
Board [7d 5h 2h Qd Kd]
Seat 4: vitamin168 (big blind) showed [6d 5d] and won ($35.50) with a flush, King high
Seat 5: karambakilla (button) (small blind) mucked


PokerStars Hand #175354778345:  Hold'em Limit ($3/$6 USD) - 2017/09/07 23:55:50 ET
Table 'Paloque II' 6-max Seat #4 is the button
Seat 4: vitamin168 ($188.40 in chips)
Seat 5: karambakilla ($250.49 in chips)
vitamin168: posts small blind $1
karambakilla: posts big blind $3
*** HOLE CARDS ***
vitamin168: raises $3 to $6
karambakilla: calls $3
*** FLOP *** [Ad 3s 7d]
karambakilla: checks
vitamin168: bets $3
karambakilla: calls $3
*** TURN *** [Ad 3s 7d] [3h]
karambakilla: checks
vitamin168: checks
*** RIVER *** [Ad 3s 7d 3h] [8h]
karambakilla: checks
vitamin168: checks
*** SHOW DOWN ***
karambakilla: shows [6d Qs] (a pair of Threes)
vitamin168: mucks hand
karambakilla collected $17.64 from pot
*** SUMMARY ***
Total pot $18 | Rake $0.36
Board [Ad 3s 7d 3h 8h]
Seat 4: vitamin168 (button) (small blind) mucked
Seat 5: karambakilla (big blind) showed [6d Qs] and won ($17.64) with a pair of Threes


PokerStars Hand #175354772533:  Hold'em Limit ($3/$6 USD) - 2017/09/07 23:55:25 ET
Table 'Paloque II' 6-max Seat #4 is the button
Seat 4: vitamin168 ($171.90 in chips)
Seat 5: karambakilla ($267.49 in chips)
vitamin168: posts small blind $1
karambakilla: posts big blind $3
*** HOLE CARDS ***
vitamin168: folds
Uncalled bet ($2) returned to karambakilla
karambakilla collected $2 from pot
karambakilla: doesn't show hand
*** SUMMARY ***
Total pot $2 | Rake $0
Seat 4: vitamin168 (button) (small blind) folded before Flop
Seat 5: karambakilla (big blind) collected ($2)


PokerStars Hand #175354788460:  Hold'em Limit ($3/$6 USD) - 2017/09/07 23:56:32 ET
Table 'Paloque II' 6-max Seat #4 is the button
Seat 4: vitamin168 ($164.40 in chips)
Seat 5: karambakilla ($273.63 in chips)
vitamin168: posts small blind $1
karambakilla: posts big blind $3
*** HOLE CARDS ***
vitamin168: raises $3 to $6
karambakilla: calls $3
*** FLOP *** [9c 3s 3c]
karambakilla: checks
vitamin168: bets $3
karambakilla: raises $3 to $6
vitamin168: calls $3
*** TURN *** [9c 3s 3c] [4c]
karambakilla: bets $6
vitamin168: calls $6
*** RIVER *** [9c 3s 3c 4c] [4s]
karambakilla: bets $6
vitamin168: calls $6
*** SHOW DOWN ***
karambakilla: shows [8d 9d] (two pair, Nines and Fours)
vitamin168: mucks hand
karambakilla collected $47.50 from pot
*** SUMMARY ***
Total pot $48 | Rake $0.50
Board [9c 3s 3c 4c 4s]
Seat 4: vitamin168 (button) (small blind) mucked
Seat 5: karambakilla (big blind) showed [8d 9d] and won ($47.50) with two pair, Nines and Fours


PokerStars Hand #175354792852:  Hold'em Limit ($3/$6 USD) - 2017/09/07 23:56:50 ET
Table 'Paloque II' 6-max Seat #5 is the button
Seat 4: vitamin168 ($140.40 in chips)
Seat 5: karambakilla ($297.13 in chips)
karambakilla: posts small blind $1
vitamin168: posts big blind $3
*** HOLE CARDS ***
karambakilla: raises $3 to $6
vitamin168: calls $3
*** FLOP *** [5h 9h 6c]
vitamin168: checks
karambakilla: bets $3
vitamin168: raises $3 to $6
karambakilla: calls $3
*** TURN *** [5h 9h 6c] [7d]
vitamin168: checks
karambakilla: bets $6
vitamin168: calls $6
*** RIVER *** [5h 9h 6c 7d] [Qs]
vitamin168: checks
karambakilla: bets $6
vitamin168: calls $6
*** SHOW DOWN ***
karambakilla: shows [7c 9c] (two pair, Nines and Sevens)
vitamin168: mucks hand
karambakilla collected $47.50 from pot
*** SUMMARY ***
Total pot $48 | Rake $0.50
Board [5h 9h 6c 7d Qs]
Seat 4: vitamin168 (big blind) mucked
Seat 5: karambakilla (button) (small blind) showed [7c 9c] and won ($47.50) with two pair, Nines and Sevens


PokerStars Hand #175354798104:  Hold'em Limit ($3/$6 USD) - 2017/09/07 23:57:12 ET
Table 'Paloque II' 6-max Seat #4 is the button
Seat 4: vitamin168 ($116.40 in chips)
Seat 5: karambakilla ($320.63 in chips)
vitamin168: posts small blind $1
karambakilla: posts big blind $3
*** HOLE CARDS ***
vitamin168: raises $3 to $6
karambakilla: calls $3
*** FLOP *** [Tc 8h Kd]
karambakilla: checks
vitamin168: bets $3
karambakilla: calls $3
*** TURN *** [Tc 8h Kd] [Qh]
karambakilla: checks
vitamin168: bets $6
karambakilla: folds
Uncalled bet ($6) returned to vitamin168
vitamin168 collected $17.64 from pot
vitamin168: doesn't show hand
*** SUMMARY ***
Total pot $18 | Rake $0.36
Board [Tc 8h Kd Qh]
Seat 4: vitamin168 (button) (small blind) collected ($17.64)
Seat 5: karambakilla (big blind) folded on the Turn


PokerStars Hand #175354782950:  Hold'em Limit ($3/$6 USD) - 2017/09/07 23:56:09 ET
Table 'Paloque II' 6-max Seat #5 is the button
Seat 4: vitamin168 ($179.40 in chips)
Seat 5: karambakilla ($259.13 in chips)
karambakilla: posts small blind $1
vitamin168: posts big blind $3
*** HOLE CARDS ***
karambakilla: raises $3 to $6
vitamin168: calls $3
*** FLOP *** [6c 8d Ks]
vitamin168: checks
karambakilla: bets $3
vitamin168: calls $3
*** TURN *** [6c 8d Ks] [Qs]
vitamin168: checks
karambakilla: bets $6
vitamin168: calls $6
*** RIVER *** [6c 8d Ks Qs] [7c]
vitamin168: checks
karambakilla: bets $6
vitamin168: folds
Uncalled bet ($6) returned to karambakilla
karambakilla collected $29.50 from pot
karambakilla: doesn't show hand
*** SUMMARY ***
Total pot $30 | Rake $0.50
Board [6c 8d Ks Qs 7c]
Seat 4: vitamin168 (big blind) folded on the River
Seat 5: karambakilla (button) (small blind) collected ($29.50)


PokerStars Hand #175354813517:  Hold'em Limit ($3/$6 USD) - 2017/09/07 23:58:16 ET
Table 'Paloque II' 6-max Seat #5 is the button
Seat 4: vitamin168 ($123.80 in chips)
Seat 5: karambakilla ($312.13 in chips)
karambakilla: posts small blind $1
vitamin168: posts big blind $3
*** HOLE CARDS ***
karambakilla: raises $3 to $6
vitamin168: raises $3 to $9
karambakilla: calls $3
*** FLOP *** [7s 5d 2s]
vitamin168: bets $3
karambakilla: folds
Uncalled bet ($3) returned to vitamin168
vitamin168 collected $17.64 from pot
vitamin168: doesn't show hand
*** SUMMARY ***
Total pot $18 | Rake $0.36
Board [7s 5d 2s]
Seat 4: vitamin168 (big blind) collected ($17.64)
Seat 5: karambakilla (button) (small blind) folded on the Flop


PokerStars Hand #175354812011:  Hold'em Limit ($3/$6 USD) - 2017/09/07 23:58:09 ET
Table 'Paloque II' 6-max Seat #4 is the button
Seat 4: vitamin168 ($120.80 in chips)
Seat 5: karambakilla ($315.13 in chips)
vitamin168: posts small blind $1
karambakilla: posts big blind $3
*** HOLE CARDS ***
vitamin168: raises $3 to $6
karambakilla: folds
Uncalled bet ($3) returned to vitamin168
vitamin168 collected $6 from pot
vitamin168: doesn't show hand
*** SUMMARY ***
Total pot $6 | Rake $0
Seat 4: vitamin168 (button) (small blind) collected ($6)
Seat 5: karambakilla (big blind) folded before Flop


PokerStars Hand #175354810832:  Hold'em Limit ($3/$6 USD) - 2017/09/07 23:58:05 ET
Table 'Paloque II' 6-max Seat #5 is the button
Seat 4: vitamin168 ($119.80 in chips)
Seat 5: karambakilla ($316.13 in chips)
karambakilla: posts small blind $1
vitamin168: posts big blind $3
*** HOLE CARDS ***
karambakilla: folds
Uncalled bet ($2) returned to vitamin168
vitamin168 collected $2 from pot
vitamin168: doesn't show hand
*** SUMMARY ***
Total pot $2 | Rake $0
Seat 4: vitamin168 (big blind) collected ($2)
Seat 5: karambakilla (button) (small blind) folded before Flop


PokerStars Hand #175354801649:  Hold'em Limit ($3/$6 USD) - 2017/09/07 23:57:26 ET
Table 'Paloque II' 6-max Seat #5 is the button
Seat 4: vitamin168 ($125.04 in chips)
Seat 5: karambakilla ($311.63 in chips)
karambakilla: posts small blind $1
vitamin168: posts big blind $3
*** HOLE CARDS ***
karambakilla: folds
Uncalled bet ($2) returned to vitamin168
vitamin168 collected $2 from pot
vitamin168: doesn't show hand
*** SUMMARY ***
Total pot $2 | Rake $0
Seat 4: vitamin168 (big blind) collected ($2)
Seat 5: karambakilla (button) (small blind) folded before Flop


PokerStars Hand #175354802919:  Hold'em Limit ($3/$6 USD) - 2017/09/07 23:57:32 ET
Table 'Paloque II' 6-max Seat #4 is the button
Seat 4: vitamin168 ($126.04 in chips)
Seat 5: karambakilla ($310.63 in chips)
vitamin168: posts small blind $1
karambakilla: posts big blind $3
*** HOLE CARDS ***
vitamin168: raises $3 to $6
karambakilla: calls $3
*** FLOP *** [2s Qd Qs]
karambakilla: checks
vitamin168: bets $3
karambakilla: folds
Uncalled bet ($3) returned to vitamin168
vitamin168 collected $11.76 from pot
vitamin168: doesn't show hand
*** SUMMARY ***
Total pot $12 | Rake $0.24
Board [2s Qd Qs]
Seat 4: vitamin168 (button) (small blind) collected ($11.76)
Seat 5: karambakilla (big blind) folded on the Flop


PokerStars Hand #175354809407:  Hold'em Limit ($3/$6 USD) - 2017/09/07 23:57:59 ET
Table 'Paloque II' 6-max Seat #4 is the button
Seat 4: vitamin168 ($116.80 in chips)
Seat 5: karambakilla ($319.13 in chips)
vitamin168: posts small blind $1
karambakilla: posts big blind $3
*** HOLE CARDS ***
vitamin168: raises $3 to $6
karambakilla: folds
Uncalled bet ($3) returned to vitamin168
vitamin168 collected $6 from pot
vitamin168: doesn't show hand
*** SUMMARY ***
Total pot $6 | Rake $0
Seat 4: vitamin168 (button) (small blind) collected ($6)
Seat 5: karambakilla (big blind) folded before Flop


PokerStars Hand #175354805358:  Hold'em Limit ($3/$6 USD) - 2017/09/07 23:57:42 ET
Table 'Paloque II' 6-max Seat #5 is the button
Seat 4: vitamin168 ($131.80 in chips)
Seat 5: karambakilla ($304.63 in chips)
karambakilla: posts small blind $1
vitamin168: posts big blind $3
*** HOLE CARDS ***
karambakilla: raises $3 to $6
vitamin168: calls $3
*** FLOP *** [Jc 6s 7h]
vitamin168: checks
karambakilla: bets $3
vitamin168: calls $3
*** TURN *** [Jc 6s 7h] [7s]
vitamin168: checks
karambakilla: checks
*** RIVER *** [Jc 6s 7h 7s] [4c]
vitamin168: checks
karambakilla: bets $6
vitamin168: calls $6
*** SHOW DOWN ***
karambakilla: shows [5c 4d] (two pair, Sevens and Fours)
vitamin168: mucks hand
karambakilla collected $29.50 from pot
*** SUMMARY ***
Total pot $30 | Rake $0.50
Board [Jc 6s 7h 7s 4c]
Seat 4: vitamin168 (big blind) mucked
Seat 5: karambakilla (button) (small blind) showed [5c 4d] and won ($29.50) with two pair, Sevens and Fours


PokerStars Hand #175354834494:  Hold'em Limit ($3/$6 USD) - 2017/09/07 23:59:21 ET
Table 'Paloque II' 6-max Seat #4 is the button
Seat 4: vitamin168 ($139.08 in chips)
Seat 5: karambakilla ($295.89 in chips)
vitamin168: posts small blind $1
karambakilla: posts big blind $3
*** HOLE CARDS ***
vitamin168: folds
Uncalled bet ($2) returned to karambakilla
karambakilla collected $2 from pot
karambakilla: doesn't show hand
*** SUMMARY ***
Total pot $2 | Rake $0
Seat 4: vitamin168 (button) (small blind) folded before Flop
Seat 5: karambakilla (big blind) collected ($2)


PokerStars Hand #175354832028:  Hold'em Limit ($3/$6 USD) - 2017/09/07 23:59:11 ET
Table 'Paloque II' 6-max Seat #5 is the button
Seat 4: vitamin168 ($130.44 in chips)
Seat 5: karambakilla ($304.89 in chips)
karambakilla: posts small blind $1
vitamin168: posts big blind $3
*** HOLE CARDS ***
karambakilla: raises $3 to $6
vitamin168: raises $3 to $9
karambakilla: calls $3
*** FLOP *** [Qs 4c Ks]
vitamin168: bets $3
karambakilla: folds
Uncalled bet ($3) returned to vitamin168
vitamin168 collected $17.64 from pot
vitamin168: doesn't show hand
*** SUMMARY ***
Total pot $18 | Rake $0.36
Board [Qs 4c Ks]
Seat 4: vitamin168 (big blind) collected ($17.64)
Seat 5: karambakilla (button) (small blind) folded on the Flop


PokerStars Hand #175354830551:  Hold'em Limit ($3/$6 USD) - 2017/09/07 23:59:04 ET
Table 'Paloque II' 6-max Seat #4 is the button
Seat 4: vitamin168 ($127.44 in chips)
Seat 5: karambakilla ($307.89 in chips)
vitamin168: posts small blind $1
karambakilla: posts big blind $3
*** HOLE CARDS ***
vitamin168: raises $3 to $6
karambakilla: folds
Uncalled bet ($3) returned to vitamin168
vitamin168 collected $6 from pot
vitamin168: doesn't show hand
*** SUMMARY ***
Total pot $6 | Rake $0
Seat 4: vitamin168 (button) (small blind) collected ($6)
Seat 5: karambakilla (big blind) folded before Flop


PokerStars Hand #175354817102:  Hold'em Limit ($3/$6 USD) - 2017/09/07 23:58:31 ET
Table 'Paloque II' 6-max Seat #5 is the button
Seat 4: vitamin168 ($135.44 in chips)
Seat 5: karambakilla ($300.13 in chips)
karambakilla: posts small blind $1
vitamin168: posts big blind $3
*** HOLE CARDS ***
karambakilla: raises $3 to $6
vitamin168: folds
Uncalled bet ($3) returned to karambakilla
karambakilla collected $6 from pot
karambakilla: doesn't show hand
*** SUMMARY ***
Total pot $6 | Rake $0
Seat 4: vitamin168 (big blind) folded before Flop
Seat 5: karambakilla (button) (small blind) collected ($6)


PokerStars Hand #175354815728:  Hold'em Limit ($3/$6 USD) - 2017/09/07 23:58:25 ET
Table 'Paloque II' 6-max Seat #4 is the button
Seat 4: vitamin168 ($132.44 in chips)
Seat 5: karambakilla ($303.13 in chips)
vitamin168: posts small blind $1
karambakilla: posts big blind $3
*** HOLE CARDS ***
vitamin168: raises $3 to $6
karambakilla: folds
Uncalled bet ($3) returned to vitamin168
vitamin168 collected $6 from pot
vitamin168: doesn't show hand
*** SUMMARY ***
Total pot $6 | Rake $0
Seat 4: vitamin168 (button) (small blind) collected ($6)
Seat 5: karambakilla (big blind) folded before Flop


PokerStars Hand #175354821176:  Hold'em Limit ($3/$6 USD) - 2017/09/07 23:58:48 ET
Table 'Paloque II' 6-max Seat #5 is the button
Seat 4: vitamin168 ($126.44 in chips)
Seat 5: karambakilla ($308.89 in chips)
karambakilla: posts small blind $1
vitamin168: posts big blind $3
*** HOLE CARDS ***
karambakilla: raises $3 to $6
vitamin168: folds
Uncalled bet ($3) returned to karambakilla
karambakilla collected $6 from pot
karambakilla: doesn't show hand
*** SUMMARY ***
Total pot $6 | Rake $0
Seat 4: vitamin168 (big blind) folded before Flop
Seat 5: karambakilla (button) (small blind) collected ($6)


PokerStars Hand #175354818665:  Hold'em Limit ($3/$6 USD) - 2017/09/07 23:58:37 ET
Table 'Paloque II' 6-max Seat #4 is the button
Seat 4: vitamin168 ($132.44 in chips)
Seat 5: karambakilla ($303.13 in chips)
vitamin168: posts small blind $1
karambakilla: posts big blind $3
*** HOLE CARDS ***
vitamin168: raises $3 to $6
karambakilla: calls $3
*** FLOP *** [Ah 2c Qc]
karambakilla: bets $3
vitamin168: folds
Uncalled bet ($3) returned to karambakilla
karambakilla collected $11.76 from pot
karambakilla: doesn't show hand
*** SUMMARY ***
Total pot $12 | Rake $0.24
Board [Ah 2c Qc]
Seat 4: vitamin168 (button) (small blind) folded on the Flop
Seat 5: karambakilla (big blind) collected ($11.76)


PokerStars Hand #175354824020:  Hold'em Limit ($3/$6 USD) - 2017/09/07 23:59:00 ET
Table 'Paloque II' 6-max Seat #5 is the button
Seat 4: vitamin168 ($126.44 in chips)
Seat 5: karambakilla ($308.89 in chips)
karambakilla: posts small blind $1
vitamin168: posts big blind $3
*** HOLE CARDS ***
karambakilla: folds
Uncalled bet ($2) returned to vitamin168
vitamin168 collected $2 from pot
vitamin168: doesn't show hand
*** SUMMARY ***
Total pot $2 | Rake $0
Seat 4: vitamin168 (big blind) collected ($2)
Seat 5: karambakilla (button) (small blind) folded before Flop


PokerStars Hand #175354822557:  Hold'em Limit ($3/$6 USD) - 2017/09/07 23:58:54 ET
Table 'Paloque II' 6-max Seat #4 is the button
Seat 4: vitamin168 ($123.44 in chips)
Seat 5: karambakilla ($311.89 in chips)
vitamin168: posts small blind $1
karambakilla: posts big blind $3
*** HOLE CARDS ***
vitamin168: raises $3 to $6
karambakilla: folds
Uncalled bet ($3) returned to vitamin168
vitamin168 collected $6 from pot
vitamin168: doesn't show hand
*** SUMMARY ***
Total pot $6 | Rake $0
Seat 4: vitamin168 (button) (small blind) collected ($6)
Seat 5: karambakilla (big blind) folded before Flop


PokerStars Hand #175354838728:  Hold'em Limit ($3/$6 USD) - 2017/09/07 23:59:38 ET
Table 'Paloque II' 6-max Seat #4 is the button
Seat 4: vitamin168 ($149.60 in chips)
Seat 5: karambakilla ($284.89 in chips)
vitamin168: posts small blind $1
karambakilla: posts big blind $3
*** HOLE CARDS ***
vitamin168: folds
Uncalled bet ($2) returned to karambakilla
karambakilla collected $2 from pot
karambakilla: doesn't show hand
*** SUMMARY ***
Total pot $2 | Rake $0
Seat 4: vitamin168 (button) (small blind) folded before Flop
Seat 5: karambakilla (big blind) collected ($2)


PokerStars Hand #175354835637:  Hold'em Limit ($3/$6 USD) - 2017/09/07 23:59:26 ET
Table 'Paloque II' 6-max Seat #5 is the button
Seat 4: vitamin168 ($138.08 in chips)
Seat 5: karambakilla ($296.89 in chips)
karambakilla: posts small blind $1
vitamin168: posts big blind $3
*** HOLE CARDS ***
karambakilla: raises $3 to $6
vitamin168: raises $3 to $9
karambakilla: calls $3
*** FLOP *** [Ah 4d 9c]
vitamin168: bets $3
karambakilla: calls $3
*** TURN *** [Ah 4d 9c] [Jd]
vitamin168: bets $6
karambakilla: folds
Uncalled bet ($6) returned to vitamin168
vitamin168 collected $23.52 from pot
vitamin168: doesn't show hand
*** SUMMARY ***
Total pot $24 | Rake $0.48
Board [Ah 4d 9c Jd]
Seat 4: vitamin168 (big blind) collected ($23.52)
Seat 5: karambakilla (button) (small blind) folded on the Turn


PokerStars Hand #175354839961:  Hold'em Limit ($3/$6 USD) - 2017/09/07 23:59:44 ET
Table 'Paloque II' 6-max Seat #5 is the button
Seat 4: vitamin168 ($148.60 in chips)
Seat 5: karambakilla ($285.89 in chips)
karambakilla: posts small blind $1
vitamin168: posts big blind $3
*** HOLE CARDS ***
karambakilla: raises $3 to $6
vitamin168: calls $3
*** FLOP *** [9s 7s 5h]
vitamin168: checks
karambakilla: bets $3
vitamin168: raises $3 to $6
karambakilla: calls $3
*** TURN *** [9s 7s 5h] [8h]
vitamin168: bets $6
karambakilla: calls $6
*** RIVER *** [9s 7s 5h 8h] [2h]
vitamin168: checks
karambakilla: bets $6
vitamin168: calls $6
*** SHOW DOWN ***
karambakilla: shows [Ks Kd] (a pair of Kings)
vitamin168: mucks hand
karambakilla collected $47.50 from pot
*** SUMMARY ***
Total pot $48 | Rake $0.50
Board [9s 7s 5h 8h 2h]
Seat 4: vitamin168 (big blind) mucked
Seat 5: karambakilla (button) (small blind) showed [Ks Kd] and won ($47.50) with a pair of Kings


PokerStars Hand #175354845518:  Hold'em Limit ($3/$6 USD) - 2017/09/08 0:00:07 ET
Table 'Paloque II' 6-max Seat #4 is the button
Seat 4: vitamin168 ($124.60 in chips)
Seat 5: karambakilla ($309.39 in chips)
vitamin168: posts small blind $1
karambakilla: posts big blind $3
*** HOLE CARDS ***
vitamin168: raises $3 to $6
karambakilla: calls $3
*** FLOP *** [Kh 3d 9d]
karambakilla: checks
vitamin168: checks
*** TURN *** [Kh 3d 9d] [8s]
karambakilla: bets $6
vitamin168: folds
Uncalled bet ($6) returned to karambakilla
karambakilla collected $11.76 from pot
karambakilla: doesn't show hand
*** SUMMARY ***
Total pot $12 | Rake $0.24
Board [Kh 3d 9d 8s]
Seat 4: vitamin168 (button) (small blind) folded on the Turn
Seat 5: karambakilla (big blind) collected ($11.76)


PokerStars Hand #175354855514:  Hold'em Limit ($3/$6 USD) - 2017/09/08 0:00:47 ET
Table 'Paloque II' 6-max Seat #4 is the button
Seat 4: vitamin168 ($94.60 in chips)
Seat 5: karambakilla ($338.65 in chips)
vitamin168: posts small blind $1
karambakilla: posts big blind $3
*** HOLE CARDS ***
vitamin168: folds
Uncalled bet ($2) returned to karambakilla
karambakilla collected $2 from pot
karambakilla: doesn't show hand
*** SUMMARY ***
Total pot $2 | Rake $0
Seat 4: vitamin168 (button) (small blind) folded before Flop
Seat 5: karambakilla (big blind) collected ($2)


PokerStars Hand #175354856909:  Hold'em Limit ($3/$6 USD) - 2017/09/08 0:00:52 ET
Table 'Paloque II' 6-max Seat #5 is the button
Seat 4: vitamin168 ($93.60 in chips)
Seat 5: karambakilla ($339.65 in chips)
karambakilla: posts small blind $1
vitamin168: posts big blind $3
*** HOLE CARDS ***
karambakilla: raises $3 to $6
vitamin168: calls $3
*** FLOP *** [Jc 3c 8h]
vitamin168: checks
karambakilla: checks
*** TURN *** [Jc 3c 8h] [2c]
vitamin168: checks
karambakilla: bets $6
vitamin168: folds
Uncalled bet ($6) returned to karambakilla
karambakilla collected $11.76 from pot
karambakilla: doesn't show hand
*** SUMMARY ***
Total pot $12 | Rake $0.24
Board [Jc 3c 8h 2c]
Seat 4: vitamin168 (big blind) folded on the Turn
Seat 5: karambakilla (button) (small blind) collected ($11.76)


PokerStars Hand #175354860255:  Hold'em Limit ($3/$6 USD) - 2017/09/08 0:01:05 ET
Table 'Paloque II' 6-max Seat #4 is the button
Seat 4: vitamin168 ($87.60 in chips)
Seat 5: karambakilla ($345.41 in chips)
vitamin168: posts small blind $1
karambakilla: posts big blind $3
*** HOLE CARDS ***
vitamin168: raises $3 to $6
karambakilla: calls $3
*** FLOP *** [5d 6c 2c]
karambakilla: bets $3
vitamin168: calls $3
*** TURN *** [5d 6c 2c] [Js]
karambakilla: bets $6
vitamin168: calls $6
*** RIVER *** [5d 6c 2c Js] [8h]
karambakilla: bets $6
vitamin168: calls $6
*** SHOW DOWN ***
karambakilla: shows [Ac 6s] (a pair of Sixes)
vitamin168: mucks hand
karambakilla collected $41.50 from pot
*** SUMMARY ***
Total pot $42 | Rake $0.50
Board [5d 6c 2c Js 8h]
Seat 4: vitamin168 (button) (small blind) mucked
Seat 5: karambakilla (big blind) showed [Ac 6s] and won ($41.50) with a pair of Sixes


PokerStars Hand #175354874313:  Hold'em Limit ($3/$6 USD) - 2017/09/08 0:02:00 ET
Table 'Paloque II' 6-max Seat #4 is the button
Seat 4: vitamin168 ($87.10 in chips)
Seat 5: karambakilla ($344.67 in chips)
vitamin168: posts small blind $1
karambakilla: posts big blind $3
*** HOLE CARDS ***
vitamin168: folds
Uncalled bet ($2) returned to karambakilla
karambakilla collected $2 from pot
karambakilla: doesn't show hand
*** SUMMARY ***
Total pot $2 | Rake $0
Seat 4: vitamin168 (button) (small blind) folded before Flop
Seat 5: karambakilla (big blind) collected ($2)


PokerStars Hand #175354869493:  Hold'em Limit ($3/$6 USD) - 2017/09/08 0:01:41 ET
Table 'Paloque II' 6-max Seat #5 is the button
Seat 4: vitamin168 ($63.60 in chips)
Seat 5: karambakilla ($368.67 in chips)
karambakilla: posts small blind $1
vitamin168: posts big blind $3
*** HOLE CARDS ***
karambakilla: raises $3 to $6
vitamin168: raises $3 to $9
karambakilla: calls $3
*** FLOP *** [4d 7h 7s]
vitamin168: bets $3
karambakilla: calls $3
*** TURN *** [4d 7h 7s] [3d]
vitamin168: bets $6
karambakilla: raises $6 to $12
vitamin168: calls $6
*** RIVER *** [4d 7h 7s 3d] [Qc]
vitamin168: checks
karambakilla: checks
*** SHOW DOWN ***
vitamin168: shows [3s As] (two pair, Sevens and Threes)
karambakilla: mucks hand
vitamin168 collected $47.50 from pot
*** SUMMARY ***
Total pot $48 | Rake $0.50
Board [4d 7h 7s 3d Qc]
Seat 4: vitamin168 (big blind) showed [3s As] and won ($47.50) with two pair, Sevens and Threes
Seat 5: karambakilla (button) (small blind) mucked


PokerStars Hand #175354875789:  Hold'em Limit ($3/$6 USD) - 2017/09/08 0:02:05 ET
Table 'Paloque II' 6-max Seat #5 is the button
Seat 4: vitamin168 ($86.10 in chips)
Seat 5: karambakilla ($345.67 in chips)
karambakilla: posts small blind $1
vitamin168: posts big blind $3
*** HOLE CARDS ***
karambakilla: folds
Uncalled bet ($2) returned to vitamin168
vitamin168 collected $2 from pot
vitamin168: doesn't show hand
*** SUMMARY ***
Total pot $2 | Rake $0
Seat 4: vitamin168 (big blind) collected ($2)
Seat 5: karambakilla (button) (small blind) folded before Flop


PokerStars Hand #175354865010:  Hold'em Limit ($3/$6 USD) - 2017/09/08 0:01:24 ET
Table 'Paloque II' 6-max Seat #5 is the button
Seat 4: vitamin168 ($66.60 in chips)
Seat 5: karambakilla ($365.91 in chips)
karambakilla: posts small blind $1
vitamin168: posts big blind $3
*** HOLE CARDS ***
karambakilla: raises $3 to $6
vitamin168: calls $3
*** FLOP *** [6d Ts As]
vitamin168: checks
karambakilla: bets $3
vitamin168: folds
Uncalled bet ($3) returned to karambakilla
karambakilla collected $11.76 from pot
karambakilla: doesn't show hand
*** SUMMARY ***
Total pot $12 | Rake $0.24
Board [6d Ts As]
Seat 4: vitamin168 (big blind) folded on the Flop
Seat 5: karambakilla (button) (small blind) collected ($11.76)


PokerStars Hand #175354867815:  Hold'em Limit ($3/$6 USD) - 2017/09/08 0:01:34 ET
Table 'Paloque II' 6-max Seat #4 is the button
Seat 4: vitamin168 ($60.60 in chips)
Seat 5: karambakilla ($371.67 in chips)
vitamin168: posts small blind $1
karambakilla: posts big blind $3
*** HOLE CARDS ***
vitamin168: raises $3 to $6
karambakilla: folds
Uncalled bet ($3) returned to vitamin168
vitamin168 collected $6 from pot
vitamin168: doesn't show hand
*** SUMMARY ***
Total pot $6 | Rake $0
Seat 4: vitamin168 (button) (small blind) collected ($6)
Seat 5: karambakilla (big blind) folded before Flop


PokerStars Hand #175354877036:  Hold'em Limit ($3/$6 USD) - 2017/09/08 0:02:10 ET
Table 'Paloque II' 6-max Seat #4 is the button
Seat 4: vitamin168 ($87.10 in chips)
Seat 5: karambakilla ($344.67 in chips)
vitamin168: posts small blind $1
karambakilla: posts big blind $3
*** HOLE CARDS ***
vitamin168: raises $3 to $6
karambakilla: calls $3
*** FLOP *** [7h Ts Ah]
karambakilla: checks
vitamin168: bets $3
karambakilla: raises $3 to $6
vitamin168: raises $3 to $9
karambakilla: calls $3
*** TURN *** [7h Ts Ah] [9h]
karambakilla: checks
vitamin168: checks
*** RIVER *** [7h Ts Ah 9h] [Ks]
karambakilla: checks
vitamin168: bets $6
karambakilla: calls $6
*** SHOW DOWN ***
vitamin168: shows [Js Qs] (a straight, Ten to Ace)
karambakilla: mucks hand
vitamin168 collected $41.50 from pot
*** SUMMARY ***
Total pot $42 | Rake $0.50
Board [7h Ts Ah 9h Ks]
Seat 4: vitamin168 (button) (small blind) showed [Js Qs] and won ($41.50) with a straight, Ten to Ace
Seat 5: karambakilla (big blind) mucked


PokerStars Hand #175354889046:  Hold'em Limit ($3/$6 USD) - 2017/09/08 0:02:57 ET
Table 'Paloque II' 6-max Seat #4 is the button
Seat 4: vitamin168 ($83.60 in chips)
Seat 5: karambakilla ($347.17 in chips)
vitamin168: posts small blind $1
karambakilla: posts big blind $3
*** HOLE CARDS ***
vitamin168: folds
Uncalled bet ($2) returned to karambakilla
karambakilla collected $2 from pot
karambakilla: doesn't show hand
*** SUMMARY ***
Total pot $2 | Rake $0
Seat 4: vitamin168 (button) (small blind) folded before Flop
Seat 5: karambakilla (big blind) collected ($2)


PokerStars Hand #175354890515:  Hold'em Limit ($3/$6 USD) - 2017/09/08 0:03:02 ET
Table 'Paloque II' 6-max Seat #5 is the button
Seat 4: vitamin168 ($82.60 in chips)
Seat 5: karambakilla ($348.17 in chips)
karambakilla: posts small blind $1
vitamin168: posts big blind $3
*** HOLE CARDS ***
karambakilla: raises $3 to $6
vitamin168: calls $3
*** FLOP *** [Td 2d Ts]
vitamin168: checks
karambakilla: bets $3
vitamin168: calls $3
*** TURN *** [Td 2d Ts] [4c]
vitamin168: checks
karambakilla: checks
*** RIVER *** [Td 2d Ts 4c] [5c]
vitamin168: checks
karambakilla: checks
*** SHOW DOWN ***
vitamin168: shows [6c 9c] (a pair of Tens)
karambakilla: shows [9h Jc] (a pair of Tens - Jack kicker)
karambakilla collected $17.64 from pot
*** SUMMARY ***
Total pot $18 | Rake $0.36
Board [Td 2d Ts 4c 5c]
Seat 4: vitamin168 (big blind) showed [6c 9c] and lost with a pair of Tens
Seat 5: karambakilla (button) (small blind) showed [9h Jc] and won ($17.64) with a pair of Tens


PokerStars Hand #175354883359:  Hold'em Limit ($3/$6 USD) - 2017/09/08 0:02:35 ET
Table 'Paloque II' 6-max Seat #5 is the button
Seat 4: vitamin168 ($107.60 in chips)
Seat 5: karambakilla ($323.67 in chips)
karambakilla: posts small blind $1
vitamin168: posts big blind $3
*** HOLE CARDS ***
karambakilla: raises $3 to $6
vitamin168: raises $3 to $9
karambakilla: calls $3
*** FLOP *** [Ks 8h 2d]
vitamin168: bets $3
karambakilla: calls $3
*** TURN *** [Ks 8h 2d] [Tc]
vitamin168: bets $6
karambakilla: raises $6 to $12
vitamin168: calls $6
*** RIVER *** [Ks 8h 2d Tc] [Kc]
vitamin168: checks
karambakilla: bets $6
vitamin168: folds
Uncalled bet ($6) returned to karambakilla
karambakilla collected $47.50 from pot
karambakilla: doesn't show hand
*** SUMMARY ***
Total pot $48 | Rake $0.50
Board [Ks 8h 2d Tc Kc]
Seat 4: vitamin168 (big blind) folded on the River
Seat 5: karambakilla (button) (small blind) collected ($47.50)


PokerStars Hand #175354894653:  Hold'em Limit ($3/$6 USD) - 2017/09/08 0:03:18 ET
Table 'Paloque II' 6-max Seat #4 is the button
Seat 4: vitamin168 ($73.60 in chips)
Seat 5: karambakilla ($356.81 in chips)
vitamin168: posts small blind $1
karambakilla: posts big blind $3
*** HOLE CARDS ***
vitamin168: raises $3 to $6
karambakilla: raises $3 to $9
vitamin168: calls $3
*** FLOP *** [As Kh 5c]
karambakilla: bets $3
vitamin168: raises $3 to $6
karambakilla: raises $3 to $9
vitamin168: calls $3
*** TURN *** [As Kh 5c] [Jd]
karambakilla: bets $6
vitamin168: calls $6
*** RIVER *** [As Kh 5c Jd] [9s]
karambakilla: bets $6
vitamin168: folds
Uncalled bet ($6) returned to karambakilla
karambakilla collected $47.50 from pot
karambakilla: doesn't show hand
*** SUMMARY ***
Total pot $48 | Rake $0.50
Board [As Kh 5c Jd 9s]
Seat 4: vitamin168 (button) (small blind) folded on the River
Seat 5: karambakilla (big blind) collected ($47.50)


PokerStars Hand #175354904919:  Hold'em Limit ($3/$6 USD) - 2017/09/08 0:03:57 ET
Table 'Paloque II' 6-max Seat #4 is the button
Seat 4: vitamin168 ($55.36 in chips)
Seat 5: karambakilla ($374.31 in chips)
vitamin168: posts small blind $1
karambakilla: posts big blind $3
*** HOLE CARDS ***
vitamin168: folds
Uncalled bet ($2) returned to karambakilla
karambakilla collected $2 from pot
karambakilla: doesn't show hand
*** SUMMARY ***
Total pot $2 | Rake $0
Seat 4: vitamin168 (button) (small blind) folded before Flop
Seat 5: karambakilla (big blind) collected ($2)


PokerStars Hand #175354906421:  Hold'em Limit ($3/$6 USD) - 2017/09/08 0:04:03 ET
Table 'Paloque II' 6-max Seat #5 is the button
Seat 4: vitamin168 ($54.36 in chips)
Seat 5: karambakilla ($375.31 in chips)
karambakilla: posts small blind $1
vitamin168: posts big blind $3
*** HOLE CARDS ***
karambakilla: raises $3 to $6
vitamin168: raises $3 to $9
karambakilla: calls $3
*** FLOP *** [6h 9h Qd]
vitamin168: bets $3
karambakilla: folds
Uncalled bet ($3) returned to vitamin168
vitamin168 collected $17.64 from pot
vitamin168: doesn't show hand
*** SUMMARY ***
Total pot $18 | Rake $0.36
Board [6h 9h Qd]
Seat 4: vitamin168 (big blind) collected ($17.64)
Seat 5: karambakilla (button) (small blind) folded on the Flop


PokerStars Hand #175354901482:  Hold'em Limit ($3/$6 USD) - 2017/09/08 0:03:44 ET
Table 'Paloque II' 6-max Seat #5 is the button
Seat 4: vitamin168 ($49.60 in chips)
Seat 5: karambakilla ($380.31 in chips)
karambakilla: posts small blind $1
vitamin168: posts big blind $3
*** HOLE CARDS ***
karambakilla: raises $3 to $6
vitamin168: calls $3
*** FLOP *** [Jh 6d Jc]
vitamin168: checks
karambakilla: checks
*** TURN *** [Jh 6d Jc] [Ks]
vitamin168: bets $6
karambakilla: folds
Uncalled bet ($6) returned to vitamin168
vitamin168 collected $11.76 from pot
vitamin168: doesn't show hand
*** SUMMARY ***
Total pot $12 | Rake $0.24
Board [Jh 6d Jc Ks]
Seat 4: vitamin168 (big blind) collected ($11.76)
Seat 5: karambakilla (button) (small blind) folded on the Turn


PokerStars Hand #175354920419:  Hold'em Limit ($3/$6 USD) - 2017/09/08 0:04:57 ET
Table 'Paloque II' 6-max Seat #5 is the button
Seat 4: vitamin168 ($61.64 in chips)
Seat 5: karambakilla ($366.95 in chips)
karambakilla: posts small blind $1
vitamin168: posts big blind $3
*** HOLE CARDS ***
karambakilla: raises $3 to $6
vitamin168: calls $3
*** FLOP *** [Qh 2c 3s]
vitamin168: bets $3
karambakilla: calls $3
*** TURN *** [Qh 2c 3s] [Qd]
vitamin168: bets $6
karambakilla: raises $6 to $12
vitamin168: calls $6
*** RIVER *** [Qh 2c 3s Qd] [7h]
vitamin168: bets $6
karambakilla: raises $6 to $12
vitamin168: calls $6
*** SHOW DOWN ***
karambakilla: shows [Qs 9h] (three of a kind, Queens)
vitamin168: mucks hand
karambakilla collected $65.50 from pot
*** SUMMARY ***
Total pot $66 | Rake $0.50
Board [Qh 2c 3s Qd 7h]
Seat 4: vitamin168 (big blind) mucked
Seat 5: karambakilla (button) (small blind) showed [Qs 9h] and won ($65.50) with three of a kind, Queens


PokerStars Hand #175354909763:  Hold'em Limit ($3/$6 USD) - 2017/09/08 0:04:16 ET
Table 'Paloque II' 6-max Seat #4 is the button
Seat 4: vitamin168 ($63 in chips)
Seat 5: karambakilla ($366.31 in chips)
vitamin168: posts small blind $1
karambakilla: posts big blind $3
*** HOLE CARDS ***
vitamin168: raises $3 to $6
karambakilla: calls $3
*** FLOP *** [4c 3c Kc]
karambakilla: checks
vitamin168: bets $3
karambakilla: calls $3
*** TURN *** [4c 3c Kc] [2c]
karambakilla: checks
vitamin168: checks
*** RIVER *** [4c 3c Kc 2c] [7d]
karambakilla: checks
vitamin168: bets $6
karambakilla: folds
Uncalled bet ($6) returned to vitamin168
vitamin168 collected $17.64 from pot
vitamin168: doesn't show hand
*** SUMMARY ***
Total pot $18 | Rake $0.36
Board [4c 3c Kc 2c 7d]
Seat 4: vitamin168 (button) (small blind) collected ($17.64)
Seat 5: karambakilla (big blind) folded on the River


PokerStars Hand #175354919015:  Hold'em Limit ($3/$6 USD) - 2017/09/08 0:04:52 ET
Table 'Paloque II' 6-max Seat #4 is the button
Seat 4: vitamin168 ($62.64 in chips)
Seat 5: karambakilla ($365.95 in chips)
vitamin168: posts small blind $1
karambakilla: posts big blind $3
*** HOLE CARDS ***
vitamin168: folds
Uncalled bet ($2) returned to karambakilla
karambakilla collected $2 from pot
karambakilla: doesn't show hand
*** SUMMARY ***
Total pot $2 | Rake $0
Seat 4: vitamin168 (button) (small blind) folded before Flop
Seat 5: karambakilla (big blind) collected ($2)


PokerStars Hand #175354914318:  Hold'em Limit ($3/$6 USD) - 2017/09/08 0:04:34 ET
Table 'Paloque II' 6-max Seat #5 is the button
Seat 4: vitamin168 ($71.64 in chips)
Seat 5: karambakilla ($357.31 in chips)
karambakilla: posts small blind $1
vitamin168: posts big blind $3
*** HOLE CARDS ***
karambakilla: raises $3 to $6
vitamin168: calls $3
*** FLOP *** [4c 6h Ah]
vitamin168: bets $3
karambakilla: calls $3
*** TURN *** [4c 6h Ah] [4s]
vitamin168: checks
karambakilla: checks
*** RIVER *** [4c 6h Ah 4s] [3s]
vitamin168: checks
karambakilla: checks
*** SHOW DOWN ***
vitamin168: shows [8s Qs] (a pair of Fours)
karambakilla: shows [Kh 2d] (a pair of Fours - Ace+King kicker)
karambakilla collected $17.64 from pot
*** SUMMARY ***
Total pot $18 | Rake $0.36
Board [4c 6h Ah 4s 3s]
Seat 4: vitamin168 (big blind) showed [8s Qs] and lost with a pair of Fours
Seat 5: karambakilla (button) (small blind) showed [Kh 2d] and won ($17.64) with a pair of Fours


PokerStars Hand #175354928626:  Hold'em Limit ($3/$6 USD) - 2017/09/08 0:05:28 ET
Table 'Paloque II' 6-max Seat #5 is the button
Seat 4: vitamin168 ($34.40 in chips)
Seat 5: karambakilla ($393.45 in chips)
karambakilla: posts small blind $1
vitamin168: posts big blind $3
*** HOLE CARDS ***
karambakilla: raises $3 to $6
vitamin168: calls $3
*** FLOP *** [Kh 4h 3d]
vitamin168: checks
karambakilla: checks
*** TURN *** [Kh 4h 3d] [Td]
vitamin168: bets $6
karambakilla: raises $6 to $12
vitamin168: calls $6
*** RIVER *** [Kh 4h 3d Td] [7c]
vitamin168: checks
karambakilla: bets $6
vitamin168: calls $6
*** SHOW DOWN ***
karambakilla: shows [Kc 6c] (a pair of Kings)
vitamin168: mucks hand
karambakilla collected $47.50 from pot
*** SUMMARY ***
Total pot $48 | Rake $0.50
Board [Kh 4h 3d Td 7c]
Seat 4: vitamin168 (big blind) mucked
Seat 5: karambakilla (button) (small blind) showed [Kc 6c] and won ($47.50) with a pair of Kings


PokerStars Hand #175354925785:  Hold'em Limit ($3/$6 USD) - 2017/09/08 0:05:17 ET
Table 'Paloque II' 6-max Seat #4 is the button
Seat 4: vitamin168 ($28.64 in chips)
Seat 5: karambakilla ($399.45 in chips)
vitamin168: posts small blind $1
karambakilla: posts big blind $3
*** HOLE CARDS ***
vitamin168: raises $3 to $6
karambakilla: calls $3
*** FLOP *** [6d 4c 4s]
karambakilla: checks
vitamin168: bets $3
karambakilla: folds
Uncalled bet ($3) returned to vitamin168
vitamin168 collected $11.76 from pot
vitamin168: doesn't show hand
*** SUMMARY ***
Total pot $12 | Rake $0.24
Board [6d 4c 4s]
Seat 4: vitamin168 (button) (small blind) collected ($11.76)
Seat 5: karambakilla (big blind) folded on the Flop


PokerStars Hand #175354936954:  Hold'em Limit ($3/$6 USD) - 2017/09/08 0:05:59 ET
Table 'Paloque II' 6-max Seat #5 is the button
Seat 4: vitamin168 ($16.16 in chips)
Seat 5: karambakilla ($410.95 in chips)
karambakilla: posts small blind $1
vitamin168: posts big blind $3
*** HOLE CARDS ***
karambakilla: folds
Uncalled bet ($2) returned to vitamin168
vitamin168 collected $2 from pot
vitamin168: doesn't show hand
*** SUMMARY ***
Total pot $2 | Rake $0
Seat 4: vitamin168 (big blind) collected ($2)
Seat 5: karambakilla (button) (small blind) folded before Flop


PokerStars Hand #175354933982:  Hold'em Limit ($3/$6 USD) - 2017/09/08 0:05:48 ET
Table 'Paloque II' 6-max Seat #4 is the button
Seat 4: vitamin168 ($10.40 in chips)
Seat 5: karambakilla ($416.95 in chips)
vitamin168: posts small blind $1
karambakilla: posts big blind $3
*** HOLE CARDS ***
vitamin168: raises $3 to $6
karambakilla: calls $3
*** FLOP *** [Td As 2s]
karambakilla: checks
vitamin168: bets $3
karambakilla: folds
Uncalled bet ($3) returned to vitamin168
vitamin168 collected $11.76 from pot
vitamin168: doesn't show hand
*** SUMMARY ***
Total pot $12 | Rake $0.24
Board [Td As 2s]
Seat 4: vitamin168 (button) (small blind) collected ($11.76)
Seat 5: karambakilla (big blind) folded on the Flop


PokerStars Hand #175354940090:  Hold'em Limit ($3/$6 USD) - 2017/09/08 0:06:11 ET
Table 'Paloque II' 6-max Seat #5 is the button
Seat 4: vitamin168 ($20.16 in chips)
Seat 5: karambakilla ($406.95 in chips)
karambakilla: posts small blind $1
vitamin168: posts big blind $3
*** HOLE CARDS ***
karambakilla: folds
Uncalled bet ($2) returned to vitamin168
vitamin168 collected $2 from pot
vitamin168: doesn't show hand
*** SUMMARY ***
Total pot $2 | Rake $0
Seat 4: vitamin168 (big blind) collected ($2)
Seat 5: karambakilla (button) (small blind) folded before Flop


PokerStars Hand #175354938390:  Hold'em Limit ($3/$6 USD) - 2017/09/08 0:06:05 ET
Table 'Paloque II' 6-max Seat #4 is the button
Seat 4: vitamin168 ($17.16 in chips)
Seat 5: karambakilla ($409.95 in chips)
vitamin168: posts small blind $1
karambakilla: posts big blind $3
*** HOLE CARDS ***
vitamin168: raises $3 to $6
karambakilla: folds
Uncalled bet ($3) returned to vitamin168
vitamin168 collected $6 from pot
vitamin168: doesn't show hand
*** SUMMARY ***
Total pot $6 | Rake $0
Seat 4: vitamin168 (button) (small blind) collected ($6)
Seat 5: karambakilla (big blind) folded before Flop


PokerStars Hand #175354941533:  Hold'em Limit ($3/$6 USD) - 2017/09/08 0:06:17 ET
Table 'Paloque II' 6-max Seat #4 is the button
Seat 4: vitamin168 ($21.16 in chips)
Seat 5: karambakilla ($405.95 in chips)
vitamin168: posts small blind $1
karambakilla: posts big blind $3
habari786 joins the table at seat #6
*** HOLE CARDS ***
vitamin168: raises $3 to $6
karambakilla: raises $3 to $9
vitamin168: calls $3
*** FLOP *** [6s 6h 5s]
karambakilla: bets $3
vitamin168: calls $3
*** TURN *** [6s 6h 5s] [7c]
fleabaggs joins the table at seat #1
karambakilla: bets $6
vitamin168: folds
Uncalled bet ($6) returned to karambakilla
karambakilla collected $23.52 from pot
karambakilla: doesn't show hand
*** SUMMARY ***
Total pot $24 | Rake $0.48
Board [6s 6h 5s 7c]
Seat 4: vitamin168 (button) (small blind) folded on the Turn
Seat 5: karambakilla (big blind) collected ($23.52)


PokerStars Hand #175354989498:  Hold'em Limit ($3/$6 USD) - 2017/09/08 0:09:20 ET
Table 'Paloque II' 6-max Seat #4 is the button
Seat 4: vitamin168 ($33.21 in chips)
Seat 6: habari786 ($97.05 in chips)
vitamin168: posts small blind $1
habari786: posts big blind $3
*** HOLE CARDS ***
vitamin168: folds
Uncalled bet ($2) returned to habari786
habari786 collected $2 from pot
habari786: doesn't show hand
*** SUMMARY ***
Total pot $2 | Rake $0
Seat 4: vitamin168 (button) (small blind) folded before Flop
Seat 6: habari786 (big blind) collected ($2)


PokerStars Hand #175354991124:  Hold'em Limit ($3/$6 USD) - 2017/09/08 0:09:26 ET
Table 'Paloque II' 6-max Seat #6 is the button
Seat 4: vitamin168 ($32.21 in chips)
Seat 6: habari786 ($98.05 in chips)
habari786: posts small blind $1
vitamin168: posts big blind $3
*** HOLE CARDS ***
karambakilla joins the table at seat #5
habari786: raises $3 to $6
vitamin168: calls $3
*** FLOP *** [6d 2c 8h]
vitamin168: checks
habari786: bets $3
vitamin168: calls $3
*** TURN *** [6d 2c 8h] [3c]
vitamin168: checks
habari786: bets $6
vitamin168: raises $6 to $12
habari786: raises $6 to $18
vitamin168: raises $5.21 to $23.21 and is all-in
Betting is capped
habari786: calls $5.21
*** RIVER *** [6d 2c 8h 3c] [7c]
*** SHOW DOWN ***
vitamin168: shows [6s Qd] (a pair of Sixes)
habari786: shows [4s 5h] (a straight, Four to Eight)
habari786 collected $63.92 from pot
*** SUMMARY ***
Total pot $64.42 | Rake $0.50
Board [6d 2c 8h 3c 7c]
Seat 4: vitamin168 (big blind) showed [6s Qd] and lost with a pair of Sixes
Seat 6: habari786 (button) (small blind) showed [4s 5h] and won ($63.92) with a straight, Four to Eight


PokerStars Hand #175355000261:  Hold'em Limit ($3/$6 USD) - 2017/09/08 0:10:01 ET
Table 'Paloque II' 6-max Seat #5 is the button
Seat 5: karambakilla ($120 in chips)
Seat 6: habari786 ($129.76 in chips)
karambakilla: posts small blind $1
habari786: posts big blind $3
*** HOLE CARDS ***
karambakilla: folds
Uncalled bet ($2) returned to habari786
habari786 collected $2 from pot
habari786: doesn't show hand
*** SUMMARY ***
Total pot $2 | Rake $0
Seat 5: karambakilla (button) (small blind) folded before Flop
Seat 6: habari786 (big blind) collected ($2)


PokerStars Hand #175355001556:  Hold'em Limit ($3/$6 USD) - 2017/09/08 0:10:05 ET
Table 'Paloque II' 6-max Seat #6 is the button
Seat 5: karambakilla ($119 in chips)
Seat 6: habari786 ($130.76 in chips)
habari786: posts small blind $1
karambakilla: posts big blind $3
*** HOLE CARDS ***
Brama Br joins the table at seat #4
habari786: folds
Uncalled bet ($2) returned to karambakilla
karambakilla collected $2 from pot
karambakilla: doesn't show hand
*** SUMMARY ***
Total pot $2 | Rake $0
Seat 5: karambakilla (big blind) collected ($2)
Seat 6: habari786 (button) (small blind) folded before Flop


PokerStars Hand #175355002870:  Hold'em Limit ($3/$6 USD) - 2017/09/08 0:10:10 ET
Table 'Paloque II' 6-max Seat #5 is the button
Seat 5: karambakilla ($120 in chips)
Seat 6: habari786 ($129.76 in chips)
karambakilla: posts small blind $1
habari786: posts big blind $3
*** HOLE CARDS ***
karambakilla: folds
Uncalled bet ($2) returned to habari786
habari786 collected $2 from pot
habari786: doesn't show hand
*** SUMMARY ***
Total pot $2 | Rake $0
Seat 5: karambakilla (button) (small blind) folded before Flop
Seat 6: habari786 (big blind) collected ($2)


PokerStars Hand #175355848933:  Hold'em Limit ($3/$6 USD) - 2017/09/08 1:05:54 ET
Table 'Paloque II' 6-max Seat #5 is the button
Seat 1: zimin10 ($166.19 in chips)
Seat 5: karambakilla ($274.57 in chips)
habari786 leaves the table
karambakilla: posts small blind $1
zimin10: posts big blind $3
*** HOLE CARDS ***
karambakilla: folds
Uncalled bet ($2) returned to zimin10
zimin10 collected $2 from pot
*** SUMMARY ***
Total pot $2 | Rake $0
Seat 1: zimin10 (big blind) collected ($2)
Seat 5: karambakilla (button) (small blind) folded before Flop


