PokerStars Hand #150487123351:  Hold'em Limit ($3/$6 USD) - 2016/03/17 9:20:21 ET
Table 'Paloque II' 6-max Seat #4 is the button
Seat 1: termi3333 ($137.97 in chips)
Seat 4: Arsenavet ($106.65 in chips)
Arsenavet: posts small blind $1
thenuts999: is sitting out
termi3333: posts big blind $3
*** HOLE CARDS ***
Arsenavet: raises $3 to $6
termi3333: folds
Uncalled bet ($3) returned to Arsenavet
Arsenavet collected $6 from pot
Arsenavet: doesn't show hand
*** SUMMARY ***
Total pot $6 | Rake $0
Seat 1: termi3333 (big blind) folded before Flop
Seat 4: Arsenavet (button) (small blind) collected ($6)


PokerStars Hand #150494227035:  Hold'em Limit ($3/$6 USD) - 2016/03/17 12:23:17 ET
Table 'Paloque II' 6-max Seat #2 is the button
Seat 2: derdex ($303.90 in chips)
Seat 6: Ale4o ($100.47 in chips)
derdex: posts small blind $1
Ale4o: posts big blind $3
*** HOLE CARDS ***
VolkovDmitri leaves the table
derdex: raises $3 to $6
sailence leaves the table
Ale4o: calls $3
*** FLOP *** [2s 7s Qh]
Ale4o: checks
derdex: bets $3
Ale4o: raises $3 to $6
derdex: calls $3
*** TURN *** [2s 7s Qh] [Ks]
Ale4o: checks
derdex: bets $6
Ale4o: calls $6
*** RIVER *** [2s 7s Qh Ks] [Js]
Ale4o: checks
derdex: checks
*** SHOW DOWN ***
Ale4o: shows [Qd 4c] (a pair of Queens)
derdex: shows [Kh Jc] (two pair, Kings and Jacks)
derdex collected $35.50 from pot
*** SUMMARY ***
Total pot $36 | Rake $0.50
Board [2s 7s Qh Ks Js]
Seat 2: derdex (button) (small blind) showed [Kh Jc] and won ($35.50) with two pair, Kings and Jacks
Seat 6: Ale4o (big blind) showed [Qd 4c] and lost with a pair of Queens


PokerStars Hand #150494287418:  Hold'em Limit ($3/$6 USD) - 2016/03/17 12:24:36 ET
Table 'Paloque II' 6-max Seat #5 is the button
Seat 5: klaci197304 ($111.54 in chips)
Seat 6: Ale4o ($85.35 in chips)
klaci197304: posts small blind $1
Ale4o: posts big blind $3
*** HOLE CARDS ***
klaci197304: raises $3 to $6
Ale4o: folds
Uncalled bet ($3) returned to klaci197304
klaci197304 collected $6 from pot
klaci197304: doesn't show hand
*** SUMMARY ***
Total pot $6 | Rake $0
Seat 5: klaci197304 (button) (small blind) collected ($6)
Seat 6: Ale4o (big blind) folded before Flop


PokerStars Hand #150494274965:  Hold'em Limit ($3/$6 USD) - 2016/03/17 12:24:20 ET
Table 'Paloque II' 6-max Seat #6 is the button
Seat 5: klaci197304 ($114.54 in chips)
Seat 6: Ale4o ($82.47 in chips)
Ale4o: posts small blind $1
klaci197304: posts big blind $3
*** HOLE CARDS ***
derdex joins the table at seat #1
Ale4o: calls $2
klaci197304: checks
*** FLOP *** [As Th Ts]
klaci197304: checks
Ale4o: bets $3
klaci197304: folds
Uncalled bet ($3) returned to Ale4o
Ale4o collected $5.88 from pot
Ale4o: doesn't show hand
*** SUMMARY ***
Total pot $6 | Rake $0.12
Board [As Th Ts]
Seat 5: klaci197304 (big blind) folded on the Flop
Seat 6: Ale4o (button) (small blind) collected ($5.88)


PokerStars Hand #150499965328:  Hold'em Limit ($3/$6 USD) - 2016/03/17 14:20:32 ET
Table 'Paloque II' 6-max Seat #3 is the button
Seat 2: krytalex ($76.25 in chips)
Seat 3: bodo1444 ($131.85 in chips)
bodo1444: posts small blind $1
krytalex: posts big blind $3
*** HOLE CARDS ***
bodo1444: folds
Uncalled bet ($2) returned to krytalex
krytalex collected $2 from pot
*** SUMMARY ***
Total pot $2 | Rake $0
Seat 2: krytalex (big blind) collected ($2)
Seat 3: bodo1444 (button) (small blind) folded before Flop


PokerStars Hand #150499945944:  Hold'em Limit ($3/$6 USD) - 2016/03/17 14:20:10 ET
Table 'Paloque II' 6-max Seat #2 is the button
Seat 2: krytalex ($73.25 in chips)
Seat 3: bodo1444 ($134.85 in chips)
krytalex: posts small blind $1
bodo1444: posts big blind $3
*** HOLE CARDS ***
krytalex said, "OMG"
krytalex said, "IDIOTTTTTTTTTTT"
krytalex said, "MAKAKAAAAAAAAAAAAA"
krytalex said, "DEBILOIDDDDDDDDDDDD"
krytalex: raises $3 to $6
bodo1444: folds
Uncalled bet ($3) returned to krytalex
krytalex collected $6 from pot
*** SUMMARY ***
Total pot $6 | Rake $0
Seat 2: krytalex (button) (small blind) collected ($6)
Seat 3: bodo1444 (big blind) folded before Flop


PokerStars Hand #150499915900:  Hold'em Limit ($3/$6 USD) - 2016/03/17 14:19:36 ET
Table 'Paloque II' 6-max Seat #3 is the button
Seat 2: krytalex ($103.25 in chips)
Seat 3: bodo1444 ($105.35 in chips)
bodo1444: posts small blind $1
Chessnok: is sitting out
Ale4o: is sitting out
krytalex: posts big blind $3
*** HOLE CARDS ***
Ale4o leaves the table
bodo1444: calls $2
krytalex: raises $3 to $6
bodo1444: calls $3
*** FLOP *** [7d 9h 3h]
Chessnok leaves the table
krytalex: bets $3
bodo1444: raises $3 to $6
krytalex: raises $3 to $9
bodo1444: raises $3 to $12
Betting is capped
krytalex: calls $3
*** TURN *** [7d 9h 3h] [6c]
krytalex: checks
bodo1444: bets $6
krytalex: calls $6
*** RIVER *** [7d 9h 3h 6c] [3c]
krytalex: checks
bodo1444: bets $6
krytalex: calls $6
*** SHOW DOWN ***
bodo1444: shows [Jc 7c] (two pair, Sevens and Threes)
krytalex: mucks hand
bodo1444 collected $59.50 from pot
*** SUMMARY ***
Total pot $60 | Rake $0.50
Board [7d 9h 3h 6c 3c]
Seat 2: krytalex (big blind) mucked
Seat 3: bodo1444 (button) (small blind) showed [Jc 7c] and won ($59.50) with two pair, Sevens and Threes


