PokerStars Hand #145477774911:  Hold'em Limit ($3/$6 USD) - 2015/12/17 8:18:27 ET
Table 'Paloque' 6-max Seat #2 is the button
Seat 2: Velbor107 ($338.72 in chips)
Seat 5: scorpio04 ($72 in chips)
Velbor107: posts small blind $1
Actionni13: is sitting out
scorpio04: posts big blind $3
*** HOLE CARDS ***
Velbor107: raises $3 to $6
scorpio04: raises $3 to $9
Velbor107: calls $3
*** FLOP *** [2c 9h Qd]
scorpio04: checks
Velbor107: checks
*** TURN *** [2c 9h Qd] [7s]
scorpio04: bets $6
Velbor107: folds
Uncalled bet ($6) returned to scorpio04
scorpio04 collected $17.64 from pot
scorpio04: doesn't show hand
*** SUMMARY ***
Total pot $18 | Rake $0.36
Board [2c 9h Qd 7s]
Seat 2: Velbor107 (button) (small blind) folded on the Turn
Seat 5: scorpio04 (big blind) collected ($17.64)


PokerStars Hand #145500044686:  Hold'em Limit ($3/$6 USD) - 2015/12/17 16:14:20 ET
Table 'Paloque' 6-max Seat #2 is the button
Seat 2: factor725 ($81.59 in chips)
Seat 3: vestimokrec ($129.04 in chips)
factor725: posts small blind $1
vestimokrec: posts big blind $3
*** HOLE CARDS ***
factor725: raises $3 to $6
vestimokrec: raises $3 to $9
factor725: calls $3
*** FLOP *** [2h 7c 7s]
vestimokrec: bets $3
factor725: calls $3
*** TURN *** [2h 7c 7s] [Kc]
vestimokrec: bets $6
factor725: calls $6
*** RIVER *** [2h 7c 7s Kc] [3h]
vestimokrec: bets $6
factor725: calls $6
*** SHOW DOWN ***
vestimokrec: shows [Kd Th] (two pair, Kings and Sevens)
factor725: mucks hand
vestimokrec collected $47.50 from pot
*** SUMMARY ***
Total pot $48 | Rake $0.50
Board [2h 7c 7s Kc 3h]
Seat 2: factor725 (button) (small blind) mucked
Seat 3: vestimokrec (big blind) showed [Kd Th] and won ($47.50) with two pair, Kings and Sevens


PokerStars Hand #145500035552:  Hold'em Limit ($3/$6 USD) - 2015/12/17 16:14:10 ET
Table 'Paloque' 6-max Seat #3 is the button
Seat 2: factor725 ($80.59 in chips)
Seat 3: vestimokrec ($130.04 in chips)
vestimokrec: posts small blind $1
bentinck113: is sitting out
factor725: posts big blind $3
*** HOLE CARDS ***
bentinck113 leaves the table
vestimokrec: folds
Uncalled bet ($2) returned to factor725
factor725 collected $2 from pot
*** SUMMARY ***
Total pot $2 | Rake $0
Seat 2: factor725 (big blind) collected ($2)
Seat 3: vestimokrec (button) (small blind) folded before Flop


PokerStars Hand #145500109254:  Hold'em Limit ($3/$6 USD) - 2015/12/17 16:15:31 ET
Table 'Paloque' 6-max Seat #2 is the button
Seat 2: factor725 ($36.59 in chips)
Seat 3: vestimokrec ($173.04 in chips)
factor725: posts small blind $1
vestimokrec: posts big blind $3
*** HOLE CARDS ***
factor725: folds
Uncalled bet ($2) returned to vestimokrec
vestimokrec collected $2 from pot
vestimokrec: doesn't show hand
*** SUMMARY ***
Total pot $2 | Rake $0
Seat 2: factor725 (button) (small blind) folded before Flop
Seat 3: vestimokrec (big blind) collected ($2)


PokerStars Hand #145500105155:  Hold'em Limit ($3/$6 USD) - 2015/12/17 16:15:26 ET
Table 'Paloque' 6-max Seat #3 is the button
Seat 2: factor725 ($35.59 in chips)
Seat 3: vestimokrec ($174.04 in chips)
vestimokrec: posts small blind $1
factor725: posts big blind $3
*** HOLE CARDS ***
factor725 said, "ybludok"
vestimokrec: folds
Uncalled bet ($2) returned to factor725
factor725 collected $2 from pot
*** SUMMARY ***
Total pot $2 | Rake $0
Seat 2: factor725 (big blind) collected ($2)
Seat 3: vestimokrec (button) (small blind) folded before Flop


PokerStars Hand #145500099466:  Hold'em Limit ($3/$6 USD) - 2015/12/17 16:15:20 ET
Table 'Paloque' 6-max Seat #2 is the button
Seat 2: factor725 ($36.59 in chips)
Seat 3: vestimokrec ($173.04 in chips)
factor725: posts small blind $1
vestimokrec: posts big blind $3
*** HOLE CARDS ***
factor725: folds
Uncalled bet ($2) returned to vestimokrec
vestimokrec collected $2 from pot
vestimokrec: doesn't show hand
*** SUMMARY ***
Total pot $2 | Rake $0
Seat 2: factor725 (button) (small blind) folded before Flop
Seat 3: vestimokrec (big blind) collected ($2)


PokerStars Hand #145500070991:  Hold'em Limit ($3/$6 USD) - 2015/12/17 16:14:49 ET
Table 'Paloque' 6-max Seat #3 is the button
Seat 2: factor725 ($57.59 in chips)
Seat 3: vestimokrec ($152.54 in chips)
vestimokrec: posts small blind $1
factor725: posts big blind $3
*** HOLE CARDS ***
vestimokrec: raises $3 to $6
factor725: calls $3
*** FLOP *** [Ac 2c 5s]
factor725: checks
vestimokrec: bets $3
factor725: calls $3
*** TURN *** [Ac 2c 5s] [9c]
factor725: checks
vestimokrec: bets $6
factor725: calls $6
*** RIVER *** [Ac 2c 5s 9c] [Th]
factor725: checks
vestimokrec: bets $6
factor725: calls $6
*** SHOW DOWN ***
vestimokrec: shows [Td 6c] (a pair of Tens)
factor725: mucks hand
vestimokrec collected $41.50 from pot
*** SUMMARY ***
Total pot $42 | Rake $0.50
Board [Ac 2c 5s 9c Th]
Seat 2: factor725 (big blind) mucked
Seat 3: vestimokrec (button) (small blind) showed [Td 6c] and won ($41.50) with a pair of Tens


PokerStars Hand #145500141589:  Hold'em Limit ($3/$6 USD) - 2015/12/17 16:16:05 ET
Table 'Paloque' 6-max Seat #2 is the button
Seat 2: factor725 ($53.09 in chips)
Seat 3: vestimokrec ($156.04 in chips)
factor725: posts small blind $1
vestimokrec: posts big blind $3
*** HOLE CARDS ***
factor725: raises $3 to $6
vestimokrec: calls $3
*** FLOP *** [9s Qs Qh]
vestimokrec: checks
factor725: bets $3
vestimokrec: raises $3 to $6
factor725: calls $3
*** TURN *** [9s Qs Qh] [As]
vestimokrec: bets $6
factor725: calls $6
*** RIVER *** [9s Qs Qh As] [7s]
vestimokrec: checks
factor725: checks
*** SHOW DOWN ***
vestimokrec: shows [8c 9h] (two pair, Queens and Nines)
factor725: shows [9d 3d] (two pair, Queens and Nines)
vestimokrec collected $17.75 from pot
factor725 collected $17.75 from pot
*** SUMMARY ***
Total pot $36 | Rake $0.50
Board [9s Qs Qh As 7s]
Seat 2: factor725 (button) (small blind) showed [9d 3d] and won ($17.75) with two pair, Queens and Nines
Seat 3: vestimokrec (big blind) showed [8c 9h] and won ($17.75) with two pair, Queens and Nines


PokerStars Hand #145500114799:  Hold'em Limit ($3/$6 USD) - 2015/12/17 16:15:37 ET
Table 'Paloque' 6-max Seat #3 is the button
Seat 2: factor725 ($35.59 in chips)
Seat 3: vestimokrec ($174.04 in chips)
vestimokrec: posts small blind $1
factor725: posts big blind $3
*** HOLE CARDS ***
vestimokrec: raises $3 to $6
factor725: calls $3
*** FLOP *** [Qh 9s 9h]
factor725: checks
vestimokrec: bets $3
factor725: raises $3 to $6
vestimokrec: calls $3
*** TURN *** [Qh 9s 9h] [Jc]
factor725: bets $6
vestimokrec: calls $6
*** RIVER *** [Qh 9s 9h Jc] [5s]
factor725: bets $6
vestimokrec: folds
Uncalled bet ($6) returned to factor725
factor725 collected $35.50 from pot
*** SUMMARY ***
Total pot $36 | Rake $0.50
Board [Qh 9s 9h Jc 5s]
Seat 2: factor725 (big blind) collected ($35.50)
Seat 3: vestimokrec (button) (small blind) folded on the River


PokerStars Hand #145500239036:  Hold'em Limit ($3/$6 USD) - 2015/12/17 16:17:51 ET
Table 'Paloque' 6-max Seat #2 is the button
Seat 2: factor725 ($39.84 in chips)
Seat 3: vestimokrec ($168.31 in chips)
factor725: posts small blind $1
vestimokrec: posts big blind $3
*** HOLE CARDS ***
factor725: folds
Uncalled bet ($2) returned to vestimokrec
vestimokrec collected $2 from pot
vestimokrec: doesn't show hand
*** SUMMARY ***
Total pot $2 | Rake $0
Seat 2: factor725 (button) (small blind) folded before Flop
Seat 3: vestimokrec (big blind) collected ($2)


PokerStars Hand #145500226896:  Hold'em Limit ($3/$6 USD) - 2015/12/17 16:17:38 ET
Table 'Paloque' 6-max Seat #3 is the button
Seat 2: factor725 ($45.84 in chips)
Seat 3: vestimokrec ($162.55 in chips)
vestimokrec: posts small blind $1
factor725: posts big blind $3
*** HOLE CARDS ***
vestimokrec: raises $3 to $6
factor725: calls $3
*** FLOP *** [Jd Js 4d]
factor725: checks
vestimokrec: bets $3
factor725: folds
Uncalled bet ($3) returned to vestimokrec
vestimokrec collected $11.76 from pot
vestimokrec: doesn't show hand
*** SUMMARY ***
Total pot $12 | Rake $0.24
Board [Jd Js 4d]
Seat 2: factor725 (big blind) folded on the Flop
Seat 3: vestimokrec (button) (small blind) collected ($11.76)


PokerStars Hand #145500221894:  Hold'em Limit ($3/$6 USD) - 2015/12/17 16:17:32 ET
Table 'Paloque' 6-max Seat #2 is the button
Seat 2: factor725 ($46.84 in chips)
Seat 3: vestimokrec ($161.55 in chips)
factor725: posts small blind $1
vestimokrec: posts big blind $3
*** HOLE CARDS ***
factor725: folds
Uncalled bet ($2) returned to vestimokrec
vestimokrec collected $2 from pot
vestimokrec: doesn't show hand
*** SUMMARY ***
Total pot $2 | Rake $0
Seat 2: factor725 (button) (small blind) folded before Flop
Seat 3: vestimokrec (big blind) collected ($2)


PokerStars Hand #145500191413:  Hold'em Limit ($3/$6 USD) - 2015/12/17 16:16:59 ET
Table 'Paloque' 6-max Seat #3 is the button
Seat 2: factor725 ($52.84 in chips)
Seat 3: vestimokrec ($155.79 in chips)
vestimokrec: posts small blind $1
factor725: posts big blind $3
*** HOLE CARDS ***
vestimokrec: raises $3 to $6
factor725: calls $3
*** FLOP *** [9h 2d 8h]
factor725: checks
vestimokrec: checks
*** TURN *** [9h 2d 8h] [Jd]
factor725: checks
vestimokrec: checks
*** RIVER *** [9h 2d 8h Jd] [4d]
factor725: checks
vestimokrec: bets $6
factor725: folds
Uncalled bet ($6) returned to vestimokrec
vestimokrec collected $11.76 from pot
vestimokrec: doesn't show hand
*** SUMMARY ***
Total pot $12 | Rake $0.24
Board [9h 2d 8h Jd 4d]
Seat 2: factor725 (big blind) folded on the River
Seat 3: vestimokrec (button) (small blind) collected ($11.76)


PokerStars Hand #145500266333:  Hold'em Limit ($3/$6 USD) - 2015/12/17 16:18:20 ET
Table 'Paloque' 6-max Seat #3 is the button
Seat 2: factor725 ($55.34 in chips)
Seat 3: vestimokrec ($152.31 in chips)
vestimokrec: posts small blind $1
factor725: posts big blind $3
*** HOLE CARDS ***
vestimokrec: raises $3 to $6
factor725: calls $3
*** FLOP *** [6h 7c 2s]
factor725: checks
vestimokrec: bets $3
factor725: raises $3 to $6
vestimokrec: folds
Uncalled bet ($3) returned to factor725
factor725 collected $17.64 from pot
*** SUMMARY ***
Total pot $18 | Rake $0.36
Board [6h 7c 2s]
Seat 2: factor725 (big blind) collected ($17.64)
Seat 3: vestimokrec (button) (small blind) folded on the Flop


PokerStars Hand #145500261556:  Hold'em Limit ($3/$6 USD) - 2015/12/17 16:18:15 ET
Table 'Paloque' 6-max Seat #2 is the button
Seat 2: factor725 ($56.34 in chips)
Seat 3: vestimokrec ($151.31 in chips)
factor725: posts small blind $1
vestimokrec: posts big blind $3
*** HOLE CARDS ***
factor725: folds
Uncalled bet ($2) returned to vestimokrec
vestimokrec collected $2 from pot
vestimokrec: doesn't show hand
*** SUMMARY ***
Total pot $2 | Rake $0
Seat 2: factor725 (button) (small blind) folded before Flop
Seat 3: vestimokrec (big blind) collected ($2)


PokerStars Hand #145500244146:  Hold'em Limit ($3/$6 USD) - 2015/12/17 16:17:56 ET
Table 'Paloque' 6-max Seat #3 is the button
Seat 2: factor725 ($38.84 in chips)
Seat 3: vestimokrec ($169.31 in chips)
vestimokrec: posts small blind $1
factor725: posts big blind $3
*** HOLE CARDS ***
vestimokrec: raises $3 to $6
factor725: calls $3
*** FLOP *** [4s 8h 2c]
factor725: checks
vestimokrec: bets $3
factor725: raises $3 to $6
vestimokrec: calls $3
*** TURN *** [4s 8h 2c] [5c]
factor725: bets $6
vestimokrec: calls $6
*** RIVER *** [4s 8h 2c 5c] [9d]
factor725: bets $6
vestimokrec: folds
Uncalled bet ($6) returned to factor725
factor725 collected $35.50 from pot
*** SUMMARY ***
Total pot $36 | Rake $0.50
Board [4s 8h 2c 5c 9d]
Seat 2: factor725 (big blind) collected ($35.50)
Seat 3: vestimokrec (button) (small blind) folded on the River


PokerStars Hand #145500314627:  Hold'em Limit ($3/$6 USD) - 2015/12/17 16:19:12 ET
Table 'Paloque' 6-max Seat #2 is the button
Seat 2: factor725 ($46.98 in chips)
Seat 3: vestimokrec ($159.81 in chips)
factor725: posts small blind $1
vestimokrec: posts big blind $3
*** HOLE CARDS ***
factor725: raises $3 to $6
vestimokrec: calls $3
*** FLOP *** [Kc 7h 2c]
vestimokrec: checks
factor725: bets $3
vestimokrec: calls $3
*** TURN *** [Kc 7h 2c] [Kh]
vestimokrec: checks
factor725: bets $6
vestimokrec: calls $6
*** RIVER *** [Kc 7h 2c Kh] [2h]
vestimokrec: checks
factor725: bets $6
vestimokrec: calls $6
*** SHOW DOWN ***
factor725: shows [Jc Jh] (two pair, Kings and Jacks)
vestimokrec: shows [Ts 2s] (a full house, Deuces full of Kings)
vestimokrec collected $41.50 from pot
*** SUMMARY ***
Total pot $42 | Rake $0.50
Board [Kc 7h 2c Kh 2h]
Seat 2: factor725 (button) (small blind) showed [Jc Jh] and lost with two pair, Kings and Jacks
Seat 3: vestimokrec (big blind) showed [Ts 2s] and won ($41.50) with a full house, Deuces full of Kings


PokerStars Hand #145500310505:  Hold'em Limit ($3/$6 USD) - 2015/12/17 16:19:08 ET
Table 'Paloque' 6-max Seat #3 is the button
Seat 2: factor725 ($45.98 in chips)
Seat 3: vestimokrec ($160.81 in chips)
vestimokrec: posts small blind $1
factor725: posts big blind $3
*** HOLE CARDS ***
vestimokrec: folds
Uncalled bet ($2) returned to factor725
factor725 collected $2 from pot
*** SUMMARY ***
Total pot $2 | Rake $0
Seat 2: factor725 (big blind) collected ($2)
Seat 3: vestimokrec (button) (small blind) folded before Flop


PokerStars Hand #145500283312:  Hold'em Limit ($3/$6 USD) - 2015/12/17 16:18:38 ET
Table 'Paloque' 6-max Seat #2 is the button
Seat 2: factor725 ($63.98 in chips)
Seat 3: vestimokrec ($143.31 in chips)
factor725: posts small blind $1
vestimokrec: posts big blind $3
*** HOLE CARDS ***
factor725: raises $3 to $6
vestimokrec: raises $3 to $9
factor725: calls $3
*** FLOP *** [8h Ah 5d]
vestimokrec: bets $3
factor725: calls $3
*** TURN *** [8h Ah 5d] [Js]
vestimokrec: checks
factor725: bets $6
vestimokrec: calls $6
*** RIVER *** [8h Ah 5d Js] [3h]
vestimokrec: checks
factor725: checks
*** SHOW DOWN ***
vestimokrec: shows [9d 9s] (a pair of Nines)
factor725: mucks hand
vestimokrec collected $35.50 from pot
*** SUMMARY ***
Total pot $36 | Rake $0.50
Board [8h Ah 5d Js 3h]
Seat 2: factor725 (button) (small blind) mucked
Seat 3: vestimokrec (big blind) showed [9d 9s] and won ($35.50) with a pair of Nines


PokerStars Hand #145500363899:  Hold'em Limit ($3/$6 USD) - 2015/12/17 16:20:06 ET
Table 'Paloque' 6-max Seat #2 is the button
Seat 2: factor725 ($19.98 in chips)
Seat 3: vestimokrec ($186.07 in chips)
factor725: posts small blind $1
vestimokrec: posts big blind $3
*** HOLE CARDS ***
factor725: raises $3 to $6
factor725 said, "prostitytka"
Miele104 joins the table at seat #1
vestimokrec: calls $3
*** FLOP *** [Qc Ks 2d]
vestimokrec: checks
factor725: checks
*** TURN *** [Qc Ks 2d] [4d]
vestimokrec: checks
factor725: checks
*** RIVER *** [Qc Ks 2d 4d] [Ah]
vestimokrec: checks
factor725: checks
*** SHOW DOWN ***
vestimokrec: shows [5c Td] (high card Ace)
factor725: shows [Ts 5s] (high card Ace)
vestimokrec collected $5.88 from pot
factor725 collected $5.88 from pot
*** SUMMARY ***
Total pot $12 | Rake $0.24
Board [Qc Ks 2d 4d Ah]
Seat 2: factor725 (button) (small blind) showed [Ts 5s] and won ($5.88) with high card Ace
Seat 3: vestimokrec (big blind) showed [5c Td] and won ($5.88) with high card Ace


PokerStars Hand #145500352479:  Hold'em Limit ($3/$6 USD) - 2015/12/17 16:19:53 ET
Table 'Paloque' 6-max Seat #3 is the button
Seat 2: factor725 ($25.98 in chips)
Seat 3: vestimokrec ($180.31 in chips)
vestimokrec: posts small blind $1
factor725: posts big blind $3
*** HOLE CARDS ***
vestimokrec: raises $3 to $6
factor725: calls $3
*** FLOP *** [Kd 3h Ad]
factor725: checks
vestimokrec: bets $3
factor725: folds
Uncalled bet ($3) returned to vestimokrec
vestimokrec collected $11.76 from pot
vestimokrec: doesn't show hand
*** SUMMARY ***
Total pot $12 | Rake $0.24
Board [Kd 3h Ad]
Seat 2: factor725 (big blind) folded on the Flop
Seat 3: vestimokrec (button) (small blind) collected ($11.76)


