PokerStars Hand #149452321655:  Hold'em Limit ($3/$6 USD) - 2016/02/26 13:24:39 ET
Table 'Pamela II' 6-max Seat #2 is the button
Seat 2: seb.kor79 ($92.03 in chips)
Seat 3: TbIP-TbIP 88 ($75 in chips)
seb.kor79: posts small blind $1
TbIP-TbIP 88: posts big blind $3
*** HOLE CARDS ***
seb.kor79: raises $3 to $6
TbIP-TbIP 88: calls $3
*** FLOP *** [Jc 7h Ks]
TbIP-TbIP 88: checks
seb.kor79: bets $3
TbIP-TbIP 88: calls $3
*** TURN *** [Jc 7h Ks] [3c]
TbIP-TbIP 88: checks
seb.kor79: bets $6
TbIP-TbIP 88: calls $6
*** RIVER *** [Jc 7h Ks 3c] [2c]
TbIP-TbIP 88: bets $6
seb.kor79: calls $6
*** SHOW DOWN ***
TbIP-TbIP 88: shows [4s Js] (a pair of Jacks)
seb.kor79: shows [7s 7c] (three of a kind, Sevens)
seb.kor79 collected $41.50 from pot
*** SUMMARY ***
Total pot $42 | Rake $0.50
Board [Jc 7h Ks 3c 2c]
Seat 2: seb.kor79 (button) (small blind) showed [7s 7c] and won ($41.50) with three of a kind, Sevens
Seat 3: TbIP-TbIP 88 (big blind) showed [4s Js] and lost with a pair of Jacks


PokerStars Hand #149452316317:  Hold'em Limit ($3/$6 USD) - 2016/02/26 13:24:33 ET
Table 'Pamela II' 6-max Seat #3 is the button
Seat 2: seb.kor79 ($95.03 in chips)
Seat 3: TbIP-TbIP 88 ($72 in chips)
TbIP-TbIP 88: posts small blind $1
seb.kor79: posts big blind $3
*** HOLE CARDS ***
TbIP-TbIP 88: raises $3 to $6
seb.kor79: folds
Uncalled bet ($3) returned to TbIP-TbIP 88
TbIP-TbIP 88 collected $6 from pot
TbIP-TbIP 88: doesn't show hand
*** SUMMARY ***
Total pot $6 | Rake $0
Seat 2: seb.kor79 (big blind) folded before Flop
Seat 3: TbIP-TbIP 88 (button) (small blind) collected ($6)


PokerStars Hand #149452279808:  Hold'em Limit ($3/$6 USD) - 2016/02/26 13:23:53 ET
Table 'Pamela II' 6-max Seat #2 is the button
Seat 2: seb.kor79 ($92.15 in chips)
Seat 3: TbIP-TbIP 88 ($72 in chips)
seb.kor79: posts small blind $1
TbIP-TbIP 88: posts big blind $3
*** HOLE CARDS ***
seb.kor79: calls $2
TbIP-TbIP 88: checks
*** FLOP *** [Kd Jc Qd]
TbIP-TbIP 88: checks
seb.kor79: checks
*** TURN *** [Kd Jc Qd] [Kh]
TbIP-TbIP 88: checks
seb.kor79: checks
*** RIVER *** [Kd Jc Qd Kh] [7c]
TbIP-TbIP 88: checks
seb.kor79: bets $6
TbIP-TbIP 88: folds
Uncalled bet ($6) returned to seb.kor79
seb.kor79 collected $5.88 from pot
seb.kor79: doesn't show hand
*** SUMMARY ***
Total pot $6 | Rake $0.12
Board [Kd Jc Qd Kh 7c]
Seat 2: seb.kor79 (button) (small blind) collected ($5.88)
Seat 3: TbIP-TbIP 88 (big blind) folded on the River


PokerStars Hand #149452382936:  Hold'em Limit ($3/$6 USD) - 2016/02/26 13:25:47 ET
Table 'Pamela II' 6-max Seat #3 is the button
Seat 2: seb.kor79 ($79.53 in chips)
Seat 3: TbIP-TbIP 88 ($104.26 in chips)
TbIP-TbIP 88: posts small blind $1
seb.kor79: posts big blind $3
*** HOLE CARDS ***
TbIP-TbIP 88: raises $3 to $6
seb.kor79: folds
Uncalled bet ($3) returned to TbIP-TbIP 88
TbIP-TbIP 88 collected $6 from pot
TbIP-TbIP 88: doesn't show hand
*** SUMMARY ***
Total pot $6 | Rake $0
Seat 2: seb.kor79 (big blind) folded before Flop
Seat 3: TbIP-TbIP 88 (button) (small blind) collected ($6)


PokerStars Hand #149452370209:  Hold'em Limit ($3/$6 USD) - 2016/02/26 13:25:33 ET
Table 'Pamela II' 6-max Seat #2 is the button
Seat 2: seb.kor79 ($85.53 in chips)
Seat 3: TbIP-TbIP 88 ($98.50 in chips)
seb.kor79: posts small blind $1
TbIP-TbIP 88: posts big blind $3
*** HOLE CARDS ***
seb.kor79: raises $3 to $6
TbIP-TbIP 88: calls $3
*** FLOP *** [3c Jd 2c]
TbIP-TbIP 88: bets $3
seb.kor79: folds
Uncalled bet ($3) returned to TbIP-TbIP 88
TbIP-TbIP 88 collected $11.76 from pot
TbIP-TbIP 88: doesn't show hand
*** SUMMARY ***
Total pot $12 | Rake $0.24
Board [3c Jd 2c]
Seat 2: seb.kor79 (button) (small blind) folded on the Flop
Seat 3: TbIP-TbIP 88 (big blind) collected ($11.76)


PokerStars Hand #149452346297:  Hold'em Limit ($3/$6 USD) - 2016/02/26 13:25:06 ET
Table 'Pamela II' 6-max Seat #3 is the button
Seat 2: seb.kor79 ($112.53 in chips)
Seat 3: TbIP-TbIP 88 ($72 in chips)
TbIP-TbIP 88: posts small blind $1
seb.kor79: posts big blind $3
*** HOLE CARDS ***
TbIP-TbIP 88: raises $3 to $6
seb.kor79: calls $3
*** FLOP *** [As 3c 5s]
seb.kor79: checks
TbIP-TbIP 88: bets $3
seb.kor79: calls $3
*** TURN *** [As 3c 5s] [9c]
seb.kor79: bets $6
TbIP-TbIP 88: calls $6
*** RIVER *** [As 3c 5s 9c] [4s]
seb.kor79: bets $6
TbIP-TbIP 88: raises $6 to $12
seb.kor79: calls $6
*** SHOW DOWN ***
TbIP-TbIP 88: shows [Kc 2h] (a straight, Ace to Five)
seb.kor79: mucks hand
TbIP-TbIP 88 collected $53.50 from pot
*** SUMMARY ***
Total pot $54 | Rake $0.50
Board [As 3c 5s 9c 4s]
Seat 2: seb.kor79 (big blind) mucked
Seat 3: TbIP-TbIP 88 (button) (small blind) showed [Kc 2h] and won ($53.50) with a straight, Ace to Five


PokerStars Hand #149452437251:  Hold'em Limit ($3/$6 USD) - 2016/02/26 13:26:47 ET
Table 'Pamela II' 6-max Seat #3 is the button
Seat 2: seb.kor79 ($94.03 in chips)
Seat 3: TbIP-TbIP 88 ($89.26 in chips)
TbIP-TbIP 88: posts small blind $1
seb.kor79: posts big blind $3
*** HOLE CARDS ***
TbIP-TbIP 88: raises $3 to $6
seb.kor79: calls $3
*** FLOP *** [7h 3c 5c]
seb.kor79: checks
TbIP-TbIP 88: checks
*** TURN *** [7h 3c 5c] [7d]
seb.kor79: checks
TbIP-TbIP 88: bets $6
seb.kor79: calls $6
*** RIVER *** [7h 3c 5c 7d] [Th]
seb.kor79: checks
TbIP-TbIP 88: checks
*** SHOW DOWN ***
seb.kor79: shows [Tc Qc] (two pair, Tens and Sevens)
TbIP-TbIP 88: mucks hand
seb.kor79 collected $23.52 from pot
*** SUMMARY ***
Total pot $24 | Rake $0.48
Board [7h 3c 5c 7d Th]
Seat 2: seb.kor79 (big blind) showed [Tc Qc] and won ($23.52) with two pair, Tens and Sevens
Seat 3: TbIP-TbIP 88 (button) (small blind) mucked


PokerStars Hand #149452387344:  Hold'em Limit ($3/$6 USD) - 2016/02/26 13:25:52 ET
Table 'Pamela II' 6-max Seat #2 is the button
Seat 2: seb.kor79 ($76.53 in chips)
Seat 3: TbIP-TbIP 88 ($107.26 in chips)
seb.kor79: posts small blind $1
TbIP-TbIP 88: posts big blind $3
*** HOLE CARDS ***
seb.kor79: raises $3 to $6
TbIP-TbIP 88: calls $3
*** FLOP *** [Tc 7s 8s]
TbIP-TbIP 88: checks
seb.kor79: checks
*** TURN *** [Tc 7s 8s] [4d]
TbIP-TbIP 88: bets $6
seb.kor79: raises $6 to $12
TbIP-TbIP 88: calls $6
*** RIVER *** [Tc 7s 8s 4d] [6d]
TbIP-TbIP 88: checks
seb.kor79: bets $6
TbIP-TbIP 88: folds
Uncalled bet ($6) returned to seb.kor79
seb.kor79 collected $35.50 from pot
seb.kor79: doesn't show hand
*** SUMMARY ***
Total pot $36 | Rake $0.50
Board [Tc 7s 8s 4d 6d]
Seat 2: seb.kor79 (button) (small blind) collected ($35.50)
Seat 3: TbIP-TbIP 88 (big blind) folded on the River


PokerStars Hand #149452510128:  Hold'em Limit ($3/$6 USD) - 2016/02/26 13:28:08 ET
Table 'Pamela II' 6-max Seat #3 is the button
Seat 2: seb.kor79 ($147.55 in chips)
Seat 3: TbIP-TbIP 88 ($72 in chips)
TbIP-TbIP 88: posts small blind $1
seb.kor79: posts big blind $3
*** HOLE CARDS ***
TbIP-TbIP 88: folds
Uncalled bet ($2) returned to seb.kor79
seb.kor79 collected $2 from pot
seb.kor79: doesn't show hand
*** SUMMARY ***
Total pot $2 | Rake $0
Seat 2: seb.kor79 (big blind) collected ($2)
Seat 3: TbIP-TbIP 88 (button) (small blind) folded before Flop


PokerStars Hand #149452489375:  Hold'em Limit ($3/$6 USD) - 2016/02/26 13:27:45 ET
Table 'Pamela II' 6-max Seat #2 is the button
Seat 2: seb.kor79 ($130.05 in chips)
Seat 3: TbIP-TbIP 88 ($72 in chips)
seb.kor79: posts small blind $1
TbIP-TbIP 88: posts big blind $3
*** HOLE CARDS ***
seb.kor79: raises $3 to $6
TbIP-TbIP 88: calls $3
*** FLOP *** [4s 7s 6h]
TbIP-TbIP 88: bets $3
seb.kor79: raises $3 to $6
TbIP-TbIP 88: calls $3
*** TURN *** [4s 7s 6h] [3s]
TbIP-TbIP 88: checks
seb.kor79: checks
*** RIVER *** [4s 7s 6h 3s] [6d]
TbIP-TbIP 88: checks
seb.kor79: bets $6
TbIP-TbIP 88: calls $6
*** SHOW DOWN ***
seb.kor79: shows [9c 9d] (two pair, Nines and Sixes)
TbIP-TbIP 88: mucks hand
seb.kor79 collected $35.50 from pot
*** SUMMARY ***
Total pot $36 | Rake $0.50
Board [4s 7s 6h 3s 6d]
Seat 2: seb.kor79 (button) (small blind) showed [9c 9d] and won ($35.50) with two pair, Nines and Sixes
Seat 3: TbIP-TbIP 88 (big blind) mucked


PokerStars Hand #149452484184:  Hold'em Limit ($3/$6 USD) - 2016/02/26 13:27:39 ET
Table 'Pamela II' 6-max Seat #3 is the button
Seat 2: seb.kor79 ($129.05 in chips)
Seat 3: TbIP-TbIP 88 ($72 in chips)
TbIP-TbIP 88: posts small blind $1
seb.kor79: posts big blind $3
*** HOLE CARDS ***
TbIP-TbIP 88: folds
Uncalled bet ($2) returned to seb.kor79
seb.kor79 collected $2 from pot
seb.kor79: doesn't show hand
*** SUMMARY ***
Total pot $2 | Rake $0
Seat 2: seb.kor79 (big blind) collected ($2)
Seat 3: TbIP-TbIP 88 (button) (small blind) folded before Flop


PokerStars Hand #149452462695:  Hold'em Limit ($3/$6 USD) - 2016/02/26 13:27:15 ET
Table 'Pamela II' 6-max Seat #2 is the button
Seat 2: seb.kor79 ($105.55 in chips)
Seat 3: TbIP-TbIP 88 ($77.26 in chips)
seb.kor79: posts small blind $1
TbIP-TbIP 88: posts big blind $3
*** HOLE CARDS ***
seb.kor79: raises $3 to $6
TbIP-TbIP 88: raises $3 to $9
seb.kor79: calls $3
*** FLOP *** [Qh 6c 4h]
TbIP-TbIP 88: bets $3
seb.kor79: calls $3
*** TURN *** [Qh 6c 4h] [6s]
TbIP-TbIP 88: checks
seb.kor79: bets $6
TbIP-TbIP 88: calls $6
*** RIVER *** [Qh 6c 4h 6s] [2d]
TbIP-TbIP 88: checks
seb.kor79: bets $6
TbIP-TbIP 88: calls $6
*** SHOW DOWN ***
seb.kor79: shows [4c 5c] (two pair, Sixes and Fours)
TbIP-TbIP 88: mucks hand
seb.kor79 collected $47.50 from pot
*** SUMMARY ***
Total pot $48 | Rake $0.50
Board [Qh 6c 4h 6s 2d]
Seat 2: seb.kor79 (button) (small blind) showed [4c 5c] and won ($47.50) with two pair, Sixes and Fours
Seat 3: TbIP-TbIP 88 (big blind) mucked


PokerStars Hand #149452517681:  Hold'em Limit ($3/$6 USD) - 2016/02/26 13:28:16 ET
Table 'Pamela II' 6-max Seat #2 is the button
Seat 2: seb.kor79 ($148.55 in chips)
Seat 3: TbIP-TbIP 88 ($72 in chips)
seb.kor79: posts small blind $1
TbIP-TbIP 88: posts big blind $3
*** HOLE CARDS ***
seb.kor79: raises $3 to $6
TbIP-TbIP 88: raises $3 to $9
seb.kor79: calls $3
*** FLOP *** [4c Jh 5c]
TbIP-TbIP 88: bets $3
seb.kor79: calls $3
*** TURN *** [4c Jh 5c] [2s]
TbIP-TbIP 88: bets $6
seb.kor79: calls $6
*** RIVER *** [4c Jh 5c 2s] [7s]
TbIP-TbIP 88: checks
seb.kor79: bets $6
TbIP-TbIP 88: folds
Uncalled bet ($6) returned to seb.kor79
seb.kor79 collected $35.50 from pot
seb.kor79: doesn't show hand
*** SUMMARY ***
Total pot $36 | Rake $0.50
Board [4c Jh 5c 2s 7s]
Seat 2: seb.kor79 (button) (small blind) collected ($35.50)
Seat 3: TbIP-TbIP 88 (big blind) folded on the River


PokerStars Hand #149452577452:  Hold'em Limit ($3/$6 USD) - 2016/02/26 13:29:23 ET
Table 'Pamela II' 6-max Seat #3 is the button
Seat 2: seb.kor79 ($166.05 in chips)
Seat 3: TbIP-TbIP 88 ($72 in chips)
TbIP-TbIP 88: posts small blind $1
seb.kor79: posts big blind $3
*** HOLE CARDS ***
TbIP-TbIP 88: raises $3 to $6
seb.kor79: folds
Uncalled bet ($3) returned to TbIP-TbIP 88
TbIP-TbIP 88 collected $6 from pot
TbIP-TbIP 88: doesn't show hand
*** SUMMARY ***
Total pot $6 | Rake $0
Seat 2: seb.kor79 (big blind) folded before Flop
Seat 3: TbIP-TbIP 88 (button) (small blind) collected ($6)


PokerStars Hand #149452587799:  Hold'em Limit ($3/$6 USD) - 2016/02/26 13:29:34 ET
Table 'Pamela II' 6-max Seat #3 is the button
Seat 2: seb.kor79 ($162.05 in chips)
Seat 3: TbIP-TbIP 88 ($76 in chips)
TbIP-TbIP 88: posts small blind $1
seb.kor79: posts big blind $3
*** HOLE CARDS ***
TbIP-TbIP 88: folds
Uncalled bet ($2) returned to seb.kor79
seb.kor79 collected $2 from pot
seb.kor79: doesn't show hand
*** SUMMARY ***
Total pot $2 | Rake $0
Seat 2: seb.kor79 (big blind) collected ($2)
Seat 3: TbIP-TbIP 88 (button) (small blind) folded before Flop


PokerStars Hand #149452583220:  Hold'em Limit ($3/$6 USD) - 2016/02/26 13:29:29 ET
Table 'Pamela II' 6-max Seat #2 is the button
Seat 2: seb.kor79 ($163.05 in chips)
Seat 3: TbIP-TbIP 88 ($75 in chips)
seb.kor79: posts small blind $1
TbIP-TbIP 88: posts big blind $3
*** HOLE CARDS ***
seb.kor79: folds
Uncalled bet ($2) returned to TbIP-TbIP 88
TbIP-TbIP 88 collected $2 from pot
TbIP-TbIP 88: doesn't show hand
*** SUMMARY ***
Total pot $2 | Rake $0
Seat 2: seb.kor79 (button) (small blind) folded before Flop
Seat 3: TbIP-TbIP 88 (big blind) collected ($2)


PokerStars Hand #149452634370:  Hold'em Limit ($3/$6 USD) - 2016/02/26 13:30:26 ET
Table 'Pamela II' 6-max Seat #2 is the button
Seat 2: seb.kor79 ($159.81 in chips)
Seat 3: TbIP-TbIP 88 ($77.64 in chips)
seb.kor79: posts small blind $1
TbIP-TbIP 88: posts big blind $3
*** HOLE CARDS ***
seb.kor79: raises $3 to $6
TbIP-TbIP 88: calls $3
*** FLOP *** [Ac 6c 3d]
TbIP-TbIP 88: checks
seb.kor79: checks
*** TURN *** [Ac 6c 3d] [As]
TbIP-TbIP 88: checks
seb.kor79: bets $6
TbIP-TbIP 88: folds
Uncalled bet ($6) returned to seb.kor79
seb.kor79 collected $11.76 from pot
seb.kor79: doesn't show hand
*** SUMMARY ***
Total pot $12 | Rake $0.24
Board [Ac 6c 3d As]
Seat 2: seb.kor79 (button) (small blind) collected ($11.76)
Seat 3: TbIP-TbIP 88 (big blind) folded on the Turn


PokerStars Hand #149452628580:  Hold'em Limit ($3/$6 USD) - 2016/02/26 13:30:19 ET
Table 'Pamela II' 6-max Seat #3 is the button
Seat 2: seb.kor79 ($162.81 in chips)
Seat 3: TbIP-TbIP 88 ($74.64 in chips)
TbIP-TbIP 88: posts small blind $1
seb.kor79: posts big blind $3
*** HOLE CARDS ***
TbIP-TbIP 88: raises $3 to $6
seb.kor79: folds
Uncalled bet ($3) returned to TbIP-TbIP 88
TbIP-TbIP 88 collected $6 from pot
TbIP-TbIP 88: doesn't show hand
*** SUMMARY ***
Total pot $6 | Rake $0
Seat 2: seb.kor79 (big blind) folded before Flop
Seat 3: TbIP-TbIP 88 (button) (small blind) collected ($6)


PokerStars Hand #149452612949:  Hold'em Limit ($3/$6 USD) - 2016/02/26 13:30:02 ET
Table 'Pamela II' 6-max Seat #2 is the button
Seat 2: seb.kor79 ($157.05 in chips)
Seat 3: TbIP-TbIP 88 ($80.64 in chips)
seb.kor79: posts small blind $1
TbIP-TbIP 88: posts big blind $3
*** HOLE CARDS ***
seb.kor79: raises $3 to $6
TbIP-TbIP 88: calls $3
*** FLOP *** [Ts Tc Th]
TbIP-TbIP 88: checks
seb.kor79: bets $3
TbIP-TbIP 88: folds
Uncalled bet ($3) returned to seb.kor79
seb.kor79 collected $11.76 from pot
seb.kor79: doesn't show hand
*** SUMMARY ***
Total pot $12 | Rake $0.24
Board [Ts Tc Th]
Seat 2: seb.kor79 (button) (small blind) collected ($11.76)
Seat 3: TbIP-TbIP 88 (big blind) folded on the Flop


PokerStars Hand #149452653285:  Hold'em Limit ($3/$6 USD) - 2016/02/26 13:30:47 ET
Table 'Pamela II' 6-max Seat #3 is the button
Seat 2: seb.kor79 ($165.57 in chips)
Seat 3: TbIP-TbIP 88 ($72 in chips)
TbIP-TbIP 88: posts small blind $1
seb.kor79: posts big blind $3
*** HOLE CARDS ***
TbIP-TbIP 88: folds
Uncalled bet ($2) returned to seb.kor79
seb.kor79 collected $2 from pot
seb.kor79: doesn't show hand
*** SUMMARY ***
Total pot $2 | Rake $0
Seat 2: seb.kor79 (big blind) collected ($2)
Seat 3: TbIP-TbIP 88 (button) (small blind) folded before Flop


PokerStars Hand #149452666602:  Hold'em Limit ($3/$6 USD) - 2016/02/26 13:31:01 ET
Table 'Pamela II' 6-max Seat #2 is the button
Seat 2: seb.kor79 ($166.57 in chips)
Seat 3: TbIP-TbIP 88 ($72 in chips)
seb.kor79: posts small blind $1
TbIP-TbIP 88: posts big blind $3
*** HOLE CARDS ***
seb.kor79: raises $3 to $6
TbIP-TbIP 88: calls $3
*** FLOP *** [9c 9d Qh]
TbIP-TbIP 88: checks
seb.kor79: checks
*** TURN *** [9c 9d Qh] [4c]
TbIP-TbIP 88: bets $6
seb.kor79: folds
Uncalled bet ($6) returned to TbIP-TbIP 88
TbIP-TbIP 88 collected $11.76 from pot
TbIP-TbIP 88: doesn't show hand
*** SUMMARY ***
Total pot $12 | Rake $0.24
Board [9c 9d Qh 4c]
Seat 2: seb.kor79 (button) (small blind) folded on the Turn
Seat 3: TbIP-TbIP 88 (big blind) collected ($11.76)


PokerStars Hand #149452682623:  Hold'em Limit ($3/$6 USD) - 2016/02/26 13:31:20 ET
Table 'Pamela II' 6-max Seat #3 is the button
Seat 2: seb.kor79 ($160.57 in chips)
Seat 3: TbIP-TbIP 88 ($77.76 in chips)
TbIP-TbIP 88: posts small blind $1
seb.kor79: posts big blind $3
*** HOLE CARDS ***
TbIP-TbIP 88: raises $3 to $6
seb.kor79: calls $3
*** FLOP *** [3h 4h 6s]
seb.kor79: checks
TbIP-TbIP 88: checks
*** TURN *** [3h 4h 6s] [Kh]
seb.kor79: bets $6
TbIP-TbIP 88: calls $6
*** RIVER *** [3h 4h 6s Kh] [Js]
seb.kor79: bets $6
TbIP-TbIP 88: calls $6
*** SHOW DOWN ***
seb.kor79: shows [9d 5s] (high card King)
TbIP-TbIP 88: shows [Ac 2d] (high card Ace)
TbIP-TbIP 88 collected $35.50 from pot
*** SUMMARY ***
Total pot $36 | Rake $0.50
Board [3h 4h 6s Kh Js]
Seat 2: seb.kor79 (big blind) showed [9d 5s] and lost with high card King
Seat 3: TbIP-TbIP 88 (button) (small blind) showed [Ac 2d] and won ($35.50) with high card Ace


PokerStars Hand #149452747186:  Hold'em Limit ($3/$6 USD) - 2016/02/26 13:32:31 ET
Table 'Pamela II' 6-max Seat #3 is the button
Seat 2: seb.kor79 ($133.57 in chips)
Seat 3: TbIP-TbIP 88 ($103.90 in chips)
TbIP-TbIP 88: posts small blind $1
seb.kor79: posts big blind $3
*** HOLE CARDS ***
TbIP-TbIP 88: folds
Uncalled bet ($2) returned to seb.kor79
seb.kor79 collected $2 from pot
seb.kor79: doesn't show hand
*** SUMMARY ***
Total pot $2 | Rake $0
Seat 2: seb.kor79 (big blind) collected ($2)
Seat 3: TbIP-TbIP 88 (button) (small blind) folded before Flop


PokerStars Hand #149452734767:  Hold'em Limit ($3/$6 USD) - 2016/02/26 13:32:18 ET
Table 'Pamela II' 6-max Seat #2 is the button
Seat 2: seb.kor79 ($142.57 in chips)
Seat 3: TbIP-TbIP 88 ($95.26 in chips)
seb.kor79: posts small blind $1
TbIP-TbIP 88: posts big blind $3
*** HOLE CARDS ***
seb.kor79: raises $3 to $6
TbIP-TbIP 88: raises $3 to $9
seb.kor79: calls $3
*** FLOP *** [Ks 2h 7d]
TbIP-TbIP 88: bets $3
seb.kor79: folds
Uncalled bet ($3) returned to TbIP-TbIP 88
TbIP-TbIP 88 collected $17.64 from pot
TbIP-TbIP 88: doesn't show hand
*** SUMMARY ***
Total pot $18 | Rake $0.36
Board [Ks 2h 7d]
Seat 2: seb.kor79 (button) (small blind) folded on the Flop
Seat 3: TbIP-TbIP 88 (big blind) collected ($17.64)


PokerStars Hand #149452720745:  Hold'em Limit ($3/$6 USD) - 2016/02/26 13:32:02 ET
Table 'Pamela II' 6-max Seat #2 is the button
Seat 2: seb.kor79 ($142.57 in chips)
Seat 3: TbIP-TbIP 88 ($95.26 in chips)
seb.kor79: posts small blind $1
TbIP-TbIP 88: posts big blind $3
*** HOLE CARDS ***
seb.kor79: folds
Uncalled bet ($2) returned to TbIP-TbIP 88
TbIP-TbIP 88 collected $2 from pot
TbIP-TbIP 88: doesn't show hand
*** SUMMARY ***
Total pot $2 | Rake $0
Seat 2: seb.kor79 (button) (small blind) folded before Flop
Seat 3: TbIP-TbIP 88 (big blind) collected ($2)


PokerStars Hand #149452724853:  Hold'em Limit ($3/$6 USD) - 2016/02/26 13:32:06 ET
Table 'Pamela II' 6-max Seat #3 is the button
Seat 2: seb.kor79 ($141.57 in chips)
Seat 3: TbIP-TbIP 88 ($96.26 in chips)
TbIP-TbIP 88: posts small blind $1
seb.kor79: posts big blind $3
*** HOLE CARDS ***
TbIP-TbIP 88: folds
Uncalled bet ($2) returned to seb.kor79
seb.kor79 collected $2 from pot
seb.kor79: doesn't show hand
*** SUMMARY ***
Total pot $2 | Rake $0
Seat 2: seb.kor79 (big blind) collected ($2)
Seat 3: TbIP-TbIP 88 (button) (small blind) folded before Flop


