PokerStars Hand #167281778893:  Hold'em Limit ($3/$6 USD) - 2017/03/08 3:29:59 ET
Table 'Pamela' 6-max Seat #1 is the button
Seat 1: VolkovDmitri ($120 in chips)
Seat 3: hairy1961 ($50 in chips)
VolkovDmitri: posts small blind $1
hairy1961: posts big blind $3
*** HOLE CARDS ***
VolkovDmitri: raises $3 to $6
hairy1961: calls $3
*** FLOP *** [Qs Td 7s]
hairy1961: checks
VolkovDmitri: bets $3
hairy1961: raises $3 to $6
VolkovDmitri: calls $3
*** TURN *** [Qs Td 7s] [6h]
hairy1961: bets $6
VolkovDmitri: folds
Uncalled bet ($6) returned to hairy1961
hairy1961 collected $23.52 from pot
*** SUMMARY ***
Total pot $24 | Rake $0.48
Board [Qs Td 7s 6h]
Seat 1: VolkovDmitri (button) (small blind) folded on the Turn
Seat 3: hairy1961 (big blind) collected ($23.52)


PokerStars Hand #167281794544:  Hold'em Limit ($3/$6 USD) - 2017/03/08 3:30:51 ET
Table 'Pamela' 6-max Seat #1 is the button
Seat 1: VolkovDmitri ($120 in chips)
Seat 3: hairy1961 ($67.28 in chips)
VolkovDmitri: posts small blind $1
hairy1961: posts big blind $3
*** HOLE CARDS ***
VolkovDmitri: raises $3 to $6
hairy1961: folds
Uncalled bet ($3) returned to VolkovDmitri
VolkovDmitri collected $6 from pot
VolkovDmitri: doesn't show hand
*** SUMMARY ***
Total pot $6 | Rake $0
Seat 1: VolkovDmitri (button) (small blind) collected ($6)
Seat 3: hairy1961 (big blind) folded before Flop


PokerStars Hand #167281789683:  Hold'em Limit ($3/$6 USD) - 2017/03/08 3:30:35 ET
Table 'Pamela' 6-max Seat #3 is the button
Seat 1: VolkovDmitri ($120 in chips)
Seat 3: hairy1961 ($61.52 in chips)
hairy1961: posts small blind $1
VolkovDmitri: posts big blind $3
*** HOLE CARDS ***
hairy1961: raises $3 to $6
VolkovDmitri: calls $3
*** FLOP *** [Js 4s Ah]
VolkovDmitri: checks
hairy1961: bets $3
VolkovDmitri: folds
Uncalled bet ($3) returned to hairy1961
hairy1961 collected $11.76 from pot
*** SUMMARY ***
Total pot $12 | Rake $0.24
Board [Js 4s Ah]
Seat 1: VolkovDmitri (big blind) folded on the Flop
Seat 3: hairy1961 (button) (small blind) collected ($11.76)


PokerStars Hand #167281798527:  Hold'em Limit ($3/$6 USD) - 2017/03/08 3:31:05 ET
Table 'Pamela' 6-max Seat #1 is the button
Seat 1: VolkovDmitri ($124 in chips)
Seat 3: hairy1961 ($63.28 in chips)
VolkovDmitri: posts small blind $1
hairy1961: posts big blind $3
*** HOLE CARDS ***
VolkovDmitri: folds
Uncalled bet ($2) returned to hairy1961
hairy1961 collected $2 from pot
*** SUMMARY ***
Total pot $2 | Rake $0
Seat 1: VolkovDmitri (button) (small blind) folded before Flop
Seat 3: hairy1961 (big blind) collected ($2)


PokerStars Hand #167281796823:  Hold'em Limit ($3/$6 USD) - 2017/03/08 3:30:59 ET
Table 'Pamela' 6-max Seat #3 is the button
Seat 1: VolkovDmitri ($123 in chips)
Seat 3: hairy1961 ($64.28 in chips)
hairy1961: posts small blind $1
VolkovDmitri: posts big blind $3
*** HOLE CARDS ***
hairy1961: folds
Uncalled bet ($2) returned to VolkovDmitri
VolkovDmitri collected $2 from pot
VolkovDmitri: doesn't show hand
*** SUMMARY ***
Total pot $2 | Rake $0
Seat 1: VolkovDmitri (big blind) collected ($2)
Seat 3: hairy1961 (button) (small blind) folded before Flop


PokerStars Hand #167281800172:  Hold'em Limit ($3/$6 USD) - 2017/03/08 3:31:10 ET
Table 'Pamela' 6-max Seat #3 is the button
Seat 1: VolkovDmitri ($123 in chips)
Seat 3: hairy1961 ($64.28 in chips)
hairy1961: posts small blind $1
VolkovDmitri: posts big blind $3
*** HOLE CARDS ***
hairy1961: raises $3 to $6
VolkovDmitri: calls $3
*** FLOP *** [Ac Jc Ks]
VolkovDmitri: checks
hairy1961: bets $3
VolkovDmitri: raises $3 to $6
hairy1961: raises $3 to $9
VolkovDmitri: calls $3
*** TURN *** [Ac Jc Ks] [Qc]
VolkovDmitri: bets $6
hairy1961: raises $6 to $12
VolkovDmitri: raises $6 to $18
hairy1961: calls $6
*** RIVER *** [Ac Jc Ks Qc] [Js]
VolkovDmitri: bets $6
hairy1961: calls $6
*** SHOW DOWN ***
VolkovDmitri: shows [9c 2c] (a flush, Ace high)
hairy1961: mucks hand
VolkovDmitri collected $77.50 from pot
*** SUMMARY ***
Total pot $78 | Rake $0.50
Board [Ac Jc Ks Qc Js]
Seat 1: VolkovDmitri (big blind) showed [9c 2c] and won ($77.50) with a flush, Ace high
Seat 3: hairy1961 (button) (small blind) mucked


PokerStars Hand #167281811129:  Hold'em Limit ($3/$6 USD) - 2017/03/08 3:31:47 ET
Table 'Pamela' 6-max Seat #1 is the button
Seat 1: VolkovDmitri ($161.50 in chips)
Seat 3: hairy1961 ($25.28 in chips)
VolkovDmitri: posts small blind $1
hairy1961: posts big blind $3
*** HOLE CARDS ***
VolkovDmitri: raises $3 to $6
hairy1961: calls $3
*** FLOP *** [Jh 3s Tc]
hairy1961: bets $3
VolkovDmitri: calls $3
*** TURN *** [Jh 3s Tc] [Qd]
hairy1961: checks
VolkovDmitri: checks
*** RIVER *** [Jh 3s Tc Qd] [3h]
hairy1961: checks
VolkovDmitri: checks
*** SHOW DOWN ***
hairy1961: shows [5s 9s] (a pair of Threes)
VolkovDmitri: shows [7h Kh] (a pair of Threes - King kicker)
VolkovDmitri collected $17.64 from pot
*** SUMMARY ***
Total pot $18 | Rake $0.36
Board [Jh 3s Tc Qd 3h]
Seat 1: VolkovDmitri (button) (small blind) showed [7h Kh] and won ($17.64) with a pair of Threes
Seat 3: hairy1961 (big blind) showed [5s 9s] and lost with a pair of Threes


PokerStars Hand #167281825858:  Hold'em Limit ($3/$6 USD) - 2017/03/08 3:32:36 ET
Table 'Pamela' 6-max Seat #1 is the button
Seat 1: VolkovDmitri ($167.14 in chips)
Seat 3: hairy1961 ($19.28 in chips)
VolkovDmitri: posts small blind $1
hairy1961: posts big blind $3
*** HOLE CARDS ***
VolkovDmitri: raises $3 to $6
hairy1961: calls $3
*** FLOP *** [Qc Ad Ks]
hairy1961: checks
VolkovDmitri: bets $3
hairy1961: calls $3
*** TURN *** [Qc Ad Ks] [9d]
hairy1961: checks
VolkovDmitri: checks
*** RIVER *** [Qc Ad Ks 9d] [8c]
hairy1961: bets $6
VolkovDmitri: calls $6
*** SHOW DOWN ***
hairy1961: shows [Td Qs] (a pair of Queens)
VolkovDmitri: mucks hand
hairy1961 collected $29.50 from pot
*** SUMMARY ***
Total pot $30 | Rake $0.50
Board [Qc Ad Ks 9d 8c]
Seat 1: VolkovDmitri (button) (small blind) mucked
Seat 3: hairy1961 (big blind) showed [Td Qs] and won ($29.50) with a pair of Queens


PokerStars Hand #167281819683:  Hold'em Limit ($3/$6 USD) - 2017/03/08 3:32:15 ET
Table 'Pamela' 6-max Seat #3 is the button
Seat 1: VolkovDmitri ($170.14 in chips)
Seat 3: hairy1961 ($16.28 in chips)
hairy1961: posts small blind $1
VolkovDmitri: posts big blind $3
*** HOLE CARDS ***
hairy1961: raises $3 to $6
VolkovDmitri: folds
Uncalled bet ($3) returned to hairy1961
hairy1961 collected $6 from pot
*** SUMMARY ***
Total pot $6 | Rake $0
Seat 1: VolkovDmitri (big blind) folded before Flop
Seat 3: hairy1961 (button) (small blind) collected ($6)


PokerStars Hand #167281833123:  Hold'em Limit ($3/$6 USD) - 2017/03/08 3:33:00 ET
Table 'Pamela' 6-max Seat #3 is the button
Seat 1: VolkovDmitri ($152.14 in chips)
Seat 3: hairy1961 ($33.78 in chips)
hairy1961: posts small blind $1
VolkovDmitri: posts big blind $3
*** HOLE CARDS ***
hairy1961: folds
Uncalled bet ($2) returned to VolkovDmitri
VolkovDmitri collected $2 from pot
*** SUMMARY ***
Total pot $2 | Rake $0
Seat 1: VolkovDmitri (big blind) collected ($2)
Seat 3: hairy1961 (button) (small blind) folded before Flop


PokerStars Hand #167281835059:  Hold'em Limit ($3/$6 USD) - 2017/03/08 3:33:06 ET
Table 'Pamela' 6-max Seat #1 is the button
Seat 1: VolkovDmitri ($153.14 in chips)
Seat 3: hairy1961 ($32.78 in chips)
VolkovDmitri: posts small blind $1
hairy1961: posts big blind $3
*** HOLE CARDS ***
VolkovDmitri: raises $3 to $6
hairy1961: raises $3 to $9
VolkovDmitri: calls $3
*** FLOP *** [3c As 8h]
hairy1961: bets $3
VolkovDmitri: calls $3
*** TURN *** [3c As 8h] [3h]
hairy1961: bets $6
VolkovDmitri: calls $6
*** RIVER *** [3c As 8h 3h] [4s]
hairy1961: checks
VolkovDmitri: checks
*** SHOW DOWN ***
hairy1961: shows [Qh Qd] (two pair, Queens and Threes)
VolkovDmitri: mucks hand
hairy1961 collected $35.50 from pot
*** SUMMARY ***
Total pot $36 | Rake $0.50
Board [3c As 8h 3h 4s]
Seat 1: VolkovDmitri (button) (small blind) mucked
Seat 3: hairy1961 (big blind) showed [Qh Qd] and won ($35.50) with two pair, Queens and Threes


PokerStars Hand #167281845245:  Hold'em Limit ($3/$6 USD) - 2017/03/08 3:33:40 ET
Table 'Pamela' 6-max Seat #3 is the button
Seat 1: VolkovDmitri ($135.14 in chips)
Seat 3: hairy1961 ($50.28 in chips)
hairy1961: posts small blind $1
VolkovDmitri: posts big blind $3
*** HOLE CARDS ***
hairy1961: raises $3 to $6
tttzzz joins the table at seat #4
VolkovDmitri: calls $3
*** FLOP *** [7s Ah Kd]
VolkovDmitri: checks
hairy1961: bets $3
VolkovDmitri: calls $3
*** TURN *** [7s Ah Kd] [3c]
VolkovDmitri: checks
hairy1961: bets $6
VolkovDmitri: calls $6
*** RIVER *** [7s Ah Kd 3c] [9h]
VolkovDmitri: checks
hairy1961: bets $6
VolkovDmitri: calls $6
*** SHOW DOWN ***
hairy1961: shows [7h 7c] (three of a kind, Sevens)
VolkovDmitri: mucks hand
hairy1961 collected $41.50 from pot
ChawkDee joins the table at seat #5
*** SUMMARY ***
Total pot $42 | Rake $0.50
Board [7s Ah Kd 3c 9h]
Seat 1: VolkovDmitri (big blind) mucked
Seat 3: hairy1961 (button) (small blind) showed [7h 7c] and won ($41.50) with three of a kind, Sevens


PokerStars Hand #167281874244:  Hold'em Limit ($3/$6 USD) - 2017/03/08 3:35:15 ET
Table 'Pamela' 6-max Seat #3 is the button
Seat 3: hairy1961 ($85.28 in chips)
Seat 5: ChawkDee ($105 in chips)
hairy1961: posts small blind $1
ChawkDee: posts big blind $3
*** HOLE CARDS ***
hairy1961: folds
Uncalled bet ($2) returned to ChawkDee
ChawkDee collected $2 from pot
ChawkDee: doesn't show hand
*** SUMMARY ***
Total pot $2 | Rake $0
Seat 3: hairy1961 (button) (small blind) folded before Flop
Seat 5: ChawkDee (big blind) collected ($2)


PokerStars Hand #167281866350:  Hold'em Limit ($3/$6 USD) - 2017/03/08 3:34:49 ET
Table 'Pamela' 6-max Seat #5 is the button
Seat 3: hairy1961 ($70.78 in chips)
Seat 5: ChawkDee ($120 in chips)
ChawkDee: posts small blind $1
hairy1961: posts big blind $3
*** HOLE CARDS ***
ChawkDee: calls $2
hairy1961: checks
*** FLOP *** [9h 3h 8c]
hairy1961: checks
ChawkDee: bets $3
hairy1961: raises $3 to $6
ChawkDee: calls $3
*** TURN *** [9h 3h 8c] [Tc]
hairy1961: bets $6
ChawkDee: calls $6
*** RIVER *** [9h 3h 8c Tc] [2h]
hairy1961: bets $6
ChawkDee: folds
Uncalled bet ($6) returned to hairy1961
hairy1961 collected $29.50 from pot
*** SUMMARY ***
Total pot $30 | Rake $0.50
Board [9h 3h 8c Tc 2h]
Seat 3: hairy1961 (big blind) collected ($29.50)
Seat 5: ChawkDee (button) (small blind) folded on the River


PokerStars Hand #167281876140:  Hold'em Limit ($3/$6 USD) - 2017/03/08 3:35:22 ET
Table 'Pamela' 6-max Seat #5 is the button
Seat 3: hairy1961 ($84.28 in chips)
Seat 5: ChawkDee ($106 in chips)
ChawkDee: posts small blind $1
hairy1961: posts big blind $3
*** HOLE CARDS ***
ChawkDee said, "check raising eh?"
ChawkDee: raises $3 to $6
hairy1961: calls $3
*** FLOP *** [5h Td 8d]
hairy1961: checks
ChawkDee: checks
*** TURN *** [5h Td 8d] [Jc]
hairy1961: checks
ChawkDee: bets $6
hairy1961: calls $6
*** RIVER *** [5h Td 8d Jc] [Js]
hairy1961: checks
ChawkDee: checks
*** SHOW DOWN ***
hairy1961: shows [5s Ah] (two pair, Jacks and Fives)
ChawkDee: mucks hand
hairy1961 collected $23.52 from pot
*** SUMMARY ***
Total pot $24 | Rake $0.48
Board [5h Td 8d Jc Js]
Seat 3: hairy1961 (big blind) showed [5s Ah] and won ($23.52) with two pair, Jacks and Fives
Seat 5: ChawkDee (button) (small blind) mucked


PokerStars Hand #167281891040:  Hold'em Limit ($3/$6 USD) - 2017/03/08 3:36:11 ET
Table 'Pamela' 6-max Seat #3 is the button
Seat 3: hairy1961 ($91.80 in chips)
Seat 5: ChawkDee ($98 in chips)
hairy1961: posts small blind $1
ChawkDee: posts big blind $3
*** HOLE CARDS ***
hairy1961: raises $3 to $6
ChawkDee: calls $3
*** FLOP *** [Th 3c 4s]
ChawkDee: checks
hairy1961: checks
*** TURN *** [Th 3c 4s] [6c]
ChawkDee: bets $6
hairy1961: calls $6
*** RIVER *** [Th 3c 4s 6c] [9d]
ChawkDee: bets $6
hairy1961: folds
Uncalled bet ($6) returned to ChawkDee
ChawkDee collected $23.52 from pot
ChawkDee: doesn't show hand
*** SUMMARY ***
Total pot $24 | Rake $0.48
Board [Th 3c 4s 6c 9d]
Seat 3: hairy1961 (button) (small blind) folded on the River
Seat 5: ChawkDee (big blind) collected ($23.52)


PokerStars Hand #167281901450:  Hold'em Limit ($3/$6 USD) - 2017/03/08 3:36:46 ET
Table 'Pamela' 6-max Seat #5 is the button
Seat 3: hairy1961 ($83.80 in chips)
Seat 5: ChawkDee ($105.52 in chips)
ChawkDee: posts small blind $1
hairy1961: posts big blind $3
*** HOLE CARDS ***
ChawkDee: folds
Uncalled bet ($2) returned to hairy1961
hairy1961 collected $2 from pot
*** SUMMARY ***
Total pot $2 | Rake $0
Seat 3: hairy1961 (big blind) collected ($2)
Seat 5: ChawkDee (button) (small blind) folded before Flop


PokerStars Hand #167281898954:  Hold'em Limit ($3/$6 USD) - 2017/03/08 3:36:38 ET
Table 'Pamela' 6-max Seat #3 is the button
Seat 3: hairy1961 ($80.80 in chips)
Seat 5: ChawkDee ($108.52 in chips)
hairy1961: posts small blind $1
ChawkDee: posts big blind $3
*** HOLE CARDS ***
hairy1961: raises $3 to $6
ChawkDee: folds
Uncalled bet ($3) returned to hairy1961
hairy1961 collected $6 from pot
*** SUMMARY ***
Total pot $6 | Rake $0
Seat 3: hairy1961 (button) (small blind) collected ($6)
Seat 5: ChawkDee (big blind) folded before Flop


PokerStars Hand #167281903271:  Hold'em Limit ($3/$6 USD) - 2017/03/08 3:36:52 ET
Table 'Pamela' 6-max Seat #3 is the button
Seat 3: hairy1961 ($84.80 in chips)
Seat 5: ChawkDee ($104.52 in chips)
hairy1961: posts small blind $1
ChawkDee: posts big blind $3
*** HOLE CARDS ***
hairy1961: folds
Uncalled bet ($2) returned to ChawkDee
ChawkDee collected $2 from pot
ChawkDee: doesn't show hand
*** SUMMARY ***
Total pot $2 | Rake $0
Seat 3: hairy1961 (button) (small blind) folded before Flop
Seat 5: ChawkDee (big blind) collected ($2)


PokerStars Hand #167281889071:  Hold'em Limit ($3/$6 USD) - 2017/03/08 3:36:04 ET
Table 'Pamela' 6-max Seat #5 is the button
Seat 3: hairy1961 ($94.80 in chips)
Seat 5: ChawkDee ($95 in chips)
ChawkDee: posts small blind $1
hairy1961: posts big blind $3
*** HOLE CARDS ***
ChawkDee: raises $3 to $6
hairy1961: folds
Uncalled bet ($3) returned to ChawkDee
ChawkDee collected $6 from pot
ChawkDee: doesn't show hand
*** SUMMARY ***
Total pot $6 | Rake $0
Seat 3: hairy1961 (big blind) folded before Flop
Seat 5: ChawkDee (button) (small blind) collected ($6)


PokerStars Hand #167281887222:  Hold'em Limit ($3/$6 USD) - 2017/03/08 3:35:58 ET
Table 'Pamela' 6-max Seat #3 is the button
Seat 3: hairy1961 ($95.80 in chips)
Seat 5: ChawkDee ($94 in chips)
hairy1961: posts small blind $1
ChawkDee: posts big blind $3
*** HOLE CARDS ***
hairy1961: folds
Uncalled bet ($2) returned to ChawkDee
ChawkDee collected $2 from pot
ChawkDee: doesn't show hand
*** SUMMARY ***
Total pot $2 | Rake $0
Seat 3: hairy1961 (button) (small blind) folded before Flop
Seat 5: ChawkDee (big blind) collected ($2)


PokerStars Hand #167281897212:  Hold'em Limit ($3/$6 USD) - 2017/03/08 3:36:32 ET
Table 'Pamela' 6-max Seat #5 is the button
Seat 3: hairy1961 ($79.80 in chips)
Seat 5: ChawkDee ($109.52 in chips)
ChawkDee: posts small blind $1
hairy1961: posts big blind $3
*** HOLE CARDS ***
ChawkDee: folds
Uncalled bet ($2) returned to hairy1961
hairy1961 collected $2 from pot
*** SUMMARY ***
Total pot $2 | Rake $0
Seat 3: hairy1961 (big blind) collected ($2)
Seat 5: ChawkDee (button) (small blind) folded before Flop


PokerStars Hand #167281912757:  Hold'em Limit ($3/$6 USD) - 2017/03/08 3:37:23 ET
Table 'Pamela' 6-max Seat #3 is the button
Seat 3: hairy1961 ($92.44 in chips)
Seat 5: ChawkDee ($96.52 in chips)
hairy1961: posts small blind $1
ChawkDee: posts big blind $3
*** HOLE CARDS ***
hairy1961: raises $3 to $6
ChawkDee: folds
Uncalled bet ($3) returned to hairy1961
hairy1961 collected $6 from pot
*** SUMMARY ***
Total pot $6 | Rake $0
Seat 3: hairy1961 (button) (small blind) collected ($6)
Seat 5: ChawkDee (big blind) folded before Flop


PokerStars Hand #167281905053:  Hold'em Limit ($3/$6 USD) - 2017/03/08 3:36:58 ET
Table 'Pamela' 6-max Seat #5 is the button
Seat 3: hairy1961 ($83.80 in chips)
Seat 5: ChawkDee ($105.52 in chips)
ChawkDee: posts small blind $1
hairy1961: posts big blind $3
*** HOLE CARDS ***
ChawkDee: raises $3 to $6
tttzzz leaves the table
alfredg joins the table at seat #2
hairy1961: calls $3
*** FLOP *** [9s 8h As]
hairy1961: checks
ChawkDee: bets $3
hairy1961: calls $3
*** TURN *** [9s 8h As] [2s]
hairy1961: checks
ChawkDee: checks
*** RIVER *** [9s 8h As 2s] [8c]
hairy1961: bets $6
ChawkDee: folds
Uncalled bet ($6) returned to hairy1961
hairy1961 collected $17.64 from pot
*** SUMMARY ***
Total pot $18 | Rake $0.36
Board [9s 8h As 2s 8c]
Seat 3: hairy1961 (big blind) collected ($17.64)
Seat 5: ChawkDee (button) (small blind) folded on the River


PokerStars Hand #167281917456:  Hold'em Limit ($3/$6 USD) - 2017/03/08 3:37:39 ET
Table 'Pamela' 6-max Seat #2 is the button
Seat 2: alfredg ($121 in chips)
Seat 5: ChawkDee ($92.52 in chips)
alfredg: posts small blind $1
hairy1961: is sitting out
ChawkDee: posts big blind $3
*** HOLE CARDS ***
hairy1961 leaves the table
alfredg: raises $3 to $6
ChawkDee: raises $3 to $9
VolkovDmitri joins the table at seat #3
alfredg: calls $3
*** FLOP *** [7c 3s Jh]
ChawkDee: bets $3
alfredg: calls $3
*** TURN *** [7c 3s Jh] [2h]
ChawkDee: bets $6
alfredg: folds
Uncalled bet ($6) returned to ChawkDee
ChawkDee collected $23.52 from pot
ChawkDee: doesn't show hand
*** SUMMARY ***
Total pot $24 | Rake $0.48
Board [7c 3s Jh 2h]
Seat 2: alfredg (button) (small blind) folded on the Turn
Seat 5: ChawkDee (big blind) collected ($23.52)


PokerStars Hand #167281925150:  Hold'em Limit ($3/$6 USD) - 2017/03/08 3:38:04 ET
Table 'Pamela' 6-max Seat #5 is the button
Seat 2: alfredg ($109 in chips)
Seat 5: ChawkDee ($104.04 in chips)
ChawkDee: posts small blind $1
alfredg: posts big blind $3
*** HOLE CARDS ***
ChawkDee: calls $2
alfredg: checks
*** FLOP *** [9c 6h 9h]
alfredg: checks
ChawkDee: checks
*** TURN *** [9c 6h 9h] [4s]
alfredg: bets $6
ChawkDee: folds
Uncalled bet ($6) returned to alfredg
alfredg collected $5.88 from pot
*** SUMMARY ***
Total pot $6 | Rake $0.12
Board [9c 6h 9h 4s]
Seat 2: alfredg (big blind) collected ($5.88)
Seat 5: ChawkDee (button) (small blind) folded on the Turn


PokerStars Hand #167281982855:  Hold'em Limit ($3/$6 USD) - 2017/03/08 3:41:14 ET
Table 'Pamela' 6-max Seat #3 is the button
Seat 2: alfredg ($78.16 in chips)
Seat 3: VolkovDmitri ($120 in chips)
VolkovDmitri: posts small blind $1
alfredg: posts big blind $3
*** HOLE CARDS ***
VolkovDmitri: raises $3 to $6
alfredg: calls $3
*** FLOP *** [5c 5d Ah]
alfredg: checks
VolkovDmitri: checks
*** TURN *** [5c 5d Ah] [Th]
alfredg: checks
VolkovDmitri: bets $6
alfredg: calls $6
*** RIVER *** [5c 5d Ah Th] [6h]
alfredg: bets $6
VolkovDmitri: raises $6 to $12
alfredg: raises $6 to $18
VolkovDmitri: raises $6 to $24
Betting is capped
alfredg: calls $6
*** SHOW DOWN ***
VolkovDmitri: shows [5h Tc] (a full house, Fives full of Tens)
alfredg: mucks hand
VolkovDmitri collected $71.50 from pot
*** SUMMARY ***
Total pot $72 | Rake $0.50
Board [5c 5d Ah Th 6h]
Seat 2: alfredg (big blind) mucked
Seat 3: VolkovDmitri (button) (small blind) showed [5h Tc] and won ($71.50) with a full house, Fives full of Tens


PokerStars Hand #167281993944:  Hold'em Limit ($3/$6 USD) - 2017/03/08 3:41:50 ET
Table 'Pamela' 6-max Seat #2 is the button
Seat 2: alfredg ($42.16 in chips)
Seat 3: VolkovDmitri ($155.50 in chips)
alfredg: posts small blind $1
VolkovDmitri: posts big blind $3
*** HOLE CARDS ***
alfredg: raises $3 to $6
VolkovDmitri: folds
Uncalled bet ($3) returned to alfredg
alfredg collected $6 from pot
*** SUMMARY ***
Total pot $6 | Rake $0
Seat 2: alfredg (button) (small blind) collected ($6)
Seat 3: VolkovDmitri (big blind) folded before Flop


PokerStars Hand #167281996388:  Hold'em Limit ($3/$6 USD) - 2017/03/08 3:41:58 ET
Table 'Pamela' 6-max Seat #3 is the button
Seat 2: alfredg ($45.16 in chips)
Seat 3: VolkovDmitri ($152.50 in chips)
VolkovDmitri: posts small blind $1
alfredg: posts big blind $3
*** HOLE CARDS ***
VolkovDmitri: raises $3 to $6
alfredg: calls $3
*** FLOP *** [As 7c Qd]
alfredg: checks
VolkovDmitri: bets $3
alfredg: calls $3
*** TURN *** [As 7c Qd] [9s]
alfredg: checks
VolkovDmitri: checks
*** RIVER *** [As 7c Qd 9s] [8d]
alfredg: bets $6
VolkovDmitri: folds
Uncalled bet ($6) returned to alfredg
alfredg collected $17.64 from pot
*** SUMMARY ***
Total pot $18 | Rake $0.36
Board [As 7c Qd 9s 8d]
Seat 2: alfredg (big blind) collected ($17.64)
Seat 3: VolkovDmitri (button) (small blind) folded on the River


PokerStars Hand #167282017280:  Hold'em Limit ($3/$6 USD) - 2017/03/08 3:43:07 ET
Table 'Pamela' 6-max Seat #3 is the button
Seat 2: alfredg ($59.56 in chips)
Seat 3: VolkovDmitri ($137.50 in chips)
VolkovDmitri: posts small blind $1
alfredg: posts big blind $3
*** HOLE CARDS ***
VolkovDmitri: raises $3 to $6
alfredg: folds
Uncalled bet ($3) returned to VolkovDmitri
VolkovDmitri collected $6 from pot
VolkovDmitri: doesn't show hand
*** SUMMARY ***
Total pot $6 | Rake $0
Seat 2: alfredg (big blind) folded before Flop
Seat 3: VolkovDmitri (button) (small blind) collected ($6)


PokerStars Hand #167282023713:  Hold'em Limit ($3/$6 USD) - 2017/03/08 3:43:27 ET
Table 'Pamela' 6-max Seat #2 is the button
Seat 2: alfredg ($56.56 in chips)
Seat 3: VolkovDmitri ($140.50 in chips)
alfredg: posts small blind $1
VolkovDmitri: posts big blind $3
*** HOLE CARDS ***
alfredg: raises $3 to $6
VolkovDmitri: calls $3
*** FLOP *** [3d 8s 4c]
VolkovDmitri: checks
alfredg: bets $3
VolkovDmitri: calls $3
*** TURN *** [3d 8s 4c] [8d]
VolkovDmitri: checks
alfredg: bets $6
VolkovDmitri: calls $6
*** RIVER *** [3d 8s 4c 8d] [3h]
VolkovDmitri: bets $6
alfredg: raises $6 to $12
VolkovDmitri: calls $6
*** SHOW DOWN ***
alfredg: shows [Td 3s] (a full house, Threes full of Eights)
VolkovDmitri: shows [3c Qh] (a full house, Threes full of Eights)
VolkovDmitri collected $26.75 from pot
alfredg collected $26.75 from pot
*** SUMMARY ***
Total pot $54 | Rake $0.50
Board [3d 8s 4c 8d 3h]
Seat 2: alfredg (button) (small blind) showed [Td 3s] and won ($26.75) with a full house, Threes full of Eights
Seat 3: VolkovDmitri (big blind) showed [3c Qh] and won ($26.75) with a full house, Threes full of Eights


PokerStars Hand #167282036333:  Hold'em Limit ($3/$6 USD) - 2017/03/08 3:44:08 ET
Table 'Pamela' 6-max Seat #2 is the button
Seat 2: alfredg ($57.31 in chips)
Seat 3: VolkovDmitri ($139.25 in chips)
alfredg: posts small blind $1
VolkovDmitri: posts big blind $3
*** HOLE CARDS ***
alfredg: folds
Uncalled bet ($2) returned to VolkovDmitri
VolkovDmitri collected $2 from pot
VolkovDmitri: doesn't show hand
*** SUMMARY ***
Total pot $2 | Rake $0
Seat 2: alfredg (button) (small blind) folded before Flop
Seat 3: VolkovDmitri (big blind) collected ($2)


PokerStars Hand #167282038571:  Hold'em Limit ($3/$6 USD) - 2017/03/08 3:44:15 ET
Table 'Pamela' 6-max Seat #3 is the button
Seat 2: alfredg ($56.31 in chips)
Seat 3: VolkovDmitri ($140.25 in chips)
VolkovDmitri: posts small blind $1
alfredg: posts big blind $3
*** HOLE CARDS ***
VolkovDmitri: raises $3 to $6
alfredg: calls $3
*** FLOP *** [2d As Qd]
alfredg: checks
VolkovDmitri: bets $3
alfredg: calls $3
*** TURN *** [2d As Qd] [8h]
alfredg: checks
VolkovDmitri: checks
*** RIVER *** [2d As Qd 8h] [3c]
alfredg: checks
VolkovDmitri: bets $6
alfredg: calls $6
*** SHOW DOWN ***
VolkovDmitri: shows [7s 8d] (a pair of Eights)
alfredg: mucks hand
VolkovDmitri collected $29.50 from pot
*** SUMMARY ***
Total pot $30 | Rake $0.50
Board [2d As Qd 8h 3c]
Seat 2: alfredg (big blind) mucked
Seat 3: VolkovDmitri (button) (small blind) showed [7s 8d] and won ($29.50) with a pair of Eights


PokerStars Hand #167282033644:  Hold'em Limit ($3/$6 USD) - 2017/03/08 3:43:59 ET
Table 'Pamela' 6-max Seat #3 is the button
Seat 2: alfredg ($56.31 in chips)
Seat 3: VolkovDmitri ($140.25 in chips)
VolkovDmitri: posts small blind $1
alfredg: posts big blind $3
*** HOLE CARDS ***
VolkovDmitri: folds
Uncalled bet ($2) returned to alfredg
alfredg collected $2 from pot
*** SUMMARY ***
Total pot $2 | Rake $0
Seat 2: alfredg (big blind) collected ($2)
Seat 3: VolkovDmitri (button) (small blind) folded before Flop


PokerStars Hand #167282053047:  Hold'em Limit ($3/$6 USD) - 2017/03/08 3:45:02 ET
Table 'Pamela' 6-max Seat #2 is the button
Seat 2: alfredg ($41.31 in chips)
Seat 3: VolkovDmitri ($154.75 in chips)
alfredg: posts small blind $1
VolkovDmitri: posts big blind $3
*** HOLE CARDS ***
alfredg: calls $2
VolkovDmitri: raises $3 to $6
alfredg: calls $3
*** FLOP *** [5s 9d 7d]
VolkovDmitri: checks
alfredg: checks
*** TURN *** [5s 9d 7d] [3c]
VolkovDmitri: checks
alfredg: checks
*** RIVER *** [5s 9d 7d 3c] [Js]
VolkovDmitri: checks
alfredg: checks
*** SHOW DOWN ***
VolkovDmitri: shows [Ts 2s] (high card Jack)
alfredg: shows [Qc 8d] (high card Queen)
alfredg collected $11.76 from pot
*** SUMMARY ***
Total pot $12 | Rake $0.24
Board [5s 9d 7d 3c Js]
Seat 2: alfredg (button) (small blind) showed [Qc 8d] and won ($11.76) with high card Queen
Seat 3: VolkovDmitri (big blind) showed [Ts 2s] and lost with high card Jack


PokerStars Hand #167282077831:  Hold'em Limit ($3/$6 USD) - 2017/03/08 3:46:23 ET
Table 'Pamela' 6-max Seat #2 is the button
Seat 2: alfredg ($79.57 in chips)
Seat 3: VolkovDmitri ($120 in chips)
alfredg: posts small blind $1
VolkovDmitri: posts big blind $3
*** HOLE CARDS ***
alfredg: folds
Uncalled bet ($2) returned to VolkovDmitri
VolkovDmitri collected $2 from pot
VolkovDmitri: doesn't show hand
*** SUMMARY ***
Total pot $2 | Rake $0
Seat 2: alfredg (button) (small blind) folded before Flop
Seat 3: VolkovDmitri (big blind) collected ($2)


PokerStars Hand #167282099199:  Hold'em Limit ($3/$6 USD) - 2017/03/08 3:47:31 ET
Table 'Pamela' 6-max Seat #3 is the button
Seat 2: alfredg ($90.09 in chips)
Seat 3: VolkovDmitri ($120 in chips)
VolkovDmitri: posts small blind $1
alfredg: posts big blind $3
*** HOLE CARDS ***
VolkovDmitri: raises $3 to $6
alfredg: raises $3 to $9
VolkovDmitri: calls $3
*** FLOP *** [Ad Td 3d]
alfredg: bets $3
VolkovDmitri: folds
Uncalled bet ($3) returned to alfredg
alfredg collected $17.64 from pot
*** SUMMARY ***
Total pot $18 | Rake $0.36
Board [Ad Td 3d]
Seat 2: alfredg (big blind) collected ($17.64)
Seat 3: VolkovDmitri (button) (small blind) folded on the Flop


PokerStars Hand #167282080232:  Hold'em Limit ($3/$6 USD) - 2017/03/08 3:46:30 ET
Table 'Pamela' 6-max Seat #3 is the button
Seat 2: alfredg ($78.57 in chips)
Seat 3: VolkovDmitri ($121 in chips)
VolkovDmitri: posts small blind $1
alfredg: posts big blind $3
*** HOLE CARDS ***
VolkovDmitri: raises $3 to $6
alfredg: calls $3
*** FLOP *** [8d 4s Ad]
alfredg: checks
VolkovDmitri: bets $3
alfredg: calls $3
*** TURN *** [8d 4s Ad] [5s]
alfredg: checks
VolkovDmitri: checks
*** RIVER *** [8d 4s Ad 5s] [3h]
alfredg: checks
VolkovDmitri: checks
*** SHOW DOWN ***
alfredg: shows [Js 8h] (a pair of Eights)
VolkovDmitri: mucks hand
alfredg collected $17.64 from pot
*** SUMMARY ***
Total pot $18 | Rake $0.36
Board [8d 4s Ad 5s 3h]
Seat 2: alfredg (big blind) showed [Js 8h] and won ($17.64) with a pair of Eights
Seat 3: VolkovDmitri (button) (small blind) mucked


PokerStars Hand #167282091284:  Hold'em Limit ($3/$6 USD) - 2017/03/08 3:47:06 ET
Table 'Pamela' 6-max Seat #2 is the button
Seat 2: alfredg ($87.21 in chips)
Seat 3: VolkovDmitri ($120 in chips)
alfredg: posts small blind $1
VolkovDmitri: posts big blind $3
*** HOLE CARDS ***
alfredg: calls $2
VolkovDmitri: checks
*** FLOP *** [Ah 3h Qd]
VolkovDmitri: checks
alfredg: checks
*** TURN *** [Ah 3h Qd] [6s]
VolkovDmitri: checks
alfredg: checks
*** RIVER *** [Ah 3h Qd 6s] [6d]
VolkovDmitri: checks
alfredg: checks
*** SHOW DOWN ***
VolkovDmitri: shows [8d 2h] (a pair of Sixes)
alfredg: shows [Jc 9c] (a pair of Sixes - Ace+Queen+Jack kicker)
alfredg collected $5.88 from pot
*** SUMMARY ***
Total pot $6 | Rake $0.12
Board [Ah 3h Qd 6s 6d]
Seat 2: alfredg (button) (small blind) showed [Jc 9c] and won ($5.88) with a pair of Sixes
Seat 3: VolkovDmitri (big blind) showed [8d 2h] and lost with a pair of Sixes


PokerStars Hand #167282108260:  Hold'em Limit ($3/$6 USD) - 2017/03/08 3:48:00 ET
Table 'Pamela' 6-max Seat #3 is the button
Seat 2: alfredg ($97.73 in chips)
Seat 3: VolkovDmitri ($121 in chips)
VolkovDmitri: posts small blind $1
alfredg: posts big blind $3
*** HOLE CARDS ***
VolkovDmitri: folds
Uncalled bet ($2) returned to alfredg
alfredg collected $2 from pot
*** SUMMARY ***
Total pot $2 | Rake $0
Seat 2: alfredg (big blind) collected ($2)
Seat 3: VolkovDmitri (button) (small blind) folded before Flop


PokerStars Hand #167282106242:  Hold'em Limit ($3/$6 USD) - 2017/03/08 3:47:53 ET
Table 'Pamela' 6-max Seat #2 is the button
Seat 2: alfredg ($98.73 in chips)
Seat 3: VolkovDmitri ($120 in chips)
alfredg: posts small blind $1
VolkovDmitri: posts big blind $3
*** HOLE CARDS ***
alfredg: folds
Uncalled bet ($2) returned to VolkovDmitri
VolkovDmitri collected $2 from pot
VolkovDmitri: doesn't show hand
*** SUMMARY ***
Total pot $2 | Rake $0
Seat 2: alfredg (button) (small blind) folded before Flop
Seat 3: VolkovDmitri (big blind) collected ($2)


PokerStars Hand #167282118510:  Hold'em Limit ($3/$6 USD) - 2017/03/08 3:48:33 ET
Table 'Pamela' 6-max Seat #3 is the button
Seat 2: alfredg ($89.73 in chips)
Seat 3: VolkovDmitri ($128.64 in chips)
VolkovDmitri: posts small blind $1
alfredg: posts big blind $3
*** HOLE CARDS ***
VolkovDmitri: raises $3 to $6
alfredg: calls $3
*** FLOP *** [Jh As 6h]
alfredg: checks
VolkovDmitri: bets $3
alfredg: folds
Uncalled bet ($3) returned to VolkovDmitri
VolkovDmitri collected $11.76 from pot
VolkovDmitri: doesn't show hand
*** SUMMARY ***
Total pot $12 | Rake $0.24
Board [Jh As 6h]
Seat 2: alfredg (big blind) folded on the Flop
Seat 3: VolkovDmitri (button) (small blind) collected ($11.76)


PokerStars Hand #167282109999:  Hold'em Limit ($3/$6 USD) - 2017/03/08 3:48:05 ET
Table 'Pamela' 6-max Seat #2 is the button
Seat 2: alfredg ($98.73 in chips)
Seat 3: VolkovDmitri ($120 in chips)
alfredg: posts small blind $1
VolkovDmitri: posts big blind $3
*** HOLE CARDS ***
alfredg: calls $2
VolkovDmitri: raises $3 to $6
alfredg: calls $3
*** FLOP *** [3c 7s 6d]
VolkovDmitri: bets $3
boogi joins the table at seat #5
alfredg: calls $3
*** TURN *** [3c 7s 6d] [As]
VolkovDmitri: bets $6
alfredg: folds
Uncalled bet ($6) returned to VolkovDmitri
VolkovDmitri collected $17.64 from pot
VolkovDmitri: doesn't show hand
*** SUMMARY ***
Total pot $18 | Rake $0.36
Board [3c 7s 6d As]
Seat 2: alfredg (button) (small blind) folded on the Turn
Seat 3: VolkovDmitri (big blind) collected ($17.64)


PokerStars Hand #167282122981:  Hold'em Limit ($3/$6 USD) - 2017/03/08 3:48:47 ET
Table 'Pamela' 6-max Seat #2 is the button
Seat 2: alfredg ($83.73 in chips)
Seat 3: VolkovDmitri ($134.40 in chips)
alfredg: posts small blind $1
VolkovDmitri: posts big blind $3
*** HOLE CARDS ***
alfredg: calls $2
VolkovDmitri: raises $3 to $6
alfredg: calls $3
*** FLOP *** [3h Js 5s]
VolkovDmitri: bets $3
alfredg: calls $3
*** TURN *** [3h Js 5s] [Td]
VolkovDmitri: bets $6
alfredg: calls $6
*** RIVER *** [3h Js 5s Td] [4h]
VolkovDmitri: bets $6
alfredg: calls $6
*** SHOW DOWN ***
VolkovDmitri: shows [5h 9h] (a pair of Fives)
alfredg: mucks hand
VolkovDmitri collected $41.50 from pot
*** SUMMARY ***
Total pot $42 | Rake $0.50
Board [3h Js 5s Td 4h]
Seat 2: alfredg (button) (small blind) mucked
Seat 3: VolkovDmitri (big blind) showed [5h 9h] and won ($41.50) with a pair of Fives


PokerStars Hand #167282154646:  Hold'em Limit ($3/$6 USD) - 2017/03/08 3:50:29 ET
Table 'Pamela' 6-max Seat #2 is the button
Seat 2: alfredg ($80.23 in chips)
Seat 3: VolkovDmitri ($136.90 in chips)
alfredg: posts small blind $1
VolkovDmitri: posts big blind $3
*** HOLE CARDS ***
alfredg: folds
Uncalled bet ($2) returned to VolkovDmitri
VolkovDmitri collected $2 from pot
VolkovDmitri: doesn't show hand
*** SUMMARY ***
Total pot $2 | Rake $0
Seat 2: alfredg (button) (small blind) folded before Flop
Seat 3: VolkovDmitri (big blind) collected ($2)


PokerStars Hand #167282136361:  Hold'em Limit ($3/$6 USD) - 2017/03/08 3:49:30 ET
Table 'Pamela' 6-max Seat #3 is the button
Seat 2: alfredg ($62.73 in chips)
Seat 3: VolkovDmitri ($154.90 in chips)
VolkovDmitri: posts small blind $1
alfredg: posts big blind $3
*** HOLE CARDS ***
VolkovDmitri: raises $3 to $6
alfredg: calls $3
*** FLOP *** [Qh 8s 6c]
alfredg: checks
VolkovDmitri: bets $3
alfredg: raises $3 to $6
VolkovDmitri: calls $3
*** TURN *** [Qh 8s 6c] [Kc]
alfredg: bets $6
VolkovDmitri: calls $6
*** RIVER *** [Qh 8s 6c Kc] [7s]
alfredg: bets $6
VolkovDmitri: folds
Uncalled bet ($6) returned to alfredg
alfredg collected $35.50 from pot
*** SUMMARY ***
Total pot $36 | Rake $0.50
Board [Qh 8s 6c Kc 7s]
Seat 2: alfredg (big blind) collected ($35.50)
Seat 3: VolkovDmitri (button) (small blind) folded on the River


PokerStars Hand #167282156743:  Hold'em Limit ($3/$6 USD) - 2017/03/08 3:50:36 ET
Table 'Pamela' 6-max Seat #3 is the button
Seat 2: alfredg ($79.23 in chips)
Seat 3: VolkovDmitri ($137.90 in chips)
VolkovDmitri: posts small blind $1
alfredg: posts big blind $3
*** HOLE CARDS ***
VolkovDmitri: raises $3 to $6
alfredg: calls $3
*** FLOP *** [9c Qc 2s]
alfredg: checks
VolkovDmitri: bets $3
alfredg: calls $3
*** TURN *** [9c Qc 2s] [Jc]
alfredg: checks
VolkovDmitri: checks
*** RIVER *** [9c Qc 2s Jc] [2h]
alfredg: bets $6
VolkovDmitri: folds
Uncalled bet ($6) returned to alfredg
alfredg collected $17.64 from pot
*** SUMMARY ***
Total pot $18 | Rake $0.36
Board [9c Qc 2s Jc 2h]
Seat 2: alfredg (big blind) collected ($17.64)
Seat 3: VolkovDmitri (button) (small blind) folded on the River


PokerStars Hand #167282174309:  Hold'em Limit ($3/$6 USD) - 2017/03/08 3:51:32 ET
Table 'Pamela' 6-max Seat #3 is the button
Seat 2: alfredg ($63.87 in chips)
Seat 3: VolkovDmitri ($152.40 in chips)
VolkovDmitri: posts small blind $1
alfredg: posts big blind $3
*** HOLE CARDS ***
VolkovDmitri: raises $3 to $6
alfredg: calls $3
*** FLOP *** [3s 9s 2c]
alfredg: checks
VolkovDmitri: bets $3
alfredg: folds
Uncalled bet ($3) returned to VolkovDmitri
VolkovDmitri collected $11.76 from pot
VolkovDmitri: doesn't show hand
*** SUMMARY ***
Total pot $12 | Rake $0.24
Board [3s 9s 2c]
Seat 2: alfredg (big blind) folded on the Flop
Seat 3: VolkovDmitri (button) (small blind) collected ($11.76)


PokerStars Hand #167282164092:  Hold'em Limit ($3/$6 USD) - 2017/03/08 3:50:59 ET
Table 'Pamela' 6-max Seat #2 is the button
Seat 2: alfredg ($87.87 in chips)
Seat 3: VolkovDmitri ($128.90 in chips)
alfredg: posts small blind $1
VolkovDmitri: posts big blind $3
*** HOLE CARDS ***
alfredg: calls $2
VolkovDmitri: raises $3 to $6
alfredg: calls $3
*** FLOP *** [2s 9s 5s]
VolkovDmitri: bets $3
alfredg: raises $3 to $6
VolkovDmitri: calls $3
*** TURN *** [2s 9s 5s] [Qc]
VolkovDmitri: bets $6
alfredg: calls $6
*** RIVER *** [2s 9s 5s Qc] [8d]
VolkovDmitri: bets $6
alfredg: calls $6
*** SHOW DOWN ***
VolkovDmitri: shows [Qd Jc] (a pair of Queens)
alfredg: mucks hand
VolkovDmitri collected $47.50 from pot
*** SUMMARY ***
Total pot $48 | Rake $0.50
Board [2s 9s 5s Qc 8d]
Seat 2: alfredg (button) (small blind) mucked
Seat 3: VolkovDmitri (big blind) showed [Qd Jc] and won ($47.50) with a pair of Queens


PokerStars Hand #167282178850:  Hold'em Limit ($3/$6 USD) - 2017/03/08 3:51:46 ET
Table 'Pamela' 6-max Seat #2 is the button
Seat 2: alfredg ($57.87 in chips)
Seat 3: VolkovDmitri ($158.16 in chips)
alfredg: posts small blind $1
VolkovDmitri: posts big blind $3
*** HOLE CARDS ***
alfredg: calls $2
VolkovDmitri: raises $3 to $6
alfredg: calls $3
*** FLOP *** [4c 7d Kc]
VolkovDmitri: checks
alfredg: bets $3
VolkovDmitri: calls $3
*** TURN *** [4c 7d Kc] [Ks]
VolkovDmitri: checks
alfredg: bets $6
VolkovDmitri: folds
Uncalled bet ($6) returned to alfredg
alfredg collected $17.64 from pot
*** SUMMARY ***
Total pot $18 | Rake $0.36
Board [4c 7d Kc Ks]
Seat 2: alfredg (button) (small blind) collected ($17.64)
Seat 3: VolkovDmitri (big blind) folded on the Turn


PokerStars Hand #167282188388:  Hold'em Limit ($3/$6 USD) - 2017/03/08 3:52:17 ET
Table 'Pamela' 6-max Seat #3 is the button
Seat 2: alfredg ($66.51 in chips)
Seat 3: VolkovDmitri ($149.16 in chips)
VolkovDmitri: posts small blind $1
alfredg: posts big blind $3
*** HOLE CARDS ***
VolkovDmitri: raises $3 to $6
alfredg: calls $3
*** FLOP *** [Qd Qs Tc]
alfredg: checks
VolkovDmitri: bets $3
alfredg: folds
Uncalled bet ($3) returned to VolkovDmitri
VolkovDmitri collected $11.76 from pot
VolkovDmitri: doesn't show hand
*** SUMMARY ***
Total pot $12 | Rake $0.24
Board [Qd Qs Tc]
Seat 2: alfredg (big blind) folded on the Flop
Seat 3: VolkovDmitri (button) (small blind) collected ($11.76)


PokerStars Hand #167282194327:  Hold'em Limit ($3/$6 USD) - 2017/03/08 3:52:36 ET
Table 'Pamela' 6-max Seat #2 is the button
Seat 2: alfredg ($60.51 in chips)
Seat 3: VolkovDmitri ($154.92 in chips)
alfredg: posts small blind $1
VolkovDmitri: posts big blind $3
*** HOLE CARDS ***
alfredg: raises $3 to $6
VolkovDmitri: calls $3
*** FLOP *** [7s Ks Kh]
VolkovDmitri: checks
alfredg: bets $3
boogi leaves the table
VolkovDmitri: folds
Uncalled bet ($3) returned to alfredg
alfredg collected $11.76 from pot
*** SUMMARY ***
Total pot $12 | Rake $0.24
Board [7s Ks Kh]
Seat 2: alfredg (button) (small blind) collected ($11.76)
Seat 3: VolkovDmitri (big blind) folded on the Flop


PokerStars Hand #167282215592:  Hold'em Limit ($3/$6 USD) - 2017/03/08 3:53:44 ET
Table 'Pamela' 6-max Seat #3 is the button
Seat 2: alfredg ($71.79 in chips)
Seat 3: VolkovDmitri ($142.68 in chips)
VolkovDmitri: posts small blind $1
alfredg: posts big blind $3
*** HOLE CARDS ***
VolkovDmitri: raises $3 to $6
alfredg: calls $3
*** FLOP *** [9c 8s Kh]
alfredg: checks
VolkovDmitri: bets $3
alfredg: folds
Uncalled bet ($3) returned to VolkovDmitri
VolkovDmitri collected $11.76 from pot
VolkovDmitri: doesn't show hand
*** SUMMARY ***
Total pot $12 | Rake $0.24
Board [9c 8s Kh]
Seat 2: alfredg (big blind) folded on the Flop
Seat 3: VolkovDmitri (button) (small blind) collected ($11.76)


PokerStars Hand #167282204511:  Hold'em Limit ($3/$6 USD) - 2017/03/08 3:53:09 ET
Table 'Pamela' 6-max Seat #2 is the button
Seat 2: alfredg ($60.27 in chips)
Seat 3: VolkovDmitri ($154.68 in chips)
alfredg: posts small blind $1
VolkovDmitri: posts big blind $3
*** HOLE CARDS ***
alfredg: raises $3 to $6
VolkovDmitri: calls $3
*** FLOP *** [9d 4s 5c]
VolkovDmitri: checks
alfredg: bets $3
VolkovDmitri: raises $3 to $6
alfredg: calls $3
*** TURN *** [9d 4s 5c] [5h]
VolkovDmitri: checks
alfredg: checks
*** RIVER *** [9d 4s 5c 5h] [2s]
VolkovDmitri: checks
alfredg: checks
*** SHOW DOWN ***
VolkovDmitri: shows [7s Td] (a pair of Fives)
alfredg: shows [Kd Qs] (a pair of Fives - King kicker)
alfredg collected $23.52 from pot
*** SUMMARY ***
Total pot $24 | Rake $0.48
Board [9d 4s 5c 5h 2s]
Seat 2: alfredg (button) (small blind) showed [Kd Qs] and won ($23.52) with a pair of Fives
Seat 3: VolkovDmitri (big blind) showed [7s Td] and lost with a pair of Fives


PokerStars Hand #167282198432:  Hold'em Limit ($3/$6 USD) - 2017/03/08 3:52:50 ET
Table 'Pamela' 6-max Seat #3 is the button
Seat 2: alfredg ($66.27 in chips)
Seat 3: VolkovDmitri ($148.92 in chips)
VolkovDmitri: posts small blind $1
alfredg: posts big blind $3
*** HOLE CARDS ***
VolkovDmitri: raises $3 to $6
alfredg: calls $3
*** FLOP *** [Qd 4s 2d]
alfredg: checks
VolkovDmitri: bets $3
alfredg: folds
Uncalled bet ($3) returned to VolkovDmitri
VolkovDmitri collected $11.76 from pot
VolkovDmitri: doesn't show hand
*** SUMMARY ***
Total pot $12 | Rake $0.24
Board [Qd 4s 2d]
Seat 2: alfredg (big blind) folded on the Flop
Seat 3: VolkovDmitri (button) (small blind) collected ($11.76)


PokerStars Hand #167282221741:  Hold'em Limit ($3/$6 USD) - 2017/03/08 3:54:04 ET
Table 'Pamela' 6-max Seat #2 is the button
Seat 2: alfredg ($65.79 in chips)
Seat 3: VolkovDmitri ($148.44 in chips)
alfredg: posts small blind $1
VolkovDmitri: posts big blind $3
*** HOLE CARDS ***
alfredg: raises $3 to $6
VolkovDmitri: calls $3
*** FLOP *** [Ts 3c 6c]
VolkovDmitri: checks
alfredg: bets $3
VolkovDmitri: raises $3 to $6
alfredg: calls $3
*** TURN *** [Ts 3c 6c] [9d]
VolkovDmitri: bets $6
alfredg: calls $6
*** RIVER *** [Ts 3c 6c 9d] [7c]
VolkovDmitri: bets $6
alfredg: folds
Uncalled bet ($6) returned to VolkovDmitri
VolkovDmitri collected $35.50 from pot
VolkovDmitri: doesn't show hand
*** SUMMARY ***
Total pot $36 | Rake $0.50
Board [Ts 3c 6c 9d 7c]
Seat 2: alfredg (button) (small blind) folded on the River
Seat 3: VolkovDmitri (big blind) collected ($35.50)


PokerStars Hand #167282233838:  Hold'em Limit ($3/$6 USD) - 2017/03/08 3:54:42 ET
Table 'Pamela' 6-max Seat #3 is the button
Seat 2: alfredg ($47.79 in chips)
Seat 3: VolkovDmitri ($165.94 in chips)
VolkovDmitri: posts small blind $1
alfredg: posts big blind $3
*** HOLE CARDS ***
VolkovDmitri: raises $3 to $6
alfredg: calls $3
*** FLOP *** [Jd 9d Td]
alfredg: checks
VolkovDmitri: bets $3
alfredg: calls $3
*** TURN *** [Jd 9d Td] [Qd]
alfredg: checks
VolkovDmitri: checks
*** RIVER *** [Jd 9d Td Qd] [Jc]
alfredg: checks
VolkovDmitri: bets $6
alfredg: calls $6
*** SHOW DOWN ***
VolkovDmitri: shows [Ac 4d] (a flush, Queen high)
alfredg: mucks hand
VolkovDmitri collected $29.50 from pot
*** SUMMARY ***
Total pot $30 | Rake $0.50
Board [Jd 9d Td Qd Jc]
Seat 2: alfredg (big blind) mucked
Seat 3: VolkovDmitri (button) (small blind) showed [Ac 4d] and won ($29.50) with a flush, Queen high


PokerStars Hand #167282253965:  Hold'em Limit ($3/$6 USD) - 2017/03/08 3:55:50 ET
Table 'Pamela' 6-max Seat #3 is the button
Seat 2: alfredg ($29.79 in chips)
Seat 3: VolkovDmitri ($183.32 in chips)
VolkovDmitri: posts small blind $1
alfredg: posts big blind $3
*** HOLE CARDS ***
VolkovDmitri: raises $3 to $6
alfredg: calls $3
*** FLOP *** [Jd Qd As]
alfredg: checks
VolkovDmitri: bets $3
alfredg: folds
Uncalled bet ($3) returned to VolkovDmitri
VolkovDmitri collected $11.76 from pot
VolkovDmitri: doesn't show hand
*** SUMMARY ***
Total pot $12 | Rake $0.24
Board [Jd Qd As]
Seat 2: alfredg (big blind) folded on the Flop
Seat 3: VolkovDmitri (button) (small blind) collected ($11.76)


PokerStars Hand #167282246275:  Hold'em Limit ($3/$6 USD) - 2017/03/08 3:55:23 ET
Table 'Pamela' 6-max Seat #2 is the button
Seat 2: alfredg ($32.79 in chips)
Seat 3: VolkovDmitri ($180.44 in chips)
alfredg: posts small blind $1
VolkovDmitri: posts big blind $3
*** HOLE CARDS ***
alfredg: calls $2
VolkovDmitri: checks
*** FLOP *** [5d 8d Kh]
VolkovDmitri: checks
alfredg: checks
*** TURN *** [5d 8d Kh] [Ad]
VolkovDmitri: checks
alfredg: checks
*** RIVER *** [5d 8d Kh Ad] [5s]
VolkovDmitri: checks
alfredg: checks
*** SHOW DOWN ***
VolkovDmitri: shows [9h 4c] (a pair of Fives)
alfredg: mucks hand
VolkovDmitri collected $5.88 from pot
*** SUMMARY ***
Total pot $6 | Rake $0.12
Board [5d 8d Kh Ad 5s]
Seat 2: alfredg (button) (small blind) mucked
Seat 3: VolkovDmitri (big blind) showed [9h 4c] and won ($5.88) with a pair of Fives


PokerStars Hand #167282258182:  Hold'em Limit ($3/$6 USD) - 2017/03/08 3:56:05 ET
Table 'Pamela' 6-max Seat #2 is the button
Seat 2: alfredg ($23.79 in chips)
Seat 3: VolkovDmitri ($189.08 in chips)
alfredg: posts small blind $1
VolkovDmitri: posts big blind $3
*** HOLE CARDS ***
alfredg: raises $3 to $6
VolkovDmitri: calls $3
*** FLOP *** [3d 8s 3c]
vitamin168 joins the table at seat #4
VolkovDmitri: checks
alfredg: bets $3
VolkovDmitri: folds
Uncalled bet ($3) returned to alfredg
alfredg collected $11.76 from pot
*** SUMMARY ***
Total pot $12 | Rake $0.24
Board [3d 8s 3c]
Seat 2: alfredg (button) (small blind) collected ($11.76)
Seat 3: VolkovDmitri (big blind) folded on the Flop


PokerStars Hand #167282283960:  Hold'em Limit ($3/$6 USD) - 2017/03/08 3:57:35 ET
Table 'Pamela' 6-max Seat #3 is the button
Seat 3: VolkovDmitri ($152.08 in chips)
Seat 4: vitamin168 ($136.44 in chips)
boogi will be allowed to play after the button
VolkovDmitri: posts small blind $1
vitamin168: posts big blind $3
*** HOLE CARDS ***
alfredg leaves the table
VolkovDmitri: folds
Uncalled bet ($2) returned to vitamin168
vitamin168 collected $2 from pot
vitamin168: doesn't show hand
*** SUMMARY ***
Total pot $2 | Rake $0
Seat 3: VolkovDmitri (button) (small blind) folded before Flop
Seat 4: vitamin168 (big blind) collected ($2)


PokerStars Hand #167282299338:  Hold'em Limit ($3/$6 USD) - 2017/03/08 3:58:30 ET
Table 'Pamela' 6-max Seat #4 is the button
Seat 4: vitamin168 ($160.94 in chips)
Seat 5: boogi ($95.76 in chips)
vitamin168: posts small blind $1
boogi: posts big blind $3
*** HOLE CARDS ***
vitamin168: raises $3 to $6
boogi: calls $3
*** FLOP *** [9h 5s 9c]
boogi: checks
vitamin168: bets $3
boogi: raises $3 to $6
vitamin168: raises $3 to $9
boogi: calls $3
*** TURN *** [9h 5s 9c] [6h]
boogi: checks
vitamin168: checks
*** RIVER *** [9h 5s 9c 6h] [8h]
boogi: bets $6
vitamin168: calls $6
*** SHOW DOWN ***
boogi: shows [Qd 8c] (two pair, Nines and Eights)
vitamin168: mucks hand
boogi collected $41.50 from pot
*** SUMMARY ***
Total pot $42 | Rake $0.50
Board [9h 5s 9c 6h 8h]
Seat 4: vitamin168 (button) (small blind) mucked
Seat 5: boogi (big blind) showed [Qd 8c] and won ($41.50) with two pair, Nines and Eights


PokerStars Hand #167282287526:  Hold'em Limit ($3/$6 USD) - 2017/03/08 3:57:48 ET
Table 'Pamela' 6-max Seat #4 is the button
Seat 4: vitamin168 ($137.44 in chips)
Seat 5: boogi ($120 in chips)
vitamin168: posts small blind $1
boogi: posts big blind $3
*** HOLE CARDS ***
vitamin168: raises $3 to $6
boogi: raises $3 to $9
vitamin168: calls $3
*** FLOP *** [Kd 9s Kc]
boogi: bets $3
vitamin168: calls $3
*** TURN *** [Kd 9s Kc] [2s]
boogi: bets $6
VolkovDmitri leaves the table
vitamin168: raises $6 to $12
boogi: calls $6
*** RIVER *** [Kd 9s Kc 2s] [2d]
boogi: checks
vitamin168: bets $6
boogi: calls $6
*** SHOW DOWN ***
vitamin168: shows [Kh 9c] (a full house, Kings full of Nines)
boogi: mucks hand
vitamin168 collected $59.50 from pot
*** SUMMARY ***
Total pot $60 | Rake $0.50
Board [Kd 9s Kc 2s 2d]
Seat 4: vitamin168 (button) (small blind) showed [Kh 9c] and won ($59.50) with a full house, Kings full of Nines
Seat 5: boogi (big blind) mucked


PokerStars Hand #167282295632:  Hold'em Limit ($3/$6 USD) - 2017/03/08 3:58:16 ET
Table 'Pamela' 6-max Seat #5 is the button
Seat 4: vitamin168 ($166.94 in chips)
Seat 5: boogi ($90 in chips)
boogi: posts small blind $1
vitamin168: posts big blind $3
*** HOLE CARDS ***
boogi: raises $3 to $6
vitamin168: calls $3
*** FLOP *** [Qc Td 2d]
vitamin168: checks
boogi: bets $3
vitamin168: folds
Uncalled bet ($3) returned to boogi
boogi collected $11.76 from pot
boogi: doesn't show hand
*** SUMMARY ***
Total pot $12 | Rake $0.24
Board [Qc Td 2d]
Seat 4: vitamin168 (big blind) folded on the Flop
Seat 5: boogi (button) (small blind) collected ($11.76)


PokerStars Hand #167282317664:  Hold'em Limit ($3/$6 USD) - 2017/03/08 3:59:19 ET
Table 'Pamela' 6-max Seat #4 is the button
Seat 4: vitamin168 ($139.82 in chips)
Seat 5: boogi ($116.14 in chips)
vitamin168: posts small blind $1
boogi: posts big blind $3
*** HOLE CARDS ***
vitamin168: raises $3 to $6
boogi: folds
Uncalled bet ($3) returned to vitamin168
vitamin168 collected $6 from pot
vitamin168: doesn't show hand
*** SUMMARY ***
Total pot $6 | Rake $0
Seat 4: vitamin168 (button) (small blind) collected ($6)
Seat 5: boogi (big blind) folded before Flop


PokerStars Hand #167282311606:  Hold'em Limit ($3/$6 USD) - 2017/03/08 3:58:58 ET
Table 'Pamela' 6-max Seat #5 is the button
Seat 4: vitamin168 ($139.94 in chips)
Seat 5: boogi ($116.26 in chips)
boogi: posts small blind $1
vitamin168: posts big blind $3
*** HOLE CARDS ***
boogi: calls $2
vitamin168: checks
*** FLOP *** [3c Kc 5c]
vitamin168: checks
boogi: bets $3
vitamin168: calls $3
*** TURN *** [3c Kc 5c] [Kd]
vitamin168: checks
boogi: checks
*** RIVER *** [3c Kc 5c Kd] [3s]
vitamin168: checks
boogi: checks
*** SHOW DOWN ***
vitamin168: shows [9d 8c] (two pair, Kings and Threes)
boogi: shows [8d 9s] (two pair, Kings and Threes)
vitamin168 collected $5.88 from pot
boogi collected $5.88 from pot
*** SUMMARY ***
Total pot $12 | Rake $0.24
Board [3c Kc 5c Kd 3s]
Seat 4: vitamin168 (big blind) showed [9d 8c] and won ($5.88) with two pair, Kings and Threes
Seat 5: boogi (button) (small blind) showed [8d 9s] and won ($5.88) with two pair, Kings and Threes


PokerStars Hand #167282321377:  Hold'em Limit ($3/$6 USD) - 2017/03/08 3:59:32 ET
Table 'Pamela' 6-max Seat #4 is the button
Seat 4: vitamin168 ($139.82 in chips)
Seat 5: boogi ($116.14 in chips)
vitamin168: posts small blind $1
boogi: posts big blind $3
*** HOLE CARDS ***
vitamin168: raises $3 to $6
boogi: folds
Uncalled bet ($3) returned to vitamin168
vitamin168 collected $6 from pot
vitamin168: doesn't show hand
*** SUMMARY ***
Total pot $6 | Rake $0
Seat 4: vitamin168 (button) (small blind) collected ($6)
Seat 5: boogi (big blind) folded before Flop


PokerStars Hand #167282319505:  Hold'em Limit ($3/$6 USD) - 2017/03/08 3:59:25 ET
Table 'Pamela' 6-max Seat #5 is the button
Seat 4: vitamin168 ($142.82 in chips)
Seat 5: boogi ($113.14 in chips)
boogi: posts small blind $1
vitamin168: posts big blind $3
*** HOLE CARDS ***
boogi: raises $3 to $6
vitamin168: folds
Uncalled bet ($3) returned to boogi
boogi collected $6 from pot
boogi: doesn't show hand
*** SUMMARY ***
Total pot $6 | Rake $0
Seat 4: vitamin168 (big blind) folded before Flop
Seat 5: boogi (button) (small blind) collected ($6)


PokerStars Hand #167282323037:  Hold'em Limit ($3/$6 USD) - 2017/03/08 3:59:38 ET
Table 'Pamela' 6-max Seat #5 is the button
Seat 4: vitamin168 ($142.82 in chips)
Seat 5: boogi ($113.14 in chips)
boogi: posts small blind $1
vitamin168: posts big blind $3
*** HOLE CARDS ***
boogi: folds
Uncalled bet ($2) returned to vitamin168
vitamin168 collected $2 from pot
vitamin168: doesn't show hand
*** SUMMARY ***
Total pot $2 | Rake $0
Seat 4: vitamin168 (big blind) collected ($2)
Seat 5: boogi (button) (small blind) folded before Flop


PokerStars Hand #167282334106:  Hold'em Limit ($3/$6 USD) - 2017/03/08 4:00:16 ET
Table 'Pamela' 6-max Seat #5 is the button
Seat 4: vitamin168 ($122.82 in chips)
Seat 5: boogi ($132.64 in chips)
boogi: posts small blind $1
vitamin168: posts big blind $3
*** HOLE CARDS ***
boogi: folds
Uncalled bet ($2) returned to vitamin168
vitamin168 collected $2 from pot
vitamin168: doesn't show hand
*** SUMMARY ***
Total pot $2 | Rake $0
Seat 4: vitamin168 (big blind) collected ($2)
Seat 5: boogi (button) (small blind) folded before Flop


PokerStars Hand #167282325446:  Hold'em Limit ($3/$6 USD) - 2017/03/08 3:59:46 ET
Table 'Pamela' 6-max Seat #4 is the button
Seat 4: vitamin168 ($143.82 in chips)
Seat 5: boogi ($112.14 in chips)
vitamin168: posts small blind $1
boogi: posts big blind $3
*** HOLE CARDS ***
vitamin168: raises $3 to $6
boogi: calls $3
*** FLOP *** [Jd 2h 9d]
boogi: checks
vitamin168: bets $3
boogi: calls $3
*** TURN *** [Jd 2h 9d] [As]
boogi: checks
vitamin168: bets $6
boogi: raises $6 to $12
vitamin168: calls $6
*** RIVER *** [Jd 2h 9d As] [Tc]
boogi: bets $6
vitamin168: folds
Uncalled bet ($6) returned to boogi
boogi collected $41.50 from pot
boogi: doesn't show hand
*** SUMMARY ***
Total pot $42 | Rake $0.50
Board [Jd 2h 9d As Tc]
Seat 4: vitamin168 (button) (small blind) folded on the River
Seat 5: boogi (big blind) collected ($41.50)


