PokerStars Hand #160754187482:  Hold'em Limit ($3/$6 USD) - 2016/11/01 15:33:08 ET
Table 'Pamina II' 6-max Seat #6 is the button
Seat 3: llmaiconll ($77.63 in chips)
Seat 6: TinaTurner72 ($120 in chips)
TinaTurner72: posts small blind $1
llmaiconll: posts big blind $3
*** HOLE CARDS ***
TinaTurner72: raises $3 to $6
llmaiconll: calls $3
*** FLOP *** [6c Kc 8d]
llmaiconll: checks
TinaTurner72: bets $3
llmaiconll: calls $3
*** TURN *** [6c Kc 8d] [2d]
llmaiconll: checks
TinaTurner72: checks
*** RIVER *** [6c Kc 8d 2d] [Jc]
llmaiconll: checks
TinaTurner72: bets $6
llmaiconll: raises $6 to $12
TinaTurner72: folds
Uncalled bet ($6) returned to llmaiconll
llmaiconll collected $29.50 from pot
llmaiconll: doesn't show hand
*** SUMMARY ***
Total pot $30 | Rake $0.50
Board [6c Kc 8d 2d Jc]
Seat 3: llmaiconll (big blind) collected ($29.50)
Seat 6: TinaTurner72 (button) (small blind) folded on the River


PokerStars Hand #160754236620:  Hold'em Limit ($3/$6 USD) - 2016/11/01 15:34:00 ET
Table 'Pamina II' 6-max Seat #3 is the button
Seat 3: llmaiconll ($92.13 in chips)
Seat 6: TinaTurner72 ($105 in chips)
llmaiconll: posts small blind $1
TinaTurner72: posts big blind $3
*** HOLE CARDS ***
llmaiconll: calls $2
TinaTurner72: checks
*** FLOP *** [4s 5h 9h]
TinaTurner72: bets $3
llmaiconll: folds
Uncalled bet ($3) returned to TinaTurner72
TinaTurner72 collected $5.88 from pot
TinaTurner72: doesn't show hand
*** SUMMARY ***
Total pot $6 | Rake $0.12
Board [4s 5h 9h]
Seat 3: llmaiconll (button) (small blind) folded on the Flop
Seat 6: TinaTurner72 (big blind) collected ($5.88)


PokerStars Hand #160754260082:  Hold'em Limit ($3/$6 USD) - 2016/11/01 15:34:25 ET
Table 'Pamina II' 6-max Seat #6 is the button
Seat 3: llmaiconll ($89.13 in chips)
Seat 6: TinaTurner72 ($107.88 in chips)
TinaTurner72: posts small blind $1
llmaiconll: posts big blind $3
*** HOLE CARDS ***
TinaTurner72: raises $3 to $6
llmaiconll: folds
Uncalled bet ($3) returned to TinaTurner72
TinaTurner72 collected $6 from pot
TinaTurner72: doesn't show hand
*** SUMMARY ***
Total pot $6 | Rake $0
Seat 3: llmaiconll (big blind) folded before Flop
Seat 6: TinaTurner72 (button) (small blind) collected ($6)


PokerStars Hand #160754288389:  Hold'em Limit ($3/$6 USD) - 2016/11/01 15:34:55 ET
Table 'Pamina II' 6-max Seat #6 is the button
Seat 3: llmaiconll ($89.13 in chips)
Seat 6: TinaTurner72 ($107.88 in chips)
TinaTurner72: posts small blind $1
llmaiconll: posts big blind $3
*** HOLE CARDS ***
TinaTurner72: raises $3 to $6
llmaiconll: calls $3
*** FLOP *** [9s Ts 3s]
llmaiconll: checks
TinaTurner72: bets $3
llmaiconll: calls $3
*** TURN *** [9s Ts 3s] [5h]
llmaiconll: checks
TinaTurner72: bets $6
llmaiconll: calls $6
*** RIVER *** [9s Ts 3s 5h] [7d]
llmaiconll: bets $6
TinaTurner72: calls $6
*** SHOW DOWN ***
llmaiconll: shows [6d 8s] (a straight, Six to Ten)
TinaTurner72: mucks hand
llmaiconll collected $41.50 from pot
*** SUMMARY ***
Total pot $42 | Rake $0.50
Board [9s Ts 3s 5h 7d]
Seat 3: llmaiconll (big blind) showed [6d 8s] and won ($41.50) with a straight, Six to Ten
Seat 6: TinaTurner72 (button) (small blind) mucked


PokerStars Hand #160754275855:  Hold'em Limit ($3/$6 USD) - 2016/11/01 15:34:41 ET
Table 'Pamina II' 6-max Seat #3 is the button
Seat 3: llmaiconll ($86.13 in chips)
Seat 6: TinaTurner72 ($110.88 in chips)
llmaiconll: posts small blind $1
TinaTurner72: posts big blind $3
*** HOLE CARDS ***
llmaiconll: raises $3 to $6
TinaTurner72: folds
Uncalled bet ($3) returned to llmaiconll
llmaiconll collected $6 from pot
*** SUMMARY ***
Total pot $6 | Rake $0
Seat 3: llmaiconll (button) (small blind) collected ($6)
Seat 6: TinaTurner72 (big blind) folded before Flop


PokerStars Hand #160755301479:  Hold'em Limit ($3/$6 USD) - 2016/11/01 15:53:04 ET
Table 'Pamina II' 6-max Seat #5 is the button
Seat 3: llmaiconll ($117 in chips)
Seat 5: TinaTurner72 ($122.88 in chips)
TinaTurner72: posts small blind $1
llmaiconll: posts big blind $3
*** HOLE CARDS ***
TinaTurner72: folds
Uncalled bet ($2) returned to llmaiconll
llmaiconll collected $2 from pot
llmaiconll: doesn't show hand
*** SUMMARY ***
Total pot $2 | Rake $0
Seat 3: llmaiconll (big blind) collected ($2)
Seat 5: TinaTurner72 (button) (small blind) folded before Flop


PokerStars Hand #160755282920:  Hold'em Limit ($3/$6 USD) - 2016/11/01 15:52:44 ET
Table 'Pamina II' 6-max Seat #3 is the button
Seat 3: llmaiconll ($120 in chips)
Seat 5: TinaTurner72 ($120 in chips)
llmaiconll: posts small blind $1
TinaTurner72: posts big blind $3
*** HOLE CARDS ***
llmaiconll: calls $2
TinaTurner72: checks
*** FLOP *** [4s Tc 5s]
TinaTurner72: bets $3
llmaiconll: folds
Uncalled bet ($3) returned to TinaTurner72
Luanto 14 joins the table at seat #4
TinaTurner72 collected $5.88 from pot
TinaTurner72: doesn't show hand
*** SUMMARY ***
Total pot $6 | Rake $0.12
Board [4s Tc 5s]
Seat 3: llmaiconll (button) (small blind) folded on the Flop
Seat 5: TinaTurner72 (big blind) collected ($5.88)


PokerStars Hand #160757119849:  Hold'em Limit ($3/$6 USD) - 2016/11/01 16:27:01 ET
Table 'Pamina II' 6-max Seat #6 is the button
Seat 5: Chessnok ($60 in chips)
Seat 6: Valya98 ($185.07 in chips)
Valya98: posts small blind $1
sim5sim5: is sitting out
Chessnok: posts big blind $3
*** HOLE CARDS ***
Valya98: folds
Uncalled bet ($2) returned to Chessnok
Chessnok collected $2 from pot
Chessnok: doesn't show hand
*** SUMMARY ***
Total pot $2 | Rake $0
Seat 5: Chessnok (big blind) collected ($2)
Seat 6: Valya98 (button) (small blind) folded before Flop


PokerStars Hand #160757465358:  Hold'em Limit ($3/$6 USD) - 2016/11/01 16:33:18 ET
Table 'Pamina II' 6-max Seat #5 is the button
Seat 2: robertass84 ($120 in chips)
Seat 5: Chessnok ($61 in chips)
Chessnok: posts small blind $1
robertass84: posts big blind $3
*** HOLE CARDS ***
Chessnok: raises $3 to $6
robertass84: folds
Uncalled bet ($3) returned to Chessnok
Chessnok collected $6 from pot
Chessnok: doesn't show hand
*** SUMMARY ***
Total pot $6 | Rake $0
Seat 2: robertass84 (big blind) folded before Flop
Seat 5: Chessnok (button) (small blind) collected ($6)


PokerStars Hand #160757475632:  Hold'em Limit ($3/$6 USD) - 2016/11/01 16:33:29 ET
Table 'Pamina II' 6-max Seat #5 is the button
Seat 2: robertass84 ($120 in chips)
Seat 5: Chessnok ($65 in chips)
Chessnok: posts small blind $1
robertass84: posts big blind $3
*** HOLE CARDS ***
Chessnok: raises $3 to $6
robertass84: folds
Uncalled bet ($3) returned to Chessnok
Chessnok collected $6 from pot
Chessnok: doesn't show hand
*** SUMMARY ***
Total pot $6 | Rake $0
Seat 2: robertass84 (big blind) folded before Flop
Seat 5: Chessnok (button) (small blind) collected ($6)


PokerStars Hand #160757471108:  Hold'em Limit ($3/$6 USD) - 2016/11/01 16:33:24 ET
Table 'Pamina II' 6-max Seat #2 is the button
Seat 2: robertass84 ($120 in chips)
Seat 5: Chessnok ($64 in chips)
robertass84: posts small blind $1
Chessnok: posts big blind $3
*** HOLE CARDS ***
robertass84: folds
Uncalled bet ($2) returned to Chessnok
Chessnok collected $2 from pot
Chessnok: doesn't show hand
*** SUMMARY ***
Total pot $2 | Rake $0
Seat 2: robertass84 (button) (small blind) folded before Flop
Seat 5: Chessnok (big blind) collected ($2)


PokerStars Hand #160757480877:  Hold'em Limit ($3/$6 USD) - 2016/11/01 16:33:34 ET
Table 'Pamina II' 6-max Seat #2 is the button
Seat 2: robertass84 ($120 in chips)
Seat 5: Chessnok ($68 in chips)
robertass84: posts small blind $1
Chessnok: posts big blind $3
*** HOLE CARDS ***
robertass84: raises $3 to $6
Chessnok: folds
Uncalled bet ($3) returned to robertass84
robertass84 collected $6 from pot
robertass84: doesn't show hand
*** SUMMARY ***
Total pot $6 | Rake $0
Seat 2: robertass84 (button) (small blind) collected ($6)
Seat 5: Chessnok (big blind) folded before Flop


PokerStars Hand #160757487632:  Hold'em Limit ($3/$6 USD) - 2016/11/01 16:33:42 ET
Table 'Pamina II' 6-max Seat #5 is the button
Seat 2: robertass84 ($123 in chips)
Seat 5: Chessnok ($65 in chips)
Chessnok: posts small blind $1
robertass84: posts big blind $3
*** HOLE CARDS ***
Chessnok: raises $3 to $6
robertass84: raises $3 to $9
Chessnok: calls $3
*** FLOP *** [Qd 8c Kd]
robertass84: bets $3
Chessnok: folds
Uncalled bet ($3) returned to robertass84
robertass84 collected $17.64 from pot
robertass84: doesn't show hand
*** SUMMARY ***
Total pot $18 | Rake $0.36
Board [Qd 8c Kd]
Seat 2: robertass84 (big blind) collected ($17.64)
Seat 5: Chessnok (button) (small blind) folded on the Flop


PokerStars Hand #160757505473:  Hold'em Limit ($3/$6 USD) - 2016/11/01 16:34:01 ET
Table 'Pamina II' 6-max Seat #2 is the button
Seat 2: robertass84 ($131.64 in chips)
Seat 5: Chessnok ($60 in chips)
robertass84: posts small blind $1
Chessnok: posts big blind $3
*** HOLE CARDS ***
robertass84: folds
Uncalled bet ($2) returned to Chessnok
Chessnok collected $2 from pot
Chessnok: doesn't show hand
*** SUMMARY ***
Total pot $2 | Rake $0
Seat 2: robertass84 (button) (small blind) folded before Flop
Seat 5: Chessnok (big blind) collected ($2)


