PokerStars Hand #146192138932:  Hold'em Limit ($3/$6 USD) - 2015/12/30 16:27:45 ET
Table 'Pamina' 6-max Seat #4 is the button
Seat 1: Puzanchik 11 ($53.36 in chips)
Seat 4: PelonCabelao ($72 in chips)
PelonCabelao: posts small blind $1
Puzanchik 11: posts big blind $3
*** HOLE CARDS ***
PelonCabelao: raises $3 to $6
Puzanchik 11: calls $3
*** FLOP *** [2c 5s Jh]
Puzanchik 11: checks
Pandakey joins the table at seat #2
PelonCabelao: bets $3
Puzanchik 11: folds
Uncalled bet ($3) returned to PelonCabelao
PelonCabelao collected $11.76 from pot
PelonCabelao: doesn't show hand
*** SUMMARY ***
Total pot $12 | Rake $0.24
Board [2c 5s Jh]
Seat 1: Puzanchik 11 (big blind) folded on the Flop
Seat 4: PelonCabelao (button) (small blind) collected ($11.76)


PokerStars Hand #146192131777:  Hold'em Limit ($3/$6 USD) - 2015/12/30 16:27:38 ET
Table 'Pamina' 6-max Seat #1 is the button
Seat 1: Puzanchik 11 ($50.36 in chips)
Seat 4: PelonCabelao ($75 in chips)
Puzanchik 11: posts small blind $1
PelonCabelao: posts big blind $3
*** HOLE CARDS ***
Puzanchik 11: raises $3 to $6
PelonCabelao: folds
Uncalled bet ($3) returned to Puzanchik 11
Puzanchik 11 collected $6 from pot
Puzanchik 11: doesn't show hand
*** SUMMARY ***
Total pot $6 | Rake $0
Seat 1: Puzanchik 11 (button) (small blind) collected ($6)
Seat 4: PelonCabelao (big blind) folded before Flop


PokerStars Hand #146192265885:  Hold'em Limit ($3/$6 USD) - 2015/12/30 16:29:50 ET
Table 'Pamina' 6-max Seat #2 is the button
Seat 1: Puzanchik 11 ($17.12 in chips)
Seat 2: Pandakey ($113.50 in chips)
Pandakey: posts small blind $1
Puzanchik 11: posts big blind $3
*** HOLE CARDS ***
Pandakey: raises $3 to $6
Puzanchik 11: folds
Uncalled bet ($3) returned to Pandakey
Pandakey collected $6 from pot
Pandakey: doesn't show hand
*** SUMMARY ***
Total pot $6 | Rake $0
Seat 1: Puzanchik 11 (big blind) folded before Flop
Seat 2: Pandakey (button) (small blind) collected ($6)


PokerStars Hand #146192252670:  Hold'em Limit ($3/$6 USD) - 2015/12/30 16:29:36 ET
Table 'Pamina' 6-max Seat #1 is the button
Seat 1: Puzanchik 11 ($11.36 in chips)
Seat 2: Pandakey ($119.50 in chips)
Puzanchik 11: posts small blind $1
Pandakey: posts big blind $3
*** HOLE CARDS ***
Puzanchik 11: raises $3 to $6
Pandakey: calls $3
*** FLOP *** [Jc 6s 3d]
PelonCabelao leaves the table
Pandakey: checks
Puzanchik 11: bets $3
Pandakey: folds
Uncalled bet ($3) returned to Puzanchik 11
Puzanchik 11 collected $11.76 from pot
Puzanchik 11: doesn't show hand
*** SUMMARY ***
Total pot $12 | Rake $0.24
Board [Jc 6s 3d]
Seat 1: Puzanchik 11 (button) (small blind) collected ($11.76)
Seat 2: Pandakey (big blind) folded on the Flop


PokerStars Hand #146192231796:  Hold'em Limit ($3/$6 USD) - 2015/12/30 16:29:15 ET
Table 'Pamina' 6-max Seat #2 is the button
Seat 1: Puzanchik 11 ($26.36 in chips)
Seat 2: Pandakey ($105 in chips)
Pandakey: posts small blind $1
PelonCabelao: is sitting out
Puzanchik 11: posts big blind $3
*** HOLE CARDS ***
Pandakey: raises $3 to $6
Puzanchik 11: calls $3
*** FLOP *** [3s Ac 9h]
Puzanchik 11: bets $3
Pandakey: calls $3
*** TURN *** [3s Ac 9h] [8s]
Puzanchik 11: bets $6
Pandakey: raises $6 to $12
Puzanchik 11: folds
Uncalled bet ($6) returned to Pandakey
Pandakey collected $29.50 from pot
Pandakey: doesn't show hand
*** SUMMARY ***
Total pot $30 | Rake $0.50
Board [3s Ac 9h 8s]
Seat 1: Puzanchik 11 (big blind) folded on the Turn
Seat 2: Pandakey (button) (small blind) collected ($29.50)


PokerStars Hand #146192306158:  Hold'em Limit ($3/$6 USD) - 2015/12/30 16:30:29 ET
Table 'Pamina' 6-max Seat #1 is the button
Seat 1: Puzanchik 11 ($24.74 in chips)
Seat 2: Pandakey ($105.38 in chips)
Puzanchik 11: posts small blind $1
Pandakey: posts big blind $3
*** HOLE CARDS ***
Puzanchik 11: folds
Uncalled bet ($2) returned to Pandakey
Pandakey collected $2 from pot
Pandakey: doesn't show hand
*** SUMMARY ***
Total pot $2 | Rake $0
Seat 1: Puzanchik 11 (button) (small blind) folded before Flop
Seat 2: Pandakey (big blind) collected ($2)


PokerStars Hand #146192300158:  Hold'em Limit ($3/$6 USD) - 2015/12/30 16:30:23 ET
Table 'Pamina' 6-max Seat #2 is the button
Seat 1: Puzanchik 11 ($27.74 in chips)
Seat 2: Pandakey ($102.38 in chips)
Pandakey: posts small blind $1
Puzanchik 11: posts big blind $3
*** HOLE CARDS ***
Pandakey: raises $3 to $6
ucenicul joins the table at seat #3
Puzanchik 11: folds
Uncalled bet ($3) returned to Pandakey
Pandakey collected $6 from pot
Pandakey: doesn't show hand
*** SUMMARY ***
Total pot $6 | Rake $0
Seat 1: Puzanchik 11 (big blind) folded before Flop
Seat 2: Pandakey (button) (small blind) collected ($6)


PokerStars Hand #146192273512:  Hold'em Limit ($3/$6 USD) - 2015/12/30 16:29:57 ET
Table 'Pamina' 6-max Seat #1 is the button
Seat 1: Puzanchik 11 ($14.12 in chips)
Seat 2: Pandakey ($116.50 in chips)
Puzanchik 11: posts small blind $1
Pandakey: posts big blind $3
*** HOLE CARDS ***
Puzanchik 11: raises $3 to $6
Pandakey: calls $3
*** FLOP *** [Ad 3h 2d]
Pandakey: checks
Puzanchik 11: bets $3
Pandakey: raises $3 to $6
Puzanchik 11: raises $2.12 to $8.12 and is all-in
Pandakey: calls $2.12
*** TURN *** [Ad 3h 2d] [9c]
*** RIVER *** [Ad 3h 2d 9c] [7c]
*** SHOW DOWN ***
Pandakey: shows [5d 6s] (high card Ace)
Puzanchik 11: shows [2h Kc] (a pair of Deuces)
Puzanchik 11 collected $27.74 from pot
*** SUMMARY ***
Total pot $28.24 | Rake $0.50
Board [Ad 3h 2d 9c 7c]
Seat 1: Puzanchik 11 (button) (small blind) showed [2h Kc] and won ($27.74) with a pair of Deuces
Seat 2: Pandakey (big blind) showed [5d 6s] and lost with high card Ace


