PokerStars Hand #164810575929:  Hold'em Limit ($3/$6 USD) - 2017/01/18 22:24:08 ET
Table 'Pamina' 6-max Seat #3 is the button
Seat 3: Moogles999 ($40 in chips)
Seat 4: AzureCaper ($72 in chips)
Moogles999: posts small blind $1
AzureCaper: posts big blind $3
*** HOLE CARDS ***
Moogles999: calls $2
AzureCaper: checks
*** FLOP *** [2c 7s 8h]
AzureCaper: checks
Moogles999: bets $3
AzureCaper: folds
Uncalled bet ($3) returned to Moogles999
Moogles999 collected $5.88 from pot
*** SUMMARY ***
Total pot $6 | Rake $0.12
Board [2c 7s 8h]
Seat 3: Moogles999 (button) (small blind) collected ($5.88)
Seat 4: AzureCaper (big blind) folded on the Flop


PokerStars Hand #164810581388:  Hold'em Limit ($3/$6 USD) - 2017/01/18 22:24:23 ET
Table 'Pamina' 6-max Seat #4 is the button
Seat 3: Moogles999 ($42.88 in chips)
Seat 4: AzureCaper ($72 in chips)
AzureCaper: posts small blind $1
Moogles999: posts big blind $3
*** HOLE CARDS ***
AzureCaper: raises $3 to $6
Moogles999: calls $3
*** FLOP *** [2s 5h Qh]
Moogles999: checks
AzureCaper: bets $3
Moogles999: calls $3
*** TURN *** [2s 5h Qh] [4s]
Moogles999: bets $6
AzureCaper: calls $6
*** RIVER *** [2s 5h Qh 4s] [3d]
Moogles999: bets $6
AzureCaper: raises $6 to $12
Moogles999: calls $6
*** SHOW DOWN ***
AzureCaper: shows [6s Ah] (a straight, Deuce to Six)
Moogles999: shows [3h 6d] (a straight, Deuce to Six)
Moogles999 collected $26.75 from pot
AzureCaper collected $26.75 from pot
*** SUMMARY ***
Total pot $54 | Rake $0.50
Board [2s 5h Qh 4s 3d]
Seat 3: Moogles999 (big blind) showed [3h 6d] and won ($26.75) with a straight, Deuce to Six
Seat 4: AzureCaper (button) (small blind) showed [6s Ah] and won ($26.75) with a straight, Deuce to Six


PokerStars Hand #164810591704:  Hold'em Limit ($3/$6 USD) - 2017/01/18 22:24:50 ET
Table 'Pamina' 6-max Seat #3 is the button
Seat 3: Moogles999 ($42.63 in chips)
Seat 4: AzureCaper ($72 in chips)
Moogles999: posts small blind $1
AzureCaper: posts big blind $3
*** HOLE CARDS ***
Moogles999: raises $3 to $6
HAL9QQQ joins the table at seat #1
AzureCaper: calls $3
*** FLOP *** [Jh 8c 7h]
AzureCaper: checks
Moogles999: bets $3
AzureCaper: calls $3
*** TURN *** [Jh 8c 7h] [3d]
AzureCaper: checks
Moogles999: bets $6
AzureCaper: calls $6
*** RIVER *** [Jh 8c 7h 3d] [Kh]
AzureCaper: checks
Moogles999: bets $6
AzureCaper: calls $6
*** SHOW DOWN ***
Moogles999: shows [Jc Js] (three of a kind, Jacks)
AzureCaper: mucks hand
Moogles999 collected $41.50 from pot
*** SUMMARY ***
Total pot $42 | Rake $0.50
Board [Jh 8c 7h 3d Kh]
Seat 3: Moogles999 (button) (small blind) showed [Jc Js] and won ($41.50) with three of a kind, Jacks
Seat 4: AzureCaper (big blind) mucked


PokerStars Hand #164811912146:  Hold'em Limit ($3/$6 USD) - 2017/01/18 23:29:24 ET
Table 'Pamina' 6-max Seat #1 is the button
Seat 1: HAL9QQQ ($251.98 in chips)
Seat 5: JonasDK ($201.02 in chips)
XNTRICKPOKER will be allowed to play after the button
HAL9QQQ: posts small blind $1
JonasDK: posts big blind $3
*** HOLE CARDS ***
HAL9QQQ: raises $3 to $6
JonasDK: folds
Uncalled bet ($3) returned to HAL9QQQ
HAL9QQQ collected $6 from pot
HAL9QQQ: doesn't show hand
*** SUMMARY ***
Total pot $6 | Rake $0
Seat 1: HAL9QQQ (button) (small blind) collected ($6)
Seat 5: JonasDK (big blind) folded before Flop


PokerStars Hand #164811925041:  Hold'em Limit ($3/$6 USD) - 2017/01/18 23:30:06 ET
Table 'Pamina' 6-max Seat #1 is the button
Seat 1: HAL9QQQ ($249.98 in chips)
Seat 6: XNTRICKPOKER ($108.80 in chips)
HAL9QQQ: posts small blind $1
XNTRICKPOKER: posts big blind $3
*** HOLE CARDS ***
HAL9QQQ: raises $3 to $6
XNTRICKPOKER has timed out
XNTRICKPOKER: folds
Uncalled bet ($3) returned to HAL9QQQ
HAL9QQQ collected $6 from pot
HAL9QQQ: doesn't show hand
*** SUMMARY ***
Total pot $6 | Rake $0
Seat 1: HAL9QQQ (button) (small blind) collected ($6)
Seat 6: XNTRICKPOKER (big blind) folded before Flop


PokerStars Hand #164815094650:  Hold'em Limit ($3/$6 USD) - 2017/01/19 2:40:33 ET
Table 'Pamina' 6-max Seat #4 is the button
Seat 4: VolkovDmitri ($120 in chips)
Seat 6: ksatom ($116.02 in chips)
VolkovDmitri: posts small blind $1
ksatom: posts big blind $3
*** HOLE CARDS ***
VolkovDmitri: raises $3 to $6
ksatom: calls $3
*** FLOP *** [Qd Js 4h]
ksatom: checks
VolkovDmitri: bets $3
ksatom: calls $3
*** TURN *** [Qd Js 4h] [6d]
ksatom: checks
VolkovDmitri: bets $6
ksatom: folds
Uncalled bet ($6) returned to VolkovDmitri
VolkovDmitri collected $17.64 from pot
VolkovDmitri: doesn't show hand
*** SUMMARY ***
Total pot $18 | Rake $0.36
Board [Qd Js 4h 6d]
Seat 4: VolkovDmitri (button) (small blind) collected ($17.64)
Seat 6: ksatom (big blind) folded on the Turn


PokerStars Hand #164815084580:  Hold'em Limit ($3/$6 USD) - 2017/01/19 2:39:57 ET
Table 'Pamina' 6-max Seat #6 is the button
Seat 4: VolkovDmitri ($120 in chips)
Seat 6: ksatom ($101.52 in chips)
ksatom: posts small blind $1
VolkovDmitri: posts big blind $3
*** HOLE CARDS ***
ksatom: calls $2
VolkovDmitri: checks
*** FLOP *** [6c 4c 5d]
VolkovDmitri: checks
ksatom: checks
*** TURN *** [6c 4c 5d] [9c]
VolkovDmitri: bets $6
ksatom: calls $6
*** RIVER *** [6c 4c 5d 9c] [2d]
VolkovDmitri: checks
ksatom: bets $6
VolkovDmitri: calls $6
*** SHOW DOWN ***
ksatom: shows [9d Kh] (a pair of Nines)
VolkovDmitri: mucks hand
ksatom collected $29.50 from pot
*** SUMMARY ***
Total pot $30 | Rake $0.50
Board [6c 4c 5d 9c 2d]
Seat 4: VolkovDmitri (big blind) mucked
Seat 6: ksatom (button) (small blind) showed [9d Kh] and won ($29.50) with a pair of Nines


PokerStars Hand #164815114557:  Hold'em Limit ($3/$6 USD) - 2017/01/19 2:41:42 ET
Table 'Pamina' 6-max Seat #6 is the button
Seat 4: VolkovDmitri ($123 in chips)
Seat 6: ksatom ($115.54 in chips)
ksatom: posts small blind $1
VolkovDmitri: posts big blind $3
*** HOLE CARDS ***
ksatom: calls $2
VolkovDmitri: checks
*** FLOP *** [2c 8c 9s]
VolkovDmitri: checks
ksatom: bets $3
VolkovDmitri: raises $3 to $6
ksatom: calls $3
*** TURN *** [2c 8c 9s] [Js]
VolkovDmitri: bets $6
ksatom: calls $6
*** RIVER *** [2c 8c 9s Js] [Tc]
VolkovDmitri: bets $6
ksatom: calls $6
*** SHOW DOWN ***
VolkovDmitri: shows [5c 7s] (a straight, Seven to Jack)
ksatom: mucks hand
VolkovDmitri collected $41.50 from pot
*** SUMMARY ***
Total pot $42 | Rake $0.50
Board [2c 8c 9s Js Tc]
Seat 4: VolkovDmitri (big blind) showed [5c 7s] and won ($41.50) with a straight, Seven to Jack
Seat 6: ksatom (button) (small blind) mucked


PokerStars Hand #164815112411:  Hold'em Limit ($3/$6 USD) - 2017/01/19 2:41:34 ET
Table 'Pamina' 6-max Seat #4 is the button
Seat 4: VolkovDmitri ($120 in chips)
Seat 6: ksatom ($118.54 in chips)
VolkovDmitri: posts small blind $1
ksatom: posts big blind $3
*** HOLE CARDS ***
VolkovDmitri: raises $3 to $6
ksatom: folds
Uncalled bet ($3) returned to VolkovDmitri
VolkovDmitri collected $6 from pot
VolkovDmitri: doesn't show hand
*** SUMMARY ***
Total pot $6 | Rake $0
Seat 4: VolkovDmitri (button) (small blind) collected ($6)
Seat 6: ksatom (big blind) folded before Flop


PokerStars Hand #164815101130:  Hold'em Limit ($3/$6 USD) - 2017/01/19 2:40:55 ET
Table 'Pamina' 6-max Seat #6 is the button
Seat 4: VolkovDmitri ($128.64 in chips)
Seat 6: ksatom ($107.02 in chips)
ksatom: posts small blind $1
VolkovDmitri: posts big blind $3
*** HOLE CARDS ***
ksatom: raises $3 to $6
VolkovDmitri: calls $3
*** FLOP *** [2h 7s Ad]
VolkovDmitri: checks
ksatom: bets $3
VolkovDmitri: raises $3 to $6
ksatom: calls $3
*** TURN *** [2h 7s Ad] [Ah]
VolkovDmitri: checks
ksatom: bets $6
VolkovDmitri: folds
Uncalled bet ($6) returned to ksatom
ksatom collected $23.52 from pot
ksatom: doesn't show hand
*** SUMMARY ***
Total pot $24 | Rake $0.48
Board [2h 7s Ad Ah]
Seat 4: VolkovDmitri (big blind) folded on the Turn
Seat 6: ksatom (button) (small blind) collected ($23.52)


PokerStars Hand #164815134544:  Hold'em Limit ($3/$6 USD) - 2017/01/19 2:42:52 ET
Table 'Pamina' 6-max Seat #6 is the button
Seat 4: VolkovDmitri ($134.50 in chips)
Seat 6: ksatom ($103.18 in chips)
ksatom: posts small blind $1
VolkovDmitri: posts big blind $3
*** HOLE CARDS ***
ksatom: raises $3 to $6
VolkovDmitri: calls $3
*** FLOP *** [3c 4s Jd]
VolkovDmitri: checks
ksatom: checks
*** TURN *** [3c 4s Jd] [Th]
VolkovDmitri: checks
ksatom: checks
*** RIVER *** [3c 4s Jd Th] [Qc]
VolkovDmitri: bets $6
perten joins the table at seat #1
ksatom: folds
Uncalled bet ($6) returned to VolkovDmitri
VolkovDmitri collected $11.76 from pot
VolkovDmitri: doesn't show hand
*** SUMMARY ***
Total pot $12 | Rake $0.24
Board [3c 4s Jd Th Qc]
Seat 4: VolkovDmitri (big blind) collected ($11.76)
Seat 6: ksatom (button) (small blind) folded on the River


PokerStars Hand #164815131469:  Hold'em Limit ($3/$6 USD) - 2017/01/19 2:42:41 ET
Table 'Pamina' 6-max Seat #4 is the button
Seat 4: VolkovDmitri ($131.50 in chips)
Seat 6: ksatom ($106.18 in chips)
VolkovDmitri: posts small blind $1
ksatom: posts big blind $3
*** HOLE CARDS ***
VolkovDmitri: raises $3 to $6
ksatom: folds
Uncalled bet ($3) returned to VolkovDmitri
VolkovDmitri collected $6 from pot
VolkovDmitri: doesn't show hand
*** SUMMARY ***
Total pot $6 | Rake $0
Seat 4: VolkovDmitri (button) (small blind) collected ($6)
Seat 6: ksatom (big blind) folded before Flop


PokerStars Hand #164815128274:  Hold'em Limit ($3/$6 USD) - 2017/01/19 2:42:30 ET
Table 'Pamina' 6-max Seat #6 is the button
Seat 4: VolkovDmitri ($134.50 in chips)
Seat 6: ksatom ($103.18 in chips)
ksatom: posts small blind $1
VolkovDmitri: posts big blind $3
*** HOLE CARDS ***
ksatom: raises $3 to $6
VolkovDmitri: folds
Uncalled bet ($3) returned to ksatom
ksatom collected $6 from pot
ksatom: doesn't show hand
*** SUMMARY ***
Total pot $6 | Rake $0
Seat 4: VolkovDmitri (big blind) folded before Flop
Seat 6: ksatom (button) (small blind) collected ($6)


PokerStars Hand #164815122999:  Hold'em Limit ($3/$6 USD) - 2017/01/19 2:42:12 ET
Table 'Pamina' 6-max Seat #4 is the button
Seat 4: VolkovDmitri ($143.50 in chips)
Seat 6: ksatom ($94.54 in chips)
VolkovDmitri: posts small blind $1
ksatom: posts big blind $3
*** HOLE CARDS ***
VolkovDmitri: raises $3 to $6
ksatom: raises $3 to $9
VolkovDmitri: calls $3
*** FLOP *** [2d 5h Qs]
ksatom: bets $3
VolkovDmitri: folds
Uncalled bet ($3) returned to ksatom
ksatom collected $17.64 from pot
ksatom: doesn't show hand
*** SUMMARY ***
Total pot $18 | Rake $0.36
Board [2d 5h Qs]
Seat 4: VolkovDmitri (button) (small blind) folded on the Flop
Seat 6: ksatom (big blind) collected ($17.64)


PokerStars Hand #164815144046:  Hold'em Limit ($3/$6 USD) - 2017/01/19 2:43:25 ET
Table 'Pamina' 6-max Seat #4 is the button
Seat 4: VolkovDmitri ($140.26 in chips)
Seat 6: ksatom ($97.18 in chips)
VolkovDmitri: posts small blind $1
ksatom: posts big blind $3
*** HOLE CARDS ***
VolkovDmitri: raises $3 to $6
ksatom: folds
Uncalled bet ($3) returned to VolkovDmitri
VolkovDmitri collected $6 from pot
VolkovDmitri: doesn't show hand
*** SUMMARY ***
Total pot $6 | Rake $0
Seat 4: VolkovDmitri (button) (small blind) collected ($6)
Seat 6: ksatom (big blind) folded before Flop


PokerStars Hand #164815147040:  Hold'em Limit ($3/$6 USD) - 2017/01/19 2:43:36 ET
Table 'Pamina' 6-max Seat #6 is the button
Seat 1: perten ($114.80 in chips)
Seat 6: ksatom ($94.18 in chips)
ksatom: posts small blind $1
perten: posts big blind $3
*** HOLE CARDS ***
VolkovDmitri leaves the table
ksatom: folds
Uncalled bet ($2) returned to perten
perten collected $2 from pot
*** SUMMARY ***
Total pot $2 | Rake $0
Seat 1: perten (big blind) collected ($2)
Seat 6: ksatom (button) (small blind) folded before Flop


PokerStars Hand #164815151291:  Hold'em Limit ($3/$6 USD) - 2017/01/19 2:43:51 ET
Table 'Pamina' 6-max Seat #6 is the button
Seat 1: perten ($118.80 in chips)
Seat 6: ksatom ($90.18 in chips)
ksatom: posts small blind $1
perten: posts big blind $3
*** HOLE CARDS ***
ksatom: folds
Uncalled bet ($2) returned to perten
perten collected $2 from pot
*** SUMMARY ***
Total pot $2 | Rake $0
Seat 1: perten (big blind) collected ($2)
Seat 6: ksatom (button) (small blind) folded before Flop


PokerStars Hand #164815149097:  Hold'em Limit ($3/$6 USD) - 2017/01/19 2:43:43 ET
Table 'Pamina' 6-max Seat #1 is the button
Seat 1: perten ($115.80 in chips)
Seat 6: ksatom ($93.18 in chips)
perten: posts small blind $1
ksatom: posts big blind $3
*** HOLE CARDS ***
perten: raises $3 to $6
ksatom: folds
Uncalled bet ($3) returned to perten
perten collected $6 from pot
*** SUMMARY ***
Total pot $6 | Rake $0
Seat 1: perten (button) (small blind) collected ($6)
Seat 6: ksatom (big blind) folded before Flop


PokerStars Hand #164815152688:  Hold'em Limit ($3/$6 USD) - 2017/01/19 2:43:56 ET
Table 'Pamina' 6-max Seat #1 is the button
Seat 1: perten ($119.80 in chips)
Seat 6: ksatom ($89.18 in chips)
perten: posts small blind $1
ksatom: posts big blind $3
*** HOLE CARDS ***
perten: raises $3 to $6
ksatom: calls $3
*** FLOP *** [8c 4c Jh]
ksatom: bets $3
perten: raises $3 to $6
ksatom: calls $3
*** TURN *** [8c 4c Jh] [9h]
ksatom: bets $6
perten: raises $6 to $12
ksatom: calls $6
*** RIVER *** [8c 4c Jh 9h] [6d]
ksatom: checks
perten: bets $6
ksatom: calls $6
*** SHOW DOWN ***
perten: shows [Jc 8s] (two pair, Jacks and Eights)
ksatom: mucks hand
perten collected $59.50 from pot
*** SUMMARY ***
Total pot $60 | Rake $0.50
Board [8c 4c Jh 9h 6d]
Seat 1: perten (button) (small blind) showed [Jc 8s] and won ($59.50) with two pair, Jacks and Eights
Seat 6: ksatom (big blind) mucked


