PokerStars Hand #163428428550:  Hold'em Limit ($3/$6 USD) - 2016/12/23 22:39:39 ET
Table 'Pamina' 6-max Seat #1 is the button
Seat 1: LifeisagameX ($84 in chips)
Seat 2: habari786 ($60 in chips)
LifeisagameX: posts small blind $1
habari786: posts big blind $3
*** HOLE CARDS ***
LifeisagameX: raises $3 to $6
habari786: raises $3 to $9
LifeisagameX: calls $3
*** FLOP *** [3s 8d 8c]
MissEKAmouse joins the table at seat #3
habari786: bets $3
LifeisagameX: calls $3
*** TURN *** [3s 8d 8c] [2h]
habari786: bets $6
LifeisagameX: calls $6
*** RIVER *** [3s 8d 8c 2h] [Kc]
habari786: bets $6
LifeisagameX: calls $6
*** SHOW DOWN ***
habari786: shows [Ad 9s] (a pair of Eights)
LifeisagameX: shows [Kh Jh] (two pair, Kings and Eights)
LifeisagameX collected $47.50 from pot
*** SUMMARY ***
Total pot $48 | Rake $0.50
Board [3s 8d 8c 2h Kc]
Seat 1: LifeisagameX (button) (small blind) showed [Kh Jh] and won ($47.50) with two pair, Kings and Eights
Seat 2: habari786 (big blind) showed [Ad 9s] and lost with a pair of Eights


PokerStars Hand #163431187431:  Hold'em Limit ($3/$6 USD) - 2016/12/24 0:54:23 ET
Table 'Pamina' 6-max Seat #6 is the button
Seat 2: roxstar2927 ($88.98 in chips)
Seat 6: ToDaFelt ($367.67 in chips)
ToDaFelt: posts small blind $1
roxstar2927: posts big blind $3
*** HOLE CARDS ***
ToDaFelt: raises $3 to $6
roxstar2927: folds
Uncalled bet ($3) returned to ToDaFelt
ToDaFelt collected $6 from pot
ToDaFelt: doesn't show hand
*** SUMMARY ***
Total pot $6 | Rake $0
Seat 2: roxstar2927 (big blind) folded before Flop
Seat 6: ToDaFelt (button) (small blind) collected ($6)


PokerStars Hand #163431175370:  Hold'em Limit ($3/$6 USD) - 2016/12/24 0:53:43 ET
Table 'Pamina' 6-max Seat #2 is the button
Seat 2: roxstar2927 ($83.22 in chips)
Seat 6: ToDaFelt ($373.67 in chips)
roxstar2927: posts small blind $1
ToDaFelt: posts big blind $3
*** HOLE CARDS ***
italianhero4 leaves the table
roxstar2927: raises $3 to $6
ToDaFelt: calls $3
*** FLOP *** [8c 7h Ad]
ToDaFelt: checks
roxstar2927: bets $3
Lord Chroto joins the table at seat #3
ToDaFelt: folds
Uncalled bet ($3) returned to roxstar2927
roxstar2927 collected $11.76 from pot
roxstar2927: doesn't show hand
*** SUMMARY ***
Total pot $12 | Rake $0.24
Board [8c 7h Ad]
Seat 2: roxstar2927 (button) (small blind) collected ($11.76)
Seat 6: ToDaFelt (big blind) folded on the Flop


PokerStars Hand #163431246805:  Hold'em Limit ($3/$6 USD) - 2016/12/24 0:57:57 ET
Table 'Pamina' 6-max Seat #2 is the button
Seat 2: roxstar2927 ($118.48 in chips)
Seat 6: ToDaFelt ($348.35 in chips)
roxstar2927: posts small blind $1
ToDaFelt: posts big blind $3
*** HOLE CARDS ***
roxstar2927: folds
Uncalled bet ($2) returned to ToDaFelt
ToDaFelt collected $2 from pot
ToDaFelt: doesn't show hand
*** SUMMARY ***
Total pot $2 | Rake $0
Seat 2: roxstar2927 (button) (small blind) folded before Flop
Seat 6: ToDaFelt (big blind) collected ($2)


PokerStars Hand #163431239789:  Hold'em Limit ($3/$6 USD) - 2016/12/24 0:57:31 ET
Table 'Pamina' 6-max Seat #6 is the button
Seat 2: roxstar2927 ($103.98 in chips)
Seat 6: ToDaFelt ($363.35 in chips)
ToDaFelt: posts small blind $1
roxstar2927: posts big blind $3
*** HOLE CARDS ***
ToDaFelt: raises $3 to $6
roxstar2927: calls $3
*** FLOP *** [5h 4c Qs]
roxstar2927: checks
ToDaFelt: bets $3
roxstar2927: calls $3
*** TURN *** [5h 4c Qs] [Qd]
roxstar2927: checks
ToDaFelt: bets $6
roxstar2927: raises $6 to $12
ToDaFelt: folds
Uncalled bet ($6) returned to roxstar2927
roxstar2927 collected $29.50 from pot
roxstar2927: doesn't show hand
*** SUMMARY ***
Total pot $30 | Rake $0.50
Board [5h 4c Qs Qd]
Seat 2: roxstar2927 (big blind) collected ($29.50)
Seat 6: ToDaFelt (button) (small blind) folded on the Turn


PokerStars Hand #163431492397:  Hold'em Limit ($3/$6 USD) - 2016/12/24 1:11:31 ET
Table 'Pamina' 6-max Seat #2 is the button
Seat 2: roxstar2927 ($109.74 in chips)
Seat 6: ToDaFelt ($327.22 in chips)
roxstar2927: posts small blind $1
ToDaFelt: posts big blind $3
*** HOLE CARDS ***
roxstar2927: raises $3 to $6
ToDaFelt: calls $3
*** FLOP *** [3s 2h Js]
ToDaFelt: checks
roxstar2927: bets $3
ToDaFelt: raises $3 to $6
roxstar2927: calls $3
*** TURN *** [3s 2h Js] [Ah]
ToDaFelt: bets $6
roxstar2927: raises $6 to $12
ToDaFelt: calls $6
*** RIVER *** [3s 2h Js Ah] [9s]
ToDaFelt: checks
roxstar2927: bets $6
ToDaFelt: calls $6
*** SHOW DOWN ***
roxstar2927: shows [7d Qd] (high card Ace)
ToDaFelt: shows [Th 3h] (a pair of Threes)
ToDaFelt collected $59.50 from pot
*** SUMMARY ***
Total pot $60 | Rake $0.50
Board [3s 2h Js Ah 9s]
Seat 2: roxstar2927 (button) (small blind) showed [7d Qd] and lost with high card Ace
Seat 6: ToDaFelt (big blind) showed [Th 3h] and won ($59.50) with a pair of Threes


PokerStars Hand #163431512425:  Hold'em Limit ($3/$6 USD) - 2016/12/24 1:12:37 ET
Table 'Pamina' 6-max Seat #6 is the button
Seat 2: roxstar2927 ($79.74 in chips)
Seat 6: ToDaFelt ($356.72 in chips)
ToDaFelt: posts small blind $1
roxstar2927: posts big blind $3
*** HOLE CARDS ***
ToDaFelt: folds
Uncalled bet ($2) returned to roxstar2927
roxstar2927 collected $2 from pot
roxstar2927: doesn't show hand
*** SUMMARY ***
Total pot $2 | Rake $0
Seat 2: roxstar2927 (big blind) collected ($2)
Seat 6: ToDaFelt (button) (small blind) folded before Flop


