PokerStars Hand #156106095682:  Hold'em Limit ($3/$6 USD) - 2016/07/17 18:30:07 ET
Table 'Pamina' 10-max Seat #7 is the button
Seat 1: Brando Jr ($209.76 in chips)
Seat 7: Darts ($235.44 in chips)
Darts: posts small blind $1
Brando Jr: posts big blind $3
*** HOLE CARDS ***
Darts: raises $3 to $6
Brando Jr: calls $3
*** FLOP *** [6h 2s As]
Brando Jr: checks
Darts: checks
*** TURN *** [6h 2s As] [Js]
Brando Jr: bets $6
Darts: folds
Uncalled bet ($6) returned to Brando Jr
Brando Jr collected $11.76 from pot
Brando Jr: doesn't show hand
*** SUMMARY ***
Total pot $12 | Rake $0.24
Board [6h 2s As Js]
Seat 1: Brando Jr (big blind) collected ($11.76)
Seat 7: Darts (button) (small blind) folded on the Turn


PokerStars Hand #156106146212:  Hold'em Limit ($3/$6 USD) - 2016/07/17 18:31:19 ET
Table 'Pamina' 10-max Seat #7 is the button
Seat 1: Brando Jr ($231.02 in chips)
Seat 7: Darts ($213.08 in chips)
Darts: posts small blind $1
Brando Jr: posts big blind $3
*** HOLE CARDS ***
Darts: raises $3 to $6
Brando Jr: folds
Uncalled bet ($3) returned to Darts
Darts collected $6 from pot
Darts: doesn't show hand
*** SUMMARY ***
Total pot $6 | Rake $0
Seat 1: Brando Jr (big blind) folded before Flop
Seat 7: Darts (button) (small blind) collected ($6)


PokerStars Hand #156106128189:  Hold'em Limit ($3/$6 USD) - 2016/07/17 18:30:54 ET
Table 'Pamina' 10-max Seat #1 is the button
Seat 1: Brando Jr ($207.52 in chips)
Seat 7: Darts ($237.08 in chips)
Brando Jr: posts small blind $1
Darts: posts big blind $3
*** HOLE CARDS ***
Brando Jr: raises $3 to $6
Darts: calls $3
*** FLOP *** [Kd 8d Kh]
Darts: checks
Brando Jr: bets $3
Darts: raises $3 to $6
Brando Jr: calls $3
*** TURN *** [Kd 8d Kh] [Ks]
Darts: bets $6
Brando Jr: calls $6
*** RIVER *** [Kd 8d Kh Ks] [9d]
Darts: bets $6
Brando Jr: calls $6
*** SHOW DOWN ***
Darts: shows [8h Qh] (a full house, Kings full of Eights)
Brando Jr: shows [Ac 9s] (a full house, Kings full of Nines)
Brando Jr collected $47.50 from pot
*** SUMMARY ***
Total pot $48 | Rake $0.50
Board [Kd 8d Kh Ks 9d]
Seat 1: Brando Jr (button) (small blind) showed [Ac 9s] and won ($47.50) with a full house, Kings full of Nines
Seat 7: Darts (big blind) showed [8h Qh] and lost with a full house, Kings full of Eights


PokerStars Hand #156106106594:  Hold'em Limit ($3/$6 USD) - 2016/07/17 18:30:23 ET
Table 'Pamina' 10-max Seat #1 is the button
Seat 1: Brando Jr ($215.52 in chips)
Seat 7: Darts ($229.44 in chips)
Brando Jr: posts small blind $1
Darts: posts big blind $3
*** HOLE CARDS ***
Brando Jr: raises $3 to $6
Darts: calls $3
*** FLOP *** [Qs 4s Ac]
Darts: checks
Brando Jr: bets $3
Darts: raises $3 to $6
Brando Jr: folds
Uncalled bet ($3) returned to Darts
Darts collected $17.64 from pot
Darts: doesn't show hand
*** SUMMARY ***
Total pot $18 | Rake $0.36
Board [Qs 4s Ac]
Seat 1: Brando Jr (button) (small blind) folded on the Flop
Seat 7: Darts (big blind) collected ($17.64)


PokerStars Hand #156106173970:  Hold'em Limit ($3/$6 USD) - 2016/07/17 18:31:58 ET
Table 'Pamina' 10-max Seat #7 is the button
Seat 1: Brando Jr ($245.52 in chips)
Seat 7: Darts ($198.08 in chips)
Darts: posts small blind $1
Brando Jr: posts big blind $3
*** HOLE CARDS ***
Darts: raises $3 to $6
Brando Jr: folds
Uncalled bet ($3) returned to Darts
Darts collected $6 from pot
Darts: doesn't show hand
*** SUMMARY ***
Total pot $6 | Rake $0
Seat 1: Brando Jr (big blind) folded before Flop
Seat 7: Darts (button) (small blind) collected ($6)


PokerStars Hand #156106155667:  Hold'em Limit ($3/$6 USD) - 2016/07/17 18:31:32 ET
Table 'Pamina' 10-max Seat #1 is the button
Seat 1: Brando Jr ($228.02 in chips)
Seat 7: Darts ($216.08 in chips)
Brando Jr: posts small blind $1
Darts: posts big blind $3
*** HOLE CARDS ***
Brando Jr: raises $3 to $6
Darts: raises $3 to $9
Brando Jr: calls $3
*** FLOP *** [3d 9s 7s]
Darts: checks
Brando Jr: bets $3
Darts: calls $3
*** TURN *** [3d 9s 7s] [5d]
Darts: checks
Brando Jr: bets $6
Darts: calls $6
*** RIVER *** [3d 9s 7s 5d] [9h]
Darts: checks
Brando Jr: bets $6
Darts: folds
Uncalled bet ($6) returned to Brando Jr
Brando Jr collected $35.50 from pot
Brando Jr: doesn't show hand
*** SUMMARY ***
Total pot $36 | Rake $0.50
Board [3d 9s 7s 5d 9h]
Seat 1: Brando Jr (button) (small blind) collected ($35.50)
Seat 7: Darts (big blind) folded on the River


PokerStars Hand #156106226068:  Hold'em Limit ($3/$6 USD) - 2016/07/17 18:33:13 ET
Table 'Pamina' 10-max Seat #1 is the button
Seat 1: Brando Jr ($272.54 in chips)
Seat 7: Darts ($170.08 in chips)
Brando Jr: posts small blind $1
Darts: posts big blind $3
*** HOLE CARDS ***
Brando Jr: folds
Uncalled bet ($2) returned to Darts
Darts collected $2 from pot
Darts: doesn't show hand
*** SUMMARY ***
Total pot $2 | Rake $0
Seat 1: Brando Jr (button) (small blind) folded before Flop
Seat 7: Darts (big blind) collected ($2)


PokerStars Hand #156106222739:  Hold'em Limit ($3/$6 USD) - 2016/07/17 18:33:08 ET
Table 'Pamina' 10-max Seat #7 is the button
Seat 1: Brando Jr ($271.54 in chips)
Seat 7: Darts ($171.08 in chips)
Darts: posts small blind $1
Brando Jr: posts big blind $3
*** HOLE CARDS ***
Darts: folds
Uncalled bet ($2) returned to Brando Jr
Brando Jr collected $2 from pot
Brando Jr: doesn't show hand
*** SUMMARY ***
Total pot $2 | Rake $0
Seat 1: Brando Jr (big blind) collected ($2)
Seat 7: Darts (button) (small blind) folded before Flop


PokerStars Hand #156106214002:  Hold'em Limit ($3/$6 USD) - 2016/07/17 18:32:56 ET
Table 'Pamina' 10-max Seat #1 is the button
Seat 1: Brando Jr ($265.78 in chips)
Seat 7: Darts ($177.08 in chips)
Brando Jr: posts small blind $1
Darts: posts big blind $3
*** HOLE CARDS ***
Brando Jr: raises $3 to $6
Darts: calls $3
*** FLOP *** [9d Kc Jh]
Darts: checks
Brando Jr: bets $3
Darts: folds
Uncalled bet ($3) returned to Brando Jr
Brando Jr collected $11.76 from pot
Brando Jr: doesn't show hand
*** SUMMARY ***
Total pot $12 | Rake $0.24
Board [9d Kc Jh]
Seat 1: Brando Jr (button) (small blind) collected ($11.76)
Seat 7: Darts (big blind) folded on the Flop


PokerStars Hand #156106202975:  Hold'em Limit ($3/$6 USD) - 2016/07/17 18:32:40 ET
Table 'Pamina' 10-max Seat #7 is the button
Seat 1: Brando Jr ($260.02 in chips)
Seat 7: Darts ($183.08 in chips)
Darts: posts small blind $1
Brando Jr: posts big blind $3
*** HOLE CARDS ***
Darts: raises $3 to $6
Brando Jr: calls $3
*** FLOP *** [4c Qh Kd]
Brando Jr: checks
Darts: checks
*** TURN *** [4c Qh Kd] [8h]
Brando Jr: bets $6
Darts: folds
Uncalled bet ($6) returned to Brando Jr
Brando Jr collected $11.76 from pot
Brando Jr: doesn't show hand
*** SUMMARY ***
Total pot $12 | Rake $0.24
Board [4c Qh Kd 8h]
Seat 1: Brando Jr (big blind) collected ($11.76)
Seat 7: Darts (button) (small blind) folded on the Turn


PokerStars Hand #156106184888:  Hold'em Limit ($3/$6 USD) - 2016/07/17 18:32:14 ET
Table 'Pamina' 10-max Seat #1 is the button
Seat 1: Brando Jr ($242.52 in chips)
Seat 7: Darts ($201.08 in chips)
Brando Jr: posts small blind $1
Darts: posts big blind $3
*** HOLE CARDS ***
Brando Jr: raises $3 to $6
Darts: raises $3 to $9
Brando Jr: calls $3
*** FLOP *** [8c Tc 8s]
Darts: bets $3
Brando Jr: calls $3
*** TURN *** [8c Tc 8s] [6s]
Darts: checks
Brando Jr: bets $6
Darts: calls $6
*** RIVER *** [8c Tc 8s 6s] [5s]
Darts: checks
Brando Jr: checks
*** SHOW DOWN ***
Darts: shows [Qd Kd] (a pair of Eights)
Brando Jr: shows [Ac Jh] (a pair of Eights - Ace kicker)
Brando Jr collected $35.50 from pot
*** SUMMARY ***
Total pot $36 | Rake $0.50
Board [8c Tc 8s 6s 5s]
Seat 1: Brando Jr (button) (small blind) showed [Ac Jh] and won ($35.50) with a pair of Eights
Seat 7: Darts (big blind) showed [Qd Kd] and lost with a pair of Eights


PokerStars Hand #156106254278:  Hold'em Limit ($3/$6 USD) - 2016/07/17 18:33:54 ET
Table 'Pamina' 10-max Seat #1 is the button
Seat 1: Brando Jr ($289.04 in chips)
Seat 7: Darts ($153.08 in chips)
Brando Jr: posts small blind $1
Darts: posts big blind $3
*** HOLE CARDS ***
Brando Jr: raises $3 to $6
Darts: calls $3
*** FLOP *** [8d 2d 6h]
Darts: checks
Brando Jr: bets $3
Darts: folds
Uncalled bet ($3) returned to Brando Jr
Brando Jr collected $11.76 from pot
Brando Jr: doesn't show hand
*** SUMMARY ***
Total pot $12 | Rake $0.24
Board [8d 2d 6h]
Seat 1: Brando Jr (button) (small blind) collected ($11.76)
Seat 7: Darts (big blind) folded on the Flop


PokerStars Hand #156106250699:  Hold'em Limit ($3/$6 USD) - 2016/07/17 18:33:49 ET
Table 'Pamina' 10-max Seat #7 is the button
Seat 1: Brando Jr ($288.04 in chips)
Seat 7: Darts ($154.08 in chips)
Darts: posts small blind $1
Brando Jr: posts big blind $3
*** HOLE CARDS ***
Darts: folds
Uncalled bet ($2) returned to Brando Jr
Brando Jr collected $2 from pot
Brando Jr: doesn't show hand
*** SUMMARY ***
Total pot $2 | Rake $0
Seat 1: Brando Jr (big blind) collected ($2)
Seat 7: Darts (button) (small blind) folded before Flop


PokerStars Hand #156106247084:  Hold'em Limit ($3/$6 USD) - 2016/07/17 18:33:43 ET
Table 'Pamina' 10-max Seat #1 is the button
Seat 1: Brando Jr ($289.04 in chips)
Seat 7: Darts ($153.08 in chips)
Brando Jr: posts small blind $1
Darts: posts big blind $3
*** HOLE CARDS ***
Brando Jr: folds
Uncalled bet ($2) returned to Darts
Darts collected $2 from pot
Darts: doesn't show hand
*** SUMMARY ***
Total pot $2 | Rake $0
Seat 1: Brando Jr (button) (small blind) folded before Flop
Seat 7: Darts (big blind) collected ($2)


PokerStars Hand #156106230439:  Hold'em Limit ($3/$6 USD) - 2016/07/17 18:33:19 ET
Table 'Pamina' 10-max Seat #7 is the button
Seat 1: Brando Jr ($271.54 in chips)
Seat 7: Darts ($171.08 in chips)
Darts: posts small blind $1
Brando Jr: posts big blind $3
*** HOLE CARDS ***
Darts: raises $3 to $6
Brando Jr: calls $3
*** FLOP *** [Js Qd 2h]
Brando Jr: checks
Darts: bets $3
Brando Jr: raises $3 to $6
Darts: calls $3
*** TURN *** [Js Qd 2h] [4s]
Brando Jr: bets $6
Darts: calls $6
*** RIVER *** [Js Qd 2h 4s] [3d]
Brando Jr: bets $6
Darts: folds
Uncalled bet ($6) returned to Brando Jr
Brando Jr collected $35.50 from pot
Brando Jr: doesn't show hand
*** SUMMARY ***
Total pot $36 | Rake $0.50
Board [Js Qd 2h 4s 3d]
Seat 1: Brando Jr (big blind) collected ($35.50)
Seat 7: Darts (button) (small blind) folded on the River


PokerStars Hand #156106303336:  Hold'em Limit ($3/$6 USD) - 2016/07/17 18:34:56 ET
Table 'Pamina' 10-max Seat #7 is the button
Seat 1: Brando Jr ($305.32 in chips)
Seat 7: Darts ($136.08 in chips)
Darts: posts small blind $1
Brando Jr: posts big blind $3
*** HOLE CARDS ***
Darts: raises $3 to $6
Brando Jr: calls $3
*** FLOP *** [7s 5s 3c]
Brando Jr: checks
Darts: bets $3
Brando Jr: raises $3 to $6
Darts: raises $3 to $9
Brando Jr: calls $3
*** TURN *** [7s 5s 3c] [Td]
Brando Jr: checks
Darts: bets $6
Brando Jr: calls $6
*** RIVER *** [7s 5s 3c Td] [7h]
Brando Jr: checks
Darts: bets $6
Brando Jr: calls $6
*** SHOW DOWN ***
Darts: shows [3h Jd] (two pair, Sevens and Threes)
Brando Jr: mucks hand
Darts collected $53.50 from pot
*** SUMMARY ***
Total pot $54 | Rake $0.50
Board [7s 5s 3c Td 7h]
Seat 1: Brando Jr (big blind) mucked
Seat 7: Darts (button) (small blind) showed [3h Jd] and won ($53.50) with two pair, Sevens and Threes


PokerStars Hand #156106299200:  Hold'em Limit ($3/$6 USD) - 2016/07/17 18:34:50 ET
Table 'Pamina' 10-max Seat #1 is the button
Seat 1: Brando Jr ($306.32 in chips)
Seat 7: Darts ($135.08 in chips)
Brando Jr: posts small blind $1
Darts: posts big blind $3
*** HOLE CARDS ***
Brando Jr: folds
Uncalled bet ($2) returned to Darts
Darts collected $2 from pot
Darts: doesn't show hand
*** SUMMARY ***
Total pot $2 | Rake $0
Seat 1: Brando Jr (button) (small blind) folded before Flop
Seat 7: Darts (big blind) collected ($2)


PokerStars Hand #156106270466:  Hold'em Limit ($3/$6 USD) - 2016/07/17 18:34:17 ET
Table 'Pamina' 10-max Seat #7 is the button
Seat 1: Brando Jr ($294.80 in chips)
Seat 7: Darts ($147.08 in chips)
Darts: posts small blind $1
Brando Jr: posts big blind $3
*** HOLE CARDS ***
Darts: raises $3 to $6
Brando Jr: calls $3
*** FLOP *** [Ah 8s Ad]
Brando Jr: checks
Darts: checks
*** TURN *** [Ah 8s Ad] [Ac]
Brando Jr: checks
Darts: bets $6
Brando Jr: raises $6 to $12
Darts: folds
Uncalled bet ($6) returned to Brando Jr
Brando Jr collected $23.52 from pot
Brando Jr: doesn't show hand
*** SUMMARY ***
Total pot $24 | Rake $0.48
Board [Ah 8s Ad Ac]
Seat 1: Brando Jr (big blind) collected ($23.52)
Seat 7: Darts (button) (small blind) folded on the Turn


PokerStars Hand #156106364908:  Hold'em Limit ($3/$6 USD) - 2016/07/17 18:36:25 ET
Table 'Pamina' 10-max Seat #1 is the button
Seat 1: Brando Jr ($277.82 in chips)
Seat 7: Darts ($162.08 in chips)
Brando Jr: posts small blind $1
Darts: posts big blind $3
*** HOLE CARDS ***
Brando Jr: folds
Uncalled bet ($2) returned to Darts
Darts collected $2 from pot
Darts: doesn't show hand
*** SUMMARY ***
Total pot $2 | Rake $0
Seat 1: Brando Jr (button) (small blind) folded before Flop
Seat 7: Darts (big blind) collected ($2)


PokerStars Hand #156106347103:  Hold'em Limit ($3/$6 USD) - 2016/07/17 18:35:59 ET
Table 'Pamina' 10-max Seat #7 is the button
Seat 1: Brando Jr ($254.32 in chips)
Seat 7: Darts ($186.08 in chips)
Darts: posts small blind $1
Brando Jr: posts big blind $3
*** HOLE CARDS ***
Darts: raises $3 to $6
Brando Jr: calls $3
*** FLOP *** [Ac Jc Kh]
Brando Jr: checks
Darts: checks
*** TURN *** [Ac Jc Kh] [8s]
Brando Jr: bets $6
Darts: raises $6 to $12
Brando Jr: calls $6
*** RIVER *** [Ac Jc Kh 8s] [8h]
Brando Jr: checks
Darts: bets $6
Brando Jr: calls $6
*** SHOW DOWN ***
Darts: shows [Ks 6c] (two pair, Kings and Eights)
Brando Jr: shows [3c Ad] (two pair, Aces and Eights)
Brando Jr collected $47.50 from pot
*** SUMMARY ***
Total pot $48 | Rake $0.50
Board [Ac Jc Kh 8s 8h]
Seat 1: Brando Jr (big blind) showed [3c Ad] and won ($47.50) with two pair, Aces and Eights
Seat 7: Darts (button) (small blind) showed [Ks 6c] and lost with two pair, Kings and Eights


PokerStars Hand #156106321545:  Hold'em Limit ($3/$6 USD) - 2016/07/17 18:35:22 ET
Table 'Pamina' 10-max Seat #1 is the button
Seat 1: Brando Jr ($278.32 in chips)
Seat 7: Darts ($162.58 in chips)
Brando Jr: posts small blind $1
Darts: posts big blind $3
*** HOLE CARDS ***
Brando Jr: raises $3 to $6
Darts: calls $3
*** FLOP *** [7s 7c Ac]
Darts: checks
Brando Jr: bets $3
Darts: raises $3 to $6
Brando Jr: calls $3
*** TURN *** [7s 7c Ac] [2h]
Darts: bets $6
Brando Jr: calls $6
*** RIVER *** [7s 7c Ac 2h] [4h]
Darts: bets $6
Brando Jr: calls $6
*** SHOW DOWN ***
Darts: shows [Ad 4s] (two pair, Aces and Sevens)
Brando Jr: mucks hand
Darts collected $47.50 from pot
*** SUMMARY ***
Total pot $48 | Rake $0.50
Board [7s 7c Ac 2h 4h]
Seat 1: Brando Jr (button) (small blind) mucked
Seat 7: Darts (big blind) showed [Ad 4s] and won ($47.50) with two pair, Aces and Sevens


