PokerStars Hand #164887989509:  Hold'em Limit ($3/$6 USD) - 2017/01/20 13:04:14 ET
Table 'Pamina' 6-max Seat #5 is the button
Seat 4: Actionni13 ($150 in chips)
Seat 5: sim5sim5 ($73 in chips)
sim5sim5: posts small blind $1
Actionni13: posts big blind $3
*** HOLE CARDS ***
sim5sim5: raises $3 to $6
Actionni13: calls $3
*** FLOP *** [3d 7d Ad]
Actionni13: checks
sim5sim5: bets $3
Actionni13: folds
Uncalled bet ($3) returned to sim5sim5
sim5sim5 collected $11.76 from pot
sim5sim5: doesn't show hand
*** SUMMARY ***
Total pot $12 | Rake $0.24
Board [3d 7d Ad]
Seat 4: Actionni13 (big blind) folded on the Flop
Seat 5: sim5sim5 (button) (small blind) collected ($11.76)


PokerStars Hand #164887977077:  Hold'em Limit ($3/$6 USD) - 2017/01/20 13:04:00 ET
Table 'Pamina' 6-max Seat #4 is the button
Seat 4: Actionni13 ($150 in chips)
Seat 5: sim5sim5 ($72 in chips)
Actionni13: posts small blind $1
sim5sim5: posts big blind $3
*** HOLE CARDS ***
Actionni13: folds
Uncalled bet ($2) returned to sim5sim5
sim5sim5 collected $2 from pot
sim5sim5: doesn't show hand
*** SUMMARY ***
Total pot $2 | Rake $0
Seat 4: Actionni13 (button) (small blind) folded before Flop
Seat 5: sim5sim5 (big blind) collected ($2)


PokerStars Hand #164888048349:  Hold'em Limit ($3/$6 USD) - 2017/01/20 13:05:20 ET
Table 'Pamina' 6-max Seat #4 is the button
Seat 4: Actionni13 ($161.52 in chips)
Seat 5: sim5sim5 ($72.52 in chips)
Actionni13: posts small blind $1
sim5sim5: posts big blind $3
*** HOLE CARDS ***
Actionni13: raises $3 to $6
sim5sim5: calls $3
*** FLOP *** [9c 8d 4d]
sim5sim5: checks
Actionni13: bets $3
sim5sim5: folds
Uncalled bet ($3) returned to Actionni13
Actionni13 collected $11.76 from pot
*** SUMMARY ***
Total pot $12 | Rake $0.24
Board [9c 8d 4d]
Seat 4: Actionni13 (button) (small blind) collected ($11.76)
Seat 5: sim5sim5 (big blind) folded on the Flop


PokerStars Hand #164888028814:  Hold'em Limit ($3/$6 USD) - 2017/01/20 13:05:00 ET
Table 'Pamina' 6-max Seat #5 is the button
Seat 4: Actionni13 ($150 in chips)
Seat 5: sim5sim5 ($84.52 in chips)
sim5sim5: posts small blind $1
Actionni13: posts big blind $3
*** HOLE CARDS ***
sim5sim5: raises $3 to $6
Actionni13: raises $3 to $9
sim5sim5: calls $3
*** FLOP *** [2h 8d Td]
Actionni13: bets $3
sim5sim5: calls $3
*** TURN *** [2h 8d Td] [Ts]
Actionni13: bets $6
sim5sim5: folds
Uncalled bet ($6) returned to Actionni13
Actionni13 collected $23.52 from pot
*** SUMMARY ***
Total pot $24 | Rake $0.48
Board [2h 8d Td Ts]
Seat 4: Actionni13 (big blind) collected ($23.52)
Seat 5: sim5sim5 (button) (small blind) folded on the Turn


PokerStars Hand #164888011153:  Hold'em Limit ($3/$6 USD) - 2017/01/20 13:04:39 ET
Table 'Pamina' 6-max Seat #4 is the button
Seat 4: Actionni13 ($150 in chips)
Seat 5: sim5sim5 ($78.76 in chips)
Actionni13: posts small blind $1
sim5sim5: posts big blind $3
*** HOLE CARDS ***
Actionni13: raises $3 to $6
sim5sim5: calls $3
*** FLOP *** [5c Th 9d]
sim5sim5: checks
Actionni13: checks
*** TURN *** [5c Th 9d] [7d]
sim5sim5: bets $6
Actionni13: folds
Uncalled bet ($6) returned to sim5sim5
sim5sim5 collected $11.76 from pot
sim5sim5: doesn't show hand
*** SUMMARY ***
Total pot $12 | Rake $0.24
Board [5c Th 9d 7d]
Seat 4: Actionni13 (button) (small blind) folded on the Turn
Seat 5: sim5sim5 (big blind) collected ($11.76)


PokerStars Hand #164888096955:  Hold'em Limit ($3/$6 USD) - 2017/01/20 13:06:16 ET
Table 'Pamina' 6-max Seat #4 is the button
Seat 4: Actionni13 ($167.04 in chips)
Seat 5: sim5sim5 ($75 in chips)
Actionni13: posts small blind $1
sim5sim5: posts big blind $3
*** HOLE CARDS ***
Actionni13: raises $3 to $6
sim5sim5: calls $3
*** FLOP *** [Ks 5h 6c]
sim5sim5: checks
Actionni13: bets $3
sim5sim5: raises $3 to $6
Actionni13: folds
Uncalled bet ($3) returned to sim5sim5
sim5sim5 collected $17.64 from pot
sim5sim5: doesn't show hand
*** SUMMARY ***
Total pot $18 | Rake $0.36
Board [Ks 5h 6c]
Seat 4: Actionni13 (button) (small blind) folded on the Flop
Seat 5: sim5sim5 (big blind) collected ($17.64)


PokerStars Hand #164888073448:  Hold'em Limit ($3/$6 USD) - 2017/01/20 13:05:49 ET
Table 'Pamina' 6-max Seat #4 is the button
Seat 4: Actionni13 ($164.28 in chips)
Seat 5: sim5sim5 ($75 in chips)
Actionni13: posts small blind $1
sim5sim5: posts big blind $3
*** HOLE CARDS ***
Actionni13: raises $3 to $6
sim5sim5: calls $3
*** FLOP *** [Kd 7d Td]
sim5sim5: checks
Actionni13: bets $3
sim5sim5: folds
Uncalled bet ($3) returned to Actionni13
Actionni13 collected $11.76 from pot
*** SUMMARY ***
Total pot $12 | Rake $0.24
Board [Kd 7d Td]
Seat 4: Actionni13 (button) (small blind) collected ($11.76)
Seat 5: sim5sim5 (big blind) folded on the Flop


PokerStars Hand #164888152674:  Hold'em Limit ($3/$6 USD) - 2017/01/20 13:07:16 ET
Table 'Pamina' 6-max Seat #4 is the button
Seat 4: Actionni13 ($175.54 in chips)
Seat 5: sim5sim5 ($72 in chips)
Actionni13: posts small blind $1
sim5sim5: posts big blind $3
*** HOLE CARDS ***
Actionni13: raises $3 to $6
sim5sim5: calls $3
*** FLOP *** [As Ah 6c]
sim5sim5: checks
Actionni13: checks
*** TURN *** [As Ah 6c] [2c]
sim5sim5: checks
Actionni13: checks
*** RIVER *** [As Ah 6c 2c] [Jd]
sim5sim5: checks
Actionni13: bets $6
sim5sim5: folds
Uncalled bet ($6) returned to Actionni13
Actionni13 collected $11.76 from pot
*** SUMMARY ***
Total pot $12 | Rake $0.24
Board [As Ah 6c 2c Jd]
Seat 4: Actionni13 (button) (small blind) collected ($11.76)
Seat 5: sim5sim5 (big blind) folded on the River


PokerStars Hand #164888144044:  Hold'em Limit ($3/$6 USD) - 2017/01/20 13:07:09 ET
Table 'Pamina' 6-max Seat #5 is the button
Seat 4: Actionni13 ($174.54 in chips)
Seat 5: sim5sim5 ($73 in chips)
sim5sim5: posts small blind $1
Actionni13: posts big blind $3
*** HOLE CARDS ***
sim5sim5: folds
Uncalled bet ($2) returned to Actionni13
Actionni13 collected $2 from pot
*** SUMMARY ***
Total pot $2 | Rake $0
Seat 4: Actionni13 (big blind) collected ($2)
Seat 5: sim5sim5 (button) (small blind) folded before Flop


PokerStars Hand #164888139740:  Hold'em Limit ($3/$6 USD) - 2017/01/20 13:07:05 ET
Table 'Pamina' 6-max Seat #4 is the button
Seat 4: Actionni13 ($175.54 in chips)
Seat 5: sim5sim5 ($72 in chips)
Actionni13: posts small blind $1
sim5sim5: posts big blind $3
*** HOLE CARDS ***
Actionni13: folds
Uncalled bet ($2) returned to sim5sim5
sim5sim5 collected $2 from pot
sim5sim5: doesn't show hand
*** SUMMARY ***
Total pot $2 | Rake $0
Seat 4: Actionni13 (button) (small blind) folded before Flop
Seat 5: sim5sim5 (big blind) collected ($2)


PokerStars Hand #164888114641:  Hold'em Limit ($3/$6 USD) - 2017/01/20 13:06:36 ET
Table 'Pamina' 6-max Seat #5 is the button
Seat 4: Actionni13 ($158.04 in chips)
Seat 5: sim5sim5 ($83.64 in chips)
sim5sim5: posts small blind $1
Actionni13: posts big blind $3
*** HOLE CARDS ***
sim5sim5: raises $3 to $6
Actionni13: raises $3 to $9
sim5sim5: calls $3
*** FLOP *** [3s Kd 3d]
Actionni13: bets $3
sim5sim5: calls $3
*** TURN *** [3s Kd 3d] [4h]
Actionni13: bets $6
sim5sim5: calls $6
*** RIVER *** [3s Kd 3d 4h] [Jd]
Actionni13: bets $6
sim5sim5: folds
Uncalled bet ($6) returned to Actionni13
Actionni13 collected $35.50 from pot
*** SUMMARY ***
Total pot $36 | Rake $0.50
Board [3s Kd 3d 4h Jd]
Seat 4: Actionni13 (big blind) collected ($35.50)
Seat 5: sim5sim5 (button) (small blind) folded on the River


PokerStars Hand #164888171700:  Hold'em Limit ($3/$6 USD) - 2017/01/20 13:07:37 ET
Table 'Pamina' 6-max Seat #5 is the button
Seat 4: Actionni13 ($181.30 in chips)
Seat 5: sim5sim5 ($72 in chips)
sim5sim5: posts small blind $1
Actionni13: posts big blind $3
*** HOLE CARDS ***
sim5sim5: raises $3 to $6
Actionni13: raises $3 to $9
sim5sim5: raises $3 to $12
Betting is capped
Actionni13: calls $3
*** FLOP *** [Jh 5d Jc]
Actionni13: checks
sim5sim5: bets $3
Actionni13: calls $3
*** TURN *** [Jh 5d Jc] [Kh]
Actionni13: checks
sim5sim5: checks
*** RIVER *** [Jh 5d Jc Kh] [Td]
Actionni13: bets $6
sim5sim5: folds
Uncalled bet ($6) returned to Actionni13
Actionni13 collected $29.50 from pot
*** SUMMARY ***
Total pot $30 | Rake $0.50
Board [Jh 5d Jc Kh Td]
Seat 4: Actionni13 (big blind) collected ($29.50)
Seat 5: sim5sim5 (button) (small blind) folded on the River


PokerStars Hand #164888211774:  Hold'em Limit ($3/$6 USD) - 2017/01/20 13:08:23 ET
Table 'Pamina' 6-max Seat #4 is the button
Seat 4: Actionni13 ($195.80 in chips)
Seat 5: sim5sim5 ($72 in chips)
Actionni13: posts small blind $1
sim5sim5: posts big blind $3
*** HOLE CARDS ***
Actionni13: folds
Uncalled bet ($2) returned to sim5sim5
sim5sim5 collected $2 from pot
sim5sim5: doesn't show hand
*** SUMMARY ***
Total pot $2 | Rake $0
Seat 4: Actionni13 (button) (small blind) folded before Flop
Seat 5: sim5sim5 (big blind) collected ($2)


PokerStars Hand #164888222002:  Hold'em Limit ($3/$6 USD) - 2017/01/20 13:08:35 ET
Table 'Pamina' 6-max Seat #5 is the button
Seat 4: Actionni13 ($194.80 in chips)
Seat 5: sim5sim5 ($73 in chips)
sim5sim5: posts small blind $1
Actionni13: posts big blind $3
*** HOLE CARDS ***
sim5sim5: raises $3 to $6
Actionni13: calls $3
*** FLOP *** [5s 6c Jd]
Actionni13: checks
sim5sim5: bets $3
Actionni13: raises $3 to $6
sim5sim5: raises $3 to $9
Actionni13: calls $3
*** TURN *** [5s 6c Jd] [Js]
Actionni13: checks
sim5sim5: checks
*** RIVER *** [5s 6c Jd Js] [Qd]
Actionni13: bets $6
sim5sim5: calls $6
*** SHOW DOWN ***
Actionni13: shows [9s 6d] (two pair, Jacks and Sixes)
sim5sim5: mucks hand
Actionni13 collected $41.50 from pot
*** SUMMARY ***
Total pot $42 | Rake $0.50
Board [5s 6c Jd Js Qd]
Seat 4: Actionni13 (big blind) showed [9s 6d] and won ($41.50) with two pair, Jacks and Sixes
Seat 5: sim5sim5 (button) (small blind) mucked


PokerStars Hand #164888436365:  Hold'em Limit ($3/$6 USD) - 2017/01/20 13:12:38 ET
Table 'Pamina' 6-max Seat #4 is the button
Seat 4: Actionni13 ($225.30 in chips)
Seat 5: sim5sim5 ($83.52 in chips)
Actionni13: posts small blind $1
sim5sim5: posts big blind $3
*** HOLE CARDS ***
Actionni13: folds
Uncalled bet ($2) returned to sim5sim5
sim5sim5 collected $2 from pot
sim5sim5: doesn't show hand
*** SUMMARY ***
Total pot $2 | Rake $0
Seat 4: Actionni13 (button) (small blind) folded before Flop
Seat 5: sim5sim5 (big blind) collected ($2)


PokerStars Hand #164888424137:  Hold'em Limit ($3/$6 USD) - 2017/01/20 13:12:24 ET
Table 'Pamina' 6-max Seat #5 is the button
Seat 4: Actionni13 ($237.30 in chips)
Seat 5: sim5sim5 ($72 in chips)
sim5sim5: posts small blind $1
Actionni13: posts big blind $3
*** HOLE CARDS ***
sim5sim5: raises $3 to $6
bourgeois50 joins the table at seat #1
Actionni13: raises $3 to $9
sim5sim5: raises $3 to $12
Betting is capped
Actionni13: calls $3
*** FLOP *** [3d Jd Kc]
Actionni13: checks
sim5sim5: bets $3
Actionni13: folds
Uncalled bet ($3) returned to sim5sim5
sim5sim5 collected $23.52 from pot
sim5sim5: doesn't show hand
*** SUMMARY ***
Total pot $24 | Rake $0.48
Board [3d Jd Kc]
Seat 4: Actionni13 (big blind) folded on the Flop
Seat 5: sim5sim5 (button) (small blind) collected ($23.52)


PokerStars Hand #164888417569:  Hold'em Limit ($3/$6 USD) - 2017/01/20 13:12:16 ET
Table 'Pamina' 6-max Seat #4 is the button
Seat 4: Actionni13 ($234.30 in chips)
Seat 5: sim5sim5 ($72 in chips)
Actionni13: posts small blind $1
sim5sim5: posts big blind $3
*** HOLE CARDS ***
Actionni13: raises $3 to $6
sim5sim5: folds
Uncalled bet ($3) returned to Actionni13
Actionni13 collected $6 from pot
*** SUMMARY ***
Total pot $6 | Rake $0
Seat 4: Actionni13 (button) (small blind) collected ($6)
Seat 5: sim5sim5 (big blind) folded before Flop


PokerStars Hand #164888412768:  Hold'em Limit ($3/$6 USD) - 2017/01/20 13:12:11 ET
Table 'Pamina' 6-max Seat #5 is the button
Seat 4: Actionni13 ($233.30 in chips)
Seat 5: sim5sim5 ($72 in chips)
sim5sim5: posts small blind $1
Actionni13: posts big blind $3
*** HOLE CARDS ***
sim5sim5: folds
Uncalled bet ($2) returned to Actionni13
Actionni13 collected $2 from pot
*** SUMMARY ***
Total pot $2 | Rake $0
Seat 4: Actionni13 (big blind) collected ($2)
Seat 5: sim5sim5 (button) (small blind) folded before Flop


PokerStars Hand #164888377786:  Hold'em Limit ($3/$6 USD) - 2017/01/20 13:11:31 ET
Table 'Pamina' 6-max Seat #4 is the button
Seat 4: Actionni13 ($212.80 in chips)
Seat 5: sim5sim5 ($73.50 in chips)
Actionni13: posts small blind $1
sim5sim5: posts big blind $3
*** HOLE CARDS ***
Actionni13: raises $3 to $6
sim5sim5: calls $3
*** FLOP *** [7c Js 8h]
sim5sim5: checks
Actionni13: bets $3
sim5sim5: calls $3
*** TURN *** [7c Js 8h] [Td]
sim5sim5: checks
Actionni13: bets $6
sim5sim5: calls $6
*** RIVER *** [7c Js 8h Td] [Jh]
sim5sim5: checks
Actionni13: bets $6
sim5sim5: calls $6
*** SHOW DOWN ***
Actionni13: shows [3h Jc] (three of a kind, Jacks)
sim5sim5: mucks hand
Actionni13 collected $41.50 from pot
*** SUMMARY ***
Total pot $42 | Rake $0.50
Board [7c Js 8h Td Jh]
Seat 4: Actionni13 (button) (small blind) showed [3h Jc] and won ($41.50) with three of a kind, Jacks
Seat 5: sim5sim5 (big blind) mucked


PokerStars Hand #164888265867:  Hold'em Limit ($3/$6 USD) - 2017/01/20 13:09:25 ET
Table 'Pamina' 6-max Seat #4 is the button
Seat 4: Actionni13 ($215.30 in chips)
Seat 5: sim5sim5 ($72 in chips)
Actionni13: posts small blind $1
sim5sim5: posts big blind $3
*** HOLE CARDS ***
Actionni13: raises $3 to $6
sim5sim5: raises $3 to $9
Actionni13: calls $3
*** FLOP *** [Ah Js Qd]
sim5sim5: bets $3
Actionni13: calls $3
*** TURN *** [Ah Js Qd] [3s]
sim5sim5: bets $6
Actionni13: calls $6
*** RIVER *** [Ah Js Qd 3s] [7s]
sim5sim5: bets $6
Actionni13: raises $6 to $12
sim5sim5: raises $6 to $18
Actionni13: folds
Uncalled bet ($6) returned to sim5sim5
sim5sim5 collected $59.50 from pot
sim5sim5: doesn't show hand
*** SUMMARY ***
Total pot $60 | Rake $0.50
Board [Ah Js Qd 3s 7s]
Seat 4: Actionni13 (button) (small blind) folded on the River
Seat 5: sim5sim5 (big blind) collected ($59.50)


PokerStars Hand #164888323234:  Hold'em Limit ($3/$6 USD) - 2017/01/20 13:10:29 ET
Table 'Pamina' 6-max Seat #5 is the button
Seat 4: Actionni13 ($185.30 in chips)
Seat 5: sim5sim5 ($101.50 in chips)
sim5sim5: posts small blind $1
Actionni13: posts big blind $3
*** HOLE CARDS ***
sim5sim5: raises $3 to $6
Actionni13: calls $3
*** FLOP *** [4c 2s Js]
Actionni13: checks
sim5sim5: bets $3
Actionni13: raises $3 to $6
sim5sim5: calls $3
*** TURN *** [4c 2s Js] [Th]
Actionni13: bets $6
sim5sim5: calls $6
*** RIVER *** [4c 2s Js Th] [4h]
Actionni13: bets $6
sim5sim5: calls $6
*** SHOW DOWN ***
Actionni13: shows [Jh 4s] (a full house, Fours full of Jacks)
sim5sim5: mucks hand
Actionni13 collected $47.50 from pot
*** SUMMARY ***
Total pot $48 | Rake $0.50
Board [4c 2s Js Th 4h]
Seat 4: Actionni13 (big blind) showed [Jh 4s] and won ($47.50) with a full house, Fours full of Jacks
Seat 5: sim5sim5 (button) (small blind) mucked


PokerStars Hand #164888353081:  Hold'em Limit ($3/$6 USD) - 2017/01/20 13:11:03 ET
Table 'Pamina' 6-max Seat #4 is the button
Seat 4: Actionni13 ($208.80 in chips)
Seat 5: sim5sim5 ($77.50 in chips)
Actionni13: posts small blind $1
sim5sim5: posts big blind $3
*** HOLE CARDS ***
Actionni13: raises $3 to $6
sim5sim5: folds
Uncalled bet ($3) returned to Actionni13
Actionni13 collected $6 from pot
*** SUMMARY ***
Total pot $6 | Rake $0
Seat 4: Actionni13 (button) (small blind) collected ($6)
Seat 5: sim5sim5 (big blind) folded before Flop


PokerStars Hand #164888364549:  Hold'em Limit ($3/$6 USD) - 2017/01/20 13:11:16 ET
Table 'Pamina' 6-max Seat #4 is the button
Seat 4: Actionni13 ($208.80 in chips)
Seat 5: sim5sim5 ($77.50 in chips)
Actionni13: posts small blind $1
sim5sim5: posts big blind $3
*** HOLE CARDS ***
Actionni13: raises $3 to $6
sim5sim5: folds
Uncalled bet ($3) returned to Actionni13
Actionni13 collected $6 from pot
*** SUMMARY ***
Total pot $6 | Rake $0
Seat 4: Actionni13 (button) (small blind) collected ($6)
Seat 5: sim5sim5 (big blind) folded before Flop


PokerStars Hand #164888645215:  Hold'em Limit ($3/$6 USD) - 2017/01/20 13:16:33 ET
Table 'Pamina' 6-max Seat #1 is the button
Seat 1: bourgeois50 ($143.44 in chips)
Seat 4: Actionni13 ($200.30 in chips)
bourgeois50: posts small blind $1
Actionni13: posts big blind $3
*** HOLE CARDS ***
bourgeois50: folds
Uncalled bet ($2) returned to Actionni13
Actionni13 collected $2 from pot
*** SUMMARY ***
Total pot $2 | Rake $0
Seat 1: bourgeois50 (button) (small blind) folded before Flop
Seat 4: Actionni13 (big blind) collected ($2)


PokerStars Hand #164888640104:  Hold'em Limit ($3/$6 USD) - 2017/01/20 13:16:27 ET
Table 'Pamina' 6-max Seat #4 is the button
Seat 1: bourgeois50 ($142.44 in chips)
Seat 4: Actionni13 ($201.30 in chips)
Actionni13: posts small blind $1
sim5sim5: is sitting out
bourgeois50: posts big blind $3
*** HOLE CARDS ***
Actionni13: folds
Uncalled bet ($2) returned to bourgeois50
bourgeois50 collected $2 from pot
*** SUMMARY ***
Total pot $2 | Rake $0
Seat 1: bourgeois50 (big blind) collected ($2)
Seat 4: Actionni13 (button) (small blind) folded before Flop


PokerStars Hand #164888649648:  Hold'em Limit ($3/$6 USD) - 2017/01/20 13:16:38 ET
Table 'Pamina' 6-max Seat #4 is the button
Seat 1: bourgeois50 ($142.44 in chips)
Seat 4: Actionni13 ($201.30 in chips)
Actionni13: posts small blind $1
bourgeois50: posts big blind $3
*** HOLE CARDS ***
sim5sim5 leaves the table
Actionni13: folds
Uncalled bet ($2) returned to bourgeois50
bourgeois50 collected $2 from pot
*** SUMMARY ***
Total pot $2 | Rake $0
Seat 1: bourgeois50 (big blind) collected ($2)
Seat 4: Actionni13 (button) (small blind) folded before Flop


