PokerStars Hand #156318629468:  Hold'em Limit ($3/$6 USD) - 2016/07/22 19:43:32 ET
Table 'Pan II' 6-max Seat #4 is the button
Seat 3: **Geka**555 ($34.02 in chips)
Seat 4: AzureCaper ($96.50 in chips)
AzureCaper: posts small blind $1
**Geka**555: posts big blind $3
*** HOLE CARDS ***
AzureCaper: raises $3 to $6
**Geka**555: calls $3
*** FLOP *** [5c 6s 3h]
**Geka**555: checks
AzureCaper: bets $3
ZinnurovZak joins the table at seat #5
**Geka**555: raises $3 to $6
AzureCaper: raises $3 to $9
**Geka**555: raises $3 to $12
Betting is capped
AzureCaper: calls $3
*** TURN *** [5c 6s 3h] [Kd]
**Geka**555: bets $6
AzureCaper: raises $6 to $12
**Geka**555: calls $6
*** RIVER *** [5c 6s 3h Kd] [Kh]
**Geka**555: bets $4.02 and is all-in
AzureCaper: calls $4.02
*** SHOW DOWN ***
**Geka**555: shows [3c Qd] (two pair, Kings and Threes)
AzureCaper: shows [6c Ks] (a full house, Kings full of Sixes)
AzureCaper collected $67.54 from pot
*** SUMMARY ***
Total pot $68.04 | Rake $0.50
Board [5c 6s 3h Kd Kh]
Seat 3: **Geka**555 (big blind) showed [3c Qd] and lost with two pair, Kings and Threes
Seat 4: AzureCaper (button) (small blind) showed [6c Ks] and won ($67.54) with a full house, Kings full of Sixes


PokerStars Hand #156318627054:  Hold'em Limit ($3/$6 USD) - 2016/07/22 19:43:28 ET
Table 'Pan II' 6-max Seat #3 is the button
Seat 3: **Geka**555 ($35.02 in chips)
Seat 4: AzureCaper ($95.50 in chips)
**Geka**555: posts small blind $1
AzureCaper: posts big blind $3
*** HOLE CARDS ***
**Geka**555: folds
Uncalled bet ($2) returned to AzureCaper
AzureCaper collected $2 from pot
AzureCaper: doesn't show hand
*** SUMMARY ***
Total pot $2 | Rake $0
Seat 3: **Geka**555 (button) (small blind) folded before Flop
Seat 4: AzureCaper (big blind) collected ($2)


PokerStars Hand #156318616854:  Hold'em Limit ($3/$6 USD) - 2016/07/22 19:43:08 ET
Table 'Pan II' 6-max Seat #4 is the button
Seat 3: **Geka**555 ($59.02 in chips)
Seat 4: AzureCaper ($72 in chips)
AzureCaper: posts small blind $1
**Geka**555: posts big blind $3
*** HOLE CARDS ***
AzureCaper: raises $3 to $6
**Geka**555: raises $3 to $9
AzureCaper: calls $3
*** FLOP *** [4s 2c 6d]
**Geka**555: bets $3
AzureCaper: calls $3
*** TURN *** [4s 2c 6d] [Js]
**Geka**555: checks
AzureCaper: bets $6
**Geka**555: calls $6
*** RIVER *** [4s 2c 6d Js] [6h]
**Geka**555: checks
AzureCaper: bets $6
**Geka**555: calls $6
*** SHOW DOWN ***
AzureCaper: shows [6s 5c] (three of a kind, Sixes)
**Geka**555: mucks hand
AzureCaper collected $47.50 from pot
*** SUMMARY ***
Total pot $48 | Rake $0.50
Board [4s 2c 6d Js 6h]
Seat 3: **Geka**555 (big blind) mucked
Seat 4: AzureCaper (button) (small blind) showed [6s 5c] and won ($47.50) with three of a kind, Sixes


PokerStars Hand #156318606175:  Hold'em Limit ($3/$6 USD) - 2016/07/22 19:42:48 ET
Table 'Pan II' 6-max Seat #3 is the button
Seat 3: **Geka**555 ($38.52 in chips)
Seat 4: AzureCaper ($72 in chips)
**Geka**555: posts small blind $1
AzureCaper: posts big blind $3
*** HOLE CARDS ***
**Geka**555: raises $3 to $6
AzureCaper: raises $3 to $9
**Geka**555: raises $3 to $12
Betting is capped
AzureCaper: calls $3
*** FLOP *** [9d 5h 4d]
AzureCaper: checks
**Geka**555: bets $3
AzureCaper: calls $3
*** TURN *** [9d 5h 4d] [8d]
AzureCaper: checks
**Geka**555: bets $6
AzureCaper: calls $6
*** RIVER *** [9d 5h 4d 8d] [6d]
AzureCaper: checks
**Geka**555: bets $6
AzureCaper: folds
Uncalled bet ($6) returned to **Geka**555
**Geka**555 collected $41.50 from pot
**Geka**555: doesn't show hand
*** SUMMARY ***
Total pot $42 | Rake $0.50
Board [9d 5h 4d 8d 6d]
Seat 3: **Geka**555 (button) (small blind) collected ($41.50)
Seat 4: AzureCaper (big blind) folded on the River


PokerStars Hand #156318645362:  Hold'em Limit ($3/$6 USD) - 2016/07/22 19:44:02 ET
Table 'Pan II' 6-max Seat #5 is the button
Seat 4: AzureCaper ($130.02 in chips)
Seat 5: ZinnurovZak ($47.80 in chips)
ZinnurovZak: posts small blind $1
AzureCaper: posts big blind $3
*** HOLE CARDS ***
ZinnurovZak: raises $3 to $6
AzureCaper: calls $3
*** FLOP *** [Kc Kh 9c]
AzureCaper: bets $3
ZinnurovZak: raises $3 to $6
AzureCaper: calls $3
*** TURN *** [Kc Kh 9c] [6h]
AzureCaper: checks
ZinnurovZak: bets $6
AzureCaper: calls $6
*** RIVER *** [Kc Kh 9c 6h] [2c]
AzureCaper: checks
ZinnurovZak: bets $6
AzureCaper: folds
Uncalled bet ($6) returned to ZinnurovZak
ZinnurovZak collected $35.50 from pot
ZinnurovZak: doesn't show hand
*** SUMMARY ***
Total pot $36 | Rake $0.50
Board [Kc Kh 9c 6h 2c]
Seat 4: AzureCaper (big blind) folded on the River
Seat 5: ZinnurovZak (button) (small blind) collected ($35.50)


