PokerStars Hand #144555817809:  Hold'em Limit ($3/$6 USD) - 2015/11/29 9:13:24 ET
Table 'Pan' 6-max Seat #3 is the button
Seat 3: DimaZips ($60 in chips)
Seat 4: Karpik09 ($90 in chips)
DimaZips: posts small blind $1
Karpik09: posts big blind $3
*** HOLE CARDS ***
DimaZips: raises $3 to $6
Karpik09: calls $3
*** FLOP *** [Qd 4c 6d]
Karpik09: checks
DimaZips: bets $3
Karpik09: raises $3 to $6
DimaZips: calls $3
*** TURN *** [Qd 4c 6d] [8h]
Karpik09: bets $6
DimaZips: calls $6
*** RIVER *** [Qd 4c 6d 8h] [4h]
Karpik09: checks
DimaZips: checks
*** SHOW DOWN ***
Karpik09: shows [2c Tc] (a pair of Fours)
DimaZips: shows [Td Kd] (a pair of Fours - King kicker)
DimaZips collected $35.50 from pot
*** SUMMARY ***
Total pot $36 | Rake $0.50
Board [Qd 4c 6d 8h 4h]
Seat 3: DimaZips (button) (small blind) showed [Td Kd] and won ($35.50) with a pair of Fours
Seat 4: Karpik09 (big blind) showed [2c Tc] and lost with a pair of Fours


PokerStars Hand #144555857856:  Hold'em Limit ($3/$6 USD) - 2015/11/29 9:14:22 ET
Table 'Pan' 6-max Seat #3 is the button
Seat 3: DimaZips ($62.50 in chips)
Seat 4: Karpik09 ($86.50 in chips)
DimaZips: posts small blind $1
Karpik09: posts big blind $3
*** HOLE CARDS ***
DimaZips: folds
Uncalled bet ($2) returned to Karpik09
Karpik09 collected $2 from pot
Karpik09: doesn't show hand
*** SUMMARY ***
Total pot $2 | Rake $0
Seat 3: DimaZips (button) (small blind) folded before Flop
Seat 4: Karpik09 (big blind) collected ($2)


PokerStars Hand #144555839040:  Hold'em Limit ($3/$6 USD) - 2015/11/29 9:13:55 ET
Table 'Pan' 6-max Seat #4 is the button
Seat 3: DimaZips ($77.50 in chips)
Seat 4: Karpik09 ($72 in chips)
Karpik09: posts small blind $1
DimaZips: posts big blind $3
*** HOLE CARDS ***
Karpik09: raises $3 to $6
DimaZips: calls $3
*** FLOP *** [Kh 7h 7c]
DimaZips: checks
Karpik09: bets $3
DimaZips: calls $3
*** TURN *** [Kh 7h 7c] [5s]
DimaZips: checks
Great_Kang joins the table at seat #5
Karpik09: bets $6
DimaZips: calls $6
*** RIVER *** [Kh 7h 7c 5s] [Qd]
DimaZips: checks
Karpik09: bets $6
DimaZips: folds
Uncalled bet ($6) returned to Karpik09
Karpik09 collected $29.50 from pot
Karpik09: doesn't show hand
*** SUMMARY ***
Total pot $30 | Rake $0.50
Board [Kh 7h 7c 5s Qd]
Seat 3: DimaZips (big blind) folded on the River
Seat 4: Karpik09 (button) (small blind) collected ($29.50)


