PokerStars Hand #155497306491:  Hold'em Limit ($3/$6 USD) - 2016/07/03 4:56:12 ET
Table 'Pandora' 6-max Seat #4 is the button
Seat 4: manly70 ($305.83 in chips)
Seat 5: kolaz03 ($72 in chips)
manly70: posts small blind $1
kolaz03: posts big blind $3
*** HOLE CARDS ***
manly70: raises $3 to $6
kolaz03: raises $3 to $9
manly70: calls $3
*** FLOP *** [Ks 7s 9h]
kolaz03: bets $3
manly70: calls $3
*** TURN *** [Ks 7s 9h] [Tc]
kolaz03: checks
manly70: checks
*** RIVER *** [Ks 7s 9h Tc] [4c]
kolaz03: checks
manly70: checks
*** SHOW DOWN ***
kolaz03: shows [As Qh] (high card Ace)
manly70: mucks hand
kolaz03 collected $23.52 from pot
*** SUMMARY ***
Total pot $24 | Rake $0.48
Board [Ks 7s 9h Tc 4c]
Seat 4: manly70 (button) (small blind) mucked
Seat 5: kolaz03 (big blind) showed [As Qh] and won ($23.52) with high card Ace


PokerStars Hand #155497299577:  Hold'em Limit ($3/$6 USD) - 2016/07/03 4:55:49 ET
Table 'Pandora' 6-max Seat #5 is the button
Seat 4: manly70 ($304.83 in chips)
Seat 5: kolaz03 ($72 in chips)
kolaz03: posts small blind $1
VolkovDmitri: is sitting out
manly70: posts big blind $3
*** HOLE CARDS ***
VolkovDmitri leaves the table
kolaz03: folds
Uncalled bet ($2) returned to manly70
manly70 collected $2 from pot
*** SUMMARY ***
Total pot $2 | Rake $0
Seat 4: manly70 (big blind) collected ($2)
Seat 5: kolaz03 (button) (small blind) folded before Flop


PokerStars Hand #155497314565:  Hold'em Limit ($3/$6 USD) - 2016/07/03 4:56:38 ET
Table 'Pandora' 6-max Seat #5 is the button
Seat 4: manly70 ($293.83 in chips)
Seat 5: kolaz03 ($83.52 in chips)
kolaz03: posts small blind $1
manly70: posts big blind $3
*** HOLE CARDS ***
kolaz03: raises $3 to $6
manly70: calls $3
*** FLOP *** [4d Qc 9s]
manly70: checks
kolaz03: bets $3
manly70: folds
Uncalled bet ($3) returned to kolaz03
kolaz03 collected $11.76 from pot
kolaz03: doesn't show hand
*** SUMMARY ***
Total pot $12 | Rake $0.24
Board [4d Qc 9s]
Seat 4: manly70 (big blind) folded on the Flop
Seat 5: kolaz03 (button) (small blind) collected ($11.76)


PokerStars Hand #155497326916:  Hold'em Limit ($3/$6 USD) - 2016/07/03 4:57:18 ET
Table 'Pandora' 6-max Seat #5 is the button
Seat 4: manly70 ($275.83 in chips)
Seat 5: kolaz03 ($100.80 in chips)
kolaz03: posts small blind $1
manly70: posts big blind $3
*** HOLE CARDS ***
kolaz03: raises $3 to $6
manly70: calls $3
*** FLOP *** [8d 7c 8h]
manly70: checks
kolaz03: bets $3
manly70: calls $3
*** TURN *** [8d 7c 8h] [Qs]
manly70: checks
kolaz03: bets $6
manly70: raises $6 to $12
kolaz03: folds
Uncalled bet ($6) returned to manly70
manly70 collected $29.50 from pot
*** SUMMARY ***
Total pot $30 | Rake $0.50
Board [8d 7c 8h Qs]
Seat 4: manly70 (big blind) collected ($29.50)
Seat 5: kolaz03 (button) (small blind) folded on the Turn


PokerStars Hand #155497319546:  Hold'em Limit ($3/$6 USD) - 2016/07/03 4:56:54 ET
Table 'Pandora' 6-max Seat #4 is the button
Seat 4: manly70 ($287.83 in chips)
Seat 5: kolaz03 ($89.28 in chips)
manly70: posts small blind $1
kolaz03: posts big blind $3
*** HOLE CARDS ***
manly70: raises $3 to $6
kolaz03: calls $3
*** FLOP *** [9c Th 5s]
kolaz03: checks
manly70: bets $3
kolaz03: raises $3 to $6
manly70: calls $3
*** TURN *** [9c Th 5s] [Kh]
kolaz03: bets $6
manly70: folds
Uncalled bet ($6) returned to kolaz03
kolaz03 collected $23.52 from pot
kolaz03: doesn't show hand
*** SUMMARY ***
Total pot $24 | Rake $0.48
Board [9c Th 5s Kh]
Seat 4: manly70 (button) (small blind) folded on the Turn
Seat 5: kolaz03 (big blind) collected ($23.52)


PokerStars Hand #155497347681:  Hold'em Limit ($3/$6 USD) - 2016/07/03 4:58:25 ET
Table 'Pandora' 6-max Seat #4 is the button
Seat 4: manly70 ($297.97 in chips)
Seat 5: kolaz03 ($77.80 in chips)
manly70: posts small blind $1
kolaz03: posts big blind $3
*** HOLE CARDS ***
manly70: raises $3 to $6
kolaz03: calls $3
*** FLOP *** [2d Ac Ad]
kolaz03: checks
manly70: bets $3
AA_ILI joins the table at seat #1
kolaz03: folds
Uncalled bet ($3) returned to manly70
manly70 collected $11.76 from pot
*** SUMMARY ***
Total pot $12 | Rake $0.24
Board [2d Ac Ad]
Seat 4: manly70 (button) (small blind) collected ($11.76)
Seat 5: kolaz03 (big blind) folded on the Flop


PokerStars Hand #155497336678:  Hold'em Limit ($3/$6 USD) - 2016/07/03 4:57:49 ET
Table 'Pandora' 6-max Seat #4 is the button
Seat 4: manly70 ($290.33 in chips)
Seat 5: kolaz03 ($85.80 in chips)
manly70: posts small blind $1
kolaz03: posts big blind $3
*** HOLE CARDS ***
manly70: folds
Uncalled bet ($2) returned to kolaz03
kolaz03 collected $2 from pot
kolaz03: doesn't show hand
*** SUMMARY ***
Total pot $2 | Rake $0
Seat 4: manly70 (button) (small blind) folded before Flop
Seat 5: kolaz03 (big blind) collected ($2)


PokerStars Hand #155497338938:  Hold'em Limit ($3/$6 USD) - 2016/07/03 4:57:56 ET
Table 'Pandora' 6-max Seat #5 is the button
Seat 4: manly70 ($289.33 in chips)
Seat 5: kolaz03 ($86.80 in chips)
kolaz03: posts small blind $1
manly70: posts big blind $3
*** HOLE CARDS ***
kolaz03: raises $3 to $6
manly70: calls $3
*** FLOP *** [Ad 5h 6c]
manly70: checks
kolaz03: bets $3
manly70: calls $3
*** TURN *** [Ad 5h 6c] [Jc]
manly70: checks
kolaz03: checks
*** RIVER *** [Ad 5h 6c Jc] [Qh]
manly70: bets $6
kolaz03: folds
Uncalled bet ($6) returned to manly70
manly70 collected $17.64 from pot
kekjg joins the table at seat #6
*** SUMMARY ***
Total pot $18 | Rake $0.36
Board [Ad 5h 6c Jc Qh]
Seat 4: manly70 (big blind) collected ($17.64)
Seat 5: kolaz03 (button) (small blind) folded on the River


PokerStars Hand #155498350365:  Hold'em Limit ($3/$6 USD) - 2016/07/03 5:41:57 ET
Table 'Pandora' 6-max Seat #4 is the button
Seat 4: manly70 ($289.18 in chips)
Seat 6: siliciom ($114.41 in chips)
manly70: posts small blind $1
kolaz03: is sitting out
siliciom: posts big blind $3
*** HOLE CARDS ***
kolaz03 leaves the table
manly70: raises $3 to $6
siliciom: calls $3
*** FLOP *** [9d 3c Tc]
siliciom: checks
manly70: bets $3
siliciom: raises $3 to $6
manly70: calls $3
*** TURN *** [9d 3c Tc] [Qc]
siliciom: bets $6
manly70: calls $6
*** RIVER *** [9d 3c Tc Qc] [4d]
siliciom: bets $6
LordBorzi II joins the table at seat #5
manly70: folds
Uncalled bet ($6) returned to siliciom
siliciom collected $35.50 from pot
siliciom: doesn't show hand
*** SUMMARY ***
Total pot $36 | Rake $0.50
Board [9d 3c Tc Qc 4d]
Seat 4: manly70 (button) (small blind) folded on the River
Seat 6: siliciom (big blind) collected ($35.50)


PokerStars Hand #155498359923:  Hold'em Limit ($3/$6 USD) - 2016/07/03 5:42:21 ET
Table 'Pandora' 6-max Seat #6 is the button
Seat 4: manly70 ($271.18 in chips)
Seat 6: siliciom ($131.91 in chips)
siliciom: posts small blind $1
manly70: posts big blind $3
*** HOLE CARDS ***
siliciom: raises $3 to $6
manly70: calls $3
*** FLOP *** [6c Qc 5h]
manly70: checks
siliciom: bets $3
manly70: folds
Uncalled bet ($3) returned to siliciom
siliciom collected $11.76 from pot
siliciom: doesn't show hand
*** SUMMARY ***
Total pot $12 | Rake $0.24
Board [6c Qc 5h]
Seat 4: manly70 (big blind) folded on the Flop
Seat 6: siliciom (button) (small blind) collected ($11.76)


