PokerStars Hand #176290323056:  Hold'em Limit ($3/$6 USD) - 2017/09/29 20:18:00 ET
Table 'Pandarus' 6-max Seat #3 is the button
Seat 1: libaikang ($135.50 in chips)
Seat 3: Ag3r0n ($74.88 in chips)
Ag3r0n: posts small blind $1
libaikang: posts big blind $3
*** HOLE CARDS ***
Ag3r0n: folds
Uncalled bet ($2) returned to libaikang
libaikang collected $2 from pot
libaikang: doesn't show hand
*** SUMMARY ***
Total pot $2 | Rake $0
Seat 1: libaikang (big blind) collected ($2)
Seat 3: Ag3r0n (button) (small blind) folded before Flop


PokerStars Hand #176290302079:  Hold'em Limit ($3/$6 USD) - 2017/09/29 20:17:18 ET
Table 'Pandarus' 6-max Seat #1 is the button
Seat 1: libaikang ($120 in chips)
Seat 3: Ag3r0n ($72 in chips)
libaikang: posts small blind $1
Ag3r0n: posts big blind $3
*** HOLE CARDS ***
libaikang: raises $3 to $6
Ag3r0n: calls $3
*** FLOP *** [2d 8s 5c]
Ag3r0n: checks
libaikang: checks
*** TURN *** [2d 8s 5c] [2h]
Ag3r0n: bets $6
libaikang: calls $6
*** RIVER *** [2d 8s 5c 2h] [Js]
Ag3r0n: bets $6
libaikang: raises $6 to $12
Ag3r0n: folds
Uncalled bet ($6) returned to libaikang
libaikang collected $35.50 from pot
libaikang: doesn't show hand
*** SUMMARY ***
Total pot $36 | Rake $0.50
Board [2d 8s 5c 2h Js]
Seat 1: libaikang (button) (small blind) collected ($35.50)
Seat 3: Ag3r0n (big blind) folded on the River


PokerStars Hand #176290313073:  Hold'em Limit ($3/$6 USD) - 2017/09/29 20:17:40 ET
Table 'Pandarus' 6-max Seat #3 is the button
Seat 1: libaikang ($137.50 in chips)
Seat 3: Ag3r0n ($72 in chips)
Ag3r0n: posts small blind $1
libaikang: posts big blind $3
*** HOLE CARDS ***
Ag3r0n: folds
Uncalled bet ($2) returned to libaikang
libaikang collected $2 from pot
libaikang: doesn't show hand
*** SUMMARY ***
Total pot $2 | Rake $0
Seat 1: libaikang (big blind) collected ($2)
Seat 3: Ag3r0n (button) (small blind) folded before Flop


PokerStars Hand #176290315531:  Hold'em Limit ($3/$6 USD) - 2017/09/29 20:17:45 ET
Table 'Pandarus' 6-max Seat #1 is the button
Seat 1: libaikang ($138.50 in chips)
Seat 3: Ag3r0n ($72 in chips)
libaikang: posts small blind $1
Ag3r0n: posts big blind $3
*** HOLE CARDS ***
libaikang: calls $2
Ag3r0n: checks
*** FLOP *** [3d As 3h]
Ag3r0n: checks
libaikang: checks
*** TURN *** [3d As 3h] [6c]
Ag3r0n: checks
libaikang: checks
*** RIVER *** [3d As 3h 6c] [2s]
Ag3r0n: bets $6
libaikang: folds
Uncalled bet ($6) returned to Ag3r0n
Ag3r0n collected $5.88 from pot
Ag3r0n: doesn't show hand
*** SUMMARY ***
Total pot $6 | Rake $0.12
Board [3d As 3h 6c 2s]
Seat 1: libaikang (button) (small blind) folded on the River
Seat 3: Ag3r0n (big blind) collected ($5.88)


PokerStars Hand #176290335910:  Hold'em Limit ($3/$6 USD) - 2017/09/29 20:18:27 ET
Table 'Pandarus' 6-max Seat #3 is the button
Seat 1: libaikang ($115.50 in chips)
Seat 3: Ag3r0n ($94.38 in chips)
Ag3r0n: posts small blind $1
libaikang: posts big blind $3
*** HOLE CARDS ***
Ag3r0n: folds
Uncalled bet ($2) returned to libaikang
libaikang collected $2 from pot
libaikang: doesn't show hand
*** SUMMARY ***
Total pot $2 | Rake $0
Seat 1: libaikang (big blind) collected ($2)
Seat 3: Ag3r0n (button) (small blind) folded before Flop


PokerStars Hand #176290326521:  Hold'em Limit ($3/$6 USD) - 2017/09/29 20:18:07 ET
Table 'Pandarus' 6-max Seat #1 is the button
Seat 1: libaikang ($136.50 in chips)
Seat 3: Ag3r0n ($73.88 in chips)
libaikang: posts small blind $1
Ag3r0n: posts big blind $3
*** HOLE CARDS ***
libaikang: raises $3 to $6
Ag3r0n: calls $3
*** FLOP *** [5s 2d 6d]
Ag3r0n: checks
libaikang: bets $3
Ag3r0n: calls $3
*** TURN *** [5s 2d 6d] [Jc]
Ag3r0n: checks
libaikang: bets $6
Ag3r0n: raises $6 to $12
libaikang: calls $6
*** RIVER *** [5s 2d 6d Jc] [Qc]
Ag3r0n: bets $6
libaikang: folds
Uncalled bet ($6) returned to Ag3r0n
Ag3r0n collected $41.50 from pot
Ag3r0n: doesn't show hand
*** SUMMARY ***
Total pot $42 | Rake $0.50
Board [5s 2d 6d Jc Qc]
Seat 1: libaikang (button) (small blind) folded on the River
Seat 3: Ag3r0n (big blind) collected ($41.50)


PokerStars Hand #176290352047:  Hold'em Limit ($3/$6 USD) - 2017/09/29 20:19:00 ET
Table 'Pandarus' 6-max Seat #3 is the button
Seat 1: libaikang ($115.50 in chips)
Seat 3: Ag3r0n ($94.38 in chips)
Ag3r0n: posts small blind $1
libaikang: posts big blind $3
*** HOLE CARDS ***
Ag3r0n: folds
Uncalled bet ($2) returned to libaikang
libaikang collected $2 from pot
libaikang: doesn't show hand
*** SUMMARY ***
Total pot $2 | Rake $0
Seat 1: libaikang (big blind) collected ($2)
Seat 3: Ag3r0n (button) (small blind) folded before Flop


PokerStars Hand #176290340757:  Hold'em Limit ($3/$6 USD) - 2017/09/29 20:18:37 ET
Table 'Pandarus' 6-max Seat #3 is the button
Seat 1: libaikang ($115.50 in chips)
Seat 3: Ag3r0n ($94.38 in chips)
Ag3r0n: posts small blind $1
libaikang: posts big blind $3
*** HOLE CARDS ***
Ag3r0n: raises $3 to $6
libaikang: folds
Uncalled bet ($3) returned to Ag3r0n
Ag3r0n collected $6 from pot
Ag3r0n: doesn't show hand
*** SUMMARY ***
Total pot $6 | Rake $0
Seat 1: libaikang (big blind) folded before Flop
Seat 3: Ag3r0n (button) (small blind) collected ($6)


PokerStars Hand #176290338211:  Hold'em Limit ($3/$6 USD) - 2017/09/29 20:18:31 ET
Table 'Pandarus' 6-max Seat #1 is the button
Seat 1: libaikang ($116.50 in chips)
Seat 3: Ag3r0n ($93.38 in chips)
libaikang: posts small blind $1
Ag3r0n: posts big blind $3
*** HOLE CARDS ***
libaikang: folds
Uncalled bet ($2) returned to Ag3r0n
Ag3r0n collected $2 from pot
Ag3r0n: doesn't show hand
*** SUMMARY ***
Total pot $2 | Rake $0
Seat 1: libaikang (button) (small blind) folded before Flop
Seat 3: Ag3r0n (big blind) collected ($2)


PokerStars Hand #176290343494:  Hold'em Limit ($3/$6 USD) - 2017/09/29 20:18:42 ET
Table 'Pandarus' 6-max Seat #1 is the button
Seat 1: libaikang ($112.50 in chips)
Seat 3: Ag3r0n ($97.38 in chips)
libaikang: posts small blind $1
Ag3r0n: posts big blind $3
*** HOLE CARDS ***
libaikang: raises $3 to $6
Ag3r0n: folds
Uncalled bet ($3) returned to libaikang
libaikang collected $6 from pot
libaikang: doesn't show hand
*** SUMMARY ***
Total pot $6 | Rake $0
Seat 1: libaikang (button) (small blind) collected ($6)
Seat 3: Ag3r0n (big blind) folded before Flop


PokerStars Hand #176290349196:  Hold'em Limit ($3/$6 USD) - 2017/09/29 20:18:54 ET
Table 'Pandarus' 6-max Seat #1 is the button
Seat 1: libaikang ($116.50 in chips)
Seat 3: Ag3r0n ($93.38 in chips)
libaikang: posts small blind $1
Ag3r0n: posts big blind $3
*** HOLE CARDS ***
libaikang: folds
Uncalled bet ($2) returned to Ag3r0n
Ag3r0n collected $2 from pot
Ag3r0n: doesn't show hand
*** SUMMARY ***
Total pot $2 | Rake $0
Seat 1: libaikang (button) (small blind) folded before Flop
Seat 3: Ag3r0n (big blind) collected ($2)


PokerStars Hand #176290346583:  Hold'em Limit ($3/$6 USD) - 2017/09/29 20:18:49 ET
Table 'Pandarus' 6-max Seat #3 is the button
Seat 1: libaikang ($115.50 in chips)
Seat 3: Ag3r0n ($94.38 in chips)
Ag3r0n: posts small blind $1
libaikang: posts big blind $3
*** HOLE CARDS ***
Ag3r0n: folds
Uncalled bet ($2) returned to libaikang
libaikang collected $2 from pot
libaikang: doesn't show hand
*** SUMMARY ***
Total pot $2 | Rake $0
Seat 1: libaikang (big blind) collected ($2)
Seat 3: Ag3r0n (button) (small blind) folded before Flop


PokerStars Hand #176290354785:  Hold'em Limit ($3/$6 USD) - 2017/09/29 20:19:05 ET
Table 'Pandarus' 6-max Seat #1 is the button
Seat 1: libaikang ($116.50 in chips)
Seat 3: Ag3r0n ($93.38 in chips)
libaikang: posts small blind $1
Ag3r0n: posts big blind $3
*** HOLE CARDS ***
libaikang: calls $2
Ag3r0n: raises $3 to $6
libaikang: raises $3 to $9
Ag3r0n: calls $3
*** FLOP *** [9d Ah 3c]
Ag3r0n: checks
libaikang: bets $3
Ag3r0n: raises $3 to $6
libaikang: raises $3 to $9
Ag3r0n: calls $3
*** TURN *** [9d Ah 3c] [2c]
Ag3r0n: checks
libaikang: bets $6
Ag3r0n: calls $6
*** RIVER *** [9d Ah 3c 2c] [3s]
Ag3r0n: checks
libaikang: bets $6
Ag3r0n: calls $6
*** SHOW DOWN ***
libaikang: shows [Ad Kd] (two pair, Aces and Threes)
Ag3r0n: mucks hand
libaikang collected $59.50 from pot
*** SUMMARY ***
Total pot $60 | Rake $0.50
Board [9d Ah 3c 2c 3s]
Seat 1: libaikang (button) (small blind) showed [Ad Kd] and won ($59.50) with two pair, Aces and Threes
Seat 3: Ag3r0n (big blind) mucked


PokerStars Hand #176290366429:  Hold'em Limit ($3/$6 USD) - 2017/09/29 20:19:29 ET
Table 'Pandarus' 6-max Seat #3 is the button
Seat 1: libaikang ($146 in chips)
Seat 3: Ag3r0n ($72 in chips)
Ag3r0n: posts small blind $1
libaikang: posts big blind $3
*** HOLE CARDS ***
Ag3r0n: raises $3 to $6
libaikang: calls $3
*** FLOP *** [Ks 8d 7c]
libaikang: checks
Ag3r0n: checks
*** TURN *** [Ks 8d 7c] [Kd]
libaikang: checks
Ag3r0n: checks
*** RIVER *** [Ks 8d 7c Kd] [8s]
libaikang: bets $6
Ag3r0n: folds
Uncalled bet ($6) returned to libaikang
libaikang collected $11.76 from pot
libaikang: doesn't show hand
*** SUMMARY ***
Total pot $12 | Rake $0.24
Board [Ks 8d 7c Kd 8s]
Seat 1: libaikang (big blind) collected ($11.76)
Seat 3: Ag3r0n (button) (small blind) folded on the River


PokerStars Hand #176290379032:  Hold'em Limit ($3/$6 USD) - 2017/09/29 20:19:55 ET
Table 'Pandarus' 6-max Seat #1 is the button
Seat 1: libaikang ($151.76 in chips)
Seat 3: Ag3r0n ($72 in chips)
libaikang: posts small blind $1
Ag3r0n: posts big blind $3
*** HOLE CARDS ***
libaikang: raises $3 to $6
Ag3r0n: folds
Uncalled bet ($3) returned to libaikang
libaikang collected $6 from pot
libaikang: doesn't show hand
*** SUMMARY ***
Total pot $6 | Rake $0
Seat 1: libaikang (button) (small blind) collected ($6)
Seat 3: Ag3r0n (big blind) folded before Flop


PokerStars Hand #176290376586:  Hold'em Limit ($3/$6 USD) - 2017/09/29 20:19:50 ET
Table 'Pandarus' 6-max Seat #3 is the button
Seat 1: libaikang ($150.76 in chips)
Seat 3: Ag3r0n ($73 in chips)
Ag3r0n: posts small blind $1
libaikang: posts big blind $3
*** HOLE CARDS ***
Ag3r0n: folds
Uncalled bet ($2) returned to libaikang
libaikang collected $2 from pot
libaikang: doesn't show hand
*** SUMMARY ***
Total pot $2 | Rake $0
Seat 1: libaikang (big blind) collected ($2)
Seat 3: Ag3r0n (button) (small blind) folded before Flop


PokerStars Hand #176290412210:  Hold'em Limit ($3/$6 USD) - 2017/09/29 20:21:03 ET
Table 'Pandarus' 6-max Seat #3 is the button
Seat 1: libaikang ($160.16 in chips)
Seat 3: Ag3r0n ($72 in chips)
Ag3r0n: posts small blind $1
libaikang: posts big blind $3
*** HOLE CARDS ***
Ag3r0n: folds
Uncalled bet ($2) returned to libaikang
libaikang collected $2 from pot
libaikang: doesn't show hand
*** SUMMARY ***
Total pot $2 | Rake $0
Seat 1: libaikang (big blind) collected ($2)
Seat 3: Ag3r0n (button) (small blind) folded before Flop


PokerStars Hand #176290399170:  Hold'em Limit ($3/$6 USD) - 2017/09/29 20:20:37 ET
Table 'Pandarus' 6-max Seat #3 is the button
Seat 1: libaikang ($154.52 in chips)
Seat 3: Ag3r0n ($72 in chips)
Ag3r0n: posts small blind $1
libaikang: posts big blind $3
*** HOLE CARDS ***
Ag3r0n: raises $3 to $6
libaikang: folds
Uncalled bet ($3) returned to Ag3r0n
Ag3r0n collected $6 from pot
Ag3r0n: doesn't show hand
*** SUMMARY ***
Total pot $6 | Rake $0
Seat 1: libaikang (big blind) folded before Flop
Seat 3: Ag3r0n (button) (small blind) collected ($6)


PokerStars Hand #176290389995:  Hold'em Limit ($3/$6 USD) - 2017/09/29 20:20:17 ET
Table 'Pandarus' 6-max Seat #1 is the button
Seat 1: libaikang ($148.76 in chips)
Seat 3: Ag3r0n ($77.76 in chips)
libaikang: posts small blind $1
Ag3r0n: posts big blind $3
*** HOLE CARDS ***
libaikang: raises $3 to $6
Ag3r0n: calls $3
*** FLOP *** [7d 6s 8s]
Ag3r0n: checks
libaikang: checks
*** TURN *** [7d 6s 8s] [Qd]
Ag3r0n: checks
libaikang: checks
*** RIVER *** [7d 6s 8s Qd] [6h]
Ag3r0n: checks
libaikang: checks
*** SHOW DOWN ***
Ag3r0n: shows [Jc 5h] (a pair of Sixes)
libaikang: shows [Ts Jh] (a pair of Sixes - Queen+Jack+Ten kicker)
libaikang collected $11.76 from pot
*** SUMMARY ***
Total pot $12 | Rake $0.24
Board [7d 6s 8s Qd 6h]
Seat 1: libaikang (button) (small blind) showed [Ts Jh] and won ($11.76) with a pair of Sixes
Seat 3: Ag3r0n (big blind) showed [Jc 5h] and lost with a pair of Sixes


PokerStars Hand #176290382753:  Hold'em Limit ($3/$6 USD) - 2017/09/29 20:20:03 ET
Table 'Pandarus' 6-max Seat #3 is the button
Seat 1: libaikang ($154.76 in chips)
Seat 3: Ag3r0n ($72 in chips)
Ag3r0n: posts small blind $1
libaikang: posts big blind $3
*** HOLE CARDS ***
Ag3r0n: raises $3 to $6
libaikang: calls $3
*** FLOP *** [Qs Tc 2c]
libaikang: checks
Ag3r0n: checks
*** TURN *** [Qs Tc 2c] [5c]
libaikang: checks
Ag3r0n: checks
*** RIVER *** [Qs Tc 2c 5c] [4s]
libaikang: checks
Ag3r0n: checks
*** SHOW DOWN ***
libaikang: shows [6c 7s] (high card Queen)
Ag3r0n: shows [7h 8d] (high card Queen - Ten+Eight kicker)
Ag3r0n collected $11.76 from pot
*** SUMMARY ***
Total pot $12 | Rake $0.24
Board [Qs Tc 2c 5c 4s]
Seat 1: libaikang (big blind) showed [6c 7s] and lost with high card Queen
Seat 3: Ag3r0n (button) (small blind) showed [7h 8d] and won ($11.76) with high card Queen


PokerStars Hand #176290437079:  Hold'em Limit ($3/$6 USD) - 2017/09/29 20:21:54 ET
Table 'Pandarus' 6-max Seat #1 is the button
Seat 1: libaikang ($139.92 in chips)
Seat 3: Ag3r0n ($95.50 in chips)
libaikang: posts small blind $1
Ag3r0n: posts big blind $3
*** HOLE CARDS ***
libaikang: raises $3 to $6
Ag3r0n: calls $3
*** FLOP *** [Kh Tc 8h]
Ag3r0n: checks
libaikang: checks
*** TURN *** [Kh Tc 8h] [Ac]
Ag3r0n: checks
libaikang: checks
*** RIVER *** [Kh Tc 8h Ac] [3h]
Ag3r0n: bets $6
libaikang: folds
Uncalled bet ($6) returned to Ag3r0n
Ag3r0n collected $11.76 from pot
Ag3r0n: doesn't show hand
*** SUMMARY ***
Total pot $12 | Rake $0.24
Board [Kh Tc 8h Ac 3h]
Seat 1: libaikang (button) (small blind) folded on the River
Seat 3: Ag3r0n (big blind) collected ($11.76)


PokerStars Hand #176290430072:  Hold'em Limit ($3/$6 USD) - 2017/09/29 20:21:40 ET
Table 'Pandarus' 6-max Seat #3 is the button
Seat 1: libaikang ($134.16 in chips)
Seat 3: Ag3r0n ($101.50 in chips)
Ag3r0n: posts small blind $1
libaikang: posts big blind $3
*** HOLE CARDS ***
Ag3r0n: raises $3 to $6
libaikang: calls $3
*** FLOP *** [7s Th Ks]
libaikang: checks
Ag3r0n: checks
*** TURN *** [7s Th Ks] [9s]
libaikang: checks
Ag3r0n: checks
*** RIVER *** [7s Th Ks 9s] [Kh]
libaikang: bets $6
Ag3r0n: folds
Uncalled bet ($6) returned to libaikang
libaikang collected $11.76 from pot
libaikang: doesn't show hand
*** SUMMARY ***
Total pot $12 | Rake $0.24
Board [7s Th Ks 9s Kh]
Seat 1: libaikang (big blind) collected ($11.76)
Seat 3: Ag3r0n (button) (small blind) folded on the River


PokerStars Hand #176290420448:  Hold'em Limit ($3/$6 USD) - 2017/09/29 20:21:20 ET
Table 'Pandarus' 6-max Seat #1 is the button
Seat 1: libaikang ($161.16 in chips)
Seat 3: Ag3r0n ($75 in chips)
libaikang: posts small blind $1
Ag3r0n: posts big blind $3
*** HOLE CARDS ***
libaikang: calls $2
Ag3r0n: raises $3 to $6
libaikang: raises $3 to $9
Ag3r0n: raises $3 to $12
Betting is capped
libaikang: calls $3
*** FLOP *** [5s Tc 2c]
Ag3r0n: bets $3
libaikang: calls $3
*** TURN *** [5s Tc 2c] [8c]
Ag3r0n: bets $6
libaikang: calls $6
*** RIVER *** [5s Tc 2c 8c] [5h]
Ag3r0n: bets $6
libaikang: calls $6
*** SHOW DOWN ***
Ag3r0n: shows [Ad Kd] (a pair of Fives)
libaikang: mucks hand
Ag3r0n collected $53.50 from pot
*** SUMMARY ***
Total pot $54 | Rake $0.50
Board [5s Tc 2c 8c 5h]
Seat 1: libaikang (button) (small blind) mucked
Seat 3: Ag3r0n (big blind) showed [Ad Kd] and won ($53.50) with a pair of Fives


PokerStars Hand #176290417686:  Hold'em Limit ($3/$6 USD) - 2017/09/29 20:21:15 ET
Table 'Pandarus' 6-max Seat #3 is the button
Seat 1: libaikang ($164.16 in chips)
Seat 3: Ag3r0n ($72 in chips)
Ag3r0n: posts small blind $1
libaikang: posts big blind $3
*** HOLE CARDS ***
Ag3r0n: raises $3 to $6
libaikang: folds
Uncalled bet ($3) returned to Ag3r0n
Ag3r0n collected $6 from pot
Ag3r0n: doesn't show hand
*** SUMMARY ***
Total pot $6 | Rake $0
Seat 1: libaikang (big blind) folded before Flop
Seat 3: Ag3r0n (button) (small blind) collected ($6)


PokerStars Hand #176290414604:  Hold'em Limit ($3/$6 USD) - 2017/09/29 20:21:08 ET
Table 'Pandarus' 6-max Seat #1 is the button
Seat 1: libaikang ($161.16 in chips)
Seat 3: Ag3r0n ($72 in chips)
libaikang: posts small blind $1
Ag3r0n: posts big blind $3
*** HOLE CARDS ***
libaikang: raises $3 to $6
Ag3r0n: folds
Uncalled bet ($3) returned to libaikang
libaikang collected $6 from pot
libaikang: doesn't show hand
*** SUMMARY ***
Total pot $6 | Rake $0
Seat 1: libaikang (button) (small blind) collected ($6)
Seat 3: Ag3r0n (big blind) folded before Flop


PokerStars Hand #176290462357:  Hold'em Limit ($3/$6 USD) - 2017/09/29 20:22:47 ET
Table 'Pandarus' 6-max Seat #3 is the button
Seat 1: libaikang ($121.42 in chips)
Seat 3: Ag3r0n ($112.76 in chips)
Ag3r0n: posts small blind $1
libaikang: posts big blind $3
*** HOLE CARDS ***
Ag3r0n: raises $3 to $6
libaikang: raises $3 to $9
Ag3r0n: calls $3
*** FLOP *** [7h Th Qd]
libaikang: bets $3
Ag3r0n: calls $3
*** TURN *** [7h Th Qd] [Jc]
libaikang: bets $6
Ag3r0n: raises $6 to $12
libaikang: calls $6
*** RIVER *** [7h Th Qd Jc] [2h]
libaikang: checks
Ag3r0n: bets $6
libaikang: calls $6
*** SHOW DOWN ***
Ag3r0n: shows [7s Qs] (two pair, Queens and Sevens)
libaikang: mucks hand
Ag3r0n collected $59.50 from pot
*** SUMMARY ***
Total pot $60 | Rake $0.50
Board [7h Th Qd Jc 2h]
Seat 1: libaikang (big blind) mucked
Seat 3: Ag3r0n (button) (small blind) showed [7s Qs] and won ($59.50) with two pair, Queens and Sevens


PokerStars Hand #176290453564:  Hold'em Limit ($3/$6 USD) - 2017/09/29 20:22:29 ET
Table 'Pandarus' 6-max Seat #1 is the button
Seat 1: libaikang ($103.92 in chips)
Seat 3: Ag3r0n ($130.76 in chips)
libaikang: posts small blind $1
Ag3r0n: posts big blind $3
*** HOLE CARDS ***
libaikang: raises $3 to $6
Ag3r0n: raises $3 to $9
libaikang: raises $3 to $12
Betting is capped
Ag3r0n: calls $3
*** FLOP *** [Ts 7s 7h]
Ag3r0n: checks
libaikang: checks
*** TURN *** [Ts 7s 7h] [9d]
Ag3r0n: checks
libaikang: bets $6
Ag3r0n: calls $6
*** RIVER *** [Ts 7s 7h 9d] [4s]
Ag3r0n: checks
libaikang: checks
*** SHOW DOWN ***
Ag3r0n: shows [Ac Js] (a pair of Sevens)
libaikang: shows [2s 2h] (two pair, Sevens and Deuces)
libaikang collected $35.50 from pot
*** SUMMARY ***
Total pot $36 | Rake $0.50
Board [Ts 7s 7h 9d 4s]
Seat 1: libaikang (button) (small blind) showed [2s 2h] and won ($35.50) with two pair, Sevens and Deuces
Seat 3: Ag3r0n (big blind) showed [Ac Js] and lost with a pair of Sevens


PokerStars Hand #176290444101:  Hold'em Limit ($3/$6 USD) - 2017/09/29 20:22:09 ET
Table 'Pandarus' 6-max Seat #3 is the button
Seat 1: libaikang ($133.92 in chips)
Seat 3: Ag3r0n ($101.26 in chips)
Ag3r0n: posts small blind $1
libaikang: posts big blind $3
*** HOLE CARDS ***
Ag3r0n: raises $3 to $6
libaikang: raises $3 to $9
Ag3r0n: calls $3
*** FLOP *** [Kh 7d Th]
libaikang: bets $3
Ag3r0n: raises $3 to $6
libaikang: raises $3 to $9
Ag3r0n: calls $3
*** TURN *** [Kh 7d Th] [4c]
libaikang: bets $6
Ag3r0n: calls $6
*** RIVER *** [Kh 7d Th 4c] [6h]
libaikang: bets $6
Ag3r0n: calls $6
*** SHOW DOWN ***
libaikang: shows [Qd Jh] (high card King)
Ag3r0n: shows [Ah Ts] (a pair of Tens)
Ag3r0n collected $59.50 from pot
*** SUMMARY ***
Total pot $60 | Rake $0.50
Board [Kh 7d Th 4c 6h]
Seat 1: libaikang (big blind) showed [Qd Jh] and lost with high card King
Seat 3: Ag3r0n (button) (small blind) showed [Ah Ts] and won ($59.50) with a pair of Tens


PokerStars Hand #176290490704:  Hold'em Limit ($3/$6 USD) - 2017/09/29 20:23:45 ET
Table 'Pandarus' 6-max Seat #3 is the button
Seat 1: libaikang ($68.42 in chips)
Seat 3: Ag3r0n ($164.40 in chips)
Ag3r0n: posts small blind $1
libaikang: posts big blind $3
*** HOLE CARDS ***
Ag3r0n: folds
Uncalled bet ($2) returned to libaikang
libaikang collected $2 from pot
libaikang: doesn't show hand
*** SUMMARY ***
Total pot $2 | Rake $0
Seat 1: libaikang (big blind) collected ($2)
Seat 3: Ag3r0n (button) (small blind) folded before Flop


PokerStars Hand #176290482725:  Hold'em Limit ($3/$6 USD) - 2017/09/29 20:23:29 ET
Table 'Pandarus' 6-max Seat #1 is the button
Seat 1: libaikang ($83.42 in chips)
Seat 3: Ag3r0n ($149.90 in chips)
libaikang: posts small blind $1
Ag3r0n: posts big blind $3
*** HOLE CARDS ***
libaikang: raises $3 to $6
Ag3r0n: calls $3
*** FLOP *** [7s 9s 8h]
Ag3r0n: checks
libaikang: bets $3
Ag3r0n: calls $3
*** TURN *** [7s 9s 8h] [4c]
Ag3r0n: checks
libaikang: bets $6
Ag3r0n: calls $6
*** RIVER *** [7s 9s 8h 4c] [Js]
Ag3r0n: checks
libaikang: checks
*** SHOW DOWN ***
Ag3r0n: shows [4h 5h] (a pair of Fours)
libaikang: mucks hand
Ag3r0n collected $29.50 from pot
*** SUMMARY ***
Total pot $30 | Rake $0.50
Board [7s 9s 8h 4c Js]
Seat 1: libaikang (button) (small blind) mucked
Seat 3: Ag3r0n (big blind) showed [4h 5h] and won ($29.50) with a pair of Fours


PokerStars Hand #176290480078:  Hold'em Limit ($3/$6 USD) - 2017/09/29 20:23:24 ET
Table 'Pandarus' 6-max Seat #3 is the button
Seat 1: libaikang ($82.42 in chips)
Seat 3: Ag3r0n ($150.90 in chips)
Ag3r0n: posts small blind $1
libaikang: posts big blind $3
*** HOLE CARDS ***
Ag3r0n: folds
Uncalled bet ($2) returned to libaikang
libaikang collected $2 from pot
libaikang: doesn't show hand
*** SUMMARY ***
Total pot $2 | Rake $0
Seat 1: libaikang (big blind) collected ($2)
Seat 3: Ag3r0n (button) (small blind) folded before Flop


PokerStars Hand #176290472897:  Hold'em Limit ($3/$6 USD) - 2017/09/29 20:23:08 ET
Table 'Pandarus' 6-max Seat #1 is the button
Seat 1: libaikang ($91.42 in chips)
Seat 3: Ag3r0n ($142.26 in chips)
libaikang: posts small blind $1
Ag3r0n: posts big blind $3
*** HOLE CARDS ***
libaikang: raises $3 to $6
Ag3r0n: calls $3
*** FLOP *** [Js 8d 4d]
Ag3r0n: checks
libaikang: bets $3
Ag3r0n: calls $3
*** TURN *** [Js 8d 4d] [Qc]
Ag3r0n: checks
libaikang: checks
*** RIVER *** [Js 8d 4d Qc] [Ac]
Ag3r0n: checks
libaikang: checks
*** SHOW DOWN ***
Ag3r0n: shows [4c 7c] (a pair of Fours)
libaikang: mucks hand
Ag3r0n collected $17.64 from pot
*** SUMMARY ***
Total pot $18 | Rake $0.36
Board [Js 8d 4d Qc Ac]
Seat 1: libaikang (button) (small blind) mucked
Seat 3: Ag3r0n (big blind) showed [4c 7c] and won ($17.64) with a pair of Fours


