PokerStars Hand #147116128636:  Hold'em Limit ($3/$6 USD) - 2016/01/15 23:08:33 ET
Table 'Pandarus' 6-max Seat #1 is the button
Seat 1: FinDeSiecle ($185.10 in chips)
Seat 4: CaolilaH2O ($146.02 in chips)
FinDeSiecle: posts small blind $1
CaolilaH2O: posts big blind $3
*** HOLE CARDS ***
FinDeSiecle: folds
Uncalled bet ($2) returned to CaolilaH2O
CaolilaH2O collected $2 from pot
*** SUMMARY ***
Total pot $2 | Rake $0
Seat 1: FinDeSiecle (button) (small blind) folded before Flop
Seat 4: CaolilaH2O (big blind) collected ($2)


PokerStars Hand #147116122766:  Hold'em Limit ($3/$6 USD) - 2016/01/15 23:08:17 ET
Table 'Pandarus' 6-max Seat #4 is the button
Seat 1: FinDeSiecle ($176.46 in chips)
Seat 4: CaolilaH2O ($155.02 in chips)
CaolilaH2O: posts small blind $1
hungryputter: is sitting out
FinDeSiecle: posts big blind $3
*** HOLE CARDS ***
CaolilaH2O: raises $3 to $6
FinDeSiecle: calls $3
*** FLOP *** [6c Qh 9d]
FinDeSiecle: checks
hungryputter leaves the table
CaolilaH2O: bets $3
FinDeSiecle: raises $3 to $6
CaolilaH2O: folds
Uncalled bet ($3) returned to FinDeSiecle
FinDeSiecle collected $17.64 from pot
FinDeSiecle: doesn't show hand
*** SUMMARY ***
Total pot $18 | Rake $0.36
Board [6c Qh 9d]
Seat 1: FinDeSiecle (big blind) collected ($17.64)
Seat 4: CaolilaH2O (button) (small blind) folded on the Flop


PokerStars Hand #147116722423:  Hold'em Limit ($3/$6 USD) - 2016/01/15 23:36:45 ET
Table 'Pandarus' 6-max Seat #2 is the button
Seat 2: TinaTurner72 ($120 in chips)
Seat 3: kismespit ($120 in chips)
TinaTurner72: posts small blind $1
kismespit: posts big blind $3
*** HOLE CARDS ***
TinaTurner72: raises $3 to $6
kismespit: calls $3
*** FLOP *** [6s 7s 8s]
kismespit: checks
TinaTurner72: checks
*** TURN *** [6s 7s 8s] [5h]
kismespit: bets $6
TinaTurner72: folds
Uncalled bet ($6) returned to kismespit
kismespit collected $11.76 from pot
*** SUMMARY ***
Total pot $12 | Rake $0.24
Board [6s 7s 8s 5h]
Seat 2: TinaTurner72 (button) (small blind) folded on the Turn
Seat 3: kismespit (big blind) collected ($11.76)


PokerStars Hand #147116734780:  Hold'em Limit ($3/$6 USD) - 2016/01/15 23:37:21 ET
Table 'Pandarus' 6-max Seat #2 is the button
Seat 2: TinaTurner72 ($115 in chips)
Seat 3: kismespit ($124.76 in chips)
TinaTurner72: posts small blind $1
kismespit: posts big blind $3
*** HOLE CARDS ***
TinaTurner72: raises $3 to $6
Masqb joins the table at seat #5
kismespit: folds
Uncalled bet ($3) returned to TinaTurner72
TinaTurner72 collected $6 from pot
TinaTurner72: doesn't show hand
*** SUMMARY ***
Total pot $6 | Rake $0
Seat 2: TinaTurner72 (button) (small blind) collected ($6)
Seat 3: kismespit (big blind) folded before Flop


PokerStars Hand #147116731917:  Hold'em Limit ($3/$6 USD) - 2016/01/15 23:37:13 ET
Table 'Pandarus' 6-max Seat #3 is the button
Seat 2: TinaTurner72 ($114 in chips)
Seat 3: kismespit ($125.76 in chips)
kismespit: posts small blind $1
TinaTurner72: posts big blind $3
*** HOLE CARDS ***
kismespit: folds
Uncalled bet ($2) returned to TinaTurner72
TinaTurner72 collected $2 from pot
TinaTurner72: doesn't show hand
Fabulous108 joins the table at seat #4
*** SUMMARY ***
Total pot $2 | Rake $0
Seat 2: TinaTurner72 (big blind) collected ($2)
Seat 3: kismespit (button) (small blind) folded before Flop


PokerStars Hand #147123719597:  Hold'em Limit ($3/$6 USD) - 2016/01/16 5:09:29 ET
Table 'Pandarus' 6-max Seat #2 is the button
Seat 1: treeleaves27 ($41.10 in chips)
Seat 2: Fabulous108 ($125.15 in chips)
Fabulous108: posts small blind $1
veterankwu: is sitting out
treeleaves27: posts big blind $3
*** HOLE CARDS ***
Fabulous108: raises $3 to $6
treeleaves27: calls $3
*** FLOP *** [8s Td 7s]
treeleaves27: checks
Fabulous108: bets $3
treeleaves27: raises $3 to $6
Fabulous108: calls $3
*** TURN *** [8s Td 7s] [5s]
treeleaves27: bets $6
Fabulous108: folds
Uncalled bet ($6) returned to treeleaves27
treeleaves27 collected $23.52 from pot
treeleaves27: doesn't show hand
*** SUMMARY ***
Total pot $24 | Rake $0.48
Board [8s Td 7s 5s]
Seat 1: treeleaves27 (big blind) collected ($23.52)
Seat 2: Fabulous108 (button) (small blind) folded on the Turn


PokerStars Hand #147123943019:  Hold'em Limit ($3/$6 USD) - 2016/01/16 5:16:56 ET
Table 'Pandarus' 6-max Seat #4 is the button
Seat 3: musto111 ($60 in chips)
Seat 4: TbIP-TbIP 88 ($72 in chips)
TbIP-TbIP 88: posts small blind $1
VolkovDmitri: is sitting out
musto111: posts big blind $3
*** HOLE CARDS ***
TbIP-TbIP 88: raises $3 to $6
musto111: calls $3
*** FLOP *** [Td Ah 2c]
musto111: checks
TbIP-TbIP 88: bets $3
musto111: calls $3
*** TURN *** [Td Ah 2c] [8c]
musto111: checks
VolkovDmitri leaves the table
TbIP-TbIP 88: checks
*** RIVER *** [Td Ah 2c 8c] [6c]
musto111: bets $6
TbIP-TbIP 88: calls $6
*** SHOW DOWN ***
musto111: shows [As Jd] (a pair of Aces)
TbIP-TbIP 88: mucks hand
musto111 collected $29.50 from pot
*** SUMMARY ***
Total pot $30 | Rake $0.50
Board [Td Ah 2c 8c 6c]
Seat 3: musto111 (big blind) showed [As Jd] and won ($29.50) with a pair of Aces
Seat 4: TbIP-TbIP 88 (button) (small blind) mucked


PokerStars Hand #147123967581:  Hold'em Limit ($3/$6 USD) - 2016/01/16 5:17:45 ET
Table 'Pandarus' 6-max Seat #3 is the button
Seat 3: musto111 ($74.50 in chips)
Seat 4: TbIP-TbIP 88 ($72 in chips)
musto111: posts small blind $1
TbIP-TbIP 88: posts big blind $3
*** HOLE CARDS ***
musto111: raises $3 to $6
TbIP-TbIP 88: calls $3
*** FLOP *** [8h 9h 3d]
TbIP-TbIP 88: bets $3
musto111: calls $3
*** TURN *** [8h 9h 3d] [5s]
TbIP-TbIP 88: bets $6
musto111: calls $6
*** RIVER *** [8h 9h 3d 5s] [4c]
TbIP-TbIP 88: bets $6
musto111: calls $6
*** SHOW DOWN ***
TbIP-TbIP 88: shows [6h 8d] (a pair of Eights)
musto111: mucks hand
TbIP-TbIP 88 collected $41.50 from pot
*** SUMMARY ***
Total pot $42 | Rake $0.50
Board [8h 9h 3d 5s 4c]
Seat 3: musto111 (button) (small blind) mucked
Seat 4: TbIP-TbIP 88 (big blind) showed [6h 8d] and won ($41.50) with a pair of Eights


PokerStars Hand #147123996568:  Hold'em Limit ($3/$6 USD) - 2016/01/16 5:18:42 ET
Table 'Pandarus' 6-max Seat #4 is the button
Seat 3: musto111 ($53.50 in chips)
Seat 4: TbIP-TbIP 88 ($92.50 in chips)
TbIP-TbIP 88: posts small blind $1
musto111: posts big blind $3
*** HOLE CARDS ***
TbIP-TbIP 88: raises $3 to $6
musto111: raises $3 to $9
TbIP-TbIP 88: calls $3
*** FLOP *** [4d 2c 8h]
musto111: bets $3
TbIP-TbIP 88: calls $3
*** TURN *** [4d 2c 8h] [8d]
musto111: bets $6
TbIP-TbIP 88: folds
Uncalled bet ($6) returned to musto111
musto111 collected $23.52 from pot
*** SUMMARY ***
Total pot $24 | Rake $0.48
Board [4d 2c 8h 8d]
Seat 3: musto111 (big blind) collected ($23.52)
Seat 4: TbIP-TbIP 88 (button) (small blind) folded on the Turn


PokerStars Hand #147124009956:  Hold'em Limit ($3/$6 USD) - 2016/01/16 5:19:08 ET
Table 'Pandarus' 6-max Seat #3 is the button
Seat 3: musto111 ($65.02 in chips)
Seat 4: TbIP-TbIP 88 ($80.50 in chips)
musto111: posts small blind $1
TbIP-TbIP 88: posts big blind $3
*** HOLE CARDS ***
musto111: folds
Uncalled bet ($2) returned to TbIP-TbIP 88
TbIP-TbIP 88 collected $2 from pot
TbIP-TbIP 88: doesn't show hand
*** SUMMARY ***
Total pot $2 | Rake $0
Seat 3: musto111 (button) (small blind) folded before Flop
Seat 4: TbIP-TbIP 88 (big blind) collected ($2)


PokerStars Hand #147124012091:  Hold'em Limit ($3/$6 USD) - 2016/01/16 5:19:12 ET
Table 'Pandarus' 6-max Seat #4 is the button
Seat 3: musto111 ($64.02 in chips)
Seat 4: TbIP-TbIP 88 ($81.50 in chips)
TbIP-TbIP 88: posts small blind $1
musto111: posts big blind $3
*** HOLE CARDS ***
TbIP-TbIP 88: raises $3 to $6
musto111: calls $3
*** FLOP *** [7d 8h Kh]
musto111: checks
TbIP-TbIP 88: bets $3
musto111: calls $3
*** TURN *** [7d 8h Kh] [7h]
musto111: checks
TbIP-TbIP 88: bets $6
musto111: folds
Uncalled bet ($6) returned to TbIP-TbIP 88
TbIP-TbIP 88 collected $17.64 from pot
TbIP-TbIP 88: doesn't show hand
*** SUMMARY ***
Total pot $18 | Rake $0.36
Board [7d 8h Kh 7h]
Seat 3: musto111 (big blind) folded on the Turn
Seat 4: TbIP-TbIP 88 (button) (small blind) collected ($17.64)


PokerStars Hand #147124021215:  Hold'em Limit ($3/$6 USD) - 2016/01/16 5:19:30 ET
Table 'Pandarus' 6-max Seat #3 is the button
Seat 3: musto111 ($55.02 in chips)
Seat 4: TbIP-TbIP 88 ($90.14 in chips)
musto111: posts small blind $1
TbIP-TbIP 88: posts big blind $3
*** HOLE CARDS ***
musto111: folds
Uncalled bet ($2) returned to TbIP-TbIP 88
TbIP-TbIP 88 collected $2 from pot
TbIP-TbIP 88: doesn't show hand
*** SUMMARY ***
Total pot $2 | Rake $0
Seat 3: musto111 (button) (small blind) folded before Flop
Seat 4: TbIP-TbIP 88 (big blind) collected ($2)


PokerStars Hand #147124023537:  Hold'em Limit ($3/$6 USD) - 2016/01/16 5:19:34 ET
Table 'Pandarus' 6-max Seat #4 is the button
Seat 3: musto111 ($54.02 in chips)
Seat 4: TbIP-TbIP 88 ($91.14 in chips)
TbIP-TbIP 88: posts small blind $1
musto111: posts big blind $3
*** HOLE CARDS ***
TbIP-TbIP 88: raises $3 to $6
musto111: calls $3
*** FLOP *** [Ts 3c 6s]
musto111: checks
TbIP-TbIP 88: bets $3
musto111: calls $3
*** TURN *** [Ts 3c 6s] [6c]
musto111: checks
TbIP-TbIP 88: bets $6
musto111: calls $6
*** RIVER *** [Ts 3c 6s 6c] [7s]
musto111: checks
TbIP-TbIP 88: checks
*** SHOW DOWN ***
musto111: shows [3d Ac] (two pair, Sixes and Threes)
TbIP-TbIP 88: shows [7d 8d] (two pair, Sevens and Sixes)
TbIP-TbIP 88 collected $29.50 from pot
*** SUMMARY ***
Total pot $30 | Rake $0.50
Board [Ts 3c 6s 6c 7s]
Seat 3: musto111 (big blind) showed [3d Ac] and lost with two pair, Sixes and Threes
Seat 4: TbIP-TbIP 88 (button) (small blind) showed [7d 8d] and won ($29.50) with two pair, Sevens and Sixes


PokerStars Hand #147124036947:  Hold'em Limit ($3/$6 USD) - 2016/01/16 5:20:01 ET
Table 'Pandarus' 6-max Seat #3 is the button
Seat 3: musto111 ($39.02 in chips)
Seat 4: TbIP-TbIP 88 ($105.64 in chips)
musto111: posts small blind $1
TbIP-TbIP 88: posts big blind $3
*** HOLE CARDS ***
musto111: raises $3 to $6
TbIP-TbIP 88: raises $3 to $9
musto111: calls $3
*** FLOP *** [5c 7d Js]
TbIP-TbIP 88: bets $3
musto111: calls $3
*** TURN *** [5c 7d Js] [Kc]
TbIP-TbIP 88: bets $6
musto111: folds
Uncalled bet ($6) returned to TbIP-TbIP 88
TbIP-TbIP 88 collected $23.52 from pot
TbIP-TbIP 88: doesn't show hand
*** SUMMARY ***
Total pot $24 | Rake $0.48
Board [5c 7d Js Kc]
Seat 3: musto111 (button) (small blind) folded on the Turn
Seat 4: TbIP-TbIP 88 (big blind) collected ($23.52)


PokerStars Hand #147124050315:  Hold'em Limit ($3/$6 USD) - 2016/01/16 5:20:27 ET
Table 'Pandarus' 6-max Seat #4 is the button
Seat 3: musto111 ($27.02 in chips)
Seat 4: TbIP-TbIP 88 ($117.16 in chips)
TbIP-TbIP 88: posts small blind $1
musto111: posts big blind $3
*** HOLE CARDS ***
TbIP-TbIP 88: folds
Uncalled bet ($2) returned to musto111
musto111 collected $2 from pot
*** SUMMARY ***
Total pot $2 | Rake $0
Seat 3: musto111 (big blind) collected ($2)
Seat 4: TbIP-TbIP 88 (button) (small blind) folded before Flop


PokerStars Hand #147126166477:  Hold'em Limit ($3/$6 USD) - 2016/01/16 6:26:28 ET
Table 'Pandarus' 6-max Seat #4 is the button
Seat 3: bentinck113 ($80.46 in chips)
Seat 4: pogi74 ($122.88 in chips)
pogi74: posts small blind $1
Fabulous108: is sitting out
bentinck113: posts big blind $3
*** HOLE CARDS ***
pogi74: folds
Uncalled bet ($2) returned to bentinck113
bentinck113 collected $2 from pot
bentinck113: doesn't show hand
*** SUMMARY ***
Total pot $2 | Rake $0
Seat 3: bentinck113 (big blind) collected ($2)
Seat 4: pogi74 (button) (small blind) folded before Flop


