PokerStars Hand #144487334951:  Hold'em Limit ($3/$6 USD) - 2015/11/27 20:39:36 ET
Table 'Pandarus' 6-max Seat #3 is the button
Seat 1: Velbor107 ($291 in chips)
Seat 3: FourAces1818 ($80.64 in chips)
TinaTurner72 joins the table at seat #4
FourAces1818: posts small blind $1
Velbor107: posts big blind $3
*** HOLE CARDS ***
FourAces1818: calls $2
Velbor107: raises $3 to $6
FourAces1818: calls $3
*** FLOP *** [2d 9h 7h]
Velbor107: bets $3
FourAces1818: calls $3
*** TURN *** [2d 9h 7h] [Ac]
Velbor107: bets $6
FourAces1818: calls $6
*** RIVER *** [2d 9h 7h Ac] [Ah]
Velbor107: checks
FourAces1818: bets $6
Velbor107: calls $6
*** SHOW DOWN ***
FourAces1818: shows [Tc 7d] (two pair, Aces and Sevens)
Velbor107: mucks hand
FourAces1818 collected $41.50 from pot
*** SUMMARY ***
Total pot $42 | Rake $0.50
Board [2d 9h 7h Ac Ah]
Seat 1: Velbor107 (big blind) mucked
Seat 3: FourAces1818 (button) (small blind) showed [Tc 7d] and won ($41.50) with two pair, Aces and Sevens


PokerStars Hand #144487319190:  Hold'em Limit ($3/$6 USD) - 2015/11/27 20:39:05 ET
Table 'Pandarus' 6-max Seat #1 is the button
Seat 1: Velbor107 ($300 in chips)
Seat 3: FourAces1818 ($72 in chips)
Velbor107: posts small blind $1
FourAces1818: posts big blind $3
*** HOLE CARDS ***
Velbor107: raises $3 to $6
FourAces1818: calls $3
*** FLOP *** [Kh 4h Jc]
FourAces1818: checks
Velbor107: bets $3
FourAces1818: calls $3
*** TURN *** [Kh 4h Jc] [3s]
FourAces1818: checks
Velbor107: checks
*** RIVER *** [Kh 4h Jc 3s] [6s]
FourAces1818: bets $6
Velbor107: folds
Uncalled bet ($6) returned to FourAces1818
FourAces1818 collected $17.64 from pot
*** SUMMARY ***
Total pot $18 | Rake $0.36
Board [Kh 4h Jc 3s 6s]
Seat 1: Velbor107 (button) (small blind) folded on the River
Seat 3: FourAces1818 (big blind) collected ($17.64)


PokerStars Hand #144487347637:  Hold'em Limit ($3/$6 USD) - 2015/11/27 20:40:00 ET
Table 'Pandarus' 6-max Seat #1 is the button
Seat 1: Velbor107 ($270 in chips)
Seat 3: FourAces1818 ($101.14 in chips)
Velbor107: posts small blind $1
FourAces1818: posts big blind $3
*** HOLE CARDS ***
Velbor107: raises $3 to $6
FourAces1818: calls $3
*** FLOP *** [3c Ts Qc]
FourAces1818: checks
Velbor107: bets $3
FourAces1818: calls $3
*** TURN *** [3c Ts Qc] [7h]
FourAces1818: checks
Velbor107: bets $6
FourAces1818: calls $6
*** RIVER *** [3c Ts Qc 7h] [Js]
FourAces1818: checks
Velbor107: bets $6
FourAces1818: folds
Uncalled bet ($6) returned to Velbor107
Velbor107 collected $29.50 from pot
*** SUMMARY ***
Total pot $30 | Rake $0.50
Board [3c Ts Qc 7h Js]
Seat 1: Velbor107 (button) (small blind) collected ($29.50)
Seat 3: FourAces1818 (big blind) folded on the River


