PokerStars Hand #150622942931:  Hold'em Limit ($3/$6 USD) - 2016/03/19 20:26:54 ET
Table 'Pandora' 6-max Seat #3 is the button
Seat 3: Heri120 ($78 in chips)
Seat 4: FHstyles ($60 in chips)
Heri120: posts small blind $1
FHstyles: posts big blind $3
*** HOLE CARDS ***
Heri120: raises $3 to $6
FHstyles: calls $3
*** FLOP *** [Kh 8h Ad]
FHstyles: checks
Heri120: bets $3
FHstyles: folds
Uncalled bet ($3) returned to Heri120
Heri120 collected $11.76 from pot
*** SUMMARY ***
Total pot $12 | Rake $0.24
Board [Kh 8h Ad]
Seat 3: Heri120 (button) (small blind) collected ($11.76)
Seat 4: FHstyles (big blind) folded on the Flop


PokerStars Hand #150622986657:  Hold'em Limit ($3/$6 USD) - 2016/03/19 20:27:50 ET
Table 'Pandora' 6-max Seat #4 is the button
Seat 3: Heri120 ($68.26 in chips)
Seat 4: FHstyles ($128.50 in chips)
FHstyles: posts small blind $1
Heri120: posts big blind $3
*** HOLE CARDS ***
FHstyles: raises $3 to $6
Heri120: raises $3 to $9
FHstyles: calls $3
*** FLOP *** [2d Qc 7s]
Heri120: bets $3
FHstyles: calls $3
*** TURN *** [2d Qc 7s] [Ah]
Heri120: bets $6
FHstyles: calls $6
*** RIVER *** [2d Qc 7s Ah] [4s]
Heri120: bets $6
FHstyles: calls $6
*** SHOW DOWN ***
Heri120: shows [8h Kh] (high card Ace)
FHstyles: shows [2c 6c] (a pair of Deuces)
FHstyles collected $47.50 from pot
*** SUMMARY ***
Total pot $48 | Rake $0.50
Board [2d Qc 7s Ah 4s]
Seat 3: Heri120 (big blind) showed [8h Kh] and lost with high card Ace
Seat 4: FHstyles (button) (small blind) showed [2c 6c] and won ($47.50) with a pair of Deuces


PokerStars Hand #150622973612:  Hold'em Limit ($3/$6 USD) - 2016/03/19 20:27:30 ET
Table 'Pandora' 6-max Seat #3 is the button
Seat 3: Heri120 ($98.26 in chips)
Seat 4: FHstyles ($99 in chips)
Heri120: posts small blind $1
FHstyles: posts big blind $3
*** HOLE CARDS ***
Heri120: raises $3 to $6
FHstyles: calls $3
*** FLOP *** [9d 2d Ts]
FHstyles: checks
Heri120: checks
*** TURN *** [9d 2d Ts] [Kh]
FHstyles: bets $6
Heri120: calls $6
*** RIVER *** [9d 2d Ts Kh] [6d]
FHstyles: bets $6
Heri120: raises $6 to $12
FHstyles: raises $6 to $18
Heri120: calls $6
*** SHOW DOWN ***
FHstyles: shows [Th 6s] (two pair, Tens and Sixes)
Heri120: mucks hand
FHstyles collected $59.50 from pot
*** SUMMARY ***
Total pot $60 | Rake $0.50
Board [9d 2d Ts Kh 6d]
Seat 3: Heri120 (button) (small blind) mucked
Seat 4: FHstyles (big blind) showed [Th 6s] and won ($59.50) with two pair, Tens and Sixes


PokerStars Hand #150622953654:  Hold'em Limit ($3/$6 USD) - 2016/03/19 20:27:10 ET
Table 'Pandora' 6-max Seat #4 is the button
Seat 3: Heri120 ($83.76 in chips)
Seat 4: FHstyles ($54 in chips)
FHstyles: posts small blind $1
Heri120: posts big blind $3
*** HOLE CARDS ***
FHstyles: raises $3 to $6
Heri120: calls $3
*** FLOP *** [5d 3s 3h]
Heri120: checks
FHstyles: bets $3
Heri120: calls $3
*** TURN *** [5d 3s 3h] [7d]
Heri120: bets $6
FHstyles: calls $6
*** RIVER *** [5d 3s 3h 7d] [9d]
Heri120: bets $6
FHstyles: folds
Uncalled bet ($6) returned to Heri120
Heri120 collected $29.50 from pot
*** SUMMARY ***
Total pot $30 | Rake $0.50
Board [5d 3s 3h 7d 9d]
Seat 3: Heri120 (big blind) collected ($29.50)
Seat 4: FHstyles (button) (small blind) folded on the River


PokerStars Hand #150623032954:  Hold'em Limit ($3/$6 USD) - 2016/03/19 20:29:02 ET
Table 'Pandora' 6-max Seat #3 is the button
Seat 3: Heri120 ($30.46 in chips)
Seat 4: FHstyles ($190 in chips)
Heri120: posts small blind $1
FHstyles: posts big blind $3
*** HOLE CARDS ***
Heri120: raises $3 to $6
FHstyles: calls $3
*** FLOP *** [Jc 6s 3d]
FHstyles: checks
Heri120: bets $3
FHstyles: folds
Uncalled bet ($3) returned to Heri120
Heri120 collected $11.76 from pot
*** SUMMARY ***
Total pot $12 | Rake $0.24
Board [Jc 6s 3d]
Seat 3: Heri120 (button) (small blind) collected ($11.76)
Seat 4: FHstyles (big blind) folded on the Flop


PokerStars Hand #150623015652:  Hold'em Limit ($3/$6 USD) - 2016/03/19 20:28:35 ET
Table 'Pandora' 6-max Seat #4 is the button
Seat 3: Heri120 ($51.46 in chips)
Seat 4: FHstyles ($169.50 in chips)
FHstyles: posts small blind $1
Heri120: posts big blind $3
*** HOLE CARDS ***
FHstyles: raises $3 to $6
Heri120: calls $3
*** FLOP *** [7h 2s 6h]
Heri120: checks
FHstyles: bets $3
Heri120: calls $3
*** TURN *** [7h 2s 6h] [6d]
Heri120: checks
FHstyles: bets $6
Heri120: calls $6
*** RIVER *** [7h 2s 6h 6d] [Qh]
Heri120: checks
FHstyles: bets $6
Heri120: calls $6
*** SHOW DOWN ***
FHstyles: shows [Ad 7d] (two pair, Sevens and Sixes)
Heri120: mucks hand
FHstyles collected $41.50 from pot
*** SUMMARY ***
Total pot $42 | Rake $0.50
Board [7h 2s 6h 6d Qh]
Seat 3: Heri120 (big blind) mucked
Seat 4: FHstyles (button) (small blind) showed [Ad 7d] and won ($41.50) with two pair, Sevens and Sixes


PokerStars Hand #150622997473:  Hold'em Limit ($3/$6 USD) - 2016/03/19 20:28:07 ET
Table 'Pandora' 6-max Seat #3 is the button
Seat 3: Heri120 ($44.26 in chips)
Seat 4: FHstyles ($152 in chips)
Heri120: posts small blind $1
FHstyles: posts big blind $3
*** HOLE CARDS ***
Heri120: raises $3 to $6
FHstyles: calls $3
*** FLOP *** [Kd 8c 6d]
FHstyles: checks
Heri120: bets $3
FHstyles: raises $3 to $6
Heri120: calls $3
*** TURN *** [Kd 8c 6d] [5s]
FHstyles: bets $6
Heri120: calls $6
*** RIVER *** [Kd 8c 6d 5s] [2s]
FHstyles: bets $6
Heri120: folds
Uncalled bet ($6) returned to FHstyles
FHstyles collected $35.50 from pot
FHstyles: doesn't show hand
*** SUMMARY ***
Total pot $36 | Rake $0.50
Board [Kd 8c 6d 5s 2s]
Seat 3: Heri120 (button) (small blind) folded on the River
Seat 4: FHstyles (big blind) collected ($35.50)


PokerStars Hand #150623058850:  Hold'em Limit ($3/$6 USD) - 2016/03/19 20:29:42 ET
Table 'Pandora' 6-max Seat #3 is the button
Seat 3: Heri120 ($3.22 in chips)
Seat 4: FHstyles ($216.50 in chips)
Heri120: posts small blind $1
FHstyles: posts big blind $3
*** HOLE CARDS ***
Heri120: folds
Uncalled bet ($2) returned to FHstyles
FHstyles collected $2 from pot
FHstyles: doesn't show hand
*** SUMMARY ***
Total pot $2 | Rake $0
Seat 3: Heri120 (button) (small blind) folded before Flop
Seat 4: FHstyles (big blind) collected ($2)


PokerStars Hand #150623041206:  Hold'em Limit ($3/$6 USD) - 2016/03/19 20:29:14 ET
Table 'Pandora' 6-max Seat #4 is the button
Seat 3: Heri120 ($36.22 in chips)
Seat 4: FHstyles ($184 in chips)
FHstyles: posts small blind $1
Heri120: posts big blind $3
*** HOLE CARDS ***
FHstyles: raises $3 to $6
Heri120: calls $3
*** FLOP *** [Qh 9d 8s]
Heri120: checks
FHstyles: bets $3
Heri120: calls $3
*** TURN *** [Qh 9d 8s] [4c]
Heri120: checks
FHstyles: bets $6
Heri120: raises $6 to $12
FHstyles: calls $6
*** RIVER *** [Qh 9d 8s 4c] [Kc]
Heri120: bets $6
FHstyles: raises $6 to $12
Heri120: calls $6
*** SHOW DOWN ***
FHstyles: shows [Th Kh] (a pair of Kings)
Heri120: mucks hand
FHstyles collected $65.50 from pot
*** SUMMARY ***
Total pot $66 | Rake $0.50
Board [Qh 9d 8s 4c Kc]
Seat 3: Heri120 (big blind) mucked
Seat 4: FHstyles (button) (small blind) showed [Th Kh] and won ($65.50) with a pair of Kings


PokerStars Hand #150623096062:  Hold'em Limit ($3/$6 USD) - 2016/03/19 20:30:40 ET
Table 'Pandora' 6-max Seat #4 is the button
Seat 4: FHstyles ($205.50 in chips)
Seat 5: kladde567 ($131.52 in chips)
FHstyles: posts small blind $1
kladde567: posts big blind $3
*** HOLE CARDS ***
FHstyles: raises $3 to $6
kladde567: raises $3 to $9
FHstyles: calls $3
*** FLOP *** [3c 6s 5c]
kladde567: bets $3
FHstyles: calls $3
*** TURN *** [3c 6s 5c] [7h]
kladde567: bets $6
FHstyles: calls $6
*** RIVER *** [3c 6s 5c 7h] [2c]
kladde567: bets $6
FHstyles: calls $6
*** SHOW DOWN ***
kladde567: shows [Js Jh] (a pair of Jacks)
FHstyles: mucks hand
kladde567 collected $47.50 from pot
FHstyles leaves the table
*** SUMMARY ***
Total pot $48 | Rake $0.50
Board [3c 6s 5c 7h 2c]
Seat 4: FHstyles (button) (small blind) mucked
Seat 5: kladde567 (big blind) showed [Js Jh] and won ($47.50) with a pair of Jacks


PokerStars Hand #150623087992:  Hold'em Limit ($3/$6 USD) - 2016/03/19 20:30:27 ET
Table 'Pandora' 6-max Seat #5 is the button
Seat 4: FHstyles ($208.50 in chips)
Seat 5: kladde567 ($128.64 in chips)
kladde567: posts small blind $1
FHstyles: posts big blind $3
*** HOLE CARDS ***
kladde567: calls $2
FHstyles: checks
*** FLOP *** [7h 6d Kc]
FHstyles: checks
kladde567: bets $3
FHstyles: folds
Uncalled bet ($3) returned to kladde567
kladde567 collected $5.88 from pot
*** SUMMARY ***
Total pot $6 | Rake $0.12
Board [7h 6d Kc]
Seat 4: FHstyles (big blind) folded on the Flop
Seat 5: kladde567 (button) (small blind) collected ($5.88)


PokerStars Hand #150623073745:  Hold'em Limit ($3/$6 USD) - 2016/03/19 20:30:05 ET
Table 'Pandora' 6-max Seat #4 is the button
Seat 4: FHstyles ($217.50 in chips)
Seat 5: kladde567 ($120 in chips)
Heri120 leaves the table
FHstyles: posts small blind $1
kladde567: posts big blind $3
*** HOLE CARDS ***
FHstyles: raises $3 to $6
kladde567: calls $3
*** FLOP *** [As 2h 9s]
kladde567: checks
FHstyles: bets $3
kladde567: calls $3
*** TURN *** [As 2h 9s] [Jc]
kladde567: checks
FHstyles: checks
*** RIVER *** [As 2h 9s Jc] [6c]
kladde567: bets $6
FHstyles: folds
Uncalled bet ($6) returned to kladde567
kladde567 collected $17.64 from pot
kladde567: doesn't show hand
*** SUMMARY ***
Total pot $18 | Rake $0.36
Board [As 2h 9s Jc 6c]
Seat 4: FHstyles (button) (small blind) folded on the River
Seat 5: kladde567 (big blind) collected ($17.64)


