PokerStars Hand #169862357671:  Hold'em Limit ($3/$6 USD) - 2017/05/02 14:10:52 ET
Table 'Pannekoek' 6-max Seat #5 is the button
Seat 4: SEVER4815 ($123 in chips)
Seat 5: GoliafUa ($117 in chips)
GoliafUa: posts small blind $1
SEVER4815: posts big blind $3
*** HOLE CARDS ***
GoliafUa: raises $3 to $6
SEVER4815: calls $3
*** FLOP *** [8c 4d Ts]
SEVER4815: checks
GoliafUa: bets $3
SEVER4815: calls $3
*** TURN *** [8c 4d Ts] [6h]
SEVER4815: checks
GoliafUa: bets $6
SEVER4815: calls $6
*** RIVER *** [8c 4d Ts 6h] [Th]
SEVER4815: checks
GoliafUa: checks
*** SHOW DOWN ***
SEVER4815: shows [6d Kc] (two pair, Tens and Sixes)
GoliafUa: mucks hand
SEVER4815 collected $29.50 from pot
*** SUMMARY ***
Total pot $30 | Rake $0.50
Board [8c 4d Ts 6h Th]
Seat 4: SEVER4815 (big blind) showed [6d Kc] and won ($29.50) with two pair, Tens and Sixes
Seat 5: GoliafUa (button) (small blind) mucked


PokerStars Hand #169862369952:  Hold'em Limit ($3/$6 USD) - 2017/05/02 14:11:07 ET
Table 'Pannekoek' 6-max Seat #4 is the button
Seat 4: SEVER4815 ($137.50 in chips)
Seat 5: GoliafUa ($102 in chips)
SEVER4815: posts small blind $1
GoliafUa: posts big blind $3
*** HOLE CARDS ***
vestimokrec joins the table at seat #6
SEVER4815: raises $3 to $6
GoliafUa: calls $3
*** FLOP *** [2s 6s 5c]
rascal_319 joins the table at seat #1
GoliafUa: checks
SEVER4815: bets $3
GoliafUa: raises $3 to $6
SEVER4815: calls $3
*** TURN *** [2s 6s 5c] [Ac]
GoliafUa: bets $6
SEVER4815: raises $6 to $12
GoliafUa: folds
Uncalled bet ($6) returned to SEVER4815
SEVER4815 collected $35.50 from pot
SEVER4815: doesn't show hand
*** SUMMARY ***
Total pot $36 | Rake $0.50
Board [2s 6s 5c Ac]
Seat 4: SEVER4815 (button) (small blind) collected ($35.50)
Seat 5: GoliafUa (big blind) folded on the Turn


PokerStars Hand #169863014291:  Hold'em Limit ($3/$6 USD) - 2017/05/02 14:24:15 ET
Table 'Pannekoek' 6-max Seat #6 is the button
Seat 2: Qvidde ($111.53 in chips)
Seat 6: estech10 ($177.80 in chips)
estech10: posts small blind $1
Qvidde: posts big blind $3
*** HOLE CARDS ***
estech10: folds
Uncalled bet ($2) returned to Qvidde
Qvidde collected $2 from pot
Qvidde: doesn't show hand
*** SUMMARY ***
Total pot $2 | Rake $0
Seat 2: Qvidde (big blind) collected ($2)
Seat 6: estech10 (button) (small blind) folded before Flop


