PokerStars Hand #171948088121:  Hold'em Limit ($3/$6 USD) - 2017/06/18 16:40:11 ET
Table 'Pannekoek' 6-max Seat #6 is the button
Seat 1: Guarevs ($105.64 in chips)
Seat 6: scorpio04 ($150 in chips)
scorpio04: posts small blind $1
Guarevs: posts big blind $3
*** HOLE CARDS ***
scorpio04: raises $3 to $6
Guarevs: calls $3
*** FLOP *** [3s 9c Qs]
Guarevs: checks
scorpio04: bets $3
Guarevs: raises $3 to $6
scorpio04: calls $3
*** TURN *** [3s 9c Qs] [6c]
AzureCaper joins the table at seat #2
Guarevs: bets $6
scorpio04: calls $6
*** RIVER *** [3s 9c Qs 6c] [3d]
Guarevs: bets $6
scorpio04: calls $6
*** SHOW DOWN ***
Guarevs: shows [3h Qd] (a full house, Threes full of Queens)
scorpio04: mucks hand
Guarevs collected $47.50 from pot
*** SUMMARY ***
Total pot $48 | Rake $0.50
Board [3s 9c Qs 6c 3d]
Seat 1: Guarevs (big blind) showed [3h Qd] and won ($47.50) with a full house, Threes full of Queens
Seat 6: scorpio04 (button) (small blind) mucked


PokerStars Hand #171949708420:  Hold'em Limit ($3/$6 USD) - 2017/06/18 17:13:24 ET
Table 'Pannekoek' 6-max Seat #5 is the button
Seat 5: vitamin168 ($105.61 in chips)
Seat 6: scorpio04 ($330.68 in chips)
vitamin168: posts small blind $1
scorpio04: posts big blind $3
*** HOLE CARDS ***
vitamin168: raises $3 to $6
scorpio04: calls $3
*** FLOP *** [4h 6d Ad]
scorpio04: checks
vitamin168: bets $3
scorpio04: folds
Uncalled bet ($3) returned to vitamin168
vitamin168 collected $11.76 from pot
vitamin168: doesn't show hand
*** SUMMARY ***
Total pot $12 | Rake $0.24
Board [4h 6d Ad]
Seat 5: vitamin168 (button) (small blind) collected ($11.76)
Seat 6: scorpio04 (big blind) folded on the Flop


PokerStars Hand #171949692744:  Hold'em Limit ($3/$6 USD) - 2017/06/18 17:13:06 ET
Table 'Pannekoek' 6-max Seat #6 is the button
Seat 5: vitamin168 ($76.11 in chips)
Seat 6: scorpio04 ($360.68 in chips)
scorpio04: posts small blind $1
vlaprok: is sitting out
vitamin168: posts big blind $3
*** HOLE CARDS ***
scorpio04: raises $3 to $6
vlaprok leaves the table
vitamin168: raises $3 to $9
scorpio04: calls $3
*** FLOP *** [6h 9d Kh]
vitamin168: bets $3
scorpio04: calls $3
*** TURN *** [6h 9d Kh] [5h]
vitamin168: bets $6
scorpio04: raises $6 to $12
vitamin168: calls $6
*** RIVER *** [6h 9d Kh 5h] [Ah]
LotsaBalls12 joins the table at seat #4
vitamin168: checks
scorpio04: bets $6
vitamin168: calls $6
*** SHOW DOWN ***
scorpio04: shows [3c 6c] (a pair of Sixes)
vitamin168: shows [Td Kd] (a pair of Kings)
vitamin168 collected $59.50 from pot
*** SUMMARY ***
Total pot $60 | Rake $0.50
Board [6h 9d Kh 5h Ah]
Seat 5: vitamin168 (big blind) showed [Td Kd] and won ($59.50) with a pair of Kings
Seat 6: scorpio04 (button) (small blind) showed [3c 6c] and lost with a pair of Sixes


PokerStars Hand #171949979461:  Hold'em Limit ($3/$6 USD) - 2017/06/18 17:18:43 ET
Table 'Pannekoek' 6-max Seat #6 is the button
Seat 5: vitamin168 ($69.45 in chips)
Seat 6: scorpio04 ($347.13 in chips)
scorpio04: posts small blind $1
belik555: is sitting out
vitamin168: posts big blind $3
*** HOLE CARDS ***
scorpio04: raises $3 to $6
vitamin168: raises $3 to $9
scorpio04: calls $3
*** FLOP *** [Qc Kh Jd]
vitamin168: bets $3
scorpio04: calls $3
*** TURN *** [Qc Kh Jd] [3c]
vitamin168: bets $6
scorpio04: calls $6
*** RIVER *** [Qc Kh Jd 3c] [2c]
vitamin168: bets $6
scorpio04: raises $6 to $12
belik555 leaves the table
vitamin168: calls $6
*** SHOW DOWN ***
scorpio04: shows [Jc 4c] (a flush, Queen high)
vitamin168: mucks hand
scorpio04 collected $59.50 from pot
*** SUMMARY ***
Total pot $60 | Rake $0.50
Board [Qc Kh Jd 3c 2c]
Seat 5: vitamin168 (big blind) mucked
Seat 6: scorpio04 (button) (small blind) showed [Jc 4c] and won ($59.50) with a flush, Queen high


PokerStars Hand #171949993204:  Hold'em Limit ($3/$6 USD) - 2017/06/18 17:18:59 ET
Table 'Pannekoek' 6-max Seat #5 is the button
Seat 5: vitamin168 ($39.45 in chips)
Seat 6: scorpio04 ($376.63 in chips)
vitamin168: posts small blind $1
scorpio04: posts big blind $3
*** HOLE CARDS ***
vitamin168: folds
Uncalled bet ($2) returned to scorpio04
scorpio04 collected $2 from pot
scorpio04: doesn't show hand
*** SUMMARY ***
Total pot $2 | Rake $0
Seat 5: vitamin168 (button) (small blind) folded before Flop
Seat 6: scorpio04 (big blind) collected ($2)


PokerStars Hand #171949997899:  Hold'em Limit ($3/$6 USD) - 2017/06/18 17:19:05 ET
Table 'Pannekoek' 6-max Seat #6 is the button
Seat 5: vitamin168 ($38.45 in chips)
Seat 6: scorpio04 ($377.63 in chips)
scorpio04: posts small blind $1
vitamin168: posts big blind $3
*** HOLE CARDS ***
scorpio04: raises $3 to $6
vitamin168: folds
Uncalled bet ($3) returned to scorpio04
scorpio04 collected $6 from pot
scorpio04: doesn't show hand
*** SUMMARY ***
Total pot $6 | Rake $0
Seat 5: vitamin168 (big blind) folded before Flop
Seat 6: scorpio04 (button) (small blind) collected ($6)


PokerStars Hand #171950002951:  Hold'em Limit ($3/$6 USD) - 2017/06/18 17:19:11 ET
Table 'Pannekoek' 6-max Seat #5 is the button
Seat 5: vitamin168 ($35.45 in chips)
Seat 6: scorpio04 ($380.63 in chips)
vitamin168: posts small blind $1
scorpio04: posts big blind $3
*** HOLE CARDS ***
vitamin168: raises $3 to $6
scorpio04: raises $3 to $9
vitamin168: calls $3
*** FLOP *** [5d Qd Ks]
scorpio04: bets $3
vitamin168: calls $3
*** TURN *** [5d Qd Ks] [7c]
scorpio04: checks
vitamin168: bets $6
scorpio04: folds
Uncalled bet ($6) returned to vitamin168
vitamin168 collected $23.52 from pot
vitamin168: doesn't show hand
*** SUMMARY ***
Total pot $24 | Rake $0.48
Board [5d Qd Ks 7c]
Seat 5: vitamin168 (button) (small blind) collected ($23.52)
Seat 6: scorpio04 (big blind) folded on the Turn


PokerStars Hand #171950022237:  Hold'em Limit ($3/$6 USD) - 2017/06/18 17:19:27 ET
Table 'Pannekoek' 6-max Seat #6 is the button
Seat 5: vitamin168 ($46.97 in chips)
Seat 6: scorpio04 ($368.63 in chips)
scorpio04: posts small blind $1
AzureCaper was removed from the table for failing to post
vitamin168: posts big blind $3
*** HOLE CARDS ***
scorpio04: raises $3 to $6
vitamin168: raises $3 to $9
scorpio04: calls $3
*** FLOP *** [Ad Ks 9s]
vitamin168: bets $3
scorpio04: folds
Uncalled bet ($3) returned to vitamin168
vitamin168 collected $17.64 from pot
vitamin168: doesn't show hand
*** SUMMARY ***
Total pot $18 | Rake $0.36
Board [Ad Ks 9s]
Seat 5: vitamin168 (big blind) collected ($17.64)
Seat 6: scorpio04 (button) (small blind) folded on the Flop


PokerStars Hand #171950030483:  Hold'em Limit ($3/$6 USD) - 2017/06/18 17:19:36 ET
Table 'Pannekoek' 6-max Seat #5 is the button
Seat 5: vitamin168 ($55.61 in chips)
Seat 6: scorpio04 ($359.63 in chips)
vitamin168: posts small blind $1
scorpio04: posts big blind $3
*** HOLE CARDS ***
vitamin168: raises $3 to $6
scorpio04: calls $3
*** FLOP *** [3h 7c Kc]
scorpio04: checks
vitamin168: bets $3
scorpio04: calls $3
*** TURN *** [3h 7c Kc] [5c]
scorpio04: checks
vitamin168: checks
*** RIVER *** [3h 7c Kc 5c] [Ad]
scorpio04: checks
vitamin168: checks
*** SHOW DOWN ***
scorpio04: shows [Qc 4s] (high card Ace)
vitamin168: mucks hand
scorpio04 collected $17.64 from pot
*** SUMMARY ***
Total pot $18 | Rake $0.36
Board [3h 7c Kc 5c Ad]
Seat 5: vitamin168 (button) (small blind) mucked
Seat 6: scorpio04 (big blind) showed [Qc 4s] and won ($17.64) with high card Ace


PokerStars Hand #171950087932:  Hold'em Limit ($3/$6 USD) - 2017/06/18 17:20:45 ET
Table 'Pannekoek' 6-max Seat #5 is the button
Seat 5: vitamin168 ($22.61 in chips)
Seat 6: scorpio04 ($391.77 in chips)
vitamin168: posts small blind $1
scorpio04: posts big blind $3
*** HOLE CARDS ***
vitamin168: raises $3 to $6
scorpio04: raises $3 to $9
vitamin168: raises $3 to $12
Betting is capped
scorpio04: calls $3
*** FLOP *** [6s 2h 4s]
scorpio04: checks
vitamin168: bets $3
scorpio04: raises $3 to $6
vitamin168: raises $3 to $9
scorpio04: raises $3 to $12
Betting is capped
vitamin168: calls $1.61 and is all-in
Uncalled bet ($1.39) returned to scorpio04
*** TURN *** [6s 2h 4s] [Td]
*** RIVER *** [6s 2h 4s Td] [4h]
*** SHOW DOWN ***
scorpio04: shows [Ts Th] (a full house, Tens full of Fours)
vitamin168: shows [6d 6h] (a full house, Sixes full of Fours)
scorpio04 collected $44.72 from pot
*** SUMMARY ***
Total pot $45.22 | Rake $0.50
Board [6s 2h 4s Td 4h]
Seat 5: vitamin168 (button) (small blind) showed [6d 6h] and lost with a full house, Sixes full of Fours
Seat 6: scorpio04 (big blind) showed [Ts Th] and won ($44.72) with a full house, Tens full of Fours


PokerStars Hand #171950051652:  Hold'em Limit ($3/$6 USD) - 2017/06/18 17:20:02 ET
Table 'Pannekoek' 6-max Seat #6 is the button
Seat 5: vitamin168 ($46.61 in chips)
Seat 6: scorpio04 ($368.27 in chips)
scorpio04: posts small blind $1
Jack_Wu1985 was removed from the table for failing to post
vitamin168: posts big blind $3
*** HOLE CARDS ***
scorpio04: raises $3 to $6
vitamin168: raises $3 to $9
scorpio04: calls $3
*** FLOP *** [7h 8d 9c]
vitamin168: bets $3
scorpio04: calls $3
*** TURN *** [7h 8d 9c] [3s]
vitamin168: bets $6
scorpio04: raises $6 to $12
vitamin168: calls $6
*** RIVER *** [7h 8d 9c 3s] [3d]
vitamin168: checks
scorpio04: bets $6
vitamin168: folds
Uncalled bet ($6) returned to scorpio04
scorpio04 collected $47.50 from pot
scorpio04: doesn't show hand
*** SUMMARY ***
Total pot $48 | Rake $0.50
Board [7h 8d 9c 3s 3d]
Seat 5: vitamin168 (big blind) folded on the River
Seat 6: scorpio04 (button) (small blind) collected ($47.50)


