PokerStars Hand #149363096966:  Hold'em Limit ($3/$6 USD) - 2016/02/24 17:41:40 ET
Table 'Pannonia' 6-max Seat #5 is the button
Seat 5: HaekJiu ($96 in chips)
Seat 6: anetkaapro ($95.50 in chips)
HaekJiu: posts small blind $1
anetkaapro: posts big blind $3
*** HOLE CARDS ***
HaekJiu: raises $3 to $6
anetkaapro: calls $3
*** FLOP *** [5c 9h 9d]
anetkaapro: checks
HaekJiu: bets $3
anetkaapro: raises $3 to $6
HaekJiu: calls $3
*** TURN *** [5c 9h 9d] [Qc]
anetkaapro: bets $6
HaekJiu: calls $6
*** RIVER *** [5c 9h 9d Qc] [3h]
anetkaapro: bets $6
HaekJiu: calls $6
*** SHOW DOWN ***
anetkaapro: shows [6h 8c] (a pair of Nines)
HaekJiu: shows [Ah Kd] (a pair of Nines - Ace kicker)
HaekJiu collected $47.50 from pot
*** SUMMARY ***
Total pot $48 | Rake $0.50
Board [5c 9h 9d Qc 3h]
Seat 5: HaekJiu (button) (small blind) showed [Ah Kd] and won ($47.50) with a pair of Nines
Seat 6: anetkaapro (big blind) showed [6h 8c] and lost with a pair of Nines


PokerStars Hand #149363170360:  Hold'em Limit ($3/$6 USD) - 2016/02/24 17:42:56 ET
Table 'Pannonia' 6-max Seat #5 is the button
Seat 5: HaekJiu ($56.50 in chips)
Seat 6: anetkaapro ($133.52 in chips)
HaekJiu: posts small blind $1
anetkaapro: posts big blind $3
*** HOLE CARDS ***
HaekJiu: folds
Uncalled bet ($2) returned to anetkaapro
anetkaapro collected $2 from pot
anetkaapro: doesn't show hand
*** SUMMARY ***
Total pot $2 | Rake $0
Seat 5: HaekJiu (button) (small blind) folded before Flop
Seat 6: anetkaapro (big blind) collected ($2)


PokerStars Hand #149363164168:  Hold'em Limit ($3/$6 USD) - 2016/02/24 17:42:50 ET
Table 'Pannonia' 6-max Seat #6 is the button
Seat 5: HaekJiu ($59.50 in chips)
Seat 6: anetkaapro ($130.52 in chips)
anetkaapro: posts small blind $1
HaekJiu: posts big blind $3
*** HOLE CARDS ***
anetkaapro: raises $3 to $6
HaekJiu: folds
Uncalled bet ($3) returned to anetkaapro
anetkaapro collected $6 from pot
anetkaapro: doesn't show hand
*** SUMMARY ***
Total pot $6 | Rake $0
Seat 5: HaekJiu (big blind) folded before Flop
Seat 6: anetkaapro (button) (small blind) collected ($6)


PokerStars Hand #149363153094:  Hold'em Limit ($3/$6 USD) - 2016/02/24 17:42:38 ET
Table 'Pannonia' 6-max Seat #5 is the button
Seat 5: HaekJiu ($83.50 in chips)
Seat 6: anetkaapro ($107.02 in chips)
HaekJiu: posts small blind $1
anetkaapro: posts big blind $3
*** HOLE CARDS ***
HaekJiu: raises $3 to $6
anetkaapro: raises $3 to $9
HaekJiu: calls $3
*** FLOP *** [Jc Qc 9h]
anetkaapro: bets $3
HaekJiu: calls $3
*** TURN *** [Jc Qc 9h] [3d]
anetkaapro: bets $6
HaekJiu: calls $6
*** RIVER *** [Jc Qc 9h 3d] [5h]
anetkaapro: bets $6
HaekJiu: calls $6
*** SHOW DOWN ***
anetkaapro: shows [3h 3s] (three of a kind, Threes)
HaekJiu: mucks hand
anetkaapro collected $47.50 from pot
*** SUMMARY ***
Total pot $48 | Rake $0.50
Board [Jc Qc 9h 3d 5h]
Seat 5: HaekJiu (button) (small blind) mucked
Seat 6: anetkaapro (big blind) showed [3h 3s] and won ($47.50) with three of a kind, Threes


PokerStars Hand #149363145606:  Hold'em Limit ($3/$6 USD) - 2016/02/24 17:42:31 ET
Table 'Pannonia' 6-max Seat #6 is the button
Seat 5: HaekJiu ($89.50 in chips)
Seat 6: anetkaapro ($101.26 in chips)
anetkaapro: posts small blind $1
HaekJiu: posts big blind $3
*** HOLE CARDS ***
anetkaapro: raises $3 to $6
HaekJiu: calls $3
*** FLOP *** [Qc 3h 5d]
HaekJiu: checks
anetkaapro: bets $3
HaekJiu: folds
Uncalled bet ($3) returned to anetkaapro
anetkaapro collected $11.76 from pot
anetkaapro: doesn't show hand
*** SUMMARY ***
Total pot $12 | Rake $0.24
Board [Qc 3h 5d]
Seat 5: HaekJiu (big blind) folded on the Flop
Seat 6: anetkaapro (button) (small blind) collected ($11.76)


PokerStars Hand #149363127231:  Hold'em Limit ($3/$6 USD) - 2016/02/24 17:42:12 ET
Table 'Pannonia' 6-max Seat #5 is the button
Seat 5: HaekJiu ($113.50 in chips)
Seat 6: anetkaapro ($77.76 in chips)
HaekJiu: posts small blind $1
anetkaapro: posts big blind $3
*** HOLE CARDS ***
HaekJiu: raises $3 to $6
anetkaapro: raises $3 to $9
HaekJiu: calls $3
*** FLOP *** [2h 5c Qs]
anetkaapro: bets $3
HaekJiu: calls $3
*** TURN *** [2h 5c Qs] [4s]
anetkaapro: checks
HaekJiu: bets $6
anetkaapro: calls $6
*** RIVER *** [2h 5c Qs 4s] [9c]
anetkaapro: checks
HaekJiu: bets $6
anetkaapro: calls $6
*** SHOW DOWN ***
HaekJiu: shows [6h 9s] (a pair of Nines)
anetkaapro: shows [As 9h] (a pair of Nines - Ace kicker)
anetkaapro collected $47.50 from pot
*** SUMMARY ***
Total pot $48 | Rake $0.50
Board [2h 5c Qs 4s 9c]
Seat 5: HaekJiu (button) (small blind) showed [6h 9s] and lost with a pair of Nines
Seat 6: anetkaapro (big blind) showed [As 9h] and won ($47.50) with a pair of Nines


PokerStars Hand #149363113403:  Hold'em Limit ($3/$6 USD) - 2016/02/24 17:41:57 ET
Table 'Pannonia' 6-max Seat #6 is the button
Seat 5: HaekJiu ($119.50 in chips)
Seat 6: anetkaapro ($72 in chips)
anetkaapro: posts small blind $1
HaekJiu: posts big blind $3
*** HOLE CARDS ***
anetkaapro: raises $3 to $6
HaekJiu: calls $3
*** FLOP *** [Qd 8s 4d]
HaekJiu: checks
anetkaapro: bets $3
HaekJiu: folds
Uncalled bet ($3) returned to anetkaapro
anetkaapro collected $11.76 from pot
anetkaapro: doesn't show hand
*** SUMMARY ***
Total pot $12 | Rake $0.24
Board [Qd 8s 4d]
Seat 5: HaekJiu (big blind) folded on the Flop
Seat 6: anetkaapro (button) (small blind) collected ($11.76)


PokerStars Hand #149363174763:  Hold'em Limit ($3/$6 USD) - 2016/02/24 17:43:01 ET
Table 'Pannonia' 6-max Seat #6 is the button
Seat 5: HaekJiu ($55.50 in chips)
Seat 6: anetkaapro ($134.52 in chips)
anetkaapro: posts small blind $1
HaekJiu: posts big blind $3
*** HOLE CARDS ***
anetkaapro: raises $3 to $6
HaekJiu: calls $3
*** FLOP *** [4d 2d Td]
HaekJiu: checks
anetkaapro: bets $3
HaekJiu: calls $3
*** TURN *** [4d 2d Td] [4c]
HaekJiu: checks
anetkaapro: bets $6
HaekJiu: calls $6
*** RIVER *** [4d 2d Td 4c] [Kh]
HaekJiu: checks
anetkaapro: bets $6
HaekJiu: folds
Uncalled bet ($6) returned to anetkaapro
anetkaapro collected $29.50 from pot
anetkaapro: doesn't show hand
*** SUMMARY ***
Total pot $30 | Rake $0.50
Board [4d 2d Td 4c Kh]
Seat 5: HaekJiu (big blind) folded on the River
Seat 6: anetkaapro (button) (small blind) collected ($29.50)


PokerStars Hand #149363290231:  Hold'em Limit ($3/$6 USD) - 2016/02/24 17:44:57 ET
Table 'Pannonia' 6-max Seat #5 is the button
Seat 5: HaekJiu ($86.02 in chips)
Seat 6: anetkaapro ($162.28 in chips)
HaekJiu: posts small blind $1
anetkaapro: posts big blind $3
*** HOLE CARDS ***
HaekJiu: raises $3 to $6
anetkaapro: calls $3
*** FLOP *** [Jd Qd 7s]
anetkaapro: checks
HaekJiu: checks
*** TURN *** [Jd Qd 7s] [8h]
anetkaapro: checks
HaekJiu: bets $6
anetkaapro: folds
Uncalled bet ($6) returned to HaekJiu
HaekJiu collected $11.76 from pot
HaekJiu: doesn't show hand
*** SUMMARY ***
Total pot $12 | Rake $0.24
Board [Jd Qd 7s 8h]
Seat 5: HaekJiu (button) (small blind) collected ($11.76)
Seat 6: anetkaapro (big blind) folded on the Turn


PokerStars Hand #149363261162:  Hold'em Limit ($3/$6 USD) - 2016/02/24 17:44:28 ET
Table 'Pannonia' 6-max Seat #6 is the button
Seat 5: HaekJiu ($74.50 in chips)
Seat 6: anetkaapro ($174.28 in chips)
anetkaapro: posts small blind $1
HaekJiu: posts big blind $3
*** HOLE CARDS ***
anetkaapro: raises $3 to $6
HaekJiu: raises $3 to $9
anetkaapro: calls $3
*** FLOP *** [3s 9d 2d]
HaekJiu: bets $3
anetkaapro: calls $3
*** TURN *** [3s 9d 2d] [6c]
HaekJiu: bets $6
anetkaapro: folds
Uncalled bet ($6) returned to HaekJiu
HaekJiu collected $23.52 from pot
HaekJiu: doesn't show hand
*** SUMMARY ***
Total pot $24 | Rake $0.48
Board [3s 9d 2d 6c]
Seat 5: HaekJiu (big blind) collected ($23.52)
Seat 6: anetkaapro (button) (small blind) folded on the Turn


PokerStars Hand #149363251155:  Hold'em Limit ($3/$6 USD) - 2016/02/24 17:44:18 ET
Table 'Pannonia' 6-max Seat #5 is the button
Seat 5: HaekJiu ($80.50 in chips)
Seat 6: anetkaapro ($168.52 in chips)
HaekJiu: posts small blind $1
anetkaapro: posts big blind $3
*** HOLE CARDS ***
HaekJiu: raises $3 to $6
anetkaapro: calls $3
*** FLOP *** [6h 8s 4c]
anetkaapro: checks
HaekJiu: checks
*** TURN *** [6h 8s 4c] [3h]
anetkaapro: bets $6
HaekJiu: folds
Uncalled bet ($6) returned to anetkaapro
anetkaapro collected $11.76 from pot
anetkaapro: doesn't show hand
*** SUMMARY ***
Total pot $12 | Rake $0.24
Board [6h 8s 4c 3h]
Seat 5: HaekJiu (button) (small blind) folded on the Turn
Seat 6: anetkaapro (big blind) collected ($11.76)


PokerStars Hand #149363243632:  Hold'em Limit ($3/$6 USD) - 2016/02/24 17:44:10 ET
Table 'Pannonia' 6-max Seat #6 is the button
Seat 5: HaekJiu ($79.50 in chips)
Seat 6: anetkaapro ($169.52 in chips)
anetkaapro: posts small blind $1
HaekJiu: posts big blind $3
*** HOLE CARDS ***
anetkaapro: folds
Uncalled bet ($2) returned to HaekJiu
HaekJiu collected $2 from pot
HaekJiu: doesn't show hand
*** SUMMARY ***
Total pot $2 | Rake $0
Seat 5: HaekJiu (big blind) collected ($2)
Seat 6: anetkaapro (button) (small blind) folded before Flop


PokerStars Hand #149363225352:  Hold'em Limit ($3/$6 USD) - 2016/02/24 17:43:52 ET
Table 'Pannonia' 6-max Seat #5 is the button
Seat 5: HaekJiu ($100.50 in chips)
Seat 6: anetkaapro ($149.02 in chips)
HaekJiu: posts small blind $1
anetkaapro: posts big blind $3
*** HOLE CARDS ***
HaekJiu: raises $3 to $6
anetkaapro: raises $3 to $9
HaekJiu: calls $3
*** FLOP *** [3d 6s 7s]
anetkaapro: bets $3
HaekJiu: raises $3 to $6
anetkaapro: calls $3
*** TURN *** [3d 6s 7s] [9s]
anetkaapro: checks
HaekJiu: bets $6
anetkaapro: calls $6
*** RIVER *** [3d 6s 7s 9s] [9h]
anetkaapro: checks
HaekJiu: checks
*** SHOW DOWN ***
anetkaapro: shows [8c 6c] (two pair, Nines and Sixes)
HaekJiu: mucks hand
anetkaapro collected $41.50 from pot
*** SUMMARY ***
Total pot $42 | Rake $0.50
Board [3d 6s 7s 9s 9h]
Seat 5: HaekJiu (button) (small blind) mucked
Seat 6: anetkaapro (big blind) showed [8c 6c] and won ($41.50) with two pair, Nines and Sixes


PokerStars Hand #149363346046:  Hold'em Limit ($3/$6 USD) - 2016/02/24 17:45:54 ET
Table 'Pannonia' 6-max Seat #6 is the button
Seat 5: HaekJiu ($98.92 in chips)
Seat 6: anetkaapro ($147.80 in chips)
anetkaapro: posts small blind $1
HaekJiu: posts big blind $3
*** HOLE CARDS ***
anetkaapro: raises $3 to $6
HaekJiu: calls $3
*** FLOP *** [4h 8h Ad]
HaekJiu: checks
anetkaapro: bets $3
HaekJiu: calls $3
*** TURN *** [4h 8h Ad] [8c]
HaekJiu: checks
anetkaapro: bets $6
HaekJiu: folds
Uncalled bet ($6) returned to anetkaapro
anetkaapro collected $17.64 from pot
anetkaapro: doesn't show hand
*** SUMMARY ***
Total pot $18 | Rake $0.36
Board [4h 8h Ad 8c]
Seat 5: HaekJiu (big blind) folded on the Turn
Seat 6: anetkaapro (button) (small blind) collected ($17.64)


PokerStars Hand #149363335053:  Hold'em Limit ($3/$6 USD) - 2016/02/24 17:45:43 ET
Table 'Pannonia' 6-max Seat #5 is the button
Seat 5: HaekJiu ($84.42 in chips)
Seat 6: anetkaapro ($162.80 in chips)
HaekJiu: posts small blind $1
anetkaapro: posts big blind $3
*** HOLE CARDS ***
HaekJiu: raises $3 to $6
anetkaapro: raises $3 to $9
HaekJiu: calls $3
*** FLOP *** [8c 7s 4s]
anetkaapro: bets $3
HaekJiu: raises $3 to $6
anetkaapro: calls $3
*** TURN *** [8c 7s 4s] [7h]
anetkaapro: checks
HaekJiu: bets $6
anetkaapro: folds
Uncalled bet ($6) returned to HaekJiu
HaekJiu collected $29.50 from pot
HaekJiu: doesn't show hand
*** SUMMARY ***
Total pot $30 | Rake $0.50
Board [8c 7s 4s 7h]
Seat 5: HaekJiu (button) (small blind) collected ($29.50)
Seat 6: anetkaapro (big blind) folded on the Turn


PokerStars Hand #149363328515:  Hold'em Limit ($3/$6 USD) - 2016/02/24 17:45:37 ET
Table 'Pannonia' 6-max Seat #6 is the button
Seat 5: HaekJiu ($90.42 in chips)
Seat 6: anetkaapro ($157.04 in chips)
anetkaapro: posts small blind $1
HaekJiu: posts big blind $3
*** HOLE CARDS ***
anetkaapro: raises $3 to $6
HaekJiu: calls $3
*** FLOP *** [Td 3c Ac]
HaekJiu: checks
anetkaapro: bets $3
HaekJiu: folds
Uncalled bet ($3) returned to anetkaapro
anetkaapro collected $11.76 from pot
anetkaapro: doesn't show hand
*** SUMMARY ***
Total pot $12 | Rake $0.24
Board [Td 3c Ac]
Seat 5: HaekJiu (big blind) folded on the Flop
Seat 6: anetkaapro (button) (small blind) collected ($11.76)


PokerStars Hand #149363321211:  Hold'em Limit ($3/$6 USD) - 2016/02/24 17:45:29 ET
Table 'Pannonia' 6-max Seat #5 is the button
Seat 5: HaekJiu ($96.42 in chips)
Seat 6: anetkaapro ($151.28 in chips)
HaekJiu: posts small blind $1
anetkaapro: posts big blind $3
*** HOLE CARDS ***
HaekJiu: raises $3 to $6
anetkaapro: calls $3
*** FLOP *** [5h Ts 3s]
anetkaapro: checks
HaekJiu: checks
*** TURN *** [5h Ts 3s] [9s]
anetkaapro: bets $6
HaekJiu: folds
Uncalled bet ($6) returned to anetkaapro
anetkaapro collected $11.76 from pot
anetkaapro: doesn't show hand
*** SUMMARY ***
Total pot $12 | Rake $0.24
Board [5h Ts 3s 9s]
Seat 5: HaekJiu (button) (small blind) folded on the Turn
Seat 6: anetkaapro (big blind) collected ($11.76)


PokerStars Hand #149363309220:  Hold'em Limit ($3/$6 USD) - 2016/02/24 17:45:17 ET
Table 'Pannonia' 6-max Seat #6 is the button
Seat 5: HaekJiu ($87.78 in chips)
Seat 6: anetkaapro ($160.28 in chips)
anetkaapro: posts small blind $1
HaekJiu: posts big blind $3
*** HOLE CARDS ***
anetkaapro: raises $3 to $6
HaekJiu: calls $3
*** FLOP *** [Kd 5c Jd]
HaekJiu: checks
anetkaapro: bets $3
HaekJiu: calls $3
*** TURN *** [Kd 5c Jd] [Ac]
HaekJiu: checks
anetkaapro: checks
*** RIVER *** [Kd 5c Jd Ac] [Qd]
HaekJiu: bets $6
anetkaapro: folds
Uncalled bet ($6) returned to HaekJiu
HaekJiu collected $17.64 from pot
HaekJiu: doesn't show hand
*** SUMMARY ***
Total pot $18 | Rake $0.36
Board [Kd 5c Jd Ac Qd]
Seat 5: HaekJiu (big blind) collected ($17.64)
Seat 6: anetkaapro (button) (small blind) folded on the River


PokerStars Hand #149363305001:  Hold'em Limit ($3/$6 USD) - 2016/02/24 17:45:12 ET
Table 'Pannonia' 6-max Seat #5 is the button
Seat 5: HaekJiu ($88.78 in chips)
Seat 6: anetkaapro ($159.28 in chips)
HaekJiu: posts small blind $1
anetkaapro: posts big blind $3
*** HOLE CARDS ***
HaekJiu: folds
Uncalled bet ($2) returned to anetkaapro
anetkaapro collected $2 from pot
anetkaapro: doesn't show hand
*** SUMMARY ***
Total pot $2 | Rake $0
Seat 5: HaekJiu (button) (small blind) folded before Flop
Seat 6: anetkaapro (big blind) collected ($2)


PokerStars Hand #149363300607:  Hold'em Limit ($3/$6 USD) - 2016/02/24 17:45:08 ET
Table 'Pannonia' 6-max Seat #6 is the button
Seat 5: HaekJiu ($91.78 in chips)
Seat 6: anetkaapro ($156.28 in chips)
anetkaapro: posts small blind $1
HaekJiu: posts big blind $3
*** HOLE CARDS ***
anetkaapro: raises $3 to $6
HaekJiu: folds
Uncalled bet ($3) returned to anetkaapro
anetkaapro collected $6 from pot
anetkaapro: doesn't show hand
*** SUMMARY ***
Total pot $6 | Rake $0
Seat 5: HaekJiu (big blind) folded before Flop
Seat 6: anetkaapro (button) (small blind) collected ($6)


PokerStars Hand #149363392496:  Hold'em Limit ($3/$6 USD) - 2016/02/24 17:46:42 ET
Table 'Pannonia' 6-max Seat #6 is the button
Seat 5: HaekJiu ($92.42 in chips)
Seat 6: anetkaapro ($152.94 in chips)
anetkaapro: posts small blind $1
HaekJiu: posts big blind $3
*** HOLE CARDS ***
anetkaapro: raises $3 to $6
HaekJiu: calls $3
*** FLOP *** [2s Jc 9h]
HaekJiu: checks
anetkaapro: bets $3
HaekJiu: calls $3
*** TURN *** [2s Jc 9h] [7h]
HaekJiu: checks
anetkaapro: bets $6
HaekJiu: calls $6
*** RIVER *** [2s Jc 9h 7h] [Qc]
HaekJiu: checks
anetkaapro: bets $6
HaekJiu: folds
Uncalled bet ($6) returned to anetkaapro
anetkaapro collected $29.50 from pot
anetkaapro: doesn't show hand
*** SUMMARY ***
Total pot $30 | Rake $0.50
Board [2s Jc 9h 7h Qc]
Seat 5: HaekJiu (big blind) folded on the River
Seat 6: anetkaapro (button) (small blind) collected ($29.50)


PokerStars Hand #149363382221:  Hold'em Limit ($3/$6 USD) - 2016/02/24 17:46:32 ET
Table 'Pannonia' 6-max Seat #5 is the button
Seat 5: HaekJiu ($116.42 in chips)
Seat 6: anetkaapro ($129.44 in chips)
HaekJiu: posts small blind $1
anetkaapro: posts big blind $3
*** HOLE CARDS ***
HaekJiu: raises $3 to $6
anetkaapro: raises $3 to $9
HaekJiu: calls $3
*** FLOP *** [7h Ad 3d]
anetkaapro: bets $3
HaekJiu: calls $3
*** TURN *** [7h Ad 3d] [3s]
anetkaapro: bets $6
HaekJiu: calls $6
*** RIVER *** [7h Ad 3d 3s] [Js]
anetkaapro: bets $6
HaekJiu: calls $6
*** SHOW DOWN ***
anetkaapro: shows [Kh Kc] (two pair, Kings and Threes)
HaekJiu: mucks hand
anetkaapro collected $47.50 from pot
*** SUMMARY ***
Total pot $48 | Rake $0.50
Board [7h Ad 3d 3s Js]
Seat 5: HaekJiu (button) (small blind) mucked
Seat 6: anetkaapro (big blind) showed [Kh Kc] and won ($47.50) with two pair, Kings and Threes


PokerStars Hand #149363376862:  Hold'em Limit ($3/$6 USD) - 2016/02/24 17:46:26 ET
Table 'Pannonia' 6-max Seat #6 is the button
Seat 5: HaekJiu ($119.42 in chips)
Seat 6: anetkaapro ($126.44 in chips)
anetkaapro: posts small blind $1
HaekJiu: posts big blind $3
*** HOLE CARDS ***
anetkaapro: raises $3 to $6
HaekJiu: folds
Uncalled bet ($3) returned to anetkaapro
anetkaapro collected $6 from pot
anetkaapro: doesn't show hand
*** SUMMARY ***
Total pot $6 | Rake $0
Seat 5: HaekJiu (big blind) folded before Flop
Seat 6: anetkaapro (button) (small blind) collected ($6)


PokerStars Hand #149363364744:  Hold'em Limit ($3/$6 USD) - 2016/02/24 17:46:14 ET
Table 'Pannonia' 6-max Seat #5 is the button
Seat 5: HaekJiu ($89.92 in chips)
Seat 6: anetkaapro ($156.44 in chips)
HaekJiu: posts small blind $1
anetkaapro: posts big blind $3
*** HOLE CARDS ***
HaekJiu: raises $3 to $6
anetkaapro: calls $3
*** FLOP *** [5d 6c 4h]
anetkaapro: checks
HaekJiu: bets $3
anetkaapro: raises $3 to $6
HaekJiu: calls $3
*** TURN *** [5d 6c 4h] [2h]
anetkaapro: bets $6
HaekJiu: calls $6
*** RIVER *** [5d 6c 4h 2h] [5s]
anetkaapro: bets $6
HaekJiu: raises $6 to $12
anetkaapro: calls $6
*** SHOW DOWN ***
HaekJiu: shows [5c 7c] (three of a kind, Fives)
anetkaapro: mucks hand
HaekJiu collected $59.50 from pot
*** SUMMARY ***
Total pot $60 | Rake $0.50
Board [5d 6c 4h 2h 5s]
Seat 5: HaekJiu (button) (small blind) showed [5c 7c] and won ($59.50) with three of a kind, Fives
Seat 6: anetkaapro (big blind) mucked


PokerStars Hand #149363360659:  Hold'em Limit ($3/$6 USD) - 2016/02/24 17:46:09 ET
Table 'Pannonia' 6-max Seat #6 is the button
Seat 5: HaekJiu ($88.92 in chips)
Seat 6: anetkaapro ($157.44 in chips)
anetkaapro: posts small blind $1
HaekJiu: posts big blind $3
*** HOLE CARDS ***
anetkaapro: folds
Uncalled bet ($2) returned to HaekJiu
HaekJiu collected $2 from pot
HaekJiu: doesn't show hand
*** SUMMARY ***
Total pot $2 | Rake $0
Seat 5: HaekJiu (big blind) collected ($2)
Seat 6: anetkaapro (button) (small blind) folded before Flop


PokerStars Hand #149363356058:  Hold'em Limit ($3/$6 USD) - 2016/02/24 17:46:05 ET
Table 'Pannonia' 6-max Seat #5 is the button
Seat 5: HaekJiu ($89.92 in chips)
Seat 6: anetkaapro ($156.44 in chips)
HaekJiu: posts small blind $1
anetkaapro: posts big blind $3
*** HOLE CARDS ***
HaekJiu: folds
Uncalled bet ($2) returned to anetkaapro
anetkaapro collected $2 from pot
anetkaapro: doesn't show hand
*** SUMMARY ***
Total pot $2 | Rake $0
Seat 5: HaekJiu (button) (small blind) folded before Flop
Seat 6: anetkaapro (big blind) collected ($2)


PokerStars Hand #149363465549:  Hold'em Limit ($3/$6 USD) - 2016/02/24 17:47:59 ET
Table 'Pannonia' 6-max Seat #6 is the button
Seat 5: HaekJiu ($60.70 in chips)
Seat 6: anetkaapro ($182.58 in chips)
anetkaapro: posts small blind $1
HaekJiu: posts big blind $3
*** HOLE CARDS ***
anetkaapro: raises $3 to $6
HaekJiu: calls $3
*** FLOP *** [9d 2c Ac]
HaekJiu: checks
anetkaapro: bets $3
HaekJiu: folds
Uncalled bet ($3) returned to anetkaapro
anetkaapro collected $11.76 from pot
anetkaapro: doesn't show hand
*** SUMMARY ***
Total pot $12 | Rake $0.24
Board [9d 2c Ac]
Seat 5: HaekJiu (big blind) folded on the Flop
Seat 6: anetkaapro (button) (small blind) collected ($11.76)


PokerStars Hand #149363461136:  Hold'em Limit ($3/$6 USD) - 2016/02/24 17:47:54 ET
Table 'Pannonia' 6-max Seat #5 is the button
Seat 5: HaekJiu ($61.70 in chips)
Seat 6: anetkaapro ($181.58 in chips)
HaekJiu: posts small blind $1
anetkaapro: posts big blind $3
*** HOLE CARDS ***
HaekJiu: folds
Uncalled bet ($2) returned to anetkaapro
anetkaapro collected $2 from pot
anetkaapro: doesn't show hand
*** SUMMARY ***
Total pot $2 | Rake $0
Seat 5: HaekJiu (button) (small blind) folded before Flop
Seat 6: anetkaapro (big blind) collected ($2)


PokerStars Hand #149363452553:  Hold'em Limit ($3/$6 USD) - 2016/02/24 17:47:45 ET
Table 'Pannonia' 6-max Seat #6 is the button
Seat 5: HaekJiu ($50.18 in chips)
Seat 6: anetkaapro ($193.58 in chips)
anetkaapro: posts small blind $1
HaekJiu: posts big blind $3
*** HOLE CARDS ***
anetkaapro: raises $3 to $6
HaekJiu: raises $3 to $9
anetkaapro: calls $3
*** FLOP *** [8s 3c Th]
HaekJiu: bets $3
anetkaapro: calls $3
*** TURN *** [8s 3c Th] [4d]
HaekJiu: bets $6
anetkaapro: folds
Uncalled bet ($6) returned to HaekJiu
HaekJiu collected $23.52 from pot
HaekJiu: doesn't show hand
*** SUMMARY ***
Total pot $24 | Rake $0.48
Board [8s 3c Th 4d]
Seat 5: HaekJiu (big blind) collected ($23.52)
Seat 6: anetkaapro (button) (small blind) folded on the Turn


PokerStars Hand #149363440693:  Hold'em Limit ($3/$6 USD) - 2016/02/24 17:47:33 ET
Table 'Pannonia' 6-max Seat #5 is the button
Seat 5: HaekJiu ($74.18 in chips)
Seat 6: anetkaapro ($170.08 in chips)
HaekJiu: posts small blind $1
anetkaapro: posts big blind $3
*** HOLE CARDS ***
HaekJiu: raises $3 to $6
anetkaapro: calls $3
*** FLOP *** [9h Kh Qc]
anetkaapro: checks
HaekJiu: bets $3
anetkaapro: raises $3 to $6
HaekJiu: calls $3
*** TURN *** [9h Kh Qc] [6d]
anetkaapro: bets $6
HaekJiu: calls $6
*** RIVER *** [9h Kh Qc 6d] [Qs]
anetkaapro: bets $6
HaekJiu: calls $6
*** SHOW DOWN ***
anetkaapro: shows [Qh 3h] (three of a kind, Queens)
HaekJiu: mucks hand
anetkaapro collected $47.50 from pot
*** SUMMARY ***
Total pot $48 | Rake $0.50
Board [9h Kh Qc 6d Qs]
Seat 5: HaekJiu (button) (small blind) mucked
Seat 6: anetkaapro (big blind) showed [Qh 3h] and won ($47.50) with three of a kind, Queens


PokerStars Hand #149363419292:  Hold'em Limit ($3/$6 USD) - 2016/02/24 17:47:10 ET
Table 'Pannonia' 6-max Seat #6 is the button
Seat 5: HaekJiu ($83.18 in chips)
Seat 6: anetkaapro ($161.44 in chips)
anetkaapro: posts small blind $1
HaekJiu: posts big blind $3
*** HOLE CARDS ***
anetkaapro: raises $3 to $6
HaekJiu: calls $3
*** FLOP *** [Ac 5c 3d]
HaekJiu: checks
anetkaapro: bets $3
HaekJiu: calls $3
*** TURN *** [Ac 5c 3d] [Qd]
HaekJiu: checks
anetkaapro: checks
*** RIVER *** [Ac 5c 3d Qd] [6d]
HaekJiu: checks
anetkaapro: checks
*** SHOW DOWN ***
HaekJiu: shows [Kh 8s] (high card Ace)
anetkaapro: shows [5d Th] (a pair of Fives)
anetkaapro collected $17.64 from pot
*** SUMMARY ***
Total pot $18 | Rake $0.36
Board [Ac 5c 3d Qd 6d]
Seat 5: HaekJiu (big blind) showed [Kh 8s] and lost with high card Ace
Seat 6: anetkaapro (button) (small blind) showed [5d Th] and won ($17.64) with a pair of Fives


PokerStars Hand #149363410136:  Hold'em Limit ($3/$6 USD) - 2016/02/24 17:47:01 ET
Table 'Pannonia' 6-max Seat #5 is the button
Seat 5: HaekJiu ($77.42 in chips)
Seat 6: anetkaapro ($167.44 in chips)
HaekJiu: posts small blind $1
anetkaapro: posts big blind $3
*** HOLE CARDS ***
HaekJiu: raises $3 to $6
anetkaapro: calls $3
*** FLOP *** [9d 7c 8s]
anetkaapro: checks
HaekJiu: checks
*** TURN *** [9d 7c 8s] [2s]
anetkaapro: checks
HaekJiu: checks
*** RIVER *** [9d 7c 8s 2s] [5c]
anetkaapro: checks
HaekJiu: checks
*** SHOW DOWN ***
anetkaapro: shows [3s Jh] (high card Jack)
HaekJiu: shows [Kd 4s] (high card King)
HaekJiu collected $11.76 from pot
*** SUMMARY ***
Total pot $12 | Rake $0.24
Board [9d 7c 8s 2s 5c]
Seat 5: HaekJiu (button) (small blind) showed [Kd 4s] and won ($11.76) with high card King
Seat 6: anetkaapro (big blind) showed [3s Jh] and lost with high card Jack


PokerStars Hand #149363472417:  Hold'em Limit ($3/$6 USD) - 2016/02/24 17:48:06 ET
Table 'Pannonia' 6-max Seat #5 is the button
Seat 5: HaekJiu ($54.70 in chips)
Seat 6: anetkaapro ($188.34 in chips)
HaekJiu: posts small blind $1
anetkaapro: posts big blind $3
*** HOLE CARDS ***
HaekJiu: raises $3 to $6
anetkaapro: raises $3 to $9
HaekJiu: calls $3
*** FLOP *** [2c Qc Jh]
anetkaapro: bets $3
HaekJiu: calls $3
*** TURN *** [2c Qc Jh] [6c]
anetkaapro: bets $6
HaekJiu: raises $6 to $12
anetkaapro: raises $6 to $18
HaekJiu: calls $6
*** RIVER *** [2c Qc Jh 6c] [6h]
anetkaapro: bets $6
HaekJiu: calls $6
*** SHOW DOWN ***
anetkaapro: shows [Js Jd] (a full house, Jacks full of Sixes)
HaekJiu: mucks hand
KonGKreL joins the table at seat #3
anetkaapro collected $71.50 from pot
*** SUMMARY ***
Total pot $72 | Rake $0.50
Board [2c Qc Jh 6c 6h]
Seat 5: HaekJiu (button) (small blind) mucked
Seat 6: anetkaapro (big blind) showed [Js Jd] and won ($71.50) with a full house, Jacks full of Sixes


PokerStars Hand #149364925934:  Hold'em Limit ($3/$6 USD) - 2016/02/24 18:17:21 ET
Table 'Pannonia' 6-max Seat #3 is the button
Seat 3: Jatha09 ($120 in chips)
Seat 5: Pandakey ($120 in chips)
Jatha09: posts small blind $1
Pandakey: posts big blind $3
*** HOLE CARDS ***
Jatha09: raises $3 to $6
Pandakey: calls $3
*** FLOP *** [7h Tc 5h]
Pandakey: checks
Jatha09: checks
*** TURN *** [7h Tc 5h] [2d]
Pandakey: bets $6
Jatha09: calls $6
*** RIVER *** [7h Tc 5h 2d] [7s]
Pandakey: bets $6
Jatha09: folds
Uncalled bet ($6) returned to Pandakey
Pandakey collected $23.52 from pot
*** SUMMARY ***
Total pot $24 | Rake $0.48
Board [7h Tc 5h 2d 7s]
Seat 3: Jatha09 (button) (small blind) folded on the River
Seat 5: Pandakey (big blind) collected ($23.52)


PokerStars Hand #149364985760:  Hold'em Limit ($3/$6 USD) - 2016/02/24 18:18:35 ET
Table 'Pannonia' 6-max Seat #3 is the button
Seat 3: Jatha09 ($72 in chips)
Seat 5: Pandakey ($167.02 in chips)
Jatha09: posts small blind $1
Pandakey: posts big blind $3
*** HOLE CARDS ***
Jatha09: calls $2
Pandakey: raises $3 to $6
Jatha09: calls $3
*** FLOP *** [8s 8h 9h]
Pandakey: bets $3
KonGKreL joins the table at seat #6
Jatha09: calls $3
*** TURN *** [8s 8h 9h] [Jd]
Pandakey: bets $6
Jatha09: folds
Uncalled bet ($6) returned to Pandakey
Pandakey collected $17.64 from pot
Pandakey: doesn't show hand
*** SUMMARY ***
Total pot $18 | Rake $0.36
Board [8s 8h 9h Jd]
Seat 3: Jatha09 (button) (small blind) folded on the Turn
Seat 5: Pandakey (big blind) collected ($17.64)


PokerStars Hand #149364982053:  Hold'em Limit ($3/$6 USD) - 2016/02/24 18:18:31 ET
Table 'Pannonia' 6-max Seat #5 is the button
Seat 3: Jatha09 ($71 in chips)
Seat 5: Pandakey ($168.02 in chips)
Pandakey: posts small blind $1
Jatha09: posts big blind $3
*** HOLE CARDS ***
Pandakey: folds
Uncalled bet ($2) returned to Jatha09
Jatha09 collected $2 from pot
Jatha09: doesn't show hand
*** SUMMARY ***
Total pot $2 | Rake $0
Seat 3: Jatha09 (big blind) collected ($2)
Seat 5: Pandakey (button) (small blind) folded before Flop


PokerStars Hand #149364978172:  Hold'em Limit ($3/$6 USD) - 2016/02/24 18:18:26 ET
Table 'Pannonia' 6-max Seat #3 is the button
Seat 3: Jatha09 ($72 in chips)
Seat 5: Pandakey ($167.02 in chips)
Jatha09: posts small blind $1
Pandakey: posts big blind $3
*** HOLE CARDS ***
Jatha09: folds
Uncalled bet ($2) returned to Pandakey
Pandakey collected $2 from pot
Pandakey: doesn't show hand
*** SUMMARY ***
Total pot $2 | Rake $0
Seat 3: Jatha09 (button) (small blind) folded before Flop
Seat 5: Pandakey (big blind) collected ($2)


PokerStars Hand #149364946501:  Hold'em Limit ($3/$6 USD) - 2016/02/24 18:17:47 ET
Table 'Pannonia' 6-max Seat #5 is the button
Seat 3: Jatha09 ($108 in chips)
Seat 5: Pandakey ($131.52 in chips)
Pandakey: posts small blind $1
Jatha09: posts big blind $3
*** HOLE CARDS ***
Pandakey: raises $3 to $6
Jatha09: raises $3 to $9
Pandakey: calls $3
*** FLOP *** [Ac 8s 7c]
Jatha09: bets $3
Pandakey: calls $3
*** TURN *** [Ac 8s 7c] [As]
Jatha09: bets $6
Pandakey: raises $6 to $12
Jatha09: raises $6 to $18
Pandakey: calls $6
*** RIVER *** [Ac 8s 7c As] [5d]
Jatha09: bets $6
Pandakey: raises $6 to $12
Jatha09: folds
Uncalled bet ($6) returned to Pandakey
Pandakey collected $71.50 from pot
Pandakey: doesn't show hand
*** SUMMARY ***
Total pot $72 | Rake $0.50
Board [Ac 8s 7c As 5d]
Seat 3: Jatha09 (big blind) folded on the River
Seat 5: Pandakey (button) (small blind) collected ($71.50)


PokerStars Hand #149365095031:  Hold'em Limit ($3/$6 USD) - 2016/02/24 18:20:51 ET
Table 'Pannonia' 6-max Seat #5 is the button
Seat 5: Pandakey ($127.66 in chips)
Seat 6: KonGKreL ($117.26 in chips)
Pandakey: posts small blind $1
KonGKreL: posts big blind $3
*** HOLE CARDS ***
Pandakey: raises $3 to $6
KonGKreL: folds
Uncalled bet ($3) returned to Pandakey
Pandakey collected $6 from pot
Pandakey: doesn't show hand
*** SUMMARY ***
Total pot $6 | Rake $0
Seat 5: Pandakey (button) (small blind) collected ($6)
Seat 6: KonGKreL (big blind) folded before Flop


PokerStars Hand #149365063289:  Hold'em Limit ($3/$6 USD) - 2016/02/24 18:20:11 ET
Table 'Pannonia' 6-max Seat #6 is the button
Seat 5: Pandakey ($154.66 in chips)
Seat 6: KonGKreL ($90.76 in chips)
KonGKreL: posts small blind $1
Pandakey: posts big blind $3
*** HOLE CARDS ***
KonGKreL: raises $3 to $6
Pandakey: raises $3 to $9
KonGKreL: raises $3 to $12
Betting is capped
Pandakey: calls $3
*** FLOP *** [9s 4s 3h]
Pandakey: checks
KonGKreL: bets $3
Pandakey: raises $3 to $6
KonGKreL: raises $3 to $9
Pandakey: calls $3
*** TURN *** [9s 4s 3h] [2c]
Pandakey: checks
KonGKreL: checks
*** RIVER *** [9s 4s 3h 2c] [3s]
Pandakey: checks
KonGKreL: bets $6
Pandakey: calls $6
*** SHOW DOWN ***
KonGKreL: shows [As Ks] (a flush, Ace high)
Pandakey: mucks hand
KonGKreL collected $53.50 from pot
*** SUMMARY ***
Total pot $54 | Rake $0.50
Board [9s 4s 3h 2c 3s]
Seat 5: Pandakey (big blind) mucked
Seat 6: KonGKreL (button) (small blind) showed [As Ks] and won ($53.50) with a flush, Ace high


PokerStars Hand #149365058085:  Hold'em Limit ($3/$6 USD) - 2016/02/24 18:20:05 ET
Table 'Pannonia' 6-max Seat #5 is the button
Seat 5: Pandakey ($151.66 in chips)
Seat 6: KonGKreL ($93.76 in chips)
Pandakey: posts small blind $1
KonGKreL: posts big blind $3
*** HOLE CARDS ***
Pandakey: raises $3 to $6
KonGKreL: folds
Uncalled bet ($3) returned to Pandakey
Pandakey collected $6 from pot
Pandakey: doesn't show hand
*** SUMMARY ***
Total pot $6 | Rake $0
Seat 5: Pandakey (button) (small blind) collected ($6)
Seat 6: KonGKreL (big blind) folded before Flop


PokerStars Hand #149365022585:  Hold'em Limit ($3/$6 USD) - 2016/02/24 18:19:21 ET
Table 'Pannonia' 6-max Seat #6 is the button
Seat 5: Pandakey ($178.66 in chips)
Seat 6: KonGKreL ($67.26 in chips)
KonGKreL: posts small blind $1
Pandakey: posts big blind $3
*** HOLE CARDS ***
Jatha09 leaves the table
KonGKreL: calls $2
Pandakey: raises $3 to $6
KonGKreL: calls $3
*** FLOP *** [3c 2c 6d]
Pandakey: bets $3
KonGKreL: calls $3
*** TURN *** [3c 2c 6d] [8d]
Pandakey: bets $6
KonGKreL: raises $6 to $12
Pandakey: raises $6 to $18
KonGKreL: raises $6 to $24
Betting is capped
Pandakey: folds
Uncalled bet ($6) returned to KonGKreL
KonGKreL collected $53.50 from pot
KonGKreL: doesn't show hand
*** SUMMARY ***
Total pot $54 | Rake $0.50
Board [3c 2c 6d 8d]
Seat 5: Pandakey (big blind) folded on the Turn
Seat 6: KonGKreL (button) (small blind) collected ($53.50)


PokerStars Hand #149365143350:  Hold'em Limit ($3/$6 USD) - 2016/02/24 18:21:51 ET
Table 'Pannonia' 6-max Seat #5 is the button
Seat 5: Pandakey ($151.16 in chips)
Seat 6: KonGKreL ($93.02 in chips)
Pandakey: posts small blind $1
KonGKreL: posts big blind $3
*** HOLE CARDS ***
Pandakey: folds
Uncalled bet ($2) returned to KonGKreL
KonGKreL collected $2 from pot
KonGKreL: doesn't show hand
*** SUMMARY ***
Total pot $2 | Rake $0
Seat 5: Pandakey (button) (small blind) folded before Flop
Seat 6: KonGKreL (big blind) collected ($2)


PokerStars Hand #149365122732:  Hold'em Limit ($3/$6 USD) - 2016/02/24 18:21:26 ET
Table 'Pannonia' 6-max Seat #6 is the button
Seat 5: Pandakey ($127.66 in chips)
Seat 6: KonGKreL ($117.02 in chips)
KonGKreL: posts small blind $1
Pandakey: posts big blind $3
*** HOLE CARDS ***
KonGKreL: raises $3 to $6
Pandakey: calls $3
*** FLOP *** [3h 8s Qh]
Pandakey: checks
KonGKreL: bets $3
Pandakey: raises $3 to $6
KonGKreL: calls $3
*** TURN *** [3h 8s Qh] [9h]
Pandakey: bets $6
KonGKreL: calls $6
*** RIVER *** [3h 8s Qh 9h] [Jd]
Pandakey: checks
KonGKreL: bets $6
Pandakey: calls $6
*** SHOW DOWN ***
KonGKreL: shows [Kc 6h] (high card King)
Pandakey: shows [4d 8d] (a pair of Eights)
Pandakey collected $47.50 from pot
*** SUMMARY ***
Total pot $48 | Rake $0.50
Board [3h 8s Qh 9h Jd]
Seat 5: Pandakey (big blind) showed [4d 8d] and won ($47.50) with a pair of Eights
Seat 6: KonGKreL (button) (small blind) showed [Kc 6h] and lost with high card King


PokerStars Hand #149365171921:  Hold'em Limit ($3/$6 USD) - 2016/02/24 18:22:27 ET
Table 'Pannonia' 6-max Seat #5 is the button
Seat 5: Pandakey ($120.16 in chips)
Seat 6: KonGKreL ($123.52 in chips)
Pandakey: posts small blind $1
KonGKreL: posts big blind $3
*** HOLE CARDS ***
Pandakey: raises $3 to $6
KonGKreL: folds
Uncalled bet ($3) returned to Pandakey
Pandakey collected $6 from pot
Pandakey: doesn't show hand
*** SUMMARY ***
Total pot $6 | Rake $0
Seat 5: Pandakey (button) (small blind) collected ($6)
Seat 6: KonGKreL (big blind) folded before Flop


PokerStars Hand #149365146656:  Hold'em Limit ($3/$6 USD) - 2016/02/24 18:21:55 ET
Table 'Pannonia' 6-max Seat #6 is the button
Seat 5: Pandakey ($150.16 in chips)
Seat 6: KonGKreL ($94.02 in chips)
KonGKreL: posts small blind $1
Pandakey: posts big blind $3
*** HOLE CARDS ***
KonGKreL: raises $3 to $6
Pandakey: calls $3
*** FLOP *** [Ks 9s 8c]
Pandakey: checks
KonGKreL: bets $3
Pandakey: raises $3 to $6
KonGKreL: calls $3
*** TURN *** [Ks 9s 8c] [Qs]
Pandakey: bets $6
KonGKreL: raises $6 to $12
Pandakey: calls $6
*** RIVER *** [Ks 9s 8c Qs] [Jh]
Pandakey: checks
KonGKreL: bets $6
Pandakey: calls $6
*** SHOW DOWN ***
KonGKreL: shows [7s As] (a flush, Ace high)
Pandakey: mucks hand
KonGKreL collected $59.50 from pot
michehh5 joins the table at seat #2
*** SUMMARY ***
Total pot $60 | Rake $0.50
Board [Ks 9s 8c Qs Jh]
Seat 5: Pandakey (big blind) mucked
Seat 6: KonGKreL (button) (small blind) showed [7s As] and won ($59.50) with a flush, Ace high


PokerStars Hand #149365101064:  Hold'em Limit ($3/$6 USD) - 2016/02/24 18:20:59 ET
Table 'Pannonia' 6-max Seat #6 is the button
Seat 5: Pandakey ($130.66 in chips)
Seat 6: KonGKreL ($114.26 in chips)
KonGKreL: posts small blind $1
Pandakey: posts big blind $3
*** HOLE CARDS ***
KonGKreL: raises $3 to $6
Pandakey: calls $3
*** FLOP *** [9c 4d 8d]
Pandakey: checks
KonGKreL: bets $3
Pandakey: folds
Uncalled bet ($3) returned to KonGKreL
KonGKreL collected $11.76 from pot
KonGKreL: doesn't show hand
*** SUMMARY ***
Total pot $12 | Rake $0.24
Board [9c 4d 8d]
Seat 5: Pandakey (big blind) folded on the Flop
Seat 6: KonGKreL (button) (small blind) collected ($11.76)


PokerStars Hand #149365117619:  Hold'em Limit ($3/$6 USD) - 2016/02/24 18:21:19 ET
Table 'Pannonia' 6-max Seat #5 is the button
Seat 5: Pandakey ($124.66 in chips)
Seat 6: KonGKreL ($120.02 in chips)
Pandakey: posts small blind $1
KonGKreL: posts big blind $3
*** HOLE CARDS ***
Pandakey: raises $3 to $6
KonGKreL: folds
Uncalled bet ($3) returned to Pandakey
Pandakey collected $6 from pot
Pandakey: doesn't show hand
*** SUMMARY ***
Total pot $6 | Rake $0
Seat 5: Pandakey (button) (small blind) collected ($6)
Seat 6: KonGKreL (big blind) folded before Flop


PokerStars Hand #149365237756:  Hold'em Limit ($3/$6 USD) - 2016/02/24 18:23:50 ET
Table 'Pannonia' 6-max Seat #5 is the button
Seat 5: Pandakey ($178.41 in chips)
Seat 6: KonGKreL ($98.52 in chips)
Pandakey: posts small blind $1
KonGKreL: posts big blind $3
*** HOLE CARDS ***
Pandakey: folds
Uncalled bet ($2) returned to KonGKreL
KonGKreL collected $2 from pot
KonGKreL: doesn't show hand
*** SUMMARY ***
Total pot $2 | Rake $0
Seat 5: Pandakey (button) (small blind) folded before Flop
Seat 6: KonGKreL (big blind) collected ($2)


PokerStars Hand #149365242741:  Hold'em Limit ($3/$6 USD) - 2016/02/24 18:23:56 ET
Table 'Pannonia' 6-max Seat #6 is the button
Seat 5: Pandakey ($177.41 in chips)
Seat 6: KonGKreL ($99.52 in chips)
KonGKreL: posts small blind $1
Pandakey: posts big blind $3
*** HOLE CARDS ***
KonGKreL: folds
Uncalled bet ($2) returned to Pandakey
Pandakey collected $2 from pot
Pandakey: doesn't show hand
*** SUMMARY ***
Total pot $2 | Rake $0
Seat 5: Pandakey (big blind) collected ($2)
Seat 6: KonGKreL (button) (small blind) folded before Flop


PokerStars Hand #149365261944:  Hold'em Limit ($3/$6 USD) - 2016/02/24 18:24:20 ET
Table 'Pannonia' 6-max Seat #5 is the button
Seat 5: Pandakey ($185.17 in chips)
Seat 6: KonGKreL ($91.52 in chips)
433forever joins the table at seat #3
Pandakey: posts small blind $1
KonGKreL: posts big blind $3
*** HOLE CARDS ***
Pandakey: folds
Uncalled bet ($2) returned to KonGKreL
KonGKreL collected $2 from pot
KonGKreL: doesn't show hand
*** SUMMARY ***
Total pot $2 | Rake $0
Seat 5: Pandakey (button) (small blind) folded before Flop
Seat 6: KonGKreL (big blind) collected ($2)


PokerStars Hand #149365257623:  Hold'em Limit ($3/$6 USD) - 2016/02/24 18:24:14 ET
Table 'Pannonia' 6-max Seat #6 is the button
Seat 5: Pandakey ($184.17 in chips)
Seat 6: KonGKreL ($92.52 in chips)
KonGKreL: posts small blind $1
Pandakey: posts big blind $3
*** HOLE CARDS ***
michehh5 leaves the table
KonGKreL: folds
Uncalled bet ($2) returned to Pandakey
Pandakey collected $2 from pot
Pandakey: doesn't show hand
*** SUMMARY ***
Total pot $2 | Rake $0
Seat 5: Pandakey (big blind) collected ($2)
Seat 6: KonGKreL (button) (small blind) folded before Flop


PokerStars Hand #149365246602:  Hold'em Limit ($3/$6 USD) - 2016/02/24 18:24:01 ET
Table 'Pannonia' 6-max Seat #5 is the button
Seat 5: Pandakey ($178.41 in chips)
Seat 6: KonGKreL ($98.52 in chips)
Pandakey: posts small blind $1
KonGKreL: posts big blind $3
*** HOLE CARDS ***
Pandakey: raises $3 to $6
KonGKreL: calls $3
*** FLOP *** [Ad 2c 7h]
KonGKreL: checks
Pandakey: bets $3
KonGKreL: folds
Uncalled bet ($3) returned to Pandakey
Pandakey collected $11.76 from pot
Pandakey: doesn't show hand
*** SUMMARY ***
Total pot $12 | Rake $0.24
Board [Ad 2c 7h]
Seat 5: Pandakey (button) (small blind) collected ($11.76)
Seat 6: KonGKreL (big blind) folded on the Flop


PokerStars Hand #149365811056:  Hold'em Limit ($3/$6 USD) - 2016/02/24 18:35:51 ET
Table 'Pannonia' 6-max Seat #5 is the button
Seat 3: 433forever ($86.97 in chips)
Seat 5: Pandakey ($227.79 in chips)
Pandakey: posts small blind $1
TinaTurner72: is sitting out
433forever: posts big blind $3
*** HOLE CARDS ***
Pandakey: raises $3 to $6
433forever: calls $3
*** FLOP *** [Ts 8c 5c]
433forever: checks
Pandakey: checks
*** TURN *** [Ts 8c 5c] [6s]
DePokeraap joins the table at seat #4
433forever: bets $6
TinaTurner72 leaves the table
Pandakey: folds
Uncalled bet ($6) returned to 433forever
433forever collected $11.76 from pot
433forever: doesn't show hand
*** SUMMARY ***
Total pot $12 | Rake $0.24
Board [Ts 8c 5c 6s]
Seat 3: 433forever (big blind) collected ($11.76)
Seat 5: Pandakey (button) (small blind) folded on the Turn


PokerStars Hand #149366098953:  Hold'em Limit ($3/$6 USD) - 2016/02/24 18:42:11 ET
Table 'Pannonia' 6-max Seat #4 is the button
Seat 4: DePokeraap ($75.79 in chips)
Seat 5: Pandakey ($267.05 in chips)
DePokeraap: posts small blind $1
Pandakey: posts big blind $3
*** HOLE CARDS ***
DePokeraap: raises $3 to $6
433forever leaves the table
Pandakey: calls $3
*** FLOP *** [7c Jd 2d]
Pandakey: checks
DePokeraap: bets $3
Pandakey: raises $3 to $6
DePokeraap: calls $3
*** TURN *** [7c Jd 2d] [4c]
Pandakey: bets $6
DePokeraap: raises $6 to $12
Pandakey: folds
Uncalled bet ($6) returned to DePokeraap
DePokeraap collected $35.50 from pot
DePokeraap: doesn't show hand
*** SUMMARY ***
Total pot $36 | Rake $0.50
Board [7c Jd 2d 4c]
Seat 4: DePokeraap (button) (small blind) collected ($35.50)
Seat 5: Pandakey (big blind) folded on the Turn


