PokerStars Hand #173860741828:  Hold'em Limit ($3/$6 USD) - 2017/08/03 4:51:51 ET
Table 'Pannekoek' 6-max Seat #2 is the button
Seat 1: aremom4e ($128.89 in chips)
Seat 2: Pelurile ($28.31 in chips)
Pelurile: posts small blind $1
aremom4e: posts big blind $3
*** HOLE CARDS ***
Pelurile: folds
Uncalled bet ($2) returned to aremom4e
aremom4e collected $2 from pot
aremom4e: doesn't show hand
*** SUMMARY ***
Total pot $2 | Rake $0
Seat 1: aremom4e (big blind) collected ($2)
Seat 2: Pelurile (button) (small blind) folded before Flop


PokerStars Hand #173860734547:  Hold'em Limit ($3/$6 USD) - 2017/08/03 4:51:28 ET
Table 'Pannekoek' 6-max Seat #1 is the button
Seat 1: aremom4e ($126.01 in chips)
Seat 2: Pelurile ($31.31 in chips)
aremom4e: posts small blind $1
Pelurile: posts big blind $3
*** HOLE CARDS ***
aremom4e: calls $2
Pelurile: checks
*** FLOP *** [Td Ad Ah]
Pelurile: checks
aremom4e: bets $3
Pelurile: folds
Uncalled bet ($3) returned to aremom4e
aremom4e collected $5.88 from pot
aremom4e: doesn't show hand
*** SUMMARY ***
Total pot $6 | Rake $0.12
Board [Td Ad Ah]
Seat 1: aremom4e (button) (small blind) collected ($5.88)
Seat 2: Pelurile (big blind) folded on the Flop


PokerStars Hand #173860751023:  Hold'em Limit ($3/$6 USD) - 2017/08/03 4:52:22 ET
Table 'Pannekoek' 6-max Seat #2 is the button
Seat 1: aremom4e ($120.89 in chips)
Seat 2: Pelurile ($35.95 in chips)
Pelurile: posts small blind $1
aremom4e: posts big blind $3
*** HOLE CARDS ***
Pelurile: raises $3 to $6
aremom4e: calls $3
*** FLOP *** [As 6c 7d]
aremom4e: checks
Pelurile: bets $3
aremom4e: folds
Uncalled bet ($3) returned to Pelurile
Pelurile collected $11.76 from pot
Pelurile: doesn't show hand
*** SUMMARY ***
Total pot $12 | Rake $0.24
Board [As 6c 7d]
Seat 1: aremom4e (big blind) folded on the Flop
Seat 2: Pelurile (button) (small blind) collected ($11.76)


PokerStars Hand #173860743260:  Hold'em Limit ($3/$6 USD) - 2017/08/03 4:51:56 ET
Table 'Pannekoek' 6-max Seat #1 is the button
Seat 1: aremom4e ($129.89 in chips)
Seat 2: Pelurile ($27.31 in chips)
aremom4e: posts small blind $1
Pelurile: posts big blind $3
*** HOLE CARDS ***
aremom4e: raises $3 to $6
Pelurile: calls $3
*** FLOP *** [7c 8s Ah]
Pelurile: checks
aremom4e: bets $3
Pelurile: raises $3 to $6
aremom4e: folds
Uncalled bet ($3) returned to Pelurile
Pelurile collected $17.64 from pot
Pelurile: doesn't show hand
*** SUMMARY ***
Total pot $18 | Rake $0.36
Board [7c 8s Ah]
Seat 1: aremom4e (button) (small blind) folded on the Flop
Seat 2: Pelurile (big blind) collected ($17.64)


PokerStars Hand #173860774844:  Hold'em Limit ($3/$6 USD) - 2017/08/03 4:53:40 ET
Table 'Pannekoek' 6-max Seat #2 is the button
Seat 1: aremom4e ($123.53 in chips)
Seat 2: Pelurile ($32.71 in chips)
Pelurile: posts small blind $1
aremom4e: posts big blind $3
*** HOLE CARDS ***
Pelurile: raises $3 to $6
aremom4e: folds
Uncalled bet ($3) returned to Pelurile
Pelurile collected $6 from pot
Pelurile: doesn't show hand
*** SUMMARY ***
Total pot $6 | Rake $0
Seat 1: aremom4e (big blind) folded before Flop
Seat 2: Pelurile (button) (small blind) collected ($6)


PokerStars Hand #173860756593:  Hold'em Limit ($3/$6 USD) - 2017/08/03 4:52:40 ET
Table 'Pannekoek' 6-max Seat #1 is the button
Seat 1: aremom4e ($114.89 in chips)
Seat 2: Pelurile ($41.71 in chips)
aremom4e: posts small blind $1
Pelurile: posts big blind $3
*** HOLE CARDS ***
aremom4e: raises $3 to $6
Pelurile: calls $3
*** FLOP *** [2d Ac 5d]
nkgud joins the table at seat #3
Pelurile: checks
aremom4e: bets $3
Pelurile: calls $3
*** TURN *** [2d Ac 5d] [4d]
nkgud leaves the table
Pelurile: checks
aremom4e: checks
*** RIVER *** [2d Ac 5d 4d] [5h]
Pelurile: checks
aremom4e: bets $6
Pelurile: folds
Uncalled bet ($6) returned to aremom4e
aremom4e collected $17.64 from pot
aremom4e: doesn't show hand
*** SUMMARY ***
Total pot $18 | Rake $0.36
Board [2d Ac 5d 4d 5h]
Seat 1: aremom4e (button) (small blind) collected ($17.64)
Seat 2: Pelurile (big blind) folded on the River


PokerStars Hand #173860777360:  Hold'em Limit ($3/$6 USD) - 2017/08/03 4:53:48 ET
Table 'Pannekoek' 6-max Seat #1 is the button
Seat 1: aremom4e ($120.53 in chips)
Seat 2: Pelurile ($35.71 in chips)
aremom4e: posts small blind $1
Pelurile: posts big blind $3
*** HOLE CARDS ***
aremom4e: raises $3 to $6
Pelurile: folds
Uncalled bet ($3) returned to aremom4e
aremom4e collected $6 from pot
aremom4e: doesn't show hand
*** SUMMARY ***
Total pot $6 | Rake $0
Seat 1: aremom4e (button) (small blind) collected ($6)
Seat 2: Pelurile (big blind) folded before Flop


PokerStars Hand #173860784902:  Hold'em Limit ($3/$6 USD) - 2017/08/03 4:54:12 ET
Table 'Pannekoek' 6-max Seat #1 is the button
Seat 1: aremom4e ($132.17 in chips)
Seat 2: Pelurile ($23.71 in chips)
aremom4e: posts small blind $1
Pelurile: posts big blind $3
*** HOLE CARDS ***
aremom4e: folds
Uncalled bet ($2) returned to Pelurile
Pelurile collected $2 from pot
Pelurile: doesn't show hand
*** SUMMARY ***
Total pot $2 | Rake $0
Seat 1: aremom4e (button) (small blind) folded before Flop
Seat 2: Pelurile (big blind) collected ($2)


PokerStars Hand #173860779615:  Hold'em Limit ($3/$6 USD) - 2017/08/03 4:53:55 ET
Table 'Pannekoek' 6-max Seat #2 is the button
Seat 1: aremom4e ($123.53 in chips)
Seat 2: Pelurile ($32.71 in chips)
Pelurile: posts small blind $1
aremom4e: posts big blind $3
*** HOLE CARDS ***
Pelurile: raises $3 to $6
aremom4e: calls $3
*** FLOP *** [9h 2h Kc]
aremom4e: checks
Pelurile: bets $3
aremom4e: raises $3 to $6
Pelurile: folds
Uncalled bet ($3) returned to aremom4e
aremom4e collected $17.64 from pot
aremom4e: doesn't show hand
*** SUMMARY ***
Total pot $18 | Rake $0.36
Board [9h 2h Kc]
Seat 1: aremom4e (big blind) collected ($17.64)
Seat 2: Pelurile (button) (small blind) folded on the Flop


PokerStars Hand #173860788988:  Hold'em Limit ($3/$6 USD) - 2017/08/03 4:54:26 ET
Table 'Pannekoek' 6-max Seat #1 is the button
Seat 1: aremom4e ($128.17 in chips)
Seat 2: Pelurile ($27.71 in chips)
aremom4e: posts small blind $1
Pelurile: posts big blind $3
*** HOLE CARDS ***
aremom4e: raises $3 to $6
Pelurile: raises $3 to $9
aremom4e: calls $3
*** FLOP *** [2c 5d Ah]
Pelurile: bets $3
aremom4e: folds
Uncalled bet ($3) returned to Pelurile
Pelurile collected $17.64 from pot
Pelurile: doesn't show hand
*** SUMMARY ***
Total pot $18 | Rake $0.36
Board [2c 5d Ah]
Seat 1: aremom4e (button) (small blind) folded on the Flop
Seat 2: Pelurile (big blind) collected ($17.64)


PokerStars Hand #173860786490:  Hold'em Limit ($3/$6 USD) - 2017/08/03 4:54:17 ET
Table 'Pannekoek' 6-max Seat #2 is the button
Seat 1: aremom4e ($131.17 in chips)
Seat 2: Pelurile ($24.71 in chips)
Pelurile: posts small blind $1
aremom4e: posts big blind $3
*** HOLE CARDS ***
Pelurile: raises $3 to $6
aremom4e: folds
Uncalled bet ($3) returned to Pelurile
Pelurile collected $6 from pot
Pelurile: doesn't show hand
*** SUMMARY ***
Total pot $6 | Rake $0
Seat 1: aremom4e (big blind) folded before Flop
Seat 2: Pelurile (button) (small blind) collected ($6)


PokerStars Hand #173860804266:  Hold'em Limit ($3/$6 USD) - 2017/08/03 4:55:17 ET
Table 'Pannekoek' 6-max Seat #1 is the button
Seat 1: aremom4e ($110.17 in chips)
Seat 2: Pelurile ($44.99 in chips)
aremom4e: posts small blind $1
Pelurile: posts big blind $3
*** HOLE CARDS ***
aremom4e: folds
Uncalled bet ($2) returned to Pelurile
Pelurile collected $2 from pot
Pelurile: doesn't show hand
*** SUMMARY ***
Total pot $2 | Rake $0
Seat 1: aremom4e (button) (small blind) folded before Flop
Seat 2: Pelurile (big blind) collected ($2)


PokerStars Hand #173860805898:  Hold'em Limit ($3/$6 USD) - 2017/08/03 4:55:23 ET
Table 'Pannekoek' 6-max Seat #2 is the button
Seat 1: aremom4e ($109.17 in chips)
Seat 2: Pelurile ($45.99 in chips)
Pelurile: posts small blind $1
aremom4e: posts big blind $3
*** HOLE CARDS ***
Pelurile: raises $3 to $6
aremom4e: calls $3
*** FLOP *** [Th As 5c]
aremom4e: checks
Pelurile: bets $3
aremom4e: folds
Uncalled bet ($3) returned to Pelurile
Pelurile collected $11.76 from pot
Pelurile: doesn't show hand
*** SUMMARY ***
Total pot $12 | Rake $0.24
Board [Th As 5c]
Seat 1: aremom4e (big blind) folded on the Flop
Seat 2: Pelurile (button) (small blind) collected ($11.76)


PokerStars Hand #173860812218:  Hold'em Limit ($3/$6 USD) - 2017/08/03 4:55:46 ET
Table 'Pannekoek' 6-max Seat #1 is the button
Seat 1: aremom4e ($103.17 in chips)
Seat 2: Pelurile ($51.75 in chips)
aremom4e: posts small blind $1
Pelurile: posts big blind $3
*** HOLE CARDS ***
aremom4e: folds
Uncalled bet ($2) returned to Pelurile
Pelurile collected $2 from pot
Pelurile: doesn't show hand
*** SUMMARY ***
Total pot $2 | Rake $0
Seat 1: aremom4e (button) (small blind) folded before Flop
Seat 2: Pelurile (big blind) collected ($2)


PokerStars Hand #173860794729:  Hold'em Limit ($3/$6 USD) - 2017/08/03 4:54:44 ET
Table 'Pannekoek' 6-max Seat #2 is the button
Seat 1: aremom4e ($119.17 in chips)
Seat 2: Pelurile ($36.35 in chips)
Pelurile: posts small blind $1
aremom4e: posts big blind $3
*** HOLE CARDS ***
Pelurile: raises $3 to $6
aremom4e: calls $3
*** FLOP *** [4c 3s Kd]
aremom4e: checks
Pelurile: bets $3
aremom4e: calls $3
*** TURN *** [4c 3s Kd] [Qh]
aremom4e: checks
Pelurile: bets $6
aremom4e: folds
Uncalled bet ($6) returned to Pelurile
Pelurile collected $17.64 from pot
Pelurile: doesn't show hand
*** SUMMARY ***
Total pot $18 | Rake $0.36
Board [4c 3s Kd Qh]
Seat 1: aremom4e (big blind) folded on the Turn
Seat 2: Pelurile (button) (small blind) collected ($17.64)


PokerStars Hand #173860813647:  Hold'em Limit ($3/$6 USD) - 2017/08/03 4:55:51 ET
Table 'Pannekoek' 6-max Seat #2 is the button
Seat 1: aremom4e ($102.17 in chips)
Seat 2: Pelurile ($52.75 in chips)
Pelurile: posts small blind $1
aremom4e: posts big blind $3
*** HOLE CARDS ***
Pelurile: raises $3 to $6
aremom4e: calls $3
*** FLOP *** [9c Ks 4c]
aremom4e: checks
Pelurile: bets $3
aremom4e: folds
Uncalled bet ($3) returned to Pelurile
Pelurile collected $11.76 from pot
Pelurile: doesn't show hand
*** SUMMARY ***
Total pot $12 | Rake $0.24
Board [9c Ks 4c]
Seat 1: aremom4e (big blind) folded on the Flop
Seat 2: Pelurile (button) (small blind) collected ($11.76)


PokerStars Hand #173860835949:  Hold'em Limit ($3/$6 USD) - 2017/08/03 4:57:11 ET
Table 'Pannekoek' 6-max Seat #2 is the button
Seat 1: aremom4e ($95.92 in chips)
Seat 2: Pelurile ($58.26 in chips)
Pelurile: posts small blind $1
aremom4e: posts big blind $3
*** HOLE CARDS ***
Pelurile: raises $3 to $6
aremom4e: calls $3
*** FLOP *** [Kd Kh 6d]
aremom4e: checks
Pelurile: bets $3
aremom4e: folds
Uncalled bet ($3) returned to Pelurile
Pelurile collected $11.76 from pot
Pelurile: doesn't show hand
*** SUMMARY ***
Total pot $12 | Rake $0.24
Board [Kd Kh 6d]
Seat 1: aremom4e (big blind) folded on the Flop
Seat 2: Pelurile (button) (small blind) collected ($11.76)


PokerStars Hand #173860819346:  Hold'em Limit ($3/$6 USD) - 2017/08/03 4:56:11 ET
Table 'Pannekoek' 6-max Seat #1 is the button
Seat 1: aremom4e ($96.17 in chips)
Seat 2: Pelurile ($58.51 in chips)
aremom4e: posts small blind $1
Pelurile: posts big blind $3
*** HOLE CARDS ***
aremom4e: raises $3 to $6
Pelurile: calls $3
*** FLOP *** [Ks 4d 2d]
Pelurile: checks
aremom4e: bets $3
Pelurile: calls $3
*** TURN *** [Ks 4d 2d] [Kd]
Pelurile: checks
aremom4e: bets $6
Pelurile: calls $6
*** RIVER *** [Ks 4d 2d Kd] [Th]
Pelurile: checks
aremom4e: checks
*** SHOW DOWN ***
Pelurile: shows [7d As] (a pair of Kings)
aremom4e: shows [7s Ad] (a pair of Kings)
Pelurile collected $14.75 from pot
aremom4e collected $14.75 from pot
*** SUMMARY ***
Total pot $30 | Rake $0.50
Board [Ks 4d 2d Kd Th]
Seat 1: aremom4e (button) (small blind) showed [7s Ad] and won ($14.75) with a pair of Kings
Seat 2: Pelurile (big blind) showed [7d As] and won ($14.75) with a pair of Kings


PokerStars Hand #173860855906:  Hold'em Limit ($3/$6 USD) - 2017/08/03 4:58:22 ET
Table 'Pannekoek' 6-max Seat #2 is the button
Seat 1: aremom4e ($71.92 in chips)
Seat 2: Pelurile ($81.52 in chips)
Pelurile: posts small blind $1
aremom4e: posts big blind $3
*** HOLE CARDS ***
Pelurile: folds
Uncalled bet ($2) returned to aremom4e
aremom4e collected $2 from pot
aremom4e: doesn't show hand
*** SUMMARY ***
Total pot $2 | Rake $0
Seat 1: aremom4e (big blind) collected ($2)
Seat 2: Pelurile (button) (small blind) folded before Flop


PokerStars Hand #173860844402:  Hold'em Limit ($3/$6 USD) - 2017/08/03 4:57:42 ET
Table 'Pannekoek' 6-max Seat #1 is the button
Seat 1: aremom4e ($89.92 in chips)
Seat 2: Pelurile ($64.02 in chips)
aremom4e: posts small blind $1
Pelurile: posts big blind $3
*** HOLE CARDS ***
aremom4e: raises $3 to $6
Pelurile: raises $3 to $9
aremom4e: calls $3
*** FLOP *** [8c 5d Jd]
Pelurile: bets $3
aremom4e: calls $3
*** TURN *** [8c 5d Jd] [4h]
Pelurile: bets $6
aremom4e: calls $6
*** RIVER *** [8c 5d Jd 4h] [Kh]
Pelurile: bets $6
aremom4e: folds
Uncalled bet ($6) returned to Pelurile
Pelurile collected $35.50 from pot
Pelurile: doesn't show hand
*** SUMMARY ***
Total pot $36 | Rake $0.50
Board [8c 5d Jd 4h Kh]
Seat 1: aremom4e (button) (small blind) folded on the River
Seat 2: Pelurile (big blind) collected ($35.50)


PokerStars Hand #173860877378:  Hold'em Limit ($3/$6 USD) - 2017/08/03 4:59:38 ET
Table 'Pannekoek' 6-max Seat #2 is the button
Seat 1: aremom4e ($94.42 in chips)
Seat 2: Pelurile ($58.40 in chips)
Pelurile: posts small blind $1
aremom4e: posts big blind $3
*** HOLE CARDS ***
Pelurile: raises $3 to $6
aremom4e: calls $3
*** FLOP *** [6d 6h Kh]
aremom4e: checks
Pelurile: bets $3
aremom4e: folds
Uncalled bet ($3) returned to Pelurile
Pelurile collected $11.76 from pot
Pelurile: doesn't show hand
*** SUMMARY ***
Total pot $12 | Rake $0.24
Board [6d 6h Kh]
Seat 1: aremom4e (big blind) folded on the Flop
Seat 2: Pelurile (button) (small blind) collected ($11.76)


PokerStars Hand #173860870107:  Hold'em Limit ($3/$6 USD) - 2017/08/03 4:59:12 ET
Table 'Pannekoek' 6-max Seat #2 is the button
Seat 1: aremom4e ($96.42 in chips)
Seat 2: Pelurile ($56.52 in chips)
Pelurile: posts small blind $1
aremom4e: posts big blind $3
*** HOLE CARDS ***
Pelurile: folds
Uncalled bet ($2) returned to aremom4e
aremom4e collected $2 from pot
aremom4e: doesn't show hand
*** SUMMARY ***
Total pot $2 | Rake $0
Seat 1: aremom4e (big blind) collected ($2)
Seat 2: Pelurile (button) (small blind) folded before Flop


PokerStars Hand #173860857646:  Hold'em Limit ($3/$6 USD) - 2017/08/03 4:58:28 ET
Table 'Pannekoek' 6-max Seat #1 is the button
Seat 1: aremom4e ($72.92 in chips)
Seat 2: Pelurile ($80.52 in chips)
aremom4e: posts small blind $1
Pelurile: posts big blind $3
*** HOLE CARDS ***
aremom4e: raises $3 to $6
Pelurile: calls $3
*** FLOP *** [7d 2d 6h]
Pelurile: checks
aremom4e: bets $3
Pelurile: raises $3 to $6
aremom4e: calls $3
*** TURN *** [7d 2d 6h] [Ts]
Pelurile: bets $6
aremom4e: calls $6
*** RIVER *** [7d 2d 6h Ts] [5c]
Pelurile: bets $6
aremom4e: calls $6
*** SHOW DOWN ***
Pelurile: shows [6d 9c] (a pair of Sixes)
aremom4e: shows [7c Jc] (a pair of Sevens)
aremom4e collected $47.50 from pot
*** SUMMARY ***
Total pot $48 | Rake $0.50
Board [7d 2d 6h Ts 5c]
Seat 1: aremom4e (button) (small blind) showed [7c Jc] and won ($47.50) with a pair of Sevens
Seat 2: Pelurile (big blind) showed [6d 9c] and lost with a pair of Sixes


PokerStars Hand #173860871554:  Hold'em Limit ($3/$6 USD) - 2017/08/03 4:59:18 ET
Table 'Pannekoek' 6-max Seat #1 is the button
Seat 1: aremom4e ($97.42 in chips)
Seat 2: Pelurile ($55.52 in chips)
aremom4e: posts small blind $1
Pelurile: posts big blind $3
*** HOLE CARDS ***
aremom4e: calls $2
Pelurile: checks
*** FLOP *** [2s 7d Jd]
Pelurile: bets $3
aremom4e: folds
Uncalled bet ($3) returned to Pelurile
Pelurile collected $5.88 from pot
Pelurile: doesn't show hand
*** SUMMARY ***
Total pot $6 | Rake $0.12
Board [2s 7d Jd]
Seat 1: aremom4e (button) (small blind) folded on the Flop
Seat 2: Pelurile (big blind) collected ($5.88)


PokerStars Hand #173860883592:  Hold'em Limit ($3/$6 USD) - 2017/08/03 5:00:00 ET
Table 'Pannekoek' 6-max Seat #1 is the button
Seat 1: aremom4e ($88.42 in chips)
Seat 2: Pelurile ($64.16 in chips)
aremom4e: posts small blind $1
Pelurile: posts big blind $3
*** HOLE CARDS ***
aremom4e: raises $3 to $6
Pelurile: raises $3 to $9
aremom4e: calls $3
*** FLOP *** [Ac 5d 2s]
Pelurile: bets $3
aremom4e: raises $3 to $6
Pelurile: calls $3
*** TURN *** [Ac 5d 2s] [4c]
Pelurile: checks
aremom4e: bets $6
Pelurile: folds
Uncalled bet ($6) returned to aremom4e
aremom4e collected $29.50 from pot
aremom4e: doesn't show hand
*** SUMMARY ***
Total pot $30 | Rake $0.50
Board [Ac 5d 2s 4c]
Seat 1: aremom4e (button) (small blind) collected ($29.50)
Seat 2: Pelurile (big blind) folded on the Turn


PokerStars Hand #173860898439:  Hold'em Limit ($3/$6 USD) - 2017/08/03 5:00:51 ET
Table 'Pannekoek' 6-max Seat #2 is the button
Seat 1: aremom4e ($102.92 in chips)
Seat 2: Pelurile ($49.16 in chips)
Pelurile: posts small blind $1
aremom4e: posts big blind $3
*** HOLE CARDS ***
Pelurile: raises $3 to $6
aremom4e: calls $3
*** FLOP *** [4h 7h Th]
aremom4e: checks
Pelurile: bets $3
aremom4e: folds
Uncalled bet ($3) returned to Pelurile
Pelurile collected $11.76 from pot
Pelurile: doesn't show hand
*** SUMMARY ***
Total pot $12 | Rake $0.24
Board [4h 7h Th]
Seat 1: aremom4e (big blind) folded on the Flop
Seat 2: Pelurile (button) (small blind) collected ($11.76)


PokerStars Hand #173860904672:  Hold'em Limit ($3/$6 USD) - 2017/08/03 5:01:11 ET
Table 'Pannekoek' 6-max Seat #1 is the button
Seat 1: aremom4e ($96.92 in chips)
Seat 2: Pelurile ($54.92 in chips)
aremom4e: posts small blind $1
Pelurile: posts big blind $3
*** HOLE CARDS ***
aremom4e: raises $3 to $6
Pelurile: calls $3
*** FLOP *** [7s 8d 5c]
DangerMoneys was removed from the table for failing to post
Pelurile: checks
aremom4e: checks
*** TURN *** [7s 8d 5c] [3h]
Pelurile: bets $6
aremom4e: folds
Uncalled bet ($6) returned to Pelurile
Pelurile collected $11.76 from pot
Pelurile: doesn't show hand
*** SUMMARY ***
Total pot $12 | Rake $0.24
Board [7s 8d 5c 3h]
Seat 1: aremom4e (button) (small blind) folded on the Turn
Seat 2: Pelurile (big blind) collected ($11.76)


PokerStars Hand #173860928841:  Hold'em Limit ($3/$6 USD) - 2017/08/03 5:02:28 ET
Table 'Pannekoek' 6-max Seat #1 is the button
Seat 1: aremom4e ($114.42 in chips)
Seat 2: Pelurile ($72 in chips)
aremom4e: posts small blind $1
Pelurile: posts big blind $3
*** HOLE CARDS ***
aremom4e: folds
Uncalled bet ($2) returned to Pelurile
Pelurile collected $2 from pot
Pelurile: doesn't show hand
*** SUMMARY ***
Total pot $2 | Rake $0
Seat 1: aremom4e (button) (small blind) folded before Flop
Seat 2: Pelurile (big blind) collected ($2)


PokerStars Hand #173860930517:  Hold'em Limit ($3/$6 USD) - 2017/08/03 5:02:33 ET
Table 'Pannekoek' 6-max Seat #2 is the button
Seat 1: aremom4e ($113.42 in chips)
Seat 2: Pelurile ($73 in chips)
Pelurile: posts small blind $1
aremom4e: posts big blind $3
*** HOLE CARDS ***
Pelurile: raises $3 to $6
aremom4e: folds
Uncalled bet ($3) returned to Pelurile
Pelurile collected $6 from pot
Pelurile: doesn't show hand
*** SUMMARY ***
Total pot $6 | Rake $0
Seat 1: aremom4e (big blind) folded before Flop
Seat 2: Pelurile (button) (small blind) collected ($6)


PokerStars Hand #173860914190:  Hold'em Limit ($3/$6 USD) - 2017/08/03 5:01:42 ET
Table 'Pannekoek' 6-max Seat #2 is the button
Seat 1: aremom4e ($90.92 in chips)
Seat 2: Pelurile ($72 in chips)
Pelurile: posts small blind $1
aremom4e: posts big blind $3
*** HOLE CARDS ***
Pelurile: raises $3 to $6
aremom4e: calls $3
*** FLOP *** [7d 5c Ks]
aremom4e: checks
Pelurile: bets $3
aremom4e: raises $3 to $6
Pelurile: calls $3
*** TURN *** [7d 5c Ks] [2d]
aremom4e: bets $6
Pelurile: calls $6
*** RIVER *** [7d 5c Ks 2d] [3c]
aremom4e: bets $6
Pelurile: calls $6
*** SHOW DOWN ***
aremom4e: shows [Ah 7c] (a pair of Sevens)
Pelurile: mucks hand
aremom4e collected $47.50 from pot
*** SUMMARY ***
Total pot $48 | Rake $0.50
Board [7d 5c Ks 2d 3c]
Seat 1: aremom4e (big blind) showed [Ah 7c] and won ($47.50) with a pair of Sevens
Seat 2: Pelurile (button) (small blind) mucked


PokerStars Hand #173860952035:  Hold'em Limit ($3/$6 USD) - 2017/08/03 5:03:41 ET
Table 'Pannekoek' 6-max Seat #1 is the button
Seat 1: aremom4e ($87.42 in chips)
Seat 2: Pelurile ($98.50 in chips)
aremom4e: posts small blind $1
Pelurile: posts big blind $3
*** HOLE CARDS ***
aremom4e: raises $3 to $6
Pelurile: calls $3
*** FLOP *** [Tc Js 7h]
Pelurile: checks
aremom4e: checks
*** TURN *** [Tc Js 7h] [3s]
Pelurile: bets $6
aremom4e: folds
Uncalled bet ($6) returned to Pelurile
Pelurile collected $11.76 from pot
Pelurile: doesn't show hand
*** SUMMARY ***
Total pot $12 | Rake $0.24
Board [Tc Js 7h 3s]
Seat 1: aremom4e (button) (small blind) folded on the Turn
Seat 2: Pelurile (big blind) collected ($11.76)


PokerStars Hand #173860949667:  Hold'em Limit ($3/$6 USD) - 2017/08/03 5:03:33 ET
Table 'Pannekoek' 6-max Seat #2 is the button
Seat 1: aremom4e ($86.42 in chips)
Seat 2: Pelurile ($99.50 in chips)
Pelurile: posts small blind $1
aremom4e: posts big blind $3
*** HOLE CARDS ***
Pelurile: folds
Uncalled bet ($2) returned to aremom4e
aremom4e collected $2 from pot
aremom4e: doesn't show hand
*** SUMMARY ***
Total pot $2 | Rake $0
Seat 1: aremom4e (big blind) collected ($2)
Seat 2: Pelurile (button) (small blind) folded before Flop


PokerStars Hand #173860933337:  Hold'em Limit ($3/$6 USD) - 2017/08/03 5:02:42 ET
Table 'Pannekoek' 6-max Seat #1 is the button
Seat 1: aremom4e ($110.42 in chips)
Seat 2: Pelurile ($76 in chips)
aremom4e: posts small blind $1
Pelurile: posts big blind $3
*** HOLE CARDS ***
aremom4e: calls $2
Pelurile: raises $3 to $6
aremom4e: calls $3
*** FLOP *** [Ks 6c 3c]
Pelurile: bets $3
aremom4e: raises $3 to $6
Pelurile: calls $3
*** TURN *** [Ks 6c 3c] [7d]
Pelurile: checks
aremom4e: bets $6
Pelurile: calls $6
*** RIVER *** [Ks 6c 3c 7d] [Tc]
Pelurile: checks
aremom4e: bets $6
Pelurile: calls $6
*** SHOW DOWN ***
aremom4e: shows [5s 6d] (a pair of Sixes)
Pelurile: shows [9s 9d] (a pair of Nines)
Pelurile collected $47.50 from pot
*** SUMMARY ***
Total pot $48 | Rake $0.50
Board [Ks 6c 3c 7d Tc]
Seat 1: aremom4e (button) (small blind) showed [5s 6d] and lost with a pair of Sixes
Seat 2: Pelurile (big blind) showed [9s 9d] and won ($47.50) with a pair of Nines


PokerStars Hand #173860961361:  Hold'em Limit ($3/$6 USD) - 2017/08/03 5:04:10 ET
Table 'Pannekoek' 6-max Seat #2 is the button
Seat 1: aremom4e ($81.42 in chips)
Seat 2: Pelurile ($104.26 in chips)
Pelurile: posts small blind $1
aremom4e: posts big blind $3
*** HOLE CARDS ***
Pelurile: raises $3 to $6
aremom4e: folds
Uncalled bet ($3) returned to Pelurile
Pelurile collected $6 from pot
Pelurile: doesn't show hand
*** SUMMARY ***
Total pot $6 | Rake $0
Seat 1: aremom4e (big blind) folded before Flop
Seat 2: Pelurile (button) (small blind) collected ($6)


