PokerStars Hand #166893606417:  Hold'em Limit ($3/$6 USD) - 2017/02/28 6:29:13 ET
Table 'Pannonia II' 6-max Seat #5 is the button
Seat 4: MTails ($143.50 in chips)
Seat 5: ss_barber_ss ($54 in chips)
ss_barber_ss: posts small blind $1
MTails: posts big blind $3
*** HOLE CARDS ***
ss_barber_ss: raises $3 to $6
MTails: folds
Uncalled bet ($3) returned to ss_barber_ss
ss_barber_ss collected $6 from pot
ss_barber_ss: doesn't show hand
*** SUMMARY ***
Total pot $6 | Rake $0
Seat 4: MTails (big blind) folded before Flop
Seat 5: ss_barber_ss (button) (small blind) collected ($6)


PokerStars Hand #166893613086:  Hold'em Limit ($3/$6 USD) - 2017/02/28 6:29:27 ET
Table 'Pannonia II' 6-max Seat #5 is the button
Seat 4: MTails ($139.50 in chips)
Seat 5: ss_barber_ss ($58 in chips)
ss_barber_ss: posts small blind $1
MTails: posts big blind $3
*** HOLE CARDS ***
ss_barber_ss: calls $2
MTails: raises $3 to $6
ss_barber_ss: calls $3
*** FLOP *** [9d Tc 8c]
MTails: bets $3
ss_barber_ss: calls $3
*** TURN *** [9d Tc 8c] [Ks]
MTails: bets $6
ss_barber_ss: raises $6 to $12
MTails: folds
Uncalled bet ($6) returned to ss_barber_ss
ss_barber_ss collected $29.50 from pot
ss_barber_ss: doesn't show hand
*** SUMMARY ***
Total pot $30 | Rake $0.50
Board [9d Tc 8c Ks]
Seat 4: MTails (big blind) folded on the Turn
Seat 5: ss_barber_ss (button) (small blind) collected ($29.50)


PokerStars Hand #166893576896:  Hold'em Limit ($3/$6 USD) - 2017/02/28 6:28:12 ET
Table 'Pannonia II' 6-max Seat #4 is the button
Seat 4: MTails ($120 in chips)
Seat 5: ss_barber_ss ($78 in chips)
MTails: posts small blind $1
ss_barber_ss: posts big blind $3
*** HOLE CARDS ***
MTails: raises $3 to $6
ss_barber_ss: raises $3 to $9
MTails: calls $3
*** FLOP *** [8s 5d 4h]
ss_barber_ss: bets $3
MTails: calls $3
*** TURN *** [8s 5d 4h] [Jc]
ss_barber_ss: bets $6
MTails: calls $6
*** RIVER *** [8s 5d 4h Jc] [4d]
ss_barber_ss: bets $6
MTails: calls $6
*** SHOW DOWN ***
ss_barber_ss: shows [3c Qc] (a pair of Fours)
MTails: shows [5c 9h] (two pair, Fives and Fours)
MTails collected $47.50 from pot
*** SUMMARY ***
Total pot $48 | Rake $0.50
Board [8s 5d 4h Jc 4d]
Seat 4: MTails (button) (small blind) showed [5c 9h] and won ($47.50) with two pair, Fives and Fours
Seat 5: ss_barber_ss (big blind) showed [3c Qc] and lost with a pair of Fours


PokerStars Hand #166893610634:  Hold'em Limit ($3/$6 USD) - 2017/02/28 6:29:22 ET
Table 'Pannonia II' 6-max Seat #4 is the button
Seat 4: MTails ($140.50 in chips)
Seat 5: ss_barber_ss ($57 in chips)
MTails: posts small blind $1
ss_barber_ss: posts big blind $3
*** HOLE CARDS ***
MTails: folds
Uncalled bet ($2) returned to ss_barber_ss
ss_barber_ss collected $2 from pot
ss_barber_ss: doesn't show hand
*** SUMMARY ***
Total pot $2 | Rake $0
Seat 4: MTails (button) (small blind) folded before Flop
Seat 5: ss_barber_ss (big blind) collected ($2)


PokerStars Hand #166893624432:  Hold'em Limit ($3/$6 USD) - 2017/02/28 6:29:51 ET
Table 'Pannonia II' 6-max Seat #4 is the button
Seat 4: MTails ($124.50 in chips)
Seat 5: ss_barber_ss ($72.50 in chips)
MTails: posts small blind $1
ss_barber_ss: posts big blind $3
*** HOLE CARDS ***
MTails: folds
Uncalled bet ($2) returned to ss_barber_ss
ss_barber_ss collected $2 from pot
ss_barber_ss: doesn't show hand
*** SUMMARY ***
Total pot $2 | Rake $0
Seat 4: MTails (button) (small blind) folded before Flop
Seat 5: ss_barber_ss (big blind) collected ($2)


PokerStars Hand #166893651975:  Hold'em Limit ($3/$6 USD) - 2017/02/28 6:30:48 ET
Table 'Pannonia II' 6-max Seat #5 is the button
Seat 4: MTails ($87.50 in chips)
Seat 5: ss_barber_ss ($108.50 in chips)
ss_barber_ss: posts small blind $1
MTails: posts big blind $3
*** HOLE CARDS ***
ss_barber_ss: folds
Uncalled bet ($2) returned to MTails
MTails collected $2 from pot
MTails: doesn't show hand
*** SUMMARY ***
Total pot $2 | Rake $0
Seat 4: MTails (big blind) collected ($2)
Seat 5: ss_barber_ss (button) (small blind) folded before Flop


PokerStars Hand #166893639850:  Hold'em Limit ($3/$6 USD) - 2017/02/28 6:30:23 ET
Table 'Pannonia II' 6-max Seat #4 is the button
Seat 4: MTails ($102.50 in chips)
Seat 5: ss_barber_ss ($94 in chips)
MTails: posts small blind $1
ss_barber_ss: posts big blind $3
*** HOLE CARDS ***
MTails: raises $3 to $6
ss_barber_ss: calls $3
*** FLOP *** [5d 5h 4s]
ss_barber_ss: checks
MTails: bets $3
ss_barber_ss: calls $3
*** TURN *** [5d 5h 4s] [6s]
ss_barber_ss: checks
MTails: checks
*** RIVER *** [5d 5h 4s 6s] [8h]
ss_barber_ss: bets $6
MTails: calls $6
*** SHOW DOWN ***
ss_barber_ss: shows [9d 6d] (two pair, Sixes and Fives)
MTails: mucks hand
ss_barber_ss collected $29.50 from pot
*** SUMMARY ***
Total pot $30 | Rake $0.50
Board [5d 5h 4s 6s 8h]
Seat 4: MTails (button) (small blind) mucked
Seat 5: ss_barber_ss (big blind) showed [9d 6d] and won ($29.50) with two pair, Sixes and Fives


PokerStars Hand #166893626886:  Hold'em Limit ($3/$6 USD) - 2017/02/28 6:29:56 ET
Table 'Pannonia II' 6-max Seat #5 is the button
Seat 4: MTails ($123.50 in chips)
Seat 5: ss_barber_ss ($73.50 in chips)
ss_barber_ss: posts small blind $1
MTails: posts big blind $3
*** HOLE CARDS ***
ss_barber_ss: calls $2
MTails: raises $3 to $6
ss_barber_ss: calls $3
*** FLOP *** [Jc 4c 6h]
MTails: bets $3
ss_barber_ss: calls $3
*** TURN *** [Jc 4c 6h] [8s]
MTails: checks
ss_barber_ss: bets $6
MTails: calls $6
*** RIVER *** [Jc 4c 6h 8s] [Th]
MTails: checks
ss_barber_ss: bets $6
MTails: calls $6
*** SHOW DOWN ***
ss_barber_ss: shows [Tc 9s] (a pair of Tens)
MTails: mucks hand
ss_barber_ss collected $41.50 from pot
*** SUMMARY ***
Total pot $42 | Rake $0.50
Board [Jc 4c 6h 8s Th]
Seat 4: MTails (big blind) mucked
Seat 5: ss_barber_ss (button) (small blind) showed [Tc 9s] and won ($41.50) with a pair of Tens


PokerStars Hand #166893655087:  Hold'em Limit ($3/$6 USD) - 2017/02/28 6:30:54 ET
Table 'Pannonia II' 6-max Seat #4 is the button
Seat 4: MTails ($88.50 in chips)
Seat 5: ss_barber_ss ($107.50 in chips)
MTails: posts small blind $1
ss_barber_ss: posts big blind $3
*** HOLE CARDS ***
MTails: raises $3 to $6
ss_barber_ss: calls $3
*** FLOP *** [Ah 9h 8c]
ss_barber_ss: checks
MTails: bets $3
ss_barber_ss: calls $3
*** TURN *** [Ah 9h 8c] [8h]
ss_barber_ss: checks
MTails: bets $6
ss_barber_ss: folds
Uncalled bet ($6) returned to MTails
MTails collected $17.64 from pot
*** SUMMARY ***
Total pot $18 | Rake $0.36
Board [Ah 9h 8c 8h]
Seat 4: MTails (button) (small blind) collected ($17.64)
Seat 5: ss_barber_ss (big blind) folded on the Turn


PokerStars Hand #166893686860:  Hold'em Limit ($3/$6 USD) - 2017/02/28 6:32:00 ET
Table 'Pannonia II' 6-max Seat #4 is the button
Seat 4: MTails ($120.64 in chips)
Seat 5: ss_barber_ss ($74.50 in chips)
MTails: posts small blind $1
ss_barber_ss: posts big blind $3
*** HOLE CARDS ***
MTails: raises $3 to $6
ss_barber_ss: calls $3
*** FLOP *** [9s 4h Th]
ss_barber_ss: checks
MTails: bets $3
ss_barber_ss: raises $3 to $6
MTails: calls $3
*** TURN *** [9s 4h Th] [Ah]
ss_barber_ss: bets $6
MTails: raises $6 to $12
ss_barber_ss: calls $6
*** RIVER *** [9s 4h Th Ah] [8s]
ss_barber_ss: checks
MTails: bets $6
ss_barber_ss: calls $6
*** SHOW DOWN ***
MTails: shows [Tc Qh] (a pair of Tens)
ss_barber_ss: mucks hand
MTails collected $59.50 from pot
*** SUMMARY ***
Total pot $60 | Rake $0.50
Board [9s 4h Th Ah 8s]
Seat 4: MTails (button) (small blind) showed [Tc Qh] and won ($59.50) with a pair of Tens
Seat 5: ss_barber_ss (big blind) mucked


PokerStars Hand #166893705431:  Hold'em Limit ($3/$6 USD) - 2017/02/28 6:32:39 ET
Table 'Pannonia II' 6-max Seat #5 is the button
Seat 4: MTails ($150.14 in chips)
Seat 5: ss_barber_ss ($44.50 in chips)
ss_barber_ss: posts small blind $1
MTails: posts big blind $3
*** HOLE CARDS ***
ss_barber_ss: calls $2
MTails: raises $3 to $6
ss_barber_ss: calls $3
*** FLOP *** [2c 7s 7h]
MTails: bets $3
ss_barber_ss: folds
Uncalled bet ($3) returned to MTails
MTails collected $11.76 from pot
*** SUMMARY ***
Total pot $12 | Rake $0.24
Board [2c 7s 7h]
Seat 4: MTails (big blind) collected ($11.76)
Seat 5: ss_barber_ss (button) (small blind) folded on the Flop


PokerStars Hand #166893667724:  Hold'em Limit ($3/$6 USD) - 2017/02/28 6:31:21 ET
Table 'Pannonia II' 6-max Seat #5 is the button
Seat 4: MTails ($97.14 in chips)
Seat 5: ss_barber_ss ($98.50 in chips)
ss_barber_ss: posts small blind $1
MTails: posts big blind $3
*** HOLE CARDS ***
ss_barber_ss: raises $3 to $6
MTails: calls $3
*** FLOP *** [9d 2c 6c]
MTails: checks
ss_barber_ss: bets $3
MTails: raises $3 to $6
ss_barber_ss: calls $3
*** TURN *** [9d 2c 6c] [Jc]
MTails: bets $6
ss_barber_ss: raises $6 to $12
MTails: calls $6
*** RIVER *** [9d 2c 6c Jc] [4h]
MTails: checks
ss_barber_ss: checks
*** SHOW DOWN ***
MTails: shows [Jh 6d] (two pair, Jacks and Sixes)
ss_barber_ss: mucks hand
MTails collected $47.50 from pot
*** SUMMARY ***
Total pot $48 | Rake $0.50
Board [9d 2c 6c Jc 4h]
Seat 4: MTails (big blind) showed [Jh 6d] and won ($47.50) with two pair, Jacks and Sixes
Seat 5: ss_barber_ss (button) (small blind) mucked


PokerStars Hand #166893712316:  Hold'em Limit ($3/$6 USD) - 2017/02/28 6:32:53 ET
Table 'Pannonia II' 6-max Seat #4 is the button
Seat 4: MTails ($155.90 in chips)
Seat 5: ss_barber_ss ($38.50 in chips)
MTails: posts small blind $1
ss_barber_ss: posts big blind $3
*** HOLE CARDS ***
MTails: raises $3 to $6
ss_barber_ss: raises $3 to $9
MTails: calls $3
*** FLOP *** [Td Kd Ks]
ss_barber_ss: bets $3
MTails: calls $3
*** TURN *** [Td Kd Ks] [6c]
GRAILKO joins the table at seat #6
ss_barber_ss: checks
MTails: bets $6
ss_barber_ss: raises $6 to $12
MTails: calls $6
*** RIVER *** [Td Kd Ks 6c] [3h]
ss_barber_ss: bets $6
MTails: calls $6
*** SHOW DOWN ***
ss_barber_ss: shows [Kc Qh] (three of a kind, Kings)
MTails: mucks hand
ss_barber_ss collected $59.50 from pot
*** SUMMARY ***
Total pot $60 | Rake $0.50
Board [Td Kd Ks 6c 3h]
Seat 4: MTails (button) (small blind) mucked
Seat 5: ss_barber_ss (big blind) showed [Kc Qh] and won ($59.50) with three of a kind, Kings


PokerStars Hand #166893740358:  Hold'em Limit ($3/$6 USD) - 2017/02/28 6:33:50 ET
Table 'Pannonia II' 6-max Seat #6 is the button
Seat 5: ss_barber_ss ($67 in chips)
Seat 6: GRAILKO ($206.61 in chips)
GRAILKO: posts small blind $1
MTails: is sitting out
ss_barber_ss: posts big blind $3
*** HOLE CARDS ***
MTails leaves the table
GRAILKO: raises $3 to $6
ss_barber_ss: calls $3
*** FLOP *** [3d Jc 8c]
ss_barber_ss: checks
GRAILKO: checks
*** TURN *** [3d Jc 8c] [8h]
ss_barber_ss: bets $6
GRAILKO: calls $6
*** RIVER *** [3d Jc 8c 8h] [6d]
ss_barber_ss: bets $6
GRAILKO: calls $6
*** SHOW DOWN ***
ss_barber_ss: shows [8d Ac] (three of a kind, Eights)
GRAILKO: mucks hand
ss_barber_ss collected $35.50 from pot
*** SUMMARY ***
Total pot $36 | Rake $0.50
Board [3d Jc 8c 8h 6d]
Seat 5: ss_barber_ss (big blind) showed [8d Ac] and won ($35.50) with three of a kind, Eights
Seat 6: GRAILKO (button) (small blind) mucked


PokerStars Hand #166893756729:  Hold'em Limit ($3/$6 USD) - 2017/02/28 6:34:24 ET
Table 'Pannonia II' 6-max Seat #5 is the button
Seat 5: ss_barber_ss ($84.50 in chips)
Seat 6: GRAILKO ($188.61 in chips)
ss_barber_ss: posts small blind $1
GRAILKO: posts big blind $3
*** HOLE CARDS ***
ss_barber_ss: calls $2
GRAILKO: checks
*** FLOP *** [8h 6s Ks]
GRAILKO: bets $3
ss_barber_ss: folds
Uncalled bet ($3) returned to GRAILKO
GRAILKO collected $5.88 from pot
GRAILKO: doesn't show hand
*** SUMMARY ***
Total pot $6 | Rake $0.12
Board [8h 6s Ks]
Seat 5: ss_barber_ss (button) (small blind) folded on the Flop
Seat 6: GRAILKO (big blind) collected ($5.88)


PokerStars Hand #166893773452:  Hold'em Limit ($3/$6 USD) - 2017/02/28 6:34:58 ET
Table 'Pannonia II' 6-max Seat #5 is the button
Seat 5: ss_barber_ss ($82.50 in chips)
Seat 6: GRAILKO ($190.49 in chips)
ss_barber_ss: posts small blind $1
GRAILKO: posts big blind $3
*** HOLE CARDS ***
ss_barber_ss: folds
Uncalled bet ($2) returned to GRAILKO
ss_barber_ss leaves the table
GRAILKO collected $2 from pot
GRAILKO: doesn't show hand
*** SUMMARY ***
Total pot $2 | Rake $0
Seat 5: ss_barber_ss (button) (small blind) folded before Flop
Seat 6: GRAILKO (big blind) collected ($2)


PokerStars Hand #166893770669:  Hold'em Limit ($3/$6 USD) - 2017/02/28 6:34:53 ET
Table 'Pannonia II' 6-max Seat #6 is the button
Seat 5: ss_barber_ss ($81.50 in chips)
Seat 6: GRAILKO ($191.49 in chips)
GRAILKO: posts small blind $1
ss_barber_ss: posts big blind $3
*** HOLE CARDS ***
GRAILKO: folds
Uncalled bet ($2) returned to ss_barber_ss
ss_barber_ss collected $2 from pot
ss_barber_ss: doesn't show hand
*** SUMMARY ***
Total pot $2 | Rake $0
Seat 5: ss_barber_ss (big blind) collected ($2)
Seat 6: GRAILKO (button) (small blind) folded before Flop


PokerStars Hand #166894116273:  Hold'em Limit ($3/$6 USD) - 2017/02/28 6:46:35 ET
Table 'Pannonia II' 6-max Seat #2 is the button
Seat 2: Cowgirlgea ($117 in chips)
Seat 3: TbIP-TbIP 88 ($75 in chips)
Cowgirlgea: posts small blind $1
TbIP-TbIP 88: posts big blind $3
*** HOLE CARDS ***
Cowgirlgea: folds
Uncalled bet ($2) returned to TbIP-TbIP 88
TbIP-TbIP 88 collected $2 from pot
TbIP-TbIP 88: doesn't show hand
*** SUMMARY ***
Total pot $2 | Rake $0
Seat 2: Cowgirlgea (button) (small blind) folded before Flop
Seat 3: TbIP-TbIP 88 (big blind) collected ($2)


PokerStars Hand #166894107293:  Hold'em Limit ($3/$6 USD) - 2017/02/28 6:46:17 ET
Table 'Pannonia II' 6-max Seat #3 is the button
Seat 2: Cowgirlgea ($120 in chips)
Seat 3: TbIP-TbIP 88 ($72 in chips)
TbIP-TbIP 88: posts small blind $1
Cowgirlgea: posts big blind $3
*** HOLE CARDS ***
TbIP-TbIP 88: raises $3 to $6
Cowgirlgea: folds
Uncalled bet ($3) returned to TbIP-TbIP 88
TbIP-TbIP 88 collected $6 from pot
TbIP-TbIP 88: doesn't show hand
*** SUMMARY ***
Total pot $6 | Rake $0
Seat 2: Cowgirlgea (big blind) folded before Flop
Seat 3: TbIP-TbIP 88 (button) (small blind) collected ($6)


PokerStars Hand #166894118925:  Hold'em Limit ($3/$6 USD) - 2017/02/28 6:46:40 ET
Table 'Pannonia II' 6-max Seat #3 is the button
Seat 2: Cowgirlgea ($116 in chips)
Seat 3: TbIP-TbIP 88 ($76 in chips)
TbIP-TbIP 88: posts small blind $1
Cowgirlgea: posts big blind $3
*** HOLE CARDS ***
TbIP-TbIP 88: raises $3 to $6
Cowgirlgea: calls $3
*** FLOP *** [7c 9s 9h]
Cowgirlgea: checks
TbIP-TbIP 88: bets $3
Cowgirlgea: calls $3
*** TURN *** [7c 9s 9h] [Jc]
Cowgirlgea: checks
TbIP-TbIP 88: bets $6
Cowgirlgea: calls $6
*** RIVER *** [7c 9s 9h Jc] [Js]
Cowgirlgea: checks
TbIP-TbIP 88: checks
*** SHOW DOWN ***
Cowgirlgea: shows [8d Kc] (two pair, Jacks and Nines)
TbIP-TbIP 88: mucks hand
Cowgirlgea collected $29.50 from pot
*** SUMMARY ***
Total pot $30 | Rake $0.50
Board [7c 9s 9h Jc Js]
Seat 2: Cowgirlgea (big blind) showed [8d Kc] and won ($29.50) with two pair, Jacks and Nines
Seat 3: TbIP-TbIP 88 (button) (small blind) mucked


PokerStars Hand #166894130550:  Hold'em Limit ($3/$6 USD) - 2017/02/28 6:47:03 ET
Table 'Pannonia II' 6-max Seat #2 is the button
Seat 2: Cowgirlgea ($130.50 in chips)
Seat 3: TbIP-TbIP 88 ($72 in chips)
Cowgirlgea: posts small blind $1
TbIP-TbIP 88: posts big blind $3
*** HOLE CARDS ***
Cowgirlgea: raises $3 to $6
TbIP-TbIP 88: calls $3
*** FLOP *** [Qc 9d Qd]
TbIP-TbIP 88: checks
Cowgirlgea: bets $3
TbIP-TbIP 88: folds
Uncalled bet ($3) returned to Cowgirlgea
Cowgirlgea collected $11.76 from pot
Cowgirlgea: doesn't show hand
*** SUMMARY ***
Total pot $12 | Rake $0.24
Board [Qc 9d Qd]
Seat 2: Cowgirlgea (button) (small blind) collected ($11.76)
Seat 3: TbIP-TbIP 88 (big blind) folded on the Flop


PokerStars Hand #166894136233:  Hold'em Limit ($3/$6 USD) - 2017/02/28 6:47:15 ET
Table 'Pannonia II' 6-max Seat #3 is the button
Seat 2: Cowgirlgea ($136.26 in chips)
Seat 3: TbIP-TbIP 88 ($72 in chips)
TbIP-TbIP 88: posts small blind $1
Cowgirlgea: posts big blind $3
*** HOLE CARDS ***
TbIP-TbIP 88: raises $3 to $6
Cowgirlgea: calls $3
*** FLOP *** [9s 5c 4s]
Cowgirlgea: checks
TbIP-TbIP 88: bets $3
Cowgirlgea: calls $3
*** TURN *** [9s 5c 4s] [8s]
Cowgirlgea: bets $6
TbIP-TbIP 88: raises $6 to $12
Cowgirlgea: calls $6
*** RIVER *** [9s 5c 4s 8s] [5d]
Cowgirlgea: checks
TbIP-TbIP 88: bets $6
Cowgirlgea: calls $6
*** SHOW DOWN ***
TbIP-TbIP 88: shows [6h 7s] (a straight, Five to Nine)
Cowgirlgea: mucks hand
TbIP-TbIP 88 collected $53.50 from pot
*** SUMMARY ***
Total pot $54 | Rake $0.50
Board [9s 5c 4s 8s 5d]
Seat 2: Cowgirlgea (big blind) mucked
Seat 3: TbIP-TbIP 88 (button) (small blind) showed [6h 7s] and won ($53.50) with a straight, Five to Nine


PokerStars Hand #166894154821:  Hold'em Limit ($3/$6 USD) - 2017/02/28 6:47:53 ET
Table 'Pannonia II' 6-max Seat #2 is the button
Seat 2: Cowgirlgea ($109.26 in chips)
Seat 3: TbIP-TbIP 88 ($98.50 in chips)
Cowgirlgea: posts small blind $1
TbIP-TbIP 88: posts big blind $3
*** HOLE CARDS ***
Cowgirlgea: raises $3 to $6
TbIP-TbIP 88: folds
Uncalled bet ($3) returned to Cowgirlgea
B_loJkl joins the table at seat #4
Cowgirlgea collected $6 from pot
Cowgirlgea: doesn't show hand
*** SUMMARY ***
Total pot $6 | Rake $0
Seat 2: Cowgirlgea (button) (small blind) collected ($6)
Seat 3: TbIP-TbIP 88 (big blind) folded before Flop


