PokerStars Hand #161955483346:  Hold'em Limit ($3/$6 USD) - 2016/11/25 16:31:01 ET
Table 'Pannekoek II' 6-max Seat #1 is the button
Seat 1: zischepc ($91.49 in chips)
Seat 4: B_loJkl ($304.87 in chips)
zischepc: posts small blind $1
Psynto: is sitting out
B_loJkl: posts big blind $3
*** HOLE CARDS ***
zischepc: raises $3 to $6
B_loJkl: folds
Uncalled bet ($3) returned to zischepc
zischepc collected $6 from pot
zischepc: doesn't show hand
*** SUMMARY ***
Total pot $6 | Rake $0
Seat 1: zischepc (button) (small blind) collected ($6)
Seat 4: B_loJkl (big blind) folded before Flop


PokerStars Hand #161955517086:  Hold'em Limit ($3/$6 USD) - 2016/11/25 16:31:39 ET
Table 'Pannekoek II' 6-max Seat #1 is the button
Seat 1: zischepc ($103.13 in chips)
Seat 4: B_loJkl ($292.87 in chips)
zischepc: posts small blind $1
B_loJkl: posts big blind $3
*** HOLE CARDS ***
zischepc: folds
Uncalled bet ($2) returned to B_loJkl
B_loJkl collected $2 from pot
B_loJkl: doesn't show hand
*** SUMMARY ***
Total pot $2 | Rake $0
Seat 1: zischepc (button) (small blind) folded before Flop
Seat 4: B_loJkl (big blind) collected ($2)


PokerStars Hand #161955491035:  Hold'em Limit ($3/$6 USD) - 2016/11/25 16:31:09 ET
Table 'Pannekoek II' 6-max Seat #4 is the button
Seat 1: zischepc ($94.49 in chips)
Seat 4: B_loJkl ($301.87 in chips)
B_loJkl: posts small blind $1
zischepc: posts big blind $3
*** HOLE CARDS ***
B_loJkl: raises $3 to $6
zischepc: raises $3 to $9
Psynto leaves the table
B_loJkl: calls $3
*** FLOP *** [7c 3d Ah]
zischepc: bets $3
B_loJkl: folds
Uncalled bet ($3) returned to zischepc
zischepc collected $17.64 from pot
zischepc: doesn't show hand
*** SUMMARY ***
Total pot $18 | Rake $0.36
Board [7c 3d Ah]
Seat 1: zischepc (big blind) collected ($17.64)
Seat 4: B_loJkl (button) (small blind) folded on the Flop


