PokerStars Hand #169722726618:  Hold'em Limit ($3/$6 USD) - 2017/04/29 13:23:48 ET
Table 'Pannekoek' 6-max Seat #6 is the button
Seat 1: Velbor107 ($300 in chips)
Seat 6: HAOYUN88888 ($100 in chips)
HAOYUN88888: posts small blind $1
Velbor107: posts big blind $3
*** HOLE CARDS ***
HAOYUN88888: folds
Uncalled bet ($2) returned to Velbor107
Velbor107 collected $2 from pot
*** SUMMARY ***
Total pot $2 | Rake $0
Seat 1: Velbor107 (big blind) collected ($2)
Seat 6: HAOYUN88888 (button) (small blind) folded before Flop


PokerStars Hand #169722766718:  Hold'em Limit ($3/$6 USD) - 2017/04/29 13:24:39 ET
Table 'Pannekoek' 6-max Seat #6 is the button
Seat 1: Velbor107 ($337.26 in chips)
Seat 6: HAOYUN88888 ($62 in chips)
HAOYUN88888: posts small blind $1
Velbor107: posts big blind $3
*** HOLE CARDS ***
HAOYUN88888: folds
Uncalled bet ($2) returned to Velbor107
Velbor107 collected $2 from pot
*** SUMMARY ***
Total pot $2 | Rake $0
Seat 1: Velbor107 (big blind) collected ($2)
Seat 6: HAOYUN88888 (button) (small blind) folded before Flop


PokerStars Hand #169722745466:  Hold'em Limit ($3/$6 USD) - 2017/04/29 13:24:12 ET
Table 'Pannekoek' 6-max Seat #1 is the button
Seat 1: Velbor107 ($307.76 in chips)
Seat 6: HAOYUN88888 ($92 in chips)
Velbor107: posts small blind $1
HAOYUN88888: posts big blind $3
*** HOLE CARDS ***
Velbor107: raises $3 to $6
HAOYUN88888: raises $3 to $9
Velbor107: calls $3
*** FLOP *** [7c 3d 9s]
HAOYUN88888: bets $3
Velbor107: calls $3
*** TURN *** [7c 3d 9s] [8h]
HAOYUN88888: bets $6
Widegermany joins the table at seat #2
Velbor107: raises $6 to $12
HAOYUN88888: calls $6
*** RIVER *** [7c 3d 9s 8h] [8c]
HAOYUN88888: checks
Velbor107: bets $6
HAOYUN88888: calls $6
*** SHOW DOWN ***
Velbor107: shows [6s 9h] (two pair, Nines and Eights)
HAOYUN88888: mucks hand
Velbor107 collected $59.50 from pot
*** SUMMARY ***
Total pot $60 | Rake $0.50
Board [7c 3d 9s 8h 8c]
Seat 1: Velbor107 (button) (small blind) showed [6s 9h] and won ($59.50) with two pair, Nines and Eights
Seat 6: HAOYUN88888 (big blind) mucked


PokerStars Hand #169722741842:  Hold'em Limit ($3/$6 USD) - 2017/04/29 13:24:08 ET
Table 'Pannekoek' 6-max Seat #6 is the button
Seat 1: Velbor107 ($306.76 in chips)
Seat 6: HAOYUN88888 ($93 in chips)
HAOYUN88888: posts small blind $1
Velbor107: posts big blind $3
*** HOLE CARDS ***
HAOYUN88888: folds
Uncalled bet ($2) returned to Velbor107
Velbor107 collected $2 from pot
*** SUMMARY ***
Total pot $2 | Rake $0
Seat 1: Velbor107 (big blind) collected ($2)
Seat 6: HAOYUN88888 (button) (small blind) folded before Flop


PokerStars Hand #169722733191:  Hold'em Limit ($3/$6 USD) - 2017/04/29 13:23:57 ET
Table 'Pannekoek' 6-max Seat #1 is the button
Seat 1: Velbor107 ($301 in chips)
Seat 6: HAOYUN88888 ($99 in chips)
Velbor107: posts small blind $1
HAOYUN88888: posts big blind $3
*** HOLE CARDS ***
Velbor107: raises $3 to $6
HAOYUN88888: calls $3
*** FLOP *** [7d As 3c]
HAOYUN88888: checks
Velbor107: bets $3
HAOYUN88888: folds
Uncalled bet ($3) returned to Velbor107
Velbor107 collected $11.76 from pot
*** SUMMARY ***
Total pot $12 | Rake $0.24
Board [7d As 3c]
Seat 1: Velbor107 (button) (small blind) collected ($11.76)
Seat 6: HAOYUN88888 (big blind) folded on the Flop


PokerStars Hand #169722809486:  Hold'em Limit ($3/$6 USD) - 2017/04/29 13:25:32 ET
Table 'Pannekoek' 6-max Seat #6 is the button
Seat 1: Velbor107 ($326.26 in chips)
Seat 6: HAOYUN88888 ($72.52 in chips)
HAOYUN88888: posts small blind $1
Velbor107: posts big blind $3
*** HOLE CARDS ***
HAOYUN88888: folds
Uncalled bet ($2) returned to Velbor107
Velbor107 collected $2 from pot
*** SUMMARY ***
Total pot $2 | Rake $0
Seat 1: Velbor107 (big blind) collected ($2)
Seat 6: HAOYUN88888 (button) (small blind) folded before Flop


PokerStars Hand #169722770580:  Hold'em Limit ($3/$6 USD) - 2017/04/29 13:24:44 ET
Table 'Pannekoek' 6-max Seat #1 is the button
Seat 1: Velbor107 ($338.26 in chips)
Seat 6: HAOYUN88888 ($61 in chips)
Velbor107: posts small blind $1
HAOYUN88888: posts big blind $3
*** HOLE CARDS ***
Velbor107: raises $3 to $6
HAOYUN88888: calls $3
*** FLOP *** [Jh 7h 2d]
HAOYUN88888: checks
Velbor107: checks
*** TURN *** [Jh 7h 2d] [Ah]
HAOYUN88888: bets $6
RaisemyNut$ joins the table at seat #4
Velbor107: calls $6
*** RIVER *** [Jh 7h 2d Ah] [8s]
HAOYUN88888: bets $6
Velbor107: folds
Uncalled bet ($6) returned to HAOYUN88888
HAOYUN88888 collected $23.52 from pot
HAOYUN88888: doesn't show hand
*** SUMMARY ***
Total pot $24 | Rake $0.48
Board [Jh 7h 2d Ah 8s]
Seat 1: Velbor107 (button) (small blind) folded on the River
Seat 6: HAOYUN88888 (big blind) collected ($23.52)


PokerStars Hand #169725374771:  Hold'em Limit ($3/$6 USD) - 2017/04/29 14:20:20 ET
Table 'Pannekoek' 6-max Seat #4 is the button
Seat 4: RaisemyNut$ ($61 in chips)
Seat 6: Qvidde ($148.17 in chips)
RaisemyNut$: posts small blind $1
Qvidde: posts big blind $3
*** HOLE CARDS ***
RaisemyNut$: raises $3 to $6
Qvidde: calls $3
*** FLOP *** [5h 4s 3d]
Qvidde: checks
RaisemyNut$: bets $3
Qvidde: raises $3 to $6
RaisemyNut$: calls $3
*** TURN *** [5h 4s 3d] [3c]
Qvidde: bets $6
RaisemyNut$: calls $6
*** RIVER *** [5h 4s 3d 3c] [Jc]
Qvidde: bets $6
RaisemyNut$: calls $6
*** SHOW DOWN ***
Qvidde: shows [7h 6c] (a straight, Three to Seven)
RaisemyNut$: mucks hand
Qvidde collected $47.50 from pot
*** SUMMARY ***
Total pot $48 | Rake $0.50
Board [5h 4s 3d 3c Jc]
Seat 4: RaisemyNut$ (button) (small blind) mucked
Seat 6: Qvidde (big blind) showed [7h 6c] and won ($47.50) with a straight, Three to Seven


