PokerStars Hand #163433619722:  Hold'em Limit ($3/$6 USD) - 2016/12/24 3:09:04 ET
Table 'Pannonia' 6-max Seat #1 is the button
Seat 1: NEST201300 ($90.02 in chips)
Seat 4: AzureCaper ($72 in chips)
NEST201300: posts small blind $1
sim5sim5 joins the table at seat #5
AzureCaper: posts big blind $3
*** HOLE CARDS ***
NEST201300: raises $3 to $6
AzureCaper: calls $3
*** FLOP *** [Qd 9d As]
AzureCaper: checks
NEST201300: checks
*** TURN *** [Qd 9d As] [9h]
AzureCaper: bets $6
NEST201300: calls $6
*** RIVER *** [Qd 9d As 9h] [8c]
AzureCaper: bets $6
NEST201300: raises $6 to $12
AzureCaper: calls $6
*** SHOW DOWN ***
NEST201300: shows [7c 7d] (two pair, Nines and Sevens)
AzureCaper: shows [Ad 6h] (two pair, Aces and Nines)
AzureCaper collected $47.50 from pot
*** SUMMARY ***
Total pot $48 | Rake $0.50
Board [Qd 9d As 9h 8c]
Seat 1: NEST201300 (button) (small blind) showed [7c 7d] and lost with two pair, Nines and Sevens
Seat 4: AzureCaper (big blind) showed [Ad 6h] and won ($47.50) with two pair, Aces and Nines


PokerStars Hand #163433638562:  Hold'em Limit ($3/$6 USD) - 2016/12/24 3:10:03 ET
Table 'Pannonia' 6-max Seat #1 is the button
Seat 1: NEST201300 ($88.52 in chips)
Seat 4: AzureCaper ($72.50 in chips)
NEST201300: posts small blind $1
AzureCaper: posts big blind $3
*** HOLE CARDS ***
NEST201300: raises $3 to $6
AzureCaper: folds
Uncalled bet ($3) returned to NEST201300
skogsbarn joins the table at seat #6
NEST201300 collected $6 from pot
NEST201300: doesn't show hand
Jigorek1989 joins the table at seat #3
*** SUMMARY ***
Total pot $6 | Rake $0
Seat 1: NEST201300 (button) (small blind) collected ($6)
Seat 4: AzureCaper (big blind) folded before Flop


PokerStars Hand #163433628033:  Hold'em Limit ($3/$6 USD) - 2016/12/24 3:09:30 ET
Table 'Pannonia' 6-max Seat #1 is the button
Seat 1: NEST201300 ($67.02 in chips)
Seat 4: AzureCaper ($94.50 in chips)
NEST201300: posts small blind $1
AzureCaper: posts big blind $3
*** HOLE CARDS ***
NEST201300: raises $3 to $6
AzureCaper: calls $3
*** FLOP *** [5c 7h Ac]
AzureCaper: checks
NEST201300: bets $3
AzureCaper: raises $3 to $6
NEST201300: raises $3 to $9
AzureCaper: calls $3
*** TURN *** [5c 7h Ac] [Th]
AzureCaper: checks
NEST201300: bets $6
AzureCaper: calls $6
*** RIVER *** [5c 7h Ac Th] [9c]
AzureCaper: checks
NEST201300: bets $6
AzureCaper: folds
Uncalled bet ($6) returned to NEST201300
NEST201300 collected $41.50 from pot
NEST201300: doesn't show hand
*** SUMMARY ***
Total pot $42 | Rake $0.50
Board [5c 7h Ac Th 9c]
Seat 1: NEST201300 (button) (small blind) collected ($41.50)
Seat 4: AzureCaper (big blind) folded on the River


PokerStars Hand #163433626254:  Hold'em Limit ($3/$6 USD) - 2016/12/24 3:09:24 ET
Table 'Pannonia' 6-max Seat #4 is the button
Seat 1: NEST201300 ($66.02 in chips)
Seat 4: AzureCaper ($95.50 in chips)
AzureCaper: posts small blind $1
NEST201300: posts big blind $3
*** HOLE CARDS ***
AzureCaper: folds
Uncalled bet ($2) returned to NEST201300
NEST201300 collected $2 from pot
NEST201300: doesn't show hand
*** SUMMARY ***
Total pot $2 | Rake $0
Seat 1: NEST201300 (big blind) collected ($2)
Seat 4: AzureCaper (button) (small blind) folded before Flop


PokerStars Hand #163433636238:  Hold'em Limit ($3/$6 USD) - 2016/12/24 3:09:56 ET
Table 'Pannonia' 6-max Seat #4 is the button
Seat 1: NEST201300 ($87.52 in chips)
Seat 4: AzureCaper ($73.50 in chips)
AzureCaper: posts small blind $1
NEST201300: posts big blind $3
*** HOLE CARDS ***
AzureCaper: folds
Uncalled bet ($2) returned to NEST201300
NEST201300 collected $2 from pot
NEST201300: doesn't show hand
*** SUMMARY ***
Total pot $2 | Rake $0
Seat 1: NEST201300 (big blind) collected ($2)
Seat 4: AzureCaper (button) (small blind) folded before Flop


PokerStars Hand #163434147057:  Hold'em Limit ($3/$6 USD) - 2016/12/24 3:35:22 ET
Table 'Pannonia' 6-max Seat #3 is the button
Seat 2: ToDaFelt ($121.11 in chips)
Seat 3: Jigorek1989 ($115.01 in chips)
Jigorek1989: posts small blind $1
skogsbarn: is sitting out
ToDaFelt: posts big blind $3
*** HOLE CARDS ***
skogsbarn leaves the table
Jigorek1989: calls $2
ToDaFelt: checks
*** FLOP *** [8s 2h 2c]
ToDaFelt: bets $3
Jigorek1989: folds
Uncalled bet ($3) returned to ToDaFelt
ToDaFelt collected $5.88 from pot
ToDaFelt: doesn't show hand
*** SUMMARY ***
Total pot $6 | Rake $0.12
Board [8s 2h 2c]
Seat 2: ToDaFelt (big blind) collected ($5.88)
Seat 3: Jigorek1989 (button) (small blind) folded on the Flop


