PokerStars Hand #166588331785:  Hold'em Limit ($3/$6 USD) - 2017/02/22 1:56:03 ET
Table 'Panopaea' 6-max Seat #4 is the button
Seat 3: anubis.o ($96 in chips)
Seat 4: Agrotait ($95.50 in chips)
Agrotait: posts small blind $1
anubis.o: posts big blind $3
*** HOLE CARDS ***
Agrotait: raises $3 to $6
anubis.o: folds
Uncalled bet ($3) returned to Agrotait
Agrotait collected $6 from pot
Agrotait: doesn't show hand
*** SUMMARY ***
Total pot $6 | Rake $0
Seat 3: anubis.o (big blind) folded before Flop
Seat 4: Agrotait (button) (small blind) collected ($6)


PokerStars Hand #166588322706:  Hold'em Limit ($3/$6 USD) - 2017/02/22 1:55:26 ET
Table 'Panopaea' 6-max Seat #3 is the button
Seat 3: anubis.o ($120 in chips)
Seat 4: Agrotait ($72 in chips)
anubis.o: posts small blind $1
Agrotait: posts big blind $3
*** HOLE CARDS ***
anubis.o: raises $3 to $6
Agrotait: calls $3
*** FLOP *** [9d Ts 9s]
Agrotait: checks
anubis.o: bets $3
Agrotait: raises $3 to $6
anubis.o: calls $3
*** TURN *** [9d Ts 9s] [5d]
Agrotait: bets $6
anubis.o: calls $6
*** RIVER *** [9d Ts 9s 5d] [Jd]
Agrotait: bets $6
anubis.o: calls $6
*** SHOW DOWN ***
Agrotait: shows [7s 9c] (three of a kind, Nines)
anubis.o: mucks hand
Agrotait collected $47.50 from pot
*** SUMMARY ***
Total pot $48 | Rake $0.50
Board [9d Ts 9s 5d Jd]
Seat 3: anubis.o (button) (small blind) mucked
Seat 4: Agrotait (big blind) showed [7s 9c] and won ($47.50) with three of a kind, Nines


PokerStars Hand #166588343241:  Hold'em Limit ($3/$6 USD) - 2017/02/22 1:56:49 ET
Table 'Panopaea' 6-max Seat #3 is the button
Seat 3: anubis.o ($110.50 in chips)
Seat 4: Agrotait ($80.50 in chips)
anubis.o: posts small blind $1
Agrotait: posts big blind $3
*** HOLE CARDS ***
anubis.o: folds
Uncalled bet ($2) returned to Agrotait
Agrotait collected $2 from pot
Agrotait: doesn't show hand
*** SUMMARY ***
Total pot $2 | Rake $0
Seat 3: anubis.o (button) (small blind) folded before Flop
Seat 4: Agrotait (big blind) collected ($2)


PokerStars Hand #166588341536:  Hold'em Limit ($3/$6 USD) - 2017/02/22 1:56:43 ET
Table 'Panopaea' 6-max Seat #4 is the button
Seat 3: anubis.o ($113.50 in chips)
Seat 4: Agrotait ($77.50 in chips)
Agrotait: posts small blind $1
anubis.o: posts big blind $3
*** HOLE CARDS ***
Agrotait: raises $3 to $6
anubis.o: folds
Uncalled bet ($3) returned to Agrotait
Agrotait collected $6 from pot
Agrotait: doesn't show hand
*** SUMMARY ***
Total pot $6 | Rake $0
Seat 3: anubis.o (big blind) folded before Flop
Seat 4: Agrotait (button) (small blind) collected ($6)


PokerStars Hand #166588344397:  Hold'em Limit ($3/$6 USD) - 2017/02/22 1:56:54 ET
Table 'Panopaea' 6-max Seat #4 is the button
Seat 3: anubis.o ($109.50 in chips)
Seat 4: Agrotait ($81.50 in chips)
Agrotait: posts small blind $1
anubis.o: posts big blind $3
*** HOLE CARDS ***
Agrotait: folds
Uncalled bet ($2) returned to anubis.o
anubis.o collected $2 from pot
anubis.o: doesn't show hand
*** SUMMARY ***
Total pot $2 | Rake $0
Seat 3: anubis.o (big blind) collected ($2)
Seat 4: Agrotait (button) (small blind) folded before Flop


PokerStars Hand #166588346129:  Hold'em Limit ($3/$6 USD) - 2017/02/22 1:57:01 ET
Table 'Panopaea' 6-max Seat #3 is the button
Seat 3: anubis.o ($110.50 in chips)
Seat 4: Agrotait ($80.50 in chips)
anubis.o: posts small blind $1
Agrotait: posts big blind $3
*** HOLE CARDS ***
anubis.o: raises $3 to $6
Agrotait: calls $3
*** FLOP *** [2s As 5c]
Agrotait: checks
anubis.o: bets $3
Agrotait: calls $3
*** TURN *** [2s As 5c] [Qc]
Agrotait: bets $6
anubis.o: calls $6
*** RIVER *** [2s As 5c Qc] [7d]
Agrotait: checks
anubis.o: bets $6
Agrotait: folds
Uncalled bet ($6) returned to anubis.o
anubis.o collected $29.50 from pot
anubis.o: doesn't show hand
*** SUMMARY ***
Total pot $30 | Rake $0.50
Board [2s As 5c Qc 7d]
Seat 3: anubis.o (button) (small blind) collected ($29.50)
Seat 4: Agrotait (big blind) folded on the River


PokerStars Hand #166588356285:  Hold'em Limit ($3/$6 USD) - 2017/02/22 1:57:42 ET
Table 'Panopaea' 6-max Seat #4 is the button
Seat 3: anubis.o ($125 in chips)
Seat 4: Agrotait ($65.50 in chips)
Agrotait: posts small blind $1
anubis.o: posts big blind $3
*** HOLE CARDS ***
Agrotait: raises $3 to $6
anubis.o: raises $3 to $9
Agrotait: calls $3
*** FLOP *** [Td 9d 3c]
anubis.o: bets $3
Agrotait: calls $3
*** TURN *** [Td 9d 3c] [2h]
anubis.o: bets $6
Agrotait: folds
Uncalled bet ($6) returned to anubis.o
anubis.o collected $23.52 from pot
anubis.o: doesn't show hand
*** SUMMARY ***
Total pot $24 | Rake $0.48
Board [Td 9d 3c 2h]
Seat 3: anubis.o (big blind) collected ($23.52)
Seat 4: Agrotait (button) (small blind) folded on the Turn


PokerStars Hand #166588359869:  Hold'em Limit ($3/$6 USD) - 2017/02/22 1:57:57 ET
Table 'Panopaea' 6-max Seat #3 is the button
Seat 3: anubis.o ($136.52 in chips)
Seat 4: Agrotait ($72 in chips)
anubis.o: posts small blind $1
Agrotait: posts big blind $3
*** HOLE CARDS ***
anubis.o: raises $3 to $6
Agrotait: calls $3
*** FLOP *** [Kd 9s Ad]
Agrotait: checks
anubis.o: checks
*** TURN *** [Kd 9s Ad] [Kh]
Agrotait: checks
anubis.o: checks
*** RIVER *** [Kd 9s Ad Kh] [8c]
Agrotait: checks
anubis.o: checks
*** SHOW DOWN ***
Agrotait: shows [Qs Td] (a pair of Kings)
anubis.o: mucks hand
Agrotait collected $11.76 from pot
*** SUMMARY ***
Total pot $12 | Rake $0.24
Board [Kd 9s Ad Kh 8c]
Seat 3: anubis.o (button) (small blind) mucked
Seat 4: Agrotait (big blind) showed [Qs Td] and won ($11.76) with a pair of Kings


PokerStars Hand #166588374113:  Hold'em Limit ($3/$6 USD) - 2017/02/22 1:58:54 ET
Table 'Panopaea' 6-max Seat #3 is the button
Seat 3: anubis.o ($106.52 in chips)
Seat 4: Agrotait ($101.26 in chips)
anubis.o: posts small blind $1
Agrotait: posts big blind $3
*** HOLE CARDS ***
anubis.o: raises $3 to $6
Agrotait: calls $3
*** FLOP *** [2h Ah 2d]
Agrotait: checks
anubis.o: bets $3
Agrotait: calls $3
*** TURN *** [2h Ah 2d] [Th]
Agrotait: checks
anubis.o: checks
*** RIVER *** [2h Ah 2d Th] [8s]
Agrotait: checks
anubis.o: bets $6
Agrotait: calls $6
*** SHOW DOWN ***
anubis.o: shows [8d 6c] (two pair, Eights and Deuces)
Agrotait: mucks hand
anubis.o collected $29.50 from pot
*** SUMMARY ***
Total pot $30 | Rake $0.50
Board [2h Ah 2d Th 8s]
Seat 3: anubis.o (button) (small blind) showed [8d 6c] and won ($29.50) with two pair, Eights and Deuces
Seat 4: Agrotait (big blind) mucked


PokerStars Hand #166588385163:  Hold'em Limit ($3/$6 USD) - 2017/02/22 1:59:38 ET
Table 'Panopaea' 6-max Seat #3 is the button
Seat 3: anubis.o ($100.02 in chips)
Seat 4: Agrotait ($106.76 in chips)
anubis.o: posts small blind $1
Agrotait: posts big blind $3
*** HOLE CARDS ***
anubis.o: raises $3 to $6
Agrotait: calls $3
*** FLOP *** [2s 5h Kh]
Agrotait: checks
anubis.o: bets $3
Chessnok joins the table at seat #5
Agrotait: calls $3
*** TURN *** [2s 5h Kh] [As]
Agrotait: checks
anubis.o: bets $6
Agrotait: calls $6
*** RIVER *** [2s 5h Kh As] [7h]
Agrotait: checks
anubis.o: bets $6
Agrotait: folds
Uncalled bet ($6) returned to anubis.o
anubis.o collected $29.50 from pot
anubis.o: doesn't show hand
*** SUMMARY ***
Total pot $30 | Rake $0.50
Board [2s 5h Kh As 7h]
Seat 3: anubis.o (button) (small blind) collected ($29.50)
Seat 4: Agrotait (big blind) folded on the River


PokerStars Hand #166588379976:  Hold'em Limit ($3/$6 USD) - 2017/02/22 1:59:17 ET
Table 'Panopaea' 6-max Seat #4 is the button
Seat 3: anubis.o ($121.02 in chips)
Seat 4: Agrotait ($86.26 in chips)
Agrotait: posts small blind $1
anubis.o: posts big blind $3
*** HOLE CARDS ***
Agrotait: raises $3 to $6
anubis.o: calls $3
*** FLOP *** [7h Qd Jc]
anubis.o: checks
Agrotait: bets $3
anubis.o: calls $3
*** TURN *** [7h Qd Jc] [2d]
anubis.o: checks
Agrotait: bets $6
anubis.o: calls $6
*** RIVER *** [7h Qd Jc 2d] [Ts]
anubis.o: checks
Agrotait: bets $6
anubis.o: calls $6
*** SHOW DOWN ***
Agrotait: shows [7s Tc] (two pair, Tens and Sevens)
anubis.o: mucks hand
Agrotait collected $41.50 from pot
*** SUMMARY ***
Total pot $42 | Rake $0.50
Board [7h Qd Jc 2d Ts]
Seat 3: anubis.o (big blind) mucked
Seat 4: Agrotait (button) (small blind) showed [7s Tc] and won ($41.50) with two pair, Tens and Sevens


PokerStars Hand #166589671965:  Hold'em Limit ($3/$6 USD) - 2017/02/22 3:13:20 ET
Table 'Panopaea' 6-max Seat #5 is the button
Seat 2: Francc ($28.31 in chips)
Seat 5: Chessnok ($65.76 in chips)
Chessnok: posts small blind $1
Francc: posts big blind $3
*** HOLE CARDS ***
Chessnok: folds
Uncalled bet ($2) returned to Francc
Francc collected $2 from pot
Francc: doesn't show hand
*** SUMMARY ***
Total pot $2 | Rake $0
Seat 2: Francc (big blind) collected ($2)
Seat 5: Chessnok (button) (small blind) folded before Flop


PokerStars Hand #166589667001:  Hold'em Limit ($3/$6 USD) - 2017/02/22 3:13:04 ET
Table 'Panopaea' 6-max Seat #2 is the button
Seat 2: Francc ($34.31 in chips)
Seat 5: Chessnok ($60 in chips)
Francc: posts small blind $1
Chessnok: posts big blind $3
*** HOLE CARDS ***
Francc: calls $2
Chessnok: raises $3 to $6
Francc: calls $3
*** FLOP *** [Kh 7h 7d]
Chessnok: checks
Francc: checks
*** TURN *** [Kh 7h 7d] [Tc]
Chessnok: bets $6
Francc: folds
Uncalled bet ($6) returned to Chessnok
Chessnok collected $11.76 from pot
Chessnok: doesn't show hand
*** SUMMARY ***
Total pot $12 | Rake $0.24
Board [Kh 7h 7d Tc]
Seat 2: Francc (button) (small blind) folded on the Turn
Seat 5: Chessnok (big blind) collected ($11.76)


