PokerStars Hand #155404857106:  Hold'em Limit ($3/$6 USD) - 2016/06/30 18:51:37 ET
Table 'Panopaea' 6-max Seat #1 is the button
Seat 1: Siwy56 ($100 in chips)
Seat 4: Actionni13 ($150 in chips)
Siwy56: posts small blind $1
Actionni13: posts big blind $3
*** HOLE CARDS ***
Siwy56: raises $3 to $6
Actionni13: calls $3
*** FLOP *** [Ks 9s Ac]
Actionni13: checks
Siwy56: bets $3
Actionni13: raises $3 to $6
Siwy56: raises $3 to $9
Actionni13: raises $3 to $12
Betting is capped
Siwy56: calls $3
*** TURN *** [Ks 9s Ac] [5h]
Actionni13: checks
Siwy56: bets $6
Actionni13: calls $6
*** RIVER *** [Ks 9s Ac 5h] [3c]
Actionni13: checks
Siwy56: bets $6
Actionni13: folds
Uncalled bet ($6) returned to Siwy56
Siwy56 collected $47.50 from pot
Siwy56: doesn't show hand
*** SUMMARY ***
Total pot $48 | Rake $0.50
Board [Ks 9s Ac 5h 3c]
Seat 1: Siwy56 (button) (small blind) collected ($47.50)
Seat 4: Actionni13 (big blind) folded on the River


PokerStars Hand #155404890122:  Hold'em Limit ($3/$6 USD) - 2016/06/30 18:52:30 ET
Table 'Panopaea' 6-max Seat #4 is the button
Seat 1: Siwy56 ($123.50 in chips)
Seat 4: Actionni13 ($150 in chips)
Actionni13: posts small blind $1
Siwy56: posts big blind $3
*** HOLE CARDS ***
Actionni13: raises $3 to $6
Siwy56: raises $3 to $9
Actionni13: calls $3
*** FLOP *** [Qs 4s Qd]
Siwy56: bets $3
Actionni13: calls $3
*** TURN *** [Qs 4s Qd] [7s]
Siwy56: bets $6
Actionni13: calls $6
*** RIVER *** [Qs 4s Qd 7s] [9c]
Siwy56: bets $6
Actionni13: calls $6
*** SHOW DOWN ***
Siwy56: shows [Td As] (a pair of Queens)
Actionni13: shows [4c Jd] (two pair, Queens and Fours)
Actionni13 collected $47.50 from pot
*** SUMMARY ***
Total pot $48 | Rake $0.50
Board [Qs 4s Qd 7s 9c]
Seat 1: Siwy56 (big blind) showed [Td As] and lost with a pair of Queens
Seat 4: Actionni13 (button) (small blind) showed [4c Jd] and won ($47.50) with two pair, Queens and Fours


PokerStars Hand #155404912791:  Hold'em Limit ($3/$6 USD) - 2016/06/30 18:53:06 ET
Table 'Panopaea' 6-max Seat #4 is the button
Seat 1: Siwy56 ($93.50 in chips)
Seat 4: Actionni13 ($179.26 in chips)
Actionni13: posts small blind $1
Siwy56: posts big blind $3
*** HOLE CARDS ***
Actionni13: folds
Uncalled bet ($2) returned to Siwy56
Siwy56 collected $2 from pot
Siwy56: doesn't show hand
*** SUMMARY ***
Total pot $2 | Rake $0
Seat 1: Siwy56 (big blind) collected ($2)
Seat 4: Actionni13 (button) (small blind) folded before Flop


PokerStars Hand #155404904828:  Hold'em Limit ($3/$6 USD) - 2016/06/30 18:52:53 ET
Table 'Panopaea' 6-max Seat #1 is the button
Seat 1: Siwy56 ($99.50 in chips)
Seat 4: Actionni13 ($173.50 in chips)
Siwy56: posts small blind $1
Actionni13: posts big blind $3
*** HOLE CARDS ***
Siwy56: calls $2
Actionni13: raises $3 to $6
Siwy56: calls $3
*** FLOP *** [Ah 3d Qd]
Actionni13: bets $3
Siwy56: folds
Uncalled bet ($3) returned to Actionni13
Actionni13 collected $11.76 from pot
Actionni13: doesn't show hand
*** SUMMARY ***
Total pot $12 | Rake $0.24
Board [Ah 3d Qd]
Seat 1: Siwy56 (button) (small blind) folded on the Flop
Seat 4: Actionni13 (big blind) collected ($11.76)


PokerStars Hand #155404915618:  Hold'em Limit ($3/$6 USD) - 2016/06/30 18:53:10 ET
Table 'Panopaea' 6-max Seat #1 is the button
Seat 1: Siwy56 ($94.50 in chips)
Seat 4: Actionni13 ($178.26 in chips)
Siwy56: posts small blind $1
Actionni13: posts big blind $3
*** HOLE CARDS ***
Siwy56: calls $2
Actionni13: checks
*** FLOP *** [Jh 6c Qs]
Actionni13: checks
Siwy56: bets $3
Actionni13: folds
Uncalled bet ($3) returned to Siwy56
Siwy56 collected $5.88 from pot
Siwy56: doesn't show hand
*** SUMMARY ***
Total pot $6 | Rake $0.12
Board [Jh 6c Qs]
Seat 1: Siwy56 (button) (small blind) collected ($5.88)
Seat 4: Actionni13 (big blind) folded on the Flop


PokerStars Hand #155404922293:  Hold'em Limit ($3/$6 USD) - 2016/06/30 18:53:21 ET
Table 'Panopaea' 6-max Seat #4 is the button
Seat 1: Siwy56 ($97.38 in chips)
Seat 4: Actionni13 ($175.26 in chips)
Actionni13: posts small blind $1
Siwy56: posts big blind $3
*** HOLE CARDS ***
Actionni13: raises $3 to $6
Siwy56: calls $3
*** FLOP *** [8c 7h Ts]
Siwy56: checks
Actionni13: bets $3
Siwy56: folds
Uncalled bet ($3) returned to Actionni13
Actionni13 collected $11.76 from pot
Actionni13: doesn't show hand
*** SUMMARY ***
Total pot $12 | Rake $0.24
Board [8c 7h Ts]
Seat 1: Siwy56 (big blind) folded on the Flop
Seat 4: Actionni13 (button) (small blind) collected ($11.76)


PokerStars Hand #155404930913:  Hold'em Limit ($3/$6 USD) - 2016/06/30 18:53:35 ET
Table 'Panopaea' 6-max Seat #1 is the button
Seat 1: Siwy56 ($91.38 in chips)
Seat 4: Actionni13 ($181.02 in chips)
Siwy56: posts small blind $1
Actionni13: posts big blind $3
*** HOLE CARDS ***
Siwy56: calls $2
Actionni13: checks
*** FLOP *** [3h 6c 3s]
Actionni13: checks
Siwy56: bets $3
Actionni13: folds
Uncalled bet ($3) returned to Siwy56
Siwy56 collected $5.88 from pot
Siwy56: doesn't show hand
*** SUMMARY ***
Total pot $6 | Rake $0.12
Board [3h 6c 3s]
Seat 1: Siwy56 (button) (small blind) collected ($5.88)
Seat 4: Actionni13 (big blind) folded on the Flop


PokerStars Hand #155404940567:  Hold'em Limit ($3/$6 USD) - 2016/06/30 18:53:50 ET
Table 'Panopaea' 6-max Seat #4 is the button
Seat 1: Siwy56 ($94.26 in chips)
Seat 4: Actionni13 ($178.02 in chips)
Actionni13: posts small blind $1
Siwy56: posts big blind $3
*** HOLE CARDS ***
Actionni13: raises $3 to $6
Siwy56: calls $3
*** FLOP *** [2h Qs 6h]
Siwy56: bets $3
Actionni13: calls $3
*** TURN *** [2h Qs 6h] [8d]
Siwy56: bets $6
Actionni13: raises $6 to $12
Siwy56: calls $6
*** RIVER *** [2h Qs 6h 8d] [Th]
Siwy56: checks
Actionni13: bets $6
Siwy56: folds
Uncalled bet ($6) returned to Actionni13
Actionni13 collected $41.50 from pot
Actionni13: doesn't show hand
*** SUMMARY ***
Total pot $42 | Rake $0.50
Board [2h Qs 6h 8d Th]
Seat 1: Siwy56 (big blind) folded on the River
Seat 4: Actionni13 (button) (small blind) collected ($41.50)


PokerStars Hand #155404988976:  Hold'em Limit ($3/$6 USD) - 2016/06/30 18:55:07 ET
Table 'Panopaea' 6-max Seat #4 is the button
Seat 1: Siwy56 ($73.01 in chips)
Seat 4: Actionni13 ($198.27 in chips)
Actionni13: posts small blind $1
Siwy56: posts big blind $3
*** HOLE CARDS ***
Actionni13: folds
Uncalled bet ($2) returned to Siwy56
Siwy56 collected $2 from pot
Siwy56: doesn't show hand
*** SUMMARY ***
Total pot $2 | Rake $0
Seat 1: Siwy56 (big blind) collected ($2)
Seat 4: Actionni13 (button) (small blind) folded before Flop


PokerStars Hand #155404961403:  Hold'em Limit ($3/$6 USD) - 2016/06/30 18:54:24 ET
Table 'Panopaea' 6-max Seat #1 is the button
Seat 1: Siwy56 ($73.26 in chips)
Seat 4: Actionni13 ($198.52 in chips)
Siwy56: posts small blind $1
Actionni13: posts big blind $3
*** HOLE CARDS ***
Siwy56: calls $2
Actionni13: raises $3 to $6
Siwy56: calls $3
*** FLOP *** [7c 6h 5c]
Actionni13: checks
Siwy56: bets $3
Actionni13: calls $3
*** TURN *** [7c 6h 5c] [Th]
Actionni13: bets $6
Siwy56: raises $6 to $12
Actionni13: calls $6
*** RIVER *** [7c 6h 5c Th] [8c]
Actionni13: bets $6
Siwy56: raises $6 to $12
Actionni13: calls $6
*** SHOW DOWN ***
Siwy56: shows [9s 9h] (a straight, Six to Ten)
Actionni13: shows [9d Td] (a straight, Six to Ten)
Actionni13 collected $32.75 from pot
Siwy56 collected $32.75 from pot
*** SUMMARY ***
Total pot $66 | Rake $0.50
Board [7c 6h 5c Th 8c]
Seat 1: Siwy56 (button) (small blind) showed [9s 9h] and won ($32.75) with a straight, Six to Ten
Seat 4: Actionni13 (big blind) showed [9d Td] and won ($32.75) with a straight, Six to Ten


PokerStars Hand #155405007410:  Hold'em Limit ($3/$6 USD) - 2016/06/30 18:55:42 ET
Table 'Panopaea' 6-max Seat #4 is the button
Seat 1: Siwy56 ($76.89 in chips)
Seat 4: Actionni13 ($194.27 in chips)
Actionni13: posts small blind $1
Siwy56: posts big blind $3
*** HOLE CARDS ***
Actionni13: raises $3 to $6
Siwy56: calls $3
*** FLOP *** [3s 7h 9h]
Siwy56: checks
Actionni13: bets $3
Siwy56: raises $3 to $6
Actionni13: calls $3
*** TURN *** [3s 7h 9h] [5h]
Siwy56: bets $6
Actionni13: calls $6
*** RIVER *** [3s 7h 9h 5h] [9d]
Siwy56: bets $6
Actionni13: raises $6 to $12
Siwy56: raises $6 to $18
Actionni13: calls $6
*** SHOW DOWN ***
Siwy56: shows [Td 3d] (two pair, Nines and Threes)
Actionni13: shows [9c 6s] (three of a kind, Nines)
Actionni13 collected $71.50 from pot
*** SUMMARY ***
Total pot $72 | Rake $0.50
Board [3s 7h 9h 5h 9d]
Seat 1: Siwy56 (big blind) showed [Td 3d] and lost with two pair, Nines and Threes
Seat 4: Actionni13 (button) (small blind) showed [9c 6s] and won ($71.50) with three of a kind, Nines


PokerStars Hand #155404992369:  Hold'em Limit ($3/$6 USD) - 2016/06/30 18:55:13 ET
Table 'Panopaea' 6-max Seat #1 is the button
Seat 1: Siwy56 ($74.01 in chips)
Seat 4: Actionni13 ($197.27 in chips)
Siwy56: posts small blind $1
Actionni13: posts big blind $3
*** HOLE CARDS ***
Siwy56: calls $2
Actionni13: checks
*** FLOP *** [2d 8s 9c]
Actionni13: checks
Siwy56: checks
*** TURN *** [2d 8s 9c] [9d]
Actionni13: checks
Siwy56: bets $6
Actionni13: folds
Uncalled bet ($6) returned to Siwy56
Siwy56 collected $5.88 from pot
Siwy56: doesn't show hand
*** SUMMARY ***
Total pot $6 | Rake $0.12
Board [2d 8s 9c 9d]
Seat 1: Siwy56 (button) (small blind) collected ($5.88)
Seat 4: Actionni13 (big blind) folded on the Turn


PokerStars Hand #155405039947:  Hold'em Limit ($3/$6 USD) - 2016/06/30 18:56:44 ET
Table 'Panopaea' 6-max Seat #4 is the button
Seat 1: Siwy56 ($37.89 in chips)
Seat 4: Actionni13 ($232.65 in chips)
Actionni13: posts small blind $1
Siwy56: posts big blind $3
*** HOLE CARDS ***
Actionni13: raises $3 to $6
Siwy56: calls $3
*** FLOP *** [6d 2d 4d]
Siwy56: bets $3
Actionni13: calls $3
*** TURN *** [6d 2d 4d] [2c]
Siwy56: bets $6
Actionni13: folds
Uncalled bet ($6) returned to Siwy56
Siwy56 collected $17.64 from pot
Siwy56: doesn't show hand
*** SUMMARY ***
Total pot $18 | Rake $0.36
Board [6d 2d 4d 2c]
Seat 1: Siwy56 (big blind) collected ($17.64)
Seat 4: Actionni13 (button) (small blind) folded on the Turn


PokerStars Hand #155405060900:  Hold'em Limit ($3/$6 USD) - 2016/06/30 18:57:24 ET
Table 'Panopaea' 6-max Seat #4 is the button
Seat 1: Siwy56 ($49.41 in chips)
Seat 4: Actionni13 ($220.65 in chips)
Actionni13: posts small blind $1
Siwy56: posts big blind $3
*** HOLE CARDS ***
Actionni13: raises $3 to $6
Siwy56: calls $3
*** FLOP *** [9c Jd 8c]
Siwy56: checks
Actionni13: bets $3
Siwy56: folds
Uncalled bet ($3) returned to Actionni13
Actionni13 collected $11.76 from pot
Actionni13: doesn't show hand
*** SUMMARY ***
Total pot $12 | Rake $0.24
Board [9c Jd 8c]
Seat 1: Siwy56 (big blind) folded on the Flop
Seat 4: Actionni13 (button) (small blind) collected ($11.76)


PokerStars Hand #155405048429:  Hold'em Limit ($3/$6 USD) - 2016/06/30 18:57:01 ET
Table 'Panopaea' 6-max Seat #1 is the button
Seat 1: Siwy56 ($46.53 in chips)
Seat 4: Actionni13 ($223.65 in chips)
Siwy56: posts small blind $1
Actionni13: posts big blind $3
*** HOLE CARDS ***
Siwy56: calls $2
Actionni13: checks
*** FLOP *** [Ks 4h Th]
Actionni13: checks
Siwy56: checks
*** TURN *** [Ks 4h Th] [2h]
Actionni13: checks
Siwy56: bets $6
Actionni13: folds
Uncalled bet ($6) returned to Siwy56
Siwy56 collected $5.88 from pot
Siwy56: doesn't show hand
*** SUMMARY ***
Total pot $6 | Rake $0.12
Board [Ks 4h Th 2h]
Seat 1: Siwy56 (button) (small blind) collected ($5.88)
Seat 4: Actionni13 (big blind) folded on the Turn


PokerStars Hand #155405029798:  Hold'em Limit ($3/$6 USD) - 2016/06/30 18:56:25 ET
Table 'Panopaea' 6-max Seat #1 is the button
Seat 1: Siwy56 ($40.89 in chips)
Seat 4: Actionni13 ($229.77 in chips)
Siwy56: posts small blind $1
Actionni13: posts big blind $3
*** HOLE CARDS ***
Siwy56: calls $2
Actionni13: checks
*** FLOP *** [6c Kd 7h]
Actionni13: bets $3
Siwy56: folds
Uncalled bet ($3) returned to Actionni13
Actionni13 collected $5.88 from pot
Actionni13: doesn't show hand
*** SUMMARY ***
Total pot $6 | Rake $0.12
Board [6c Kd 7h]
Seat 1: Siwy56 (button) (small blind) folded on the Flop
Seat 4: Actionni13 (big blind) collected ($5.88)


PokerStars Hand #155405071753:  Hold'em Limit ($3/$6 USD) - 2016/06/30 18:57:45 ET
Table 'Panopaea' 6-max Seat #4 is the button
Seat 1: Siwy56 ($37.41 in chips)
Seat 4: Actionni13 ($232.17 in chips)
Actionni13: posts small blind $1
Siwy56: posts big blind $3
*** HOLE CARDS ***
Actionni13: folds
Uncalled bet ($2) returned to Siwy56
Siwy56 collected $2 from pot
Siwy56: doesn't show hand
*** SUMMARY ***
Total pot $2 | Rake $0
Seat 1: Siwy56 (big blind) collected ($2)
Seat 4: Actionni13 (button) (small blind) folded before Flop


PokerStars Hand #155405065788:  Hold'em Limit ($3/$6 USD) - 2016/06/30 18:57:34 ET
Table 'Panopaea' 6-max Seat #1 is the button
Seat 1: Siwy56 ($43.41 in chips)
Seat 4: Actionni13 ($226.41 in chips)
Siwy56: posts small blind $1
Actionni13: posts big blind $3
*** HOLE CARDS ***
Siwy56: calls $2
Actionni13: raises $3 to $6
Siwy56: calls $3
*** FLOP *** [9c 4h Kh]
Actionni13: bets $3
Siwy56: folds
Uncalled bet ($3) returned to Actionni13
Actionni13 collected $11.76 from pot
Actionni13: doesn't show hand
*** SUMMARY ***
Total pot $12 | Rake $0.24
Board [9c 4h Kh]
Seat 1: Siwy56 (button) (small blind) folded on the Flop
Seat 4: Actionni13 (big blind) collected ($11.76)


PokerStars Hand #155405084019:  Hold'em Limit ($3/$6 USD) - 2016/06/30 18:58:08 ET
Table 'Panopaea' 6-max Seat #4 is the button
Seat 1: Siwy56 ($41.29 in chips)
Seat 4: Actionni13 ($228.17 in chips)
Actionni13: posts small blind $1
Siwy56: posts big blind $3
*** HOLE CARDS ***
Actionni13: folds
Uncalled bet ($2) returned to Siwy56
Chessnok joins the table at seat #2
Siwy56 collected $2 from pot
Siwy56: doesn't show hand
*** SUMMARY ***
Total pot $2 | Rake $0
Seat 1: Siwy56 (big blind) collected ($2)
Seat 4: Actionni13 (button) (small blind) folded before Flop


PokerStars Hand #155405075338:  Hold'em Limit ($3/$6 USD) - 2016/06/30 18:57:52 ET
Table 'Panopaea' 6-max Seat #1 is the button
Seat 1: Siwy56 ($38.41 in chips)
Seat 4: Actionni13 ($231.17 in chips)
Siwy56: posts small blind $1
Actionni13: posts big blind $3
*** HOLE CARDS ***
Siwy56: calls $2
Actionni13: checks
*** FLOP *** [6c 9h 7s]
Actionni13: checks
Siwy56: checks
*** TURN *** [6c 9h 7s] [2c]
Actionni13: checks
Siwy56: bets $6
Actionni13: folds
Uncalled bet ($6) returned to Siwy56
Siwy56 collected $5.88 from pot
Siwy56: doesn't show hand
*** SUMMARY ***
Total pot $6 | Rake $0.12
Board [6c 9h 7s 2c]
Seat 1: Siwy56 (button) (small blind) collected ($5.88)
Seat 4: Actionni13 (big blind) folded on the Turn


PokerStars Hand #155405944612:  Hold'em Limit ($3/$6 USD) - 2016/06/30 19:22:27 ET
Table 'Panopaea' 6-max Seat #5 is the button
Seat 2: Chessnok ($66.76 in chips)
Seat 5: sokol-max-PS ($118.18 in chips)
sokol-max-PS: posts small blind $1
Chessnok: posts big blind $3
*** HOLE CARDS ***
sokol-max-PS: folds
Uncalled bet ($2) returned to Chessnok
Chessnok collected $2 from pot
Chessnok: doesn't show hand
*** SUMMARY ***
Total pot $2 | Rake $0
Seat 2: Chessnok (big blind) collected ($2)
Seat 5: sokol-max-PS (button) (small blind) folded before Flop


PokerStars Hand #155405932647:  Hold'em Limit ($3/$6 USD) - 2016/06/30 19:22:05 ET
Table 'Panopaea' 6-max Seat #5 is the button
Seat 2: Chessnok ($60 in chips)
Seat 5: sokol-max-PS ($125.18 in chips)
sokol-max-PS: posts small blind $1
BrownieSpy: is sitting out
BrownieSpy leaves the table
666muck: is sitting out
Chessnok: posts big blind $3
*** HOLE CARDS ***
sokol-max-PS: folds
Uncalled bet ($2) returned to Chessnok
666muck leaves the table
Chessnok collected $2 from pot
Chessnok: doesn't show hand
*** SUMMARY ***
Total pot $2 | Rake $0
Seat 2: Chessnok (big blind) collected ($2)
Seat 5: sokol-max-PS (button) (small blind) folded before Flop


PokerStars Hand #155405935530:  Hold'em Limit ($3/$6 USD) - 2016/06/30 19:22:11 ET
Table 'Panopaea' 6-max Seat #2 is the button
Seat 2: Chessnok ($61 in chips)
Seat 5: sokol-max-PS ($124.18 in chips)
Chessnok: posts small blind $1
nmpro32 was removed from the table for failing to post
sokol-max-PS: posts big blind $3
*** HOLE CARDS ***
Chessnok: raises $3 to $6
sokol-max-PS: calls $3
*** FLOP *** [2s 5h Ks]
sokol-max-PS: checks
Chessnok: bets $3
sokol-max-PS: folds
Uncalled bet ($3) returned to Chessnok
Chessnok collected $11.76 from pot
Chessnok: doesn't show hand
*** SUMMARY ***
Total pot $12 | Rake $0.24
Board [2s 5h Ks]
Seat 2: Chessnok (button) (small blind) collected ($11.76)
Seat 5: sokol-max-PS (big blind) folded on the Flop


PokerStars Hand #155405947312:  Hold'em Limit ($3/$6 USD) - 2016/06/30 19:22:31 ET
Table 'Panopaea' 6-max Seat #2 is the button
Seat 2: Chessnok ($67.76 in chips)
Seat 5: sokol-max-PS ($117.18 in chips)
Chessnok: posts small blind $1
sokol-max-PS: posts big blind $3
*** HOLE CARDS ***
Chessnok: raises $3 to $6
sokol-max-PS: raises $3 to $9
Chessnok: calls $3
*** FLOP *** [7h 2d Qd]
sokol-max-PS: bets $3
Chessnok: calls $3
*** TURN *** [7h 2d Qd] [8s]
sokol-max-PS: bets $6
Chessnok: raises $6 to $12
sokol-max-PS: raises $6 to $18
Chessnok: calls $6
*** RIVER *** [7h 2d Qd 8s] [Ks]
sokol-max-PS: bets $6
Chessnok: calls $6
*** SHOW DOWN ***
sokol-max-PS: shows [Qs Ac] (a pair of Queens)
Chessnok: mucks hand
sokol-max-PS collected $71.50 from pot
*** SUMMARY ***
Total pot $72 | Rake $0.50
Board [7h 2d Qd 8s Ks]
Seat 2: Chessnok (button) (small blind) mucked
Seat 5: sokol-max-PS (big blind) showed [Qs Ac] and won ($71.50) with a pair of Queens


PokerStars Hand #155405961192:  Hold'em Limit ($3/$6 USD) - 2016/06/30 19:22:56 ET
Table 'Panopaea' 6-max Seat #5 is the button
Seat 2: Chessnok ($60 in chips)
Seat 5: sokol-max-PS ($152.68 in chips)
sokol-max-PS: posts small blind $1
Chessnok: posts big blind $3
*** HOLE CARDS ***
sokol-max-PS: raises $3 to $6
Chessnok: folds
Uncalled bet ($3) returned to sokol-max-PS
sokol-max-PS collected $6 from pot
sokol-max-PS: doesn't show hand
*** SUMMARY ***
Total pot $6 | Rake $0
Seat 2: Chessnok (big blind) folded before Flop
Seat 5: sokol-max-PS (button) (small blind) collected ($6)


PokerStars Hand #155405986646:  Hold'em Limit ($3/$6 USD) - 2016/06/30 19:23:41 ET
Table 'Panopaea' 6-max Seat #5 is the button
Seat 2: Chessnok ($60 in chips)
Seat 5: sokol-max-PS ($176.18 in chips)
sokol-max-PS: posts small blind $1
Chessnok: posts big blind $3
*** HOLE CARDS ***
sokol-max-PS: raises $3 to $6
Chessnok: folds
Uncalled bet ($3) returned to sokol-max-PS
sokol-max-PS collected $6 from pot
sokol-max-PS: doesn't show hand
*** SUMMARY ***
Total pot $6 | Rake $0
Seat 2: Chessnok (big blind) folded before Flop
Seat 5: sokol-max-PS (button) (small blind) collected ($6)


PokerStars Hand #155405965310:  Hold'em Limit ($3/$6 USD) - 2016/06/30 19:23:03 ET
Table 'Panopaea' 6-max Seat #2 is the button
Seat 2: Chessnok ($60 in chips)
Seat 5: sokol-max-PS ($155.68 in chips)
Chessnok: posts small blind $1
sokol-max-PS: posts big blind $3
*** HOLE CARDS ***
Chessnok: raises $3 to $6
sokol-max-PS: calls $3
*** FLOP *** [Js Qs 7c]
sokol-max-PS: checks
Chessnok: bets $3
sokol-max-PS: calls $3
*** TURN *** [Js Qs 7c] [6s]
sokol-max-PS: checks
Chessnok: bets $6
sokol-max-PS: raises $6 to $12
Chessnok: calls $6
*** RIVER *** [Js Qs 7c 6s] [9s]
sokol-max-PS: bets $6
Chessnok: folds
Uncalled bet ($6) returned to sokol-max-PS
sokol-max-PS collected $41.50 from pot
sokol-max-PS: doesn't show hand
*** SUMMARY ***
Total pot $42 | Rake $0.50
Board [Js Qs 7c 6s 9s]
Seat 2: Chessnok (button) (small blind) folded on the River
Seat 5: sokol-max-PS (big blind) collected ($41.50)


PokerStars Hand #155405989824:  Hold'em Limit ($3/$6 USD) - 2016/06/30 19:23:47 ET
Table 'Panopaea' 6-max Seat #2 is the button
Seat 2: Chessnok ($60 in chips)
Seat 5: sokol-max-PS ($179.18 in chips)
Chessnok: posts small blind $1
sokol-max-PS: posts big blind $3
*** HOLE CARDS ***
Chessnok: raises $3 to $6
sokol-max-PS: raises $3 to $9
Chessnok: calls $3
*** FLOP *** [6s 8c Ts]
sokol-max-PS: bets $3
Chessnok: calls $3
*** TURN *** [6s 8c Ts] [Js]
sokol-max-PS: checks
Chessnok: bets $6
sokol-max-PS: calls $6
*** RIVER *** [6s 8c Ts Js] [4d]
sokol-max-PS: checks
Chessnok: bets $6
sokol-max-PS: folds
Uncalled bet ($6) returned to Chessnok
Chessnok collected $35.50 from pot
Chessnok: doesn't show hand
*** SUMMARY ***
Total pot $36 | Rake $0.50
Board [6s 8c Ts Js 4d]
Seat 2: Chessnok (button) (small blind) collected ($35.50)
Seat 5: sokol-max-PS (big blind) folded on the River


PokerStars Hand #155406006186:  Hold'em Limit ($3/$6 USD) - 2016/06/30 19:24:17 ET
Table 'Panopaea' 6-max Seat #5 is the button
Seat 2: Chessnok ($77.50 in chips)
Seat 5: sokol-max-PS ($161.18 in chips)
sokol-max-PS: posts small blind $1
Chessnok: posts big blind $3
*** HOLE CARDS ***
sokol-max-PS: folds
Uncalled bet ($2) returned to Chessnok
Chessnok collected $2 from pot
Chessnok: doesn't show hand
*** SUMMARY ***
Total pot $2 | Rake $0
Seat 2: Chessnok (big blind) collected ($2)
Seat 5: sokol-max-PS (button) (small blind) folded before Flop


