PokerStars Hand #150443888515:  Hold'em Limit ($3/$6 USD) - 2016/03/16 12:09:38 ET
Table 'Panthoos II' 6-max Seat #2 is the button
Seat 2: TinaTurner72 ($120 in chips)
Seat 3: ajmaster333 ($65 in chips)
TinaTurner72: posts small blind $1
ajmaster333: posts big blind $3
*** HOLE CARDS ***
TinaTurner72: raises $3 to $6
ajmaster333: raises $3 to $9
belik555 joins the table at seat #4
TinaTurner72: calls $3
*** FLOP *** [7d 9s Qd]
ajmaster333: bets $3
TinaTurner72: calls $3
*** TURN *** [7d 9s Qd] [9h]
ajmaster333: bets $6
TinaTurner72: calls $6
*** RIVER *** [7d 9s Qd 9h] [Tc]
ajmaster333: checks
TinaTurner72: bets $6
ajmaster333: calls $6
*** SHOW DOWN ***
TinaTurner72: shows [8s 6s] (a straight, Six to Ten)
ajmaster333: mucks hand
TinaTurner72 collected $47.50 from pot
*** SUMMARY ***
Total pot $48 | Rake $0.50
Board [7d 9s Qd 9h Tc]
Seat 2: TinaTurner72 (button) (small blind) showed [8s 6s] and won ($47.50) with a straight, Six to Ten
Seat 3: ajmaster333 (big blind) mucked


PokerStars Hand #150444051762:  Hold'em Limit ($3/$6 USD) - 2016/03/16 12:13:14 ET
Table 'Panthoos II' 6-max Seat #2 is the button
Seat 2: TinaTurner72 ($106.50 in chips)
Seat 4: belik555 ($72 in chips)
Arsenavet will be allowed to play after the button
TinaTurner72: posts small blind $1
ajmaster333: is sitting out
belik555: posts big blind $3
*** HOLE CARDS ***
TinaTurner72: raises $3 to $6
belik555: raises $3 to $9
TinaTurner72: calls $3
*** FLOP *** [3c 2c 8h]
belik555: bets $3
TinaTurner72: calls $3
*** TURN *** [3c 2c 8h] [Th]
ajmaster333 leaves the table
belik555: bets $6
TinaTurner72: folds
Uncalled bet ($6) returned to belik555
belik555 collected $23.52 from pot
belik555: doesn't show hand
*** SUMMARY ***
Total pot $24 | Rake $0.48
Board [3c 2c 8h Th]
Seat 2: TinaTurner72 (button) (small blind) folded on the Turn
Seat 4: belik555 (big blind) collected ($23.52)


PokerStars Hand #150444111512:  Hold'em Limit ($3/$6 USD) - 2016/03/16 12:14:33 ET
Table 'Panthoos II' 6-max Seat #4 is the button
Seat 1: Arsenavet ($95.64 in chips)
Seat 4: belik555 ($77.52 in chips)
belik555: posts small blind $1
Arsenavet: posts big blind $3
*** HOLE CARDS ***
belik555: raises $3 to $6
Arsenavet: folds
Uncalled bet ($3) returned to belik555
belik555 collected $6 from pot
belik555: doesn't show hand
*** SUMMARY ***
Total pot $6 | Rake $0
Seat 1: Arsenavet (big blind) folded before Flop
Seat 4: belik555 (button) (small blind) collected ($6)


PokerStars Hand #150444081156:  Hold'em Limit ($3/$6 USD) - 2016/03/16 12:13:53 ET
Table 'Panthoos II' 6-max Seat #1 is the button
Seat 1: Arsenavet ($87 in chips)
Seat 4: belik555 ($86.52 in chips)
Arsenavet: posts small blind $1
TinaTurner72: is sitting out
belik555: posts big blind $3
*** HOLE CARDS ***
TinaTurner72 leaves the table
Arsenavet: calls $2
belik555: raises $3 to $6
Arsenavet: calls $3
*** FLOP *** [6s 8s 4h]
belik555: bets $3
Arsenavet: calls $3
*** TURN *** [6s 8s 4h] [8h]
belik555: checks
Arsenavet: checks
*** RIVER *** [6s 8s 4h 8h] [Ts]
belik555: checks
Arsenavet: bets $6
belik555: folds
Uncalled bet ($6) returned to Arsenavet
Arsenavet collected $17.64 from pot
Arsenavet: doesn't show hand
*** SUMMARY ***
Total pot $18 | Rake $0.36
Board [6s 8s 4h 8h Ts]
Seat 1: Arsenavet (button) (small blind) collected ($17.64)
Seat 4: belik555 (big blind) folded on the River


PokerStars Hand #150444117699:  Hold'em Limit ($3/$6 USD) - 2016/03/16 12:14:42 ET
Table 'Panthoos II' 6-max Seat #1 is the button
Seat 1: Arsenavet ($92.64 in chips)
Seat 4: belik555 ($80.52 in chips)
Arsenavet: posts small blind $1
belik555: posts big blind $3
*** HOLE CARDS ***
Arsenavet: raises $3 to $6
belik555: raises $3 to $9
Arsenavet: raises $3 to $12
Betting is capped
belik555: calls $3
*** FLOP *** [4s 9h 4h]
belik555: checks
Arsenavet: bets $3
belik555: calls $3
*** TURN *** [4s 9h 4h] [Qc]
belik555: bets $6
Arsenavet: raises $6 to $12
belik555: calls $6
*** RIVER *** [4s 9h 4h Qc] [3h]
belik555: checks
Arsenavet: bets $6
belik555: calls $6
*** SHOW DOWN ***
Arsenavet: shows [Kd Kh] (two pair, Kings and Fours)
belik555: mucks hand
Arsenavet collected $65.50 from pot
*** SUMMARY ***
Total pot $66 | Rake $0.50
Board [4s 9h 4h Qc 3h]
Seat 1: Arsenavet (button) (small blind) showed [Kd Kh] and won ($65.50) with two pair, Kings and Fours
Seat 4: belik555 (big blind) mucked


PokerStars Hand #150445180384:  Hold'em Limit ($3/$6 USD) - 2016/03/16 12:37:43 ET
Table 'Panthoos II' 6-max Seat #2 is the button
Seat 2: Zubasa07 ($505.88 in chips)
Seat 3: -25an- ($76.06 in chips)
Zubasa07: posts small blind $1
-25an-: posts big blind $3
*** HOLE CARDS ***
Zubasa07: raises $3 to $6
jellina1994 joins the table at seat #4
-25an-: calls $3
*** FLOP *** [Ks 4d Kh]
-25an-: checks
Zubasa07: bets $3
-25an-: folds
Uncalled bet ($3) returned to Zubasa07
Zubasa07 collected $11.76 from pot
Zubasa07: doesn't show hand
*** SUMMARY ***
Total pot $12 | Rake $0.24
Board [Ks 4d Kh]
Seat 2: Zubasa07 (button) (small blind) collected ($11.76)
Seat 3: -25an- (big blind) folded on the Flop


