PokerStars Hand #168098506677:  Hold'em Limit ($3/$6 USD) - 2017/03/25 14:51:01 ET
Table 'Panthoos' 10-max Seat #7 is the button
Seat 7: VolkovDmitri ($125.76 in chips)
Seat 10: Guamokolato ($99.29 in chips)
VolkovDmitri: posts small blind $1
Guamokolato: posts big blind $3
*** HOLE CARDS ***
GoliafUa joins the table at seat #1
VolkovDmitri: folds
Uncalled bet ($2) returned to Guamokolato
Guamokolato collected $2 from pot
Guamokolato: doesn't show hand
*** SUMMARY ***
Total pot $2 | Rake $0
Seat 7: VolkovDmitri (button) (small blind) folded before Flop
Seat 10: Guamokolato (big blind) collected ($2)


PokerStars Hand #168098487368:  Hold'em Limit ($3/$6 USD) - 2017/03/25 14:50:38 ET
Table 'Panthoos' 10-max Seat #10 is the button
Seat 7: VolkovDmitri ($120 in chips)
Seat 10: Guamokolato ($105.29 in chips)
Guamokolato: posts small blind $1
VolkovDmitri: posts big blind $3
*** HOLE CARDS ***
Guamokolato: calls $2
VolkovDmitri: raises $3 to $6
Guamokolato: calls $3
*** FLOP *** [3s 3h 3c]
VolkovDmitri: bets $3
Guamokolato: folds
Uncalled bet ($3) returned to VolkovDmitri
VolkovDmitri collected $11.76 from pot
VolkovDmitri: doesn't show hand
*** SUMMARY ***
Total pot $12 | Rake $0.24
Board [3s 3h 3c]
Seat 7: VolkovDmitri (big blind) collected ($11.76)
Seat 10: Guamokolato (button) (small blind) folded on the Flop


PokerStars Hand #168099390061:  Hold'em Limit ($3/$6 USD) - 2017/03/25 15:09:23 ET
Table 'Panthoos' 10-max Seat #2 is the button
Seat 2: 7Phenom1991 ($143.99 in chips)
Seat 10: Guamokolato ($198.97 in chips)
7Phenom1991: posts small blind $1
Guamokolato: posts big blind $3
*** HOLE CARDS ***
7Phenom1991: raises $3 to $6
Guamokolato: calls $3
*** FLOP *** [2s 3c Ah]
Guamokolato: checks
7Phenom1991: bets $3
Guamokolato: raises $3 to $6
7Phenom1991: folds
Uncalled bet ($3) returned to Guamokolato
Guamokolato collected $17.64 from pot
Guamokolato: doesn't show hand
*** SUMMARY ***
Total pot $18 | Rake $0.36
Board [2s 3c Ah]
Seat 2: 7Phenom1991 (button) (small blind) folded on the Flop
Seat 10: Guamokolato (big blind) collected ($17.64)


PokerStars Hand #168099380826:  Hold'em Limit ($3/$6 USD) - 2017/03/25 15:09:13 ET
Table 'Panthoos' 10-max Seat #10 is the button
Seat 2: 7Phenom1991 ($142.99 in chips)
Seat 10: Guamokolato ($199.97 in chips)
Guamokolato: posts small blind $1
GoliafUa: is sitting out
7Phenom1991: posts big blind $3
*** HOLE CARDS ***
Guamokolato: folds
Uncalled bet ($2) returned to 7Phenom1991
7Phenom1991 collected $2 from pot
*** SUMMARY ***
Total pot $2 | Rake $0
Seat 2: 7Phenom1991 (big blind) collected ($2)
Seat 10: Guamokolato (button) (small blind) folded before Flop


