PokerStars Hand #145465682638:  Hold'em Limit ($3/$6 USD) - 2015/12/16 22:52:15 ET
Table 'Panthoos' 2-max Seat #2 is the button
Seat 1: toroza ($125.50 in chips)
Seat 2: Necromadx ($128.64 in chips)
Necromadx: posts small blind $1
toroza: posts big blind $3
*** HOLE CARDS ***
Necromadx: raises $3 to $6
toroza: calls $3
*** FLOP *** [Ac Qd 4c]
toroza: checks
Necromadx: bets $3
toroza: raises $3 to $6
Necromadx: folds
Uncalled bet ($3) returned to toroza
toroza collected $17.64 from pot
toroza: doesn't show hand
*** SUMMARY ***
Total pot $18 | Rake $0.36
Board [Ac Qd 4c]
Seat 1: toroza (big blind) collected ($17.64)
Seat 2: Necromadx (button) (small blind) folded on the Flop


PokerStars Hand #145465674375:  Hold'em Limit ($3/$6 USD) - 2015/12/16 22:51:49 ET
Table 'Panthoos' 2-max Seat #1 is the button
Seat 1: toroza ($134.50 in chips)
Seat 2: Necromadx ($120 in chips)
toroza: posts small blind $1
Necromadx: posts big blind $3
*** HOLE CARDS ***
toroza: raises $3 to $6
Necromadx: calls $3
*** FLOP *** [2d Kd 5h]
Necromadx: checks
toroza: bets $3
Necromadx: calls $3
*** TURN *** [2d Kd 5h] [Jh]
Necromadx: checks
toroza: checks
*** RIVER *** [2d Kd 5h Jh] [Qs]
Necromadx: bets $6
toroza: folds
Uncalled bet ($6) returned to Necromadx
Necromadx collected $17.64 from pot
Necromadx: doesn't show hand
*** SUMMARY ***
Total pot $18 | Rake $0.36
Board [2d Kd 5h Jh Qs]
Seat 1: toroza (button) (small blind) folded on the River
Seat 2: Necromadx (big blind) collected ($17.64)


PokerStars Hand #145465665421:  Hold'em Limit ($3/$6 USD) - 2015/12/16 22:51:22 ET
Table 'Panthoos' 2-max Seat #2 is the button
Seat 1: toroza ($120 in chips)
Seat 2: Necromadx ($120 in chips)
Necromadx: posts small blind $1
toroza: posts big blind $3
*** HOLE CARDS ***
Necromadx: raises $3 to $6
toroza: calls $3
*** FLOP *** [Ks 5s 2d]
toroza: checks
Necromadx: bets $3
toroza: calls $3
*** TURN *** [Ks 5s 2d] [6d]
toroza: checks
Necromadx: checks
*** RIVER *** [Ks 5s 2d 6d] [Kd]
toroza: bets $6
Necromadx: calls $6
*** SHOW DOWN ***
toroza: shows [6c As] (two pair, Kings and Sixes)
Necromadx: mucks hand
toroza collected $29.50 from pot
*** SUMMARY ***
Total pot $30 | Rake $0.50
Board [Ks 5s 2d 6d Kd]
Seat 1: toroza (big blind) showed [6c As] and won ($29.50) with two pair, Kings and Sixes
Seat 2: Necromadx (button) (small blind) mucked


PokerStars Hand #145465709997:  Hold'em Limit ($3/$6 USD) - 2015/12/16 22:53:38 ET
Table 'Panthoos' 2-max Seat #2 is the button
Seat 1: toroza ($133.89 in chips)
Seat 2: Necromadx ($120 in chips)
Necromadx: posts small blind $1
toroza: posts big blind $3
*** HOLE CARDS ***
Necromadx: folds
Uncalled bet ($2) returned to toroza
toroza collected $2 from pot
toroza: doesn't show hand
*** SUMMARY ***
Total pot $2 | Rake $0
Seat 1: toroza (big blind) collected ($2)
Seat 2: Necromadx (button) (small blind) folded before Flop


PokerStars Hand #145465689307:  Hold'em Limit ($3/$6 USD) - 2015/12/16 22:52:35 ET
Table 'Panthoos' 2-max Seat #1 is the button
Seat 1: toroza ($134.14 in chips)
Seat 2: Necromadx ($120 in chips)
toroza: posts small blind $1
Necromadx: posts big blind $3
*** HOLE CARDS ***
toroza: raises $3 to $6
Necromadx: calls $3
*** FLOP *** [6h 9d 7h]
Necromadx: checks
toroza: bets $3
Necromadx: calls $3
*** TURN *** [6h 9d 7h] [5c]
Necromadx: checks
toroza: bets $6
Necromadx: raises $6 to $12
toroza: calls $6
*** RIVER *** [6h 9d 7h 5c] [4s]
Necromadx: bets $6
toroza: calls $6
*** SHOW DOWN ***
Necromadx: shows [8c Jd] (a straight, Five to Nine)
toroza: shows [Qs 8s] (a straight, Five to Nine)
Necromadx collected $26.75 from pot
toroza collected $26.75 from pot
*** SUMMARY ***
Total pot $54 | Rake $0.50
Board [6h 9d 7h 5c 4s]
Seat 1: toroza (button) (small blind) showed [Qs 8s] and won ($26.75) with a straight, Five to Nine
Seat 2: Necromadx (big blind) showed [8c Jd] and won ($26.75) with a straight, Five to Nine


PokerStars Hand #145465711484:  Hold'em Limit ($3/$6 USD) - 2015/12/16 22:53:43 ET
Table 'Panthoos' 2-max Seat #1 is the button
Seat 1: toroza ($134.89 in chips)
Seat 2: Necromadx ($120 in chips)
toroza: posts small blind $1
Necromadx: posts big blind $3
*** HOLE CARDS ***
toroza: raises $3 to $6
Necromadx: calls $3
*** FLOP *** [8c 9h 3h]
Necromadx: checks
toroza: bets $3
Necromadx: raises $3 to $6
toroza: calls $3
*** TURN *** [8c 9h 3h] [Jh]
Necromadx: bets $6
toroza: raises $6 to $12
Necromadx: raises $6 to $18
toroza: raises $6 to $24
Betting is capped
Necromadx: folds
Uncalled bet ($6) returned to toroza
toroza collected $59.50 from pot
toroza: doesn't show hand
*** SUMMARY ***
Total pot $60 | Rake $0.50
Board [8c 9h 3h Jh]
Seat 1: toroza (button) (small blind) collected ($59.50)
Seat 2: Necromadx (big blind) folded on the Turn


PokerStars Hand #145465718484:  Hold'em Limit ($3/$6 USD) - 2015/12/16 22:54:04 ET
Table 'Panthoos' 2-max Seat #2 is the button
Seat 1: toroza ($164.39 in chips)
Seat 2: Necromadx ($120 in chips)
Necromadx: posts small blind $1
toroza: posts big blind $3
*** HOLE CARDS ***
Necromadx: raises $3 to $6
toroza: calls $3
*** FLOP *** [Ad 2c Qc]
toroza: checks
Necromadx: bets $3
toroza: calls $3
*** TURN *** [Ad 2c Qc] [6c]
toroza: checks
Necromadx: bets $6
toroza: calls $6
*** RIVER *** [Ad 2c Qc 6c] [Jh]
toroza: checks
Necromadx: bets $6
toroza: calls $6
*** SHOW DOWN ***
Necromadx: shows [6h Ah] (two pair, Aces and Sixes)
toroza: mucks hand
Necromadx collected $41.50 from pot
*** SUMMARY ***
Total pot $42 | Rake $0.50
Board [Ad 2c Qc 6c Jh]
Seat 1: toroza (big blind) mucked
Seat 2: Necromadx (button) (small blind) showed [6h Ah] and won ($41.50) with two pair, Aces and Sixes


PokerStars Hand #145465723786:  Hold'em Limit ($3/$6 USD) - 2015/12/16 22:54:21 ET
Table 'Panthoos' 2-max Seat #1 is the button
Seat 1: toroza ($143.39 in chips)
Seat 2: Necromadx ($140.50 in chips)
toroza: posts small blind $1
Necromadx: posts big blind $3
*** HOLE CARDS ***
toroza: raises $3 to $6
Necromadx: calls $3
*** FLOP *** [Td 2d 3s]
Necromadx: checks
toroza: checks
*** TURN *** [Td 2d 3s] [Qh]
Necromadx: bets $6
toroza: calls $6
*** RIVER *** [Td 2d 3s Qh] [9s]
Necromadx: bets $6
toroza: folds
Uncalled bet ($6) returned to Necromadx
Necromadx collected $23.52 from pot
Necromadx: doesn't show hand
*** SUMMARY ***
Total pot $24 | Rake $0.48
Board [Td 2d 3s Qh 9s]
Seat 1: toroza (button) (small blind) folded on the River
Seat 2: Necromadx (big blind) collected ($23.52)


PokerStars Hand #145465732544:  Hold'em Limit ($3/$6 USD) - 2015/12/16 22:54:48 ET
Table 'Panthoos' 2-max Seat #1 is the button
Seat 1: toroza ($140.03 in chips)
Seat 2: Necromadx ($143.02 in chips)
toroza: posts small blind $1
Necromadx: posts big blind $3
*** HOLE CARDS ***
toroza: raises $3 to $6
Necromadx: calls $3
*** FLOP *** [7c 9c 3d]
Necromadx: checks
toroza: bets $3
Necromadx: raises $3 to $6
toroza: raises $3 to $9
Necromadx: calls $3
*** TURN *** [7c 9c 3d] [Js]
Necromadx: checks
toroza: bets $6
Necromadx: calls $6
*** RIVER *** [7c 9c 3d Js] [8s]
Necromadx: checks
toroza: bets $6
Necromadx: folds
Uncalled bet ($6) returned to toroza
toroza collected $41.50 from pot
toroza: doesn't show hand
*** SUMMARY ***
Total pot $42 | Rake $0.50
Board [7c 9c 3d Js 8s]
Seat 1: toroza (button) (small blind) collected ($41.50)
Seat 2: Necromadx (big blind) folded on the River


PokerStars Hand #145465740046:  Hold'em Limit ($3/$6 USD) - 2015/12/16 22:55:10 ET
Table 'Panthoos' 2-max Seat #2 is the button
Seat 1: toroza ($160.53 in chips)
Seat 2: Necromadx ($122.02 in chips)
Necromadx: posts small blind $1
toroza: posts big blind $3
*** HOLE CARDS ***
Necromadx: raises $3 to $6
toroza: calls $3
*** FLOP *** [9c 5d 4s]
toroza: checks
Necromadx: bets $3
toroza: raises $3 to $6
Necromadx: calls $3
*** TURN *** [9c 5d 4s] [8h]
toroza: bets $6
Necromadx: calls $6
*** RIVER *** [9c 5d 4s 8h] [2h]
toroza: bets $6
Necromadx: calls $6
*** SHOW DOWN ***
toroza: shows [Qc Qh] (a pair of Queens)
Necromadx: mucks hand
toroza collected $47.50 from pot
*** SUMMARY ***
Total pot $48 | Rake $0.50
Board [9c 5d 4s 8h 2h]
Seat 1: toroza (big blind) showed [Qc Qh] and won ($47.50) with a pair of Queens
Seat 2: Necromadx (button) (small blind) mucked


PokerStars Hand #145465728063:  Hold'em Limit ($3/$6 USD) - 2015/12/16 22:54:34 ET
Table 'Panthoos' 2-max Seat #2 is the button
Seat 1: toroza ($131.39 in chips)
Seat 2: Necromadx ($152.02 in chips)
Necromadx: posts small blind $1
toroza: posts big blind $3
*** HOLE CARDS ***
Necromadx: raises $3 to $6
toroza: calls $3
*** FLOP *** [7c Ac Jd]
toroza: checks
Necromadx: bets $3
toroza: calls $3
*** TURN *** [7c Ac Jd] [5d]
toroza: checks
Necromadx: checks
*** RIVER *** [7c Ac Jd 5d] [8s]
toroza: bets $6
Necromadx: folds
Uncalled bet ($6) returned to toroza
toroza collected $17.64 from pot
toroza: doesn't show hand
*** SUMMARY ***
Total pot $18 | Rake $0.36
Board [7c Ac Jd 5d 8s]
Seat 1: toroza (big blind) collected ($17.64)
Seat 2: Necromadx (button) (small blind) folded on the River


PokerStars Hand #145465746821:  Hold'em Limit ($3/$6 USD) - 2015/12/16 22:55:34 ET
Table 'Panthoos' 2-max Seat #1 is the button
Seat 1: toroza ($184.03 in chips)
Seat 2: Necromadx ($120 in chips)
toroza: posts small blind $1
Necromadx: posts big blind $3
*** HOLE CARDS ***
toroza: raises $3 to $6
Necromadx: raises $3 to $9
toroza: calls $3
*** FLOP *** [2d Jc Jh]
Necromadx: bets $3
toroza: calls $3
*** TURN *** [2d Jc Jh] [4d]
Necromadx: bets $6
toroza: calls $6
*** RIVER *** [2d Jc Jh 4d] [3s]
Necromadx: bets $6
toroza: folds
Uncalled bet ($6) returned to Necromadx
Necromadx collected $35.50 from pot
Necromadx: doesn't show hand
*** SUMMARY ***
Total pot $36 | Rake $0.50
Board [2d Jc Jh 4d 3s]
Seat 1: toroza (button) (small blind) folded on the River
Seat 2: Necromadx (big blind) collected ($35.50)


PokerStars Hand #145465751049:  Hold'em Limit ($3/$6 USD) - 2015/12/16 22:55:49 ET
Table 'Panthoos' 2-max Seat #2 is the button
Seat 1: toroza ($166.03 in chips)
Seat 2: Necromadx ($137.50 in chips)
Necromadx: posts small blind $1
toroza: posts big blind $3
*** HOLE CARDS ***
Necromadx: raises $3 to $6
toroza: calls $3
*** FLOP *** [5d 4c 3c]
toroza: checks
Necromadx: checks
*** TURN *** [5d 4c 3c] [8h]
toroza: bets $6
Necromadx: folds
Uncalled bet ($6) returned to toroza
toroza collected $11.76 from pot
toroza: doesn't show hand
*** SUMMARY ***
Total pot $12 | Rake $0.24
Board [5d 4c 3c 8h]
Seat 1: toroza (big blind) collected ($11.76)
Seat 2: Necromadx (button) (small blind) folded on the Turn


PokerStars Hand #145465754248:  Hold'em Limit ($3/$6 USD) - 2015/12/16 22:56:00 ET
Table 'Panthoos' 2-max Seat #1 is the button
Seat 1: toroza ($171.79 in chips)
Seat 2: Necromadx ($131.50 in chips)
toroza: posts small blind $1
Necromadx: posts big blind $3
*** HOLE CARDS ***
toroza: raises $3 to $6
Necromadx: calls $3
*** FLOP *** [2s 3c Ah]
Necromadx: checks
toroza: checks
*** TURN *** [2s 3c Ah] [Kc]
Necromadx: bets $6
toroza: folds
Uncalled bet ($6) returned to Necromadx
Necromadx collected $11.76 from pot
Necromadx: doesn't show hand
*** SUMMARY ***
Total pot $12 | Rake $0.24
Board [2s 3c Ah Kc]
Seat 1: toroza (button) (small blind) folded on the Turn
Seat 2: Necromadx (big blind) collected ($11.76)


PokerStars Hand #145465757741:  Hold'em Limit ($3/$6 USD) - 2015/12/16 22:56:12 ET
Table 'Panthoos' 2-max Seat #2 is the button
Seat 1: toroza ($165.79 in chips)
Seat 2: Necromadx ($137.26 in chips)
Necromadx: posts small blind $1
toroza: posts big blind $3
*** HOLE CARDS ***
Necromadx: raises $3 to $6
toroza: raises $3 to $9
Necromadx: calls $3
*** FLOP *** [Kc 6c Qc]
toroza: bets $3
Necromadx: folds
Uncalled bet ($3) returned to toroza
toroza collected $17.64 from pot
toroza: doesn't show hand
*** SUMMARY ***
Total pot $18 | Rake $0.36
Board [Kc 6c Qc]
Seat 1: toroza (big blind) collected ($17.64)
Seat 2: Necromadx (button) (small blind) folded on the Flop


PokerStars Hand #145465763537:  Hold'em Limit ($3/$6 USD) - 2015/12/16 22:56:33 ET
Table 'Panthoos' 2-max Seat #1 is the button
Seat 1: toroza ($174.43 in chips)
Seat 2: Necromadx ($128.26 in chips)
toroza: posts small blind $1
Necromadx: posts big blind $3
*** HOLE CARDS ***
toroza: raises $3 to $6
Necromadx: raises $3 to $9
toroza: calls $3
*** FLOP *** [2s 9s Td]
Necromadx: bets $3
toroza: calls $3
*** TURN *** [2s 9s Td] [4d]
Necromadx: bets $6
toroza: folds
Uncalled bet ($6) returned to Necromadx
Necromadx collected $23.52 from pot
Necromadx: doesn't show hand
*** SUMMARY ***
Total pot $24 | Rake $0.48
Board [2s 9s Td 4d]
Seat 1: toroza (button) (small blind) folded on the Turn
Seat 2: Necromadx (big blind) collected ($23.52)


PokerStars Hand #145465769818:  Hold'em Limit ($3/$6 USD) - 2015/12/16 22:56:55 ET
Table 'Panthoos' 2-max Seat #2 is the button
Seat 1: toroza ($162.43 in chips)
Seat 2: Necromadx ($139.78 in chips)
Necromadx: posts small blind $1
toroza: posts big blind $3
*** HOLE CARDS ***
Necromadx: raises $3 to $6
toroza: calls $3
*** FLOP *** [Jc Kd Ah]
toroza: checks
Necromadx: bets $3
toroza: raises $3 to $6
Necromadx: calls $3
*** TURN *** [Jc Kd Ah] [Tc]
toroza: bets $6
Necromadx: calls $6
*** RIVER *** [Jc Kd Ah Tc] [Qd]
toroza: bets $6
Necromadx: calls $6
*** SHOW DOWN ***
toroza: shows [Ad 6c] (a straight, Ten to Ace)
Necromadx: shows [Qh 5d] (a straight, Ten to Ace)
toroza collected $23.75 from pot
Necromadx collected $23.75 from pot
*** SUMMARY ***
Total pot $48 | Rake $0.50
Board [Jc Kd Ah Tc Qd]
Seat 1: toroza (big blind) showed [Ad 6c] and won ($23.75) with a straight, Ten to Ace
Seat 2: Necromadx (button) (small blind) showed [Qh 5d] and won ($23.75) with a straight, Ten to Ace


PokerStars Hand #145465778261:  Hold'em Limit ($3/$6 USD) - 2015/12/16 22:57:24 ET
Table 'Panthoos' 2-max Seat #1 is the button
Seat 1: toroza ($162.18 in chips)
Seat 2: Necromadx ($139.53 in chips)
toroza: posts small blind $1
Necromadx: posts big blind $3
*** HOLE CARDS ***
toroza: raises $3 to $6
Necromadx: calls $3
*** FLOP *** [Kh Ac 5d]
Necromadx: checks
toroza: checks
*** TURN *** [Kh Ac 5d] [Jd]
Necromadx: bets $6
toroza: calls $6
*** RIVER *** [Kh Ac 5d Jd] [Qd]
Necromadx: bets $6
toroza: calls $6
*** SHOW DOWN ***
Necromadx: shows [Td Qh] (a straight, Ten to Ace)
toroza: mucks hand
Necromadx collected $35.50 from pot
*** SUMMARY ***
Total pot $36 | Rake $0.50
Board [Kh Ac 5d Jd Qd]
Seat 1: toroza (button) (small blind) mucked
Seat 2: Necromadx (big blind) showed [Td Qh] and won ($35.50) with a straight, Ten to Ace


PokerStars Hand #145465783352:  Hold'em Limit ($3/$6 USD) - 2015/12/16 22:57:42 ET
Table 'Panthoos' 2-max Seat #2 is the button
Seat 1: toroza ($144.18 in chips)
Seat 2: Necromadx ($157.03 in chips)
Necromadx: posts small blind $1
toroza: posts big blind $3
*** HOLE CARDS ***
Necromadx: raises $3 to $6
toroza: calls $3
*** FLOP *** [Th 7c Kd]
toroza: checks
Necromadx: bets $3
toroza: raises $3 to $6
Necromadx: calls $3
*** TURN *** [Th 7c Kd] [7h]
toroza: checks
Necromadx: checks
*** RIVER *** [Th 7c Kd 7h] [8h]
toroza: checks
Necromadx: checks
*** SHOW DOWN ***
toroza: shows [Js 6s] (a pair of Sevens)
Necromadx: shows [Ah 9d] (a pair of Sevens - Ace kicker)
Necromadx collected $23.52 from pot
*** SUMMARY ***
Total pot $24 | Rake $0.48
Board [Th 7c Kd 7h 8h]
Seat 1: toroza (big blind) showed [Js 6s] and lost with a pair of Sevens
Seat 2: Necromadx (button) (small blind) showed [Ah 9d] and won ($23.52) with a pair of Sevens


PokerStars Hand #145465791620:  Hold'em Limit ($3/$6 USD) - 2015/12/16 22:58:11 ET
Table 'Panthoos' 2-max Seat #1 is the button
Seat 1: toroza ($132.18 in chips)
Seat 2: Necromadx ($168.55 in chips)
toroza: posts small blind $1
Necromadx: posts big blind $3
*** HOLE CARDS ***
toroza: raises $3 to $6
Necromadx: calls $3
*** FLOP *** [6c 7c 2d]
Necromadx: checks
toroza: bets $3
Necromadx: calls $3
*** TURN *** [6c 7c 2d] [Ac]
Necromadx: checks
toroza: bets $6
Necromadx: calls $6
*** RIVER *** [6c 7c 2d Ac] [8c]
Necromadx: checks
toroza: bets $6
Necromadx: calls $6
*** SHOW DOWN ***
toroza: shows [7h 9c] (a flush, Ace high)
Necromadx: mucks hand
toroza collected $41.50 from pot
*** SUMMARY ***
Total pot $42 | Rake $0.50
Board [6c 7c 2d Ac 8c]
Seat 1: toroza (button) (small blind) showed [7h 9c] and won ($41.50) with a flush, Ace high
Seat 2: Necromadx (big blind) mucked


PokerStars Hand #145465796572:  Hold'em Limit ($3/$6 USD) - 2015/12/16 22:58:29 ET
Table 'Panthoos' 2-max Seat #2 is the button
Seat 1: toroza ($152.68 in chips)
Seat 2: Necromadx ($147.55 in chips)
Necromadx: posts small blind $1
toroza: posts big blind $3
*** HOLE CARDS ***
Necromadx: raises $3 to $6
toroza: calls $3
*** FLOP *** [5s 8s 9h]
toroza: checks
Necromadx: bets $3
toroza: calls $3
*** TURN *** [5s 8s 9h] [7d]
toroza: checks
Necromadx: checks
*** RIVER *** [5s 8s 9h 7d] [9d]
toroza: bets $6
Necromadx: folds
Uncalled bet ($6) returned to toroza
toroza collected $17.64 from pot
toroza: doesn't show hand
*** SUMMARY ***
Total pot $18 | Rake $0.36
Board [5s 8s 9h 7d 9d]
Seat 1: toroza (big blind) collected ($17.64)
Seat 2: Necromadx (button) (small blind) folded on the River


PokerStars Hand #145465803440:  Hold'em Limit ($3/$6 USD) - 2015/12/16 22:58:53 ET
Table 'Panthoos' 2-max Seat #1 is the button
Seat 1: toroza ($161.32 in chips)
Seat 2: Necromadx ($138.55 in chips)
toroza: posts small blind $1
Necromadx: posts big blind $3
*** HOLE CARDS ***
toroza: raises $3 to $6
Necromadx: calls $3
*** FLOP *** [8h Qc 9c]
Necromadx: checks
toroza: bets $3
Necromadx: raises $3 to $6
toroza: calls $3
*** TURN *** [8h Qc 9c] [Ks]
Necromadx: bets $6
toroza: calls $6
*** RIVER *** [8h Qc 9c Ks] [Ah]
Necromadx: bets $6
toroza: calls $6
*** SHOW DOWN ***
Necromadx: shows [3c 5c] (high card Ace)
toroza: shows [Tc Th] (a pair of Tens)
toroza collected $47.50 from pot
*** SUMMARY ***
Total pot $48 | Rake $0.50
Board [8h Qc 9c Ks Ah]
Seat 1: toroza (button) (small blind) showed [Tc Th] and won ($47.50) with a pair of Tens
Seat 2: Necromadx (big blind) showed [3c 5c] and lost with high card Ace


PokerStars Hand #145465808867:  Hold'em Limit ($3/$6 USD) - 2015/12/16 22:59:13 ET
Table 'Panthoos' 2-max Seat #2 is the button
Seat 1: toroza ($184.82 in chips)
Seat 2: Necromadx ($120 in chips)
Necromadx: posts small blind $1
toroza: posts big blind $3
*** HOLE CARDS ***
Necromadx: raises $3 to $6
toroza: calls $3
*** FLOP *** [Ac 4h Qh]
toroza: checks
Necromadx: bets $3
toroza: folds
Uncalled bet ($3) returned to Necromadx
Necromadx collected $11.76 from pot
Necromadx: doesn't show hand
*** SUMMARY ***
Total pot $12 | Rake $0.24
Board [Ac 4h Qh]
Seat 1: toroza (big blind) folded on the Flop
Seat 2: Necromadx (button) (small blind) collected ($11.76)


PokerStars Hand #145465811594:  Hold'em Limit ($3/$6 USD) - 2015/12/16 22:59:22 ET
Table 'Panthoos' 2-max Seat #1 is the button
Seat 1: toroza ($178.82 in chips)
Seat 2: Necromadx ($125.76 in chips)
toroza: posts small blind $1
Necromadx: posts big blind $3
*** HOLE CARDS ***
toroza: raises $3 to $6
Necromadx: calls $3
*** FLOP *** [Jh 5s Qc]
Necromadx: checks
toroza: bets $3
Necromadx: folds
Uncalled bet ($3) returned to toroza
toroza collected $11.76 from pot
toroza: doesn't show hand
*** SUMMARY ***
Total pot $12 | Rake $0.24
Board [Jh 5s Qc]
Seat 1: toroza (button) (small blind) collected ($11.76)
Seat 2: Necromadx (big blind) folded on the Flop


PokerStars Hand #145465816136:  Hold'em Limit ($3/$6 USD) - 2015/12/16 22:59:38 ET
Table 'Panthoos' 2-max Seat #2 is the button
Seat 1: toroza ($184.58 in chips)
Seat 2: Necromadx ($120 in chips)
Necromadx: posts small blind $1
toroza: posts big blind $3
*** HOLE CARDS ***
Necromadx: raises $3 to $6
toroza: raises $3 to $9
Necromadx: calls $3
*** FLOP *** [8h 7d 8d]
toroza: bets $3
Necromadx: folds
Uncalled bet ($3) returned to toroza
toroza collected $17.64 from pot
toroza: doesn't show hand
*** SUMMARY ***
Total pot $18 | Rake $0.36
Board [8h 7d 8d]
Seat 1: toroza (big blind) collected ($17.64)
Seat 2: Necromadx (button) (small blind) folded on the Flop


PokerStars Hand #145465819073:  Hold'em Limit ($3/$6 USD) - 2015/12/16 22:59:49 ET
Table 'Panthoos' 2-max Seat #1 is the button
Seat 1: toroza ($193.22 in chips)
Seat 2: Necromadx ($120 in chips)
toroza: posts small blind $1
Necromadx: posts big blind $3
*** HOLE CARDS ***
toroza: raises $3 to $6
Necromadx: folds
Uncalled bet ($3) returned to toroza
toroza collected $6 from pot
toroza: doesn't show hand
*** SUMMARY ***
Total pot $6 | Rake $0
Seat 1: toroza (button) (small blind) collected ($6)
Seat 2: Necromadx (big blind) folded before Flop


PokerStars Hand #145465821042:  Hold'em Limit ($3/$6 USD) - 2015/12/16 22:59:56 ET
Table 'Panthoos' 2-max Seat #2 is the button
Seat 1: toroza ($196.22 in chips)
Seat 2: Necromadx ($120 in chips)
Necromadx: posts small blind $1
toroza: posts big blind $3
*** HOLE CARDS ***
Necromadx: raises $3 to $6
toroza: raises $3 to $9
Necromadx: calls $3
*** FLOP *** [Ks Js Ac]
toroza: bets $3
Necromadx: calls $3
*** TURN *** [Ks Js Ac] [7h]
toroza: checks
Necromadx: bets $6
toroza: calls $6
*** RIVER *** [Ks Js Ac 7h] [Kh]
toroza: checks
Necromadx: bets $6
toroza: calls $6
*** SHOW DOWN ***
Necromadx: shows [8s 6s] (a pair of Kings)
toroza: shows [9c 9s] (two pair, Kings and Nines)
toroza collected $47.50 from pot
*** SUMMARY ***
Total pot $48 | Rake $0.50
Board [Ks Js Ac 7h Kh]
Seat 1: toroza (big blind) showed [9c 9s] and won ($47.50) with two pair, Kings and Nines
Seat 2: Necromadx (button) (small blind) showed [8s 6s] and lost with a pair of Kings


PokerStars Hand #145465830644:  Hold'em Limit ($3/$6 USD) - 2015/12/16 23:00:29 ET
Table 'Panthoos' 2-max Seat #1 is the button
Seat 1: toroza ($219.72 in chips)
Seat 2: Necromadx ($120 in chips)
toroza: posts small blind $1
Necromadx: posts big blind $3
*** HOLE CARDS ***
toroza: raises $3 to $6
Necromadx: calls $3
*** FLOP *** [Th 9s 2s]
Necromadx: checks
toroza: bets $3
Necromadx: calls $3
*** TURN *** [Th 9s 2s] [9h]
Necromadx: checks
toroza: bets $6
Necromadx: calls $6
*** RIVER *** [Th 9s 2s 9h] [8h]
Necromadx: checks
toroza: bets $6
Necromadx: raises $6 to $12
toroza: raises $6 to $18
Necromadx: calls $6
*** SHOW DOWN ***
toroza: shows [Ac Ah] (two pair, Aces and Nines)
Necromadx: shows [7d 6s] (a straight, Six to Ten)
Necromadx collected $65.50 from pot
*** SUMMARY ***
Total pot $66 | Rake $0.50
Board [Th 9s 2s 9h 8h]
Seat 1: toroza (button) (small blind) showed [Ac Ah] and lost with two pair, Aces and Nines
Seat 2: Necromadx (big blind) showed [7d 6s] and won ($65.50) with a straight, Six to Ten


PokerStars Hand #145465841568:  Hold'em Limit ($3/$6 USD) - 2015/12/16 23:01:06 ET
Table 'Panthoos' 2-max Seat #2 is the button
Seat 1: toroza ($186.72 in chips)
Seat 2: Necromadx ($152.50 in chips)
Necromadx: posts small blind $1
toroza: posts big blind $3
*** HOLE CARDS ***
Necromadx: raises $3 to $6
toroza: raises $3 to $9
Necromadx: calls $3
*** FLOP *** [Js 4d Qs]
toroza: checks
Necromadx: bets $3
toroza: calls $3
*** TURN *** [Js 4d Qs] [Qd]
toroza: checks
Necromadx: checks
*** RIVER *** [Js 4d Qs Qd] [2d]
toroza: bets $6
Necromadx: folds
Uncalled bet ($6) returned to toroza
toroza collected $23.52 from pot
toroza: doesn't show hand
*** SUMMARY ***
Total pot $24 | Rake $0.48
Board [Js 4d Qs Qd 2d]
Seat 1: toroza (big blind) collected ($23.52)
Seat 2: Necromadx (button) (small blind) folded on the River


PokerStars Hand #145465852234:  Hold'em Limit ($3/$6 USD) - 2015/12/16 23:01:39 ET
Table 'Panthoos' 2-max Seat #1 is the button
Seat 1: toroza ($198.24 in chips)
Seat 2: Necromadx ($140.50 in chips)
toroza: posts small blind $1
Necromadx: posts big blind $3
*** HOLE CARDS ***
toroza: raises $3 to $6
Necromadx: calls $3
*** FLOP *** [Jh Qc Qd]
Necromadx: checks
toroza: bets $3
Necromadx: folds
Uncalled bet ($3) returned to toroza
toroza collected $11.76 from pot
toroza: doesn't show hand
*** SUMMARY ***
Total pot $12 | Rake $0.24
Board [Jh Qc Qd]
Seat 1: toroza (button) (small blind) collected ($11.76)
Seat 2: Necromadx (big blind) folded on the Flop


PokerStars Hand #145465855732:  Hold'em Limit ($3/$6 USD) - 2015/12/16 23:01:50 ET
Table 'Panthoos' 2-max Seat #2 is the button
Seat 1: toroza ($204 in chips)
Seat 2: Necromadx ($134.50 in chips)
Necromadx: posts small blind $1
toroza: posts big blind $3
*** HOLE CARDS ***
Necromadx: folds
Uncalled bet ($2) returned to toroza
toroza collected $2 from pot
toroza: doesn't show hand
*** SUMMARY ***
Total pot $2 | Rake $0
Seat 1: toroza (big blind) collected ($2)
Seat 2: Necromadx (button) (small blind) folded before Flop


PokerStars Hand #145465858836:  Hold'em Limit ($3/$6 USD) - 2015/12/16 23:02:00 ET
Table 'Panthoos' 2-max Seat #1 is the button
Seat 1: toroza ($205 in chips)
Seat 2: Necromadx ($133.50 in chips)
toroza: posts small blind $1
Necromadx: posts big blind $3
*** HOLE CARDS ***
toroza: raises $3 to $6
Necromadx: calls $3
*** FLOP *** [Qh Td 7c]
Necromadx: checks
toroza: bets $3
Necromadx: raises $3 to $6
toroza: calls $3
*** TURN *** [Qh Td 7c] [Qc]
Necromadx: bets $6
toroza: calls $6
*** RIVER *** [Qh Td 7c Qc] [Qs]
Necromadx: bets $6
toroza: calls $6
*** SHOW DOWN ***
Necromadx: shows [Ks Th] (a full house, Queens full of Tens)
toroza: mucks hand
Necromadx collected $47.50 from pot
*** SUMMARY ***
Total pot $48 | Rake $0.50
Board [Qh Td 7c Qc Qs]
Seat 1: toroza (button) (small blind) mucked
Seat 2: Necromadx (big blind) showed [Ks Th] and won ($47.50) with a full house, Queens full of Tens


PokerStars Hand #145465869211:  Hold'em Limit ($3/$6 USD) - 2015/12/16 23:02:32 ET
Table 'Panthoos' 2-max Seat #2 is the button
Seat 1: toroza ($181 in chips)
Seat 2: Necromadx ($157 in chips)
Necromadx: posts small blind $1
toroza: posts big blind $3
*** HOLE CARDS ***
Necromadx: raises $3 to $6
toroza: raises $3 to $9
Necromadx: calls $3
*** FLOP *** [6h Qh Js]
toroza: bets $3
Necromadx: calls $3
*** TURN *** [6h Qh Js] [2d]
toroza: bets $6
Necromadx: calls $6
*** RIVER *** [6h Qh Js 2d] [Ks]
toroza: bets $6
Necromadx: folds
Uncalled bet ($6) returned to toroza
toroza collected $35.50 from pot
toroza: doesn't show hand
*** SUMMARY ***
Total pot $36 | Rake $0.50
Board [6h Qh Js 2d Ks]
Seat 1: toroza (big blind) collected ($35.50)
Seat 2: Necromadx (button) (small blind) folded on the River


PokerStars Hand #145465874548:  Hold'em Limit ($3/$6 USD) - 2015/12/16 23:02:49 ET
Table 'Panthoos' 2-max Seat #1 is the button
Seat 1: toroza ($198.50 in chips)
Seat 2: Necromadx ($139 in chips)
toroza: posts small blind $1
Necromadx: posts big blind $3
*** HOLE CARDS ***
toroza: raises $3 to $6
Necromadx: calls $3
*** FLOP *** [7c 5c 3d]
Necromadx: checks
toroza: bets $3
Necromadx: calls $3
*** TURN *** [7c 5c 3d] [Js]
Necromadx: checks
toroza: bets $6
Necromadx: folds
Uncalled bet ($6) returned to toroza
toroza collected $17.64 from pot
toroza: doesn't show hand
*** SUMMARY ***
Total pot $18 | Rake $0.36
Board [7c 5c 3d Js]
Seat 1: toroza (button) (small blind) collected ($17.64)
Seat 2: Necromadx (big blind) folded on the Turn


PokerStars Hand #145465881723:  Hold'em Limit ($3/$6 USD) - 2015/12/16 23:03:11 ET
Table 'Panthoos' 2-max Seat #2 is the button
Seat 1: toroza ($207.14 in chips)
Seat 2: Necromadx ($130 in chips)
Necromadx: posts small blind $1
toroza: posts big blind $3
*** HOLE CARDS ***
Necromadx: raises $3 to $6
toroza: calls $3
*** FLOP *** [7h Qh 4h]
toroza: checks
Necromadx: bets $3
toroza: folds
Uncalled bet ($3) returned to Necromadx
Necromadx collected $11.76 from pot
Necromadx: doesn't show hand
*** SUMMARY ***
Total pot $12 | Rake $0.24
Board [7h Qh 4h]
Seat 1: toroza (big blind) folded on the Flop
Seat 2: Necromadx (button) (small blind) collected ($11.76)


PokerStars Hand #145465885563:  Hold'em Limit ($3/$6 USD) - 2015/12/16 23:03:23 ET
Table 'Panthoos' 2-max Seat #1 is the button
Seat 1: toroza ($201.14 in chips)
Seat 2: Necromadx ($135.76 in chips)
toroza: posts small blind $1
Necromadx: posts big blind $3
*** HOLE CARDS ***
toroza: raises $3 to $6
Necromadx: calls $3
*** FLOP *** [7d Tc 9s]
Necromadx: checks
toroza: checks
*** TURN *** [7d Tc 9s] [5c]
Necromadx: checks
toroza: bets $6
Necromadx: folds
Uncalled bet ($6) returned to toroza
toroza collected $11.76 from pot
toroza: doesn't show hand
*** SUMMARY ***
Total pot $12 | Rake $0.24
Board [7d Tc 9s 5c]
Seat 1: toroza (button) (small blind) collected ($11.76)
Seat 2: Necromadx (big blind) folded on the Turn


PokerStars Hand #145465891979:  Hold'em Limit ($3/$6 USD) - 2015/12/16 23:03:43 ET
Table 'Panthoos' 2-max Seat #2 is the button
Seat 1: toroza ($206.90 in chips)
Seat 2: Necromadx ($129.76 in chips)
Necromadx: posts small blind $1
toroza: posts big blind $3
*** HOLE CARDS ***
Necromadx: raises $3 to $6
toroza: calls $3
*** FLOP *** [Jd 8h 6d]
toroza: checks
Necromadx: bets $3
toroza: folds
Uncalled bet ($3) returned to Necromadx
Necromadx collected $11.76 from pot
Necromadx: doesn't show hand
*** SUMMARY ***
Total pot $12 | Rake $0.24
Board [Jd 8h 6d]
Seat 1: toroza (big blind) folded on the Flop
Seat 2: Necromadx (button) (small blind) collected ($11.76)


PokerStars Hand #145465900082:  Hold'em Limit ($3/$6 USD) - 2015/12/16 23:04:08 ET
Table 'Panthoos' 2-max Seat #2 is the button
Seat 1: toroza ($176.90 in chips)
Seat 2: Necromadx ($159.02 in chips)
Necromadx: posts small blind $1
toroza: posts big blind $3
*** HOLE CARDS ***
Necromadx: folds
Uncalled bet ($2) returned to toroza
toroza collected $2 from pot
toroza: doesn't show hand
*** SUMMARY ***
Total pot $2 | Rake $0
Seat 1: toroza (big blind) collected ($2)
Seat 2: Necromadx (button) (small blind) folded before Flop


PokerStars Hand #145465895013:  Hold'em Limit ($3/$6 USD) - 2015/12/16 23:03:52 ET
Table 'Panthoos' 2-max Seat #1 is the button
Seat 1: toroza ($200.90 in chips)
Seat 2: Necromadx ($135.52 in chips)
toroza: posts small blind $1
Necromadx: posts big blind $3
*** HOLE CARDS ***
toroza: raises $3 to $6
Necromadx: raises $3 to $9
toroza: calls $3
*** FLOP *** [Ts Ks 4d]
Necromadx: bets $3
toroza: calls $3
*** TURN *** [Ts Ks 4d] [Ah]
Necromadx: bets $6
toroza: calls $6
*** RIVER *** [Ts Ks 4d Ah] [5d]
Necromadx: bets $6
toroza: calls $6
*** SHOW DOWN ***
Necromadx: shows [Ad Qh] (a pair of Aces)
toroza: mucks hand
Necromadx collected $47.50 from pot
*** SUMMARY ***
Total pot $48 | Rake $0.50
Board [Ts Ks 4d Ah 5d]
Seat 1: toroza (button) (small blind) mucked
Seat 2: Necromadx (big blind) showed [Ad Qh] and won ($47.50) with a pair of Aces


PokerStars Hand #145465901572:  Hold'em Limit ($3/$6 USD) - 2015/12/16 23:04:13 ET
Table 'Panthoos' 2-max Seat #1 is the button
Seat 1: toroza ($177.90 in chips)
Seat 2: Necromadx ($158.02 in chips)
toroza: posts small blind $1
Necromadx: posts big blind $3
*** HOLE CARDS ***
toroza: raises $3 to $6
Necromadx: calls $3
*** FLOP *** [Kc 2s 4d]
Necromadx: checks
toroza: bets $3
Necromadx: calls $3
*** TURN *** [Kc 2s 4d] [6d]
Necromadx: checks
toroza: bets $6
Necromadx: calls $6
*** RIVER *** [Kc 2s 4d 6d] [8h]
Necromadx: checks
toroza: bets $6
Necromadx: calls $6
*** SHOW DOWN ***
toroza: shows [4c Kd] (two pair, Kings and Fours)
Necromadx: mucks hand
toroza collected $41.50 from pot
*** SUMMARY ***
Total pot $42 | Rake $0.50
Board [Kc 2s 4d 6d 8h]
Seat 1: toroza (button) (small blind) showed [4c Kd] and won ($41.50) with two pair, Kings and Fours
Seat 2: Necromadx (big blind) mucked


PokerStars Hand #145465909898:  Hold'em Limit ($3/$6 USD) - 2015/12/16 23:04:39 ET
Table 'Panthoos' 2-max Seat #2 is the button
Seat 1: toroza ($198.40 in chips)
Seat 2: Necromadx ($137.02 in chips)
Necromadx: posts small blind $1
toroza: posts big blind $3
*** HOLE CARDS ***
Necromadx: raises $3 to $6
toroza: calls $3
*** FLOP *** [4h 9h Ts]
toroza: checks
Necromadx: bets $3
toroza: calls $3
*** TURN *** [4h 9h Ts] [2s]
toroza: checks
Necromadx: checks
*** RIVER *** [4h 9h Ts 2s] [Jd]
toroza: bets $6
Necromadx: folds
Uncalled bet ($6) returned to toroza
toroza collected $17.64 from pot
toroza: doesn't show hand
*** SUMMARY ***
Total pot $18 | Rake $0.36
Board [4h 9h Ts 2s Jd]
Seat 1: toroza (big blind) collected ($17.64)
Seat 2: Necromadx (button) (small blind) folded on the River


PokerStars Hand #145465917114:  Hold'em Limit ($3/$6 USD) - 2015/12/16 23:05:01 ET
Table 'Panthoos' 2-max Seat #1 is the button
Seat 1: toroza ($207.04 in chips)
Seat 2: Necromadx ($128.02 in chips)
toroza: posts small blind $1
Necromadx: posts big blind $3
*** HOLE CARDS ***
toroza: raises $3 to $6
Necromadx: calls $3
*** FLOP *** [As 9s Kc]
Necromadx: checks
toroza: checks
*** TURN *** [As 9s Kc] [Th]
Necromadx: bets $6
toroza: folds
Uncalled bet ($6) returned to Necromadx
Necromadx collected $11.76 from pot
Necromadx: doesn't show hand
*** SUMMARY ***
Total pot $12 | Rake $0.24
Board [As 9s Kc Th]
Seat 1: toroza (button) (small blind) folded on the Turn
Seat 2: Necromadx (big blind) collected ($11.76)


PokerStars Hand #145465921184:  Hold'em Limit ($3/$6 USD) - 2015/12/16 23:05:14 ET
Table 'Panthoos' 2-max Seat #2 is the button
Seat 1: toroza ($201.04 in chips)
Seat 2: Necromadx ($133.78 in chips)
Necromadx: posts small blind $1
toroza: posts big blind $3
*** HOLE CARDS ***
Necromadx: folds
Uncalled bet ($2) returned to toroza
toroza collected $2 from pot
toroza: doesn't show hand
*** SUMMARY ***
Total pot $2 | Rake $0
Seat 1: toroza (big blind) collected ($2)
Seat 2: Necromadx (button) (small blind) folded before Flop


PokerStars Hand #145465928940:  Hold'em Limit ($3/$6 USD) - 2015/12/16 23:05:38 ET
Table 'Panthoos' 2-max Seat #2 is the button
Seat 1: toroza ($175.04 in chips)
Seat 2: Necromadx ($159.28 in chips)
Necromadx: posts small blind $1
toroza: posts big blind $3
*** HOLE CARDS ***
Necromadx: folds
Uncalled bet ($2) returned to toroza
toroza collected $2 from pot
toroza: doesn't show hand
*** SUMMARY ***
Total pot $2 | Rake $0
Seat 1: toroza (big blind) collected ($2)
Seat 2: Necromadx (button) (small blind) folded before Flop


PokerStars Hand #145465923158:  Hold'em Limit ($3/$6 USD) - 2015/12/16 23:05:20 ET
Table 'Panthoos' 2-max Seat #1 is the button
Seat 1: toroza ($202.04 in chips)
Seat 2: Necromadx ($132.78 in chips)
toroza: posts small blind $1
Necromadx: posts big blind $3
*** HOLE CARDS ***
toroza: raises $3 to $6
Necromadx: raises $3 to $9
toroza: calls $3
*** FLOP *** [9d 5c 9s]
Necromadx: bets $3
toroza: raises $3 to $6
Necromadx: calls $3
*** TURN *** [9d 5c 9s] [2h]
Necromadx: checks
toroza: bets $6
Necromadx: calls $6
*** RIVER *** [9d 5c 9s 2h] [Qc]
Necromadx: checks
toroza: bets $6
Necromadx: calls $6
*** SHOW DOWN ***
toroza: shows [6c 3s] (a pair of Nines)
Necromadx: shows [5d 6d] (two pair, Nines and Fives)
Necromadx collected $53.50 from pot
*** SUMMARY ***
Total pot $54 | Rake $0.50
Board [9d 5c 9s 2h Qc]
Seat 1: toroza (button) (small blind) showed [6c 3s] and lost with a pair of Nines
Seat 2: Necromadx (big blind) showed [5d 6d] and won ($53.50) with two pair, Nines and Fives


PokerStars Hand #145465930532:  Hold'em Limit ($3/$6 USD) - 2015/12/16 23:05:43 ET
Table 'Panthoos' 2-max Seat #1 is the button
Seat 1: toroza ($176.04 in chips)
Seat 2: Necromadx ($158.28 in chips)
toroza: posts small blind $1
Necromadx: posts big blind $3
*** HOLE CARDS ***
toroza: raises $3 to $6
Necromadx: calls $3
*** FLOP *** [2d Kh 4c]
Necromadx: checks
toroza: bets $3
Necromadx: folds
Uncalled bet ($3) returned to toroza
toroza collected $11.76 from pot
toroza: doesn't show hand
*** SUMMARY ***
Total pot $12 | Rake $0.24
Board [2d Kh 4c]
Seat 1: toroza (button) (small blind) collected ($11.76)
Seat 2: Necromadx (big blind) folded on the Flop


PokerStars Hand #145465934527:  Hold'em Limit ($3/$6 USD) - 2015/12/16 23:05:56 ET
Table 'Panthoos' 2-max Seat #2 is the button
Seat 1: toroza ($181.80 in chips)
Seat 2: Necromadx ($152.28 in chips)
Necromadx: posts small blind $1
toroza: posts big blind $3
*** HOLE CARDS ***
Necromadx: raises $3 to $6
toroza: calls $3
*** FLOP *** [Tc Qc Ad]
toroza: checks
Necromadx: bets $3
toroza: folds
Uncalled bet ($3) returned to Necromadx
Necromadx collected $11.76 from pot
Necromadx: doesn't show hand
*** SUMMARY ***
Total pot $12 | Rake $0.24
Board [Tc Qc Ad]
Seat 1: toroza (big blind) folded on the Flop
Seat 2: Necromadx (button) (small blind) collected ($11.76)


PokerStars Hand #145465937601:  Hold'em Limit ($3/$6 USD) - 2015/12/16 23:06:05 ET
Table 'Panthoos' 2-max Seat #1 is the button
Seat 1: toroza ($175.80 in chips)
Seat 2: Necromadx ($158.04 in chips)
toroza: posts small blind $1
Necromadx: posts big blind $3
*** HOLE CARDS ***
toroza: raises $3 to $6
Necromadx: calls $3
*** FLOP *** [7d 8d 7h]
Necromadx: checks
toroza: checks
*** TURN *** [7d 8d 7h] [3h]
Necromadx: bets $6
toroza: calls $6
*** RIVER *** [7d 8d 7h 3h] [8c]
Necromadx: bets $6
toroza: folds
Uncalled bet ($6) returned to Necromadx
Necromadx collected $23.52 from pot
Necromadx: doesn't show hand
*** SUMMARY ***
Total pot $24 | Rake $0.48
Board [7d 8d 7h 3h 8c]
Seat 1: toroza (button) (small blind) folded on the River
Seat 2: Necromadx (big blind) collected ($23.52)


PokerStars Hand #145465943094:  Hold'em Limit ($3/$6 USD) - 2015/12/16 23:06:22 ET
Table 'Panthoos' 2-max Seat #2 is the button
Seat 1: toroza ($163.80 in chips)
Seat 2: Necromadx ($169.56 in chips)
Necromadx: posts small blind $1
toroza: posts big blind $3
*** HOLE CARDS ***
Necromadx: raises $3 to $6
toroza: calls $3
*** FLOP *** [Tc 5h 6h]
toroza: checks
Necromadx: bets $3
toroza: calls $3
*** TURN *** [Tc 5h 6h] [5c]
toroza: checks
Necromadx: bets $6
toroza: calls $6
*** RIVER *** [Tc 5h 6h 5c] [2d]
toroza: checks
Necromadx: bets $6
toroza: calls $6
*** SHOW DOWN ***
Necromadx: shows [4c Td] (two pair, Tens and Fives)
toroza: mucks hand
Necromadx collected $41.50 from pot
*** SUMMARY ***
Total pot $42 | Rake $0.50
Board [Tc 5h 6h 5c 2d]
Seat 1: toroza (big blind) mucked
Seat 2: Necromadx (button) (small blind) showed [4c Td] and won ($41.50) with two pair, Tens and Fives


PokerStars Hand #145465953214:  Hold'em Limit ($3/$6 USD) - 2015/12/16 23:06:54 ET
Table 'Panthoos' 2-max Seat #1 is the button
Seat 1: toroza ($142.80 in chips)
Seat 2: Necromadx ($190.06 in chips)
toroza: posts small blind $1
Necromadx: posts big blind $3
*** HOLE CARDS ***
toroza: raises $3 to $6
Necromadx: calls $3
*** FLOP *** [9d Kc 9c]
Necromadx: checks
toroza: checks
*** TURN *** [9d Kc 9c] [Td]
Necromadx: bets $6
toroza: folds
Uncalled bet ($6) returned to Necromadx
Necromadx collected $11.76 from pot
Necromadx: doesn't show hand
*** SUMMARY ***
Total pot $12 | Rake $0.24
Board [9d Kc 9c Td]
Seat 1: toroza (button) (small blind) folded on the Turn
Seat 2: Necromadx (big blind) collected ($11.76)


PokerStars Hand #145465961048:  Hold'em Limit ($3/$6 USD) - 2015/12/16 23:07:19 ET
Table 'Panthoos' 2-max Seat #1 is the button
Seat 1: toroza ($130.80 in chips)
Seat 2: Necromadx ($201.58 in chips)
toroza: posts small blind $1
Necromadx: posts big blind $3
*** HOLE CARDS ***
toroza: raises $3 to $6
Necromadx: folds
Uncalled bet ($3) returned to toroza
toroza collected $6 from pot
toroza: doesn't show hand
*** SUMMARY ***
Total pot $6 | Rake $0
Seat 1: toroza (button) (small blind) collected ($6)
Seat 2: Necromadx (big blind) folded before Flop


PokerStars Hand #145465957766:  Hold'em Limit ($3/$6 USD) - 2015/12/16 23:07:08 ET
Table 'Panthoos' 2-max Seat #2 is the button
Seat 1: toroza ($136.80 in chips)
Seat 2: Necromadx ($195.82 in chips)
Necromadx: posts small blind $1
toroza: posts big blind $3
*** HOLE CARDS ***
Necromadx: raises $3 to $6
toroza: calls $3
*** FLOP *** [7h Kd 7d]
toroza: checks
Necromadx: bets $3
toroza: folds
Uncalled bet ($3) returned to Necromadx
Necromadx collected $11.76 from pot
Necromadx: doesn't show hand
*** SUMMARY ***
Total pot $12 | Rake $0.24
Board [7h Kd 7d]
Seat 1: toroza (big blind) folded on the Flop
Seat 2: Necromadx (button) (small blind) collected ($11.76)


PokerStars Hand #145466004262:  Hold'em Limit ($3/$6 USD) - 2015/12/16 23:09:36 ET
Table 'Panthoos' 2-max Seat #2 is the button
Seat 1: toroza ($118.72 in chips)
Seat 2: Necromadx ($211.60 in chips)
Necromadx: posts small blind $1
toroza: posts big blind $3
*** HOLE CARDS ***
Necromadx: folds
Uncalled bet ($2) returned to toroza
toroza collected $2 from pot
toroza: doesn't show hand
*** SUMMARY ***
Total pot $2 | Rake $0
Seat 1: toroza (big blind) collected ($2)
Seat 2: Necromadx (button) (small blind) folded before Flop


PokerStars Hand #145465965927:  Hold'em Limit ($3/$6 USD) - 2015/12/16 23:07:35 ET
Table 'Panthoos' 2-max Seat #1 is the button
Seat 1: toroza ($134.80 in chips)
Seat 2: Necromadx ($197.58 in chips)
toroza: posts small blind $1
Necromadx: posts big blind $3
*** HOLE CARDS ***
toroza: raises $3 to $6
Necromadx: raises $3 to $9
toroza: calls $3
*** FLOP *** [8s 3s Kd]
Necromadx: bets $3
toroza: calls $3
*** TURN *** [8s 3s Kd] [9h]
Necromadx: bets $6
toroza: folds
Uncalled bet ($6) returned to Necromadx
Necromadx collected $23.52 from pot
Necromadx: doesn't show hand
*** SUMMARY ***
Total pot $24 | Rake $0.48
Board [8s 3s Kd 9h]
Seat 1: toroza (button) (small blind) folded on the Turn
Seat 2: Necromadx (big blind) collected ($23.52)


PokerStars Hand #145465970451:  Hold'em Limit ($3/$6 USD) - 2015/12/16 23:07:49 ET
Table 'Panthoos' 2-max Seat #2 is the button
Seat 1: toroza ($122.80 in chips)
Seat 2: Necromadx ($209.10 in chips)
Necromadx: posts small blind $1
toroza: posts big blind $3
*** HOLE CARDS ***
Necromadx: raises $3 to $6
toroza: calls $3
*** FLOP *** [7h Tc 5h]
toroza: checks
Necromadx: bets $3
toroza: raises $3 to $6
Necromadx: calls $3
*** TURN *** [7h Tc 5h] [Kd]
toroza: bets $6
Necromadx: calls $6
*** RIVER *** [7h Tc 5h Kd] [6h]
toroza: bets $6
Necromadx: raises $6 to $12
toroza: calls $6
*** SHOW DOWN ***
Necromadx: shows [8d 4d] (a straight, Four to Eight)
toroza: mucks hand
Necromadx collected $59.50 from pot
*** SUMMARY ***
Total pot $60 | Rake $0.50
Board [7h Tc 5h Kd 6h]
Seat 1: toroza (big blind) mucked
Seat 2: Necromadx (button) (small blind) showed [8d 4d] and won ($59.50) with a straight, Four to Eight


PokerStars Hand #145465977394:  Hold'em Limit ($3/$6 USD) - 2015/12/16 23:08:11 ET
Table 'Panthoos' 2-max Seat #1 is the button
Seat 1: toroza ($92.80 in chips)
Seat 2: Necromadx ($238.60 in chips)
toroza: posts small blind $1
Necromadx: posts big blind $3
*** HOLE CARDS ***
toroza: raises $3 to $6
Necromadx: calls $3
*** FLOP *** [7d 9c 4c]
Necromadx: checks
toroza: bets $3
Necromadx: calls $3
*** TURN *** [7d 9c 4c] [8h]
Necromadx: checks
toroza: checks
*** RIVER *** [7d 9c 4c 8h] [5s]
Necromadx: checks
toroza: bets $6
Necromadx: folds
Uncalled bet ($6) returned to toroza
toroza collected $17.64 from pot
toroza: doesn't show hand
*** SUMMARY ***
Total pot $18 | Rake $0.36
Board [7d 9c 4c 8h 5s]
Seat 1: toroza (button) (small blind) collected ($17.64)
Seat 2: Necromadx (big blind) folded on the River


PokerStars Hand #145466019981:  Hold'em Limit ($3/$6 USD) - 2015/12/16 23:10:26 ET
Table 'Panthoos' 2-max Seat #2 is the button
Seat 1: toroza ($105.72 in chips)
Seat 2: Necromadx ($224.10 in chips)
Necromadx: posts small blind $1
toroza: posts big blind $3
*** HOLE CARDS ***
Necromadx: raises $3 to $6
toroza: raises $3 to $9
Necromadx: calls $3
*** FLOP *** [Tc Kd Th]
toroza: bets $3
Necromadx: folds
Uncalled bet ($3) returned to toroza
toroza collected $17.64 from pot
toroza: doesn't show hand
*** SUMMARY ***
Total pot $18 | Rake $0.36
Board [Tc Kd Th]
Seat 1: toroza (big blind) collected ($17.64)
Seat 2: Necromadx (button) (small blind) folded on the Flop


PokerStars Hand #145466017337:  Hold'em Limit ($3/$6 USD) - 2015/12/16 23:10:18 ET
Table 'Panthoos' 2-max Seat #1 is the button
Seat 1: toroza ($102.72 in chips)
Seat 2: Necromadx ($227.10 in chips)
toroza: posts small blind $1
Necromadx: posts big blind $3
*** HOLE CARDS ***
toroza: raises $3 to $6
Necromadx: folds
Uncalled bet ($3) returned to toroza
toroza collected $6 from pot
toroza: doesn't show hand
*** SUMMARY ***
Total pot $6 | Rake $0
Seat 1: toroza (button) (small blind) collected ($6)
Seat 2: Necromadx (big blind) folded before Flop


PokerStars Hand #145466013636:  Hold'em Limit ($3/$6 USD) - 2015/12/16 23:10:06 ET
Table 'Panthoos' 2-max Seat #2 is the button
Seat 1: toroza ($101.72 in chips)
Seat 2: Necromadx ($228.10 in chips)
Necromadx: posts small blind $1
toroza: posts big blind $3
*** HOLE CARDS ***
Necromadx: folds
Uncalled bet ($2) returned to toroza
toroza collected $2 from pot
toroza: doesn't show hand
*** SUMMARY ***
Total pot $2 | Rake $0
Seat 1: toroza (big blind) collected ($2)
Seat 2: Necromadx (button) (small blind) folded before Flop


PokerStars Hand #145466006465:  Hold'em Limit ($3/$6 USD) - 2015/12/16 23:09:43 ET
Table 'Panthoos' 2-max Seat #1 is the button
Seat 1: toroza ($119.72 in chips)
Seat 2: Necromadx ($210.60 in chips)
toroza: posts small blind $1
Necromadx: posts big blind $3
*** HOLE CARDS ***
toroza: raises $3 to $6
Necromadx: calls $3
*** FLOP *** [Jc Ad Tc]
Necromadx: checks
toroza: checks
*** TURN *** [Jc Ad Tc] [7c]
Necromadx: bets $6
toroza: calls $6
*** RIVER *** [Jc Ad Tc 7c] [4h]
Necromadx: bets $6
toroza: calls $6
*** SHOW DOWN ***
Necromadx: shows [7d As] (two pair, Aces and Sevens)
toroza: mucks hand
Necromadx collected $35.50 from pot
*** SUMMARY ***
Total pot $36 | Rake $0.50
Board [Jc Ad Tc 7c 4h]
Seat 1: toroza (button) (small blind) mucked
Seat 2: Necromadx (big blind) showed [7d As] and won ($35.50) with two pair, Aces and Sevens


PokerStars Hand #145466040436:  Hold'em Limit ($3/$6 USD) - 2015/12/16 23:11:33 ET
Table 'Panthoos' 2-max Seat #2 is the button
Seat 1: toroza ($101.86 in chips)
Seat 2: Necromadx ($226.24 in chips)
Necromadx: posts small blind $1
toroza: posts big blind $3
*** HOLE CARDS ***
Necromadx: raises $3 to $6
toroza: calls $3
*** FLOP *** [Kh Ac Jc]
toroza: checks
Necromadx: bets $3
toroza: raises $3 to $6
Necromadx: calls $3
*** TURN *** [Kh Ac Jc] [5c]
toroza: checks
Necromadx: checks
*** RIVER *** [Kh Ac Jc 5c] [Qs]
toroza: bets $6
Necromadx: calls $6
*** SHOW DOWN ***
toroza: shows [Ad 8h] (a pair of Aces)
Necromadx: mucks hand
toroza collected $35.50 from pot
*** SUMMARY ***
Total pot $36 | Rake $0.50
Board [Kh Ac Jc 5c Qs]
Seat 1: toroza (big blind) showed [Ad 8h] and won ($35.50) with a pair of Aces
Seat 2: Necromadx (button) (small blind) mucked


PokerStars Hand #145466034853:  Hold'em Limit ($3/$6 USD) - 2015/12/16 23:11:15 ET
Table 'Panthoos' 2-max Seat #1 is the button
Seat 1: toroza ($110.86 in chips)
Seat 2: Necromadx ($217.60 in chips)
toroza: posts small blind $1
Necromadx: posts big blind $3
*** HOLE CARDS ***
toroza: raises $3 to $6
Necromadx: calls $3
*** FLOP *** [4d 7h Ad]
Necromadx: checks
toroza: bets $3
Necromadx: calls $3
*** TURN *** [4d 7h Ad] [3c]
Necromadx: checks
toroza: checks
*** RIVER *** [4d 7h Ad 3c] [Jc]
Necromadx: bets $6
toroza: folds
Uncalled bet ($6) returned to Necromadx
Necromadx collected $17.64 from pot
Necromadx: doesn't show hand
*** SUMMARY ***
Total pot $18 | Rake $0.36
Board [4d 7h Ad 3c Jc]
Seat 1: toroza (button) (small blind) folded on the River
Seat 2: Necromadx (big blind) collected ($17.64)


PokerStars Hand #145466027533:  Hold'em Limit ($3/$6 USD) - 2015/12/16 23:10:51 ET
Table 'Panthoos' 2-max Seat #2 is the button
Seat 1: toroza ($134.86 in chips)
Seat 2: Necromadx ($194.10 in chips)
Necromadx: posts small blind $1
toroza: posts big blind $3
*** HOLE CARDS ***
Necromadx: raises $3 to $6
toroza: calls $3
*** FLOP *** [Kh 4h 9h]
toroza: checks
Necromadx: bets $3
toroza: raises $3 to $6
Necromadx: calls $3
*** TURN *** [Kh 4h 9h] [Tc]
toroza: bets $6
Necromadx: calls $6
*** RIVER *** [Kh 4h 9h Tc] [2c]
toroza: bets $6
Necromadx: calls $6
*** SHOW DOWN ***
toroza: shows [Jd 7c] (high card King)
Necromadx: shows [8h Ac] (high card Ace)
Necromadx collected $47.50 from pot
*** SUMMARY ***
Total pot $48 | Rake $0.50
Board [Kh 4h 9h Tc 2c]
Seat 1: toroza (big blind) showed [Jd 7c] and lost with high card King
Seat 2: Necromadx (button) (small blind) showed [8h Ac] and won ($47.50) with high card Ace


PokerStars Hand #145466060802:  Hold'em Limit ($3/$6 USD) - 2015/12/16 23:12:39 ET
Table 'Panthoos' 2-max Seat #2 is the button
Seat 1: toroza ($89.12 in chips)
Seat 2: Necromadx ($237.50 in chips)
Necromadx: posts small blind $1
toroza: posts big blind $3
*** HOLE CARDS ***
Necromadx: raises $3 to $6
toroza: calls $3
*** FLOP *** [9d 4h 8s]
toroza: checks
Necromadx: bets $3
toroza: folds
Uncalled bet ($3) returned to Necromadx
Necromadx collected $11.76 from pot
Necromadx: doesn't show hand
*** SUMMARY ***
Total pot $12 | Rake $0.24
Board [9d 4h 8s]
Seat 1: toroza (big blind) folded on the Flop
Seat 2: Necromadx (button) (small blind) collected ($11.76)


PokerStars Hand #145466057002:  Hold'em Limit ($3/$6 USD) - 2015/12/16 23:12:27 ET
Table 'Panthoos' 2-max Seat #1 is the button
Seat 1: toroza ($95.12 in chips)
Seat 2: Necromadx ($231.74 in chips)
toroza: posts small blind $1
Necromadx: posts big blind $3
*** HOLE CARDS ***
toroza: raises $3 to $6
Necromadx: calls $3
*** FLOP *** [4h 4c Jh]
Necromadx: checks
toroza: checks
*** TURN *** [4h 4c Jh] [6s]
Necromadx: checks
toroza: checks
*** RIVER *** [4h 4c Jh 6s] [Kd]
Necromadx: checks
toroza: checks
*** SHOW DOWN ***
Necromadx: shows [Ad 7s] (a pair of Fours)
toroza: mucks hand
Necromadx collected $11.76 from pot
*** SUMMARY ***
Total pot $12 | Rake $0.24
Board [4h 4c Jh 6s Kd]
Seat 1: toroza (button) (small blind) mucked
Seat 2: Necromadx (big blind) showed [Ad 7s] and won ($11.76) with a pair of Fours


PokerStars Hand #145466049479:  Hold'em Limit ($3/$6 USD) - 2015/12/16 23:12:02 ET
Table 'Panthoos' 2-max Seat #2 is the button
Seat 1: toroza ($125.12 in chips)
Seat 2: Necromadx ($202.24 in chips)
Necromadx: posts small blind $1
toroza: posts big blind $3
*** HOLE CARDS ***
Necromadx: raises $3 to $6
toroza: raises $3 to $9
Necromadx: calls $3
*** FLOP *** [9h Js 8s]
toroza: bets $3
Necromadx: calls $3
*** TURN *** [9h Js 8s] [3h]
toroza: bets $6
Necromadx: raises $6 to $12
toroza: calls $6
*** RIVER *** [9h Js 8s 3h] [Td]
toroza: bets $6
Necromadx: calls $6
*** SHOW DOWN ***
toroza: shows [Kh 9c] (a pair of Nines)
Necromadx: shows [Jc Kd] (a pair of Jacks)
Necromadx collected $59.50 from pot
*** SUMMARY ***
Total pot $60 | Rake $0.50
Board [9h Js 8s 3h Td]
Seat 1: toroza (big blind) showed [Kh 9c] and lost with a pair of Nines
Seat 2: Necromadx (button) (small blind) showed [Jc Kd] and won ($59.50) with a pair of Jacks


PokerStars Hand #145466046438:  Hold'em Limit ($3/$6 USD) - 2015/12/16 23:11:52 ET
Table 'Panthoos' 2-max Seat #1 is the button
Seat 1: toroza ($119.36 in chips)
Seat 2: Necromadx ($208.24 in chips)
toroza: posts small blind $1
Necromadx: posts big blind $3
*** HOLE CARDS ***
toroza: raises $3 to $6
Necromadx: calls $3
*** FLOP *** [Ah 5d Tc]
Necromadx: checks
toroza: bets $3
Necromadx: folds
Uncalled bet ($3) returned to toroza
toroza collected $11.76 from pot
toroza: doesn't show hand
*** SUMMARY ***
Total pot $12 | Rake $0.24
Board [Ah 5d Tc]
Seat 1: toroza (button) (small blind) collected ($11.76)
Seat 2: Necromadx (big blind) folded on the Flop


PokerStars Hand #145466074299:  Hold'em Limit ($3/$6 USD) - 2015/12/16 23:13:23 ET
Table 'Panthoos' 2-max Seat #2 is the button
Seat 1: toroza ($38.12 in chips)
Seat 2: Necromadx ($287.76 in chips)
Necromadx: posts small blind $1
toroza: posts big blind $3
*** HOLE CARDS ***
Necromadx: folds
Uncalled bet ($2) returned to toroza
toroza collected $2 from pot
toroza: doesn't show hand
*** SUMMARY ***
Total pot $2 | Rake $0
Seat 1: toroza (big blind) collected ($2)
Seat 2: Necromadx (button) (small blind) folded before Flop


PokerStars Hand #145466064127:  Hold'em Limit ($3/$6 USD) - 2015/12/16 23:12:50 ET
Table 'Panthoos' 2-max Seat #1 is the button
Seat 1: toroza ($83.12 in chips)
Seat 2: Necromadx ($243.26 in chips)
toroza: posts small blind $1
Necromadx: posts big blind $3
*** HOLE CARDS ***
toroza: raises $3 to $6
Necromadx: raises $3 to $9
toroza: calls $3
*** FLOP *** [2h 7d 5h]
Necromadx: bets $3
toroza: raises $3 to $6
Necromadx: calls $3
*** TURN *** [2h 7d 5h] [Qc]
Necromadx: checks
toroza: bets $6
Necromadx: raises $6 to $12
toroza: raises $6 to $18
Necromadx: calls $6
*** RIVER *** [2h 7d 5h Qc] [9d]
Necromadx: checks
toroza: bets $6
Necromadx: raises $6 to $12
toroza: calls $6
*** SHOW DOWN ***
Necromadx: shows [Qs 9s] (two pair, Queens and Nines)
toroza: mucks hand
Necromadx collected $89.50 from pot
*** SUMMARY ***
Total pot $90 | Rake $0.50
Board [2h 7d 5h Qc 9d]
Seat 1: toroza (button) (small blind) mucked
Seat 2: Necromadx (big blind) showed [Qs 9s] and won ($89.50) with two pair, Queens and Nines


PokerStars Hand #145466092412:  Hold'em Limit ($3/$6 USD) - 2015/12/16 23:14:22 ET
Table 'Panthoos' 2-max Seat #1 is the button
Seat 1: toroza ($29.62 in chips)
Seat 2: Necromadx ($295.26 in chips)
toroza: posts small blind $1
Necromadx: posts big blind $3
*** HOLE CARDS ***
toroza: raises $3 to $6
Necromadx: calls $3
*** FLOP *** [7h 7c 2d]
Necromadx: checks
toroza: bets $3
Necromadx: calls $3
*** TURN *** [7h 7c 2d] [Js]
Necromadx: checks
toroza: bets $6
Necromadx: folds
Uncalled bet ($6) returned to toroza
toroza collected $17.64 from pot
toroza: doesn't show hand
*** SUMMARY ***
Total pot $18 | Rake $0.36
Board [7h 7c 2d Js]
Seat 1: toroza (button) (small blind) collected ($17.64)
Seat 2: Necromadx (big blind) folded on the Turn


PokerStars Hand #145466086515:  Hold'em Limit ($3/$6 USD) - 2015/12/16 23:14:03 ET
Table 'Panthoos' 2-max Seat #2 is the button
Seat 1: toroza ($59.62 in chips)
Seat 2: Necromadx ($265.76 in chips)
Necromadx: posts small blind $1
toroza: posts big blind $3
*** HOLE CARDS ***
Necromadx: raises $3 to $6
toroza: calls $3
*** FLOP *** [7h Qh 6c]
toroza: checks
Necromadx: bets $3
toroza: raises $3 to $6
Necromadx: calls $3
*** TURN *** [7h Qh 6c] [4s]
toroza: bets $6
Necromadx: calls $6
*** RIVER *** [7h Qh 6c 4s] [4h]
toroza: bets $6
Necromadx: raises $6 to $12
toroza: calls $6
*** SHOW DOWN ***
Necromadx: shows [Kh 2h] (a flush, King high)
toroza: mucks hand
Necromadx collected $59.50 from pot
*** SUMMARY ***
Total pot $60 | Rake $0.50
Board [7h Qh 6c 4s 4h]
Seat 1: toroza (big blind) mucked
Seat 2: Necromadx (button) (small blind) showed [Kh 2h] and won ($59.50) with a flush, King high


PokerStars Hand #145466075740:  Hold'em Limit ($3/$6 USD) - 2015/12/16 23:13:27 ET
Table 'Panthoos' 2-max Seat #1 is the button
Seat 1: toroza ($39.12 in chips)
Seat 2: Necromadx ($286.76 in chips)
toroza: posts small blind $1
Necromadx: posts big blind $3
*** HOLE CARDS ***
toroza: raises $3 to $6
Necromadx: calls $3
*** FLOP *** [4s 2s 7h]
Necromadx: checks
toroza: bets $3
Necromadx: calls $3
*** TURN *** [4s 2s 7h] [Qd]
Necromadx: checks
toroza: bets $6
Necromadx: calls $6
*** RIVER *** [4s 2s 7h Qd] [4h]
Necromadx: checks
toroza: bets $6
Necromadx: calls $6
*** SHOW DOWN ***
toroza: shows [Qh 7c] (two pair, Queens and Sevens)
Necromadx: mucks hand
toroza collected $41.50 from pot
*** SUMMARY ***
Total pot $42 | Rake $0.50
Board [4s 2s 7h Qd 4h]
Seat 1: toroza (button) (small blind) showed [Qh 7c] and won ($41.50) with two pair, Queens and Sevens
Seat 2: Necromadx (big blind) mucked


PokerStars Hand #145466095726:  Hold'em Limit ($3/$6 USD) - 2015/12/16 23:14:33 ET
Table 'Panthoos' 2-max Seat #2 is the button
Seat 1: toroza ($38.26 in chips)
Seat 2: Necromadx ($286.26 in chips)
Necromadx: posts small blind $1
toroza: posts big blind $3
*** HOLE CARDS ***
Necromadx: raises $3 to $6
toroza: calls $3
*** FLOP *** [7c 8h 3s]
toroza: checks
Necromadx: checks
*** TURN *** [7c 8h 3s] [2s]
toroza: checks
Necromadx: bets $6
toroza: calls $6
*** RIVER *** [7c 8h 3s 2s] [8d]
toroza: checks
Necromadx: bets $6
toroza: folds
Uncalled bet ($6) returned to Necromadx
Necromadx collected $23.52 from pot
Necromadx: doesn't show hand
*** SUMMARY ***
Total pot $24 | Rake $0.48
Board [7c 8h 3s 2s 8d]
Seat 1: toroza (big blind) folded on the River
Seat 2: Necromadx (button) (small blind) collected ($23.52)


PokerStars Hand #145466110122:  Hold'em Limit ($3/$6 USD) - 2015/12/16 23:15:20 ET
Table 'Panthoos' 2-max Seat #2 is the button
Seat 1: toroza ($103.93 in chips)
Seat 2: Necromadx ($321.28 in chips)
Necromadx: posts small blind $1
toroza: posts big blind $3
*** HOLE CARDS ***
Necromadx: raises $3 to $6
toroza: calls $3
*** FLOP *** [4d 5c 7c]
toroza: checks
Necromadx: checks
*** TURN *** [4d 5c 7c] [4h]
toroza: bets $6
Necromadx: calls $6
*** RIVER *** [4d 5c 7c 4h] [Td]
toroza: bets $6
Necromadx: calls $6
*** SHOW DOWN ***
toroza: shows [3s 7s] (two pair, Sevens and Fours)
Necromadx: mucks hand
toroza collected $35.50 from pot
*** SUMMARY ***
Total pot $36 | Rake $0.50
Board [4d 5c 7c 4h Td]
Seat 1: toroza (big blind) showed [3s 7s] and won ($35.50) with two pair, Sevens and Fours
Seat 2: Necromadx (button) (small blind) mucked


PokerStars Hand #145466101067:  Hold'em Limit ($3/$6 USD) - 2015/12/16 23:14:51 ET
Table 'Panthoos' 2-max Seat #1 is the button
Seat 1: toroza ($26.26 in chips)
Seat 2: Necromadx ($297.78 in chips)
toroza: posts small blind $1
Necromadx: posts big blind $3
*** HOLE CARDS ***
toroza: raises $3 to $6
Necromadx: raises $3 to $9
toroza: calls $3
*** FLOP *** [8h 9d 2h]
Necromadx: bets $3
toroza: calls $3
*** TURN *** [8h 9d 2h] [6c]
Necromadx: bets $6
toroza: calls $6
*** RIVER *** [8h 9d 2h 6c] [3s]
Necromadx: bets $6
toroza: calls $6
*** SHOW DOWN ***
Necromadx: shows [Th 9h] (a pair of Nines)
toroza: mucks hand
Necromadx collected $47.50 from pot
*** SUMMARY ***
Total pot $48 | Rake $0.50
Board [8h 9d 2h 6c 3s]
Seat 1: toroza (button) (small blind) mucked
Seat 2: Necromadx (big blind) showed [Th 9h] and won ($47.50) with a pair of Nines


PokerStars Hand #145466114149:  Hold'em Limit ($3/$6 USD) - 2015/12/16 23:15:33 ET
Table 'Panthoos' 2-max Seat #1 is the button
Seat 1: toroza ($121.43 in chips)
Seat 2: Necromadx ($303.28 in chips)
toroza: posts small blind $1
Necromadx: posts big blind $3
*** HOLE CARDS ***
toroza: raises $3 to $6
Necromadx: calls $3
*** FLOP *** [8h Kd 5d]
Necromadx: checks
toroza: checks
*** TURN *** [8h Kd 5d] [3s]
Necromadx: bets $6
toroza: raises $6 to $12
Necromadx: calls $6
*** RIVER *** [8h Kd 5d 3s] [Js]
Necromadx: checks
toroza: bets $6
Necromadx: calls $6
*** SHOW DOWN ***
toroza: shows [Kc 7h] (a pair of Kings)
Necromadx: mucks hand
toroza collected $47.50 from pot
*** SUMMARY ***
Total pot $48 | Rake $0.50
Board [8h Kd 5d 3s Js]
Seat 1: toroza (button) (small blind) showed [Kc 7h] and won ($47.50) with a pair of Kings
Seat 2: Necromadx (big blind) mucked


PokerStars Hand #145466128165:  Hold'em Limit ($3/$6 USD) - 2015/12/16 23:16:18 ET
Table 'Panthoos' 2-max Seat #2 is the button
Seat 1: toroza ($108.69 in chips)
Seat 2: Necromadx ($314.78 in chips)
Necromadx: posts small blind $1
toroza: posts big blind $3
*** HOLE CARDS ***
Necromadx: raises $3 to $6
toroza: calls $3
*** FLOP *** [Kh 7c 7s]
toroza: checks
Necromadx: bets $3
toroza: calls $3
*** TURN *** [Kh 7c 7s] [Ac]
toroza: checks
Necromadx: checks
*** RIVER *** [Kh 7c 7s Ac] [9c]
toroza: bets $6
Necromadx: folds
Uncalled bet ($6) returned to toroza
toroza collected $17.64 from pot
toroza: doesn't show hand
*** SUMMARY ***
Total pot $18 | Rake $0.36
Board [Kh 7c 7s Ac 9c]
Seat 1: toroza (big blind) collected ($17.64)
Seat 2: Necromadx (button) (small blind) folded on the River


PokerStars Hand #145466125674:  Hold'em Limit ($3/$6 USD) - 2015/12/16 23:16:10 ET
Table 'Panthoos' 2-max Seat #1 is the button
Seat 1: toroza ($102.93 in chips)
Seat 2: Necromadx ($320.78 in chips)
toroza: posts small blind $1
Necromadx: posts big blind $3
*** HOLE CARDS ***
toroza: raises $3 to $6
Necromadx: calls $3
*** FLOP *** [Js 7s Jd]
Necromadx: checks
toroza: bets $3
Necromadx: folds
Uncalled bet ($3) returned to toroza
toroza collected $11.76 from pot
toroza: doesn't show hand
*** SUMMARY ***
Total pot $12 | Rake $0.24
Board [Js 7s Jd]
Seat 1: toroza (button) (small blind) collected ($11.76)
Seat 2: Necromadx (big blind) folded on the Flop


PokerStars Hand #145466118527:  Hold'em Limit ($3/$6 USD) - 2015/12/16 23:15:47 ET
Table 'Panthoos' 2-max Seat #2 is the button
Seat 1: toroza ($144.93 in chips)
Seat 2: Necromadx ($279.28 in chips)
Necromadx: posts small blind $1
toroza: posts big blind $3
*** HOLE CARDS ***
Necromadx: raises $3 to $6
toroza: calls $3
*** FLOP *** [9h 8h Qh]
toroza: checks
Necromadx: bets $3
toroza: raises $3 to $6
Necromadx: calls $3
*** TURN *** [9h 8h Qh] [3d]
toroza: bets $6
Necromadx: calls $6
*** RIVER *** [9h 8h Qh 3d] [Kd]
toroza: bets $6
Necromadx: raises $6 to $12
toroza: raises $6 to $18
Necromadx: raises $6 to $24
Betting is capped
toroza: calls $6
*** SHOW DOWN ***
Necromadx: shows [Jh 6h] (a flush, Queen high)
toroza: mucks hand
Necromadx collected $83.50 from pot
*** SUMMARY ***
Total pot $84 | Rake $0.50
Board [9h 8h Qh 3d Kd]
Seat 1: toroza (big blind) mucked
Seat 2: Necromadx (button) (small blind) showed [Jh 6h] and won ($83.50) with a flush, Queen high


PokerStars Hand #145466132727:  Hold'em Limit ($3/$6 USD) - 2015/12/16 23:16:33 ET
Table 'Panthoos' 2-max Seat #1 is the button
Seat 1: toroza ($117.33 in chips)
Seat 2: Necromadx ($305.78 in chips)
toroza: posts small blind $1
Necromadx: posts big blind $3
*** HOLE CARDS ***
toroza: raises $3 to $6
Necromadx: calls $3
*** FLOP *** [2h 7c Js]
Necromadx: bets $3
toroza: raises $3 to $6
Necromadx: calls $3
*** TURN *** [2h 7c Js] [6d]
Necromadx: checks
toroza: bets $6
Necromadx: calls $6
*** RIVER *** [2h 7c Js 6d] [Ts]
Necromadx: checks
toroza: bets $6
Necromadx: raises $6 to $12
toroza: calls $6
*** SHOW DOWN ***
Necromadx: shows [Tc 2s] (two pair, Tens and Deuces)
toroza: mucks hand
Necromadx collected $59.50 from pot
*** SUMMARY ***
Total pot $60 | Rake $0.50
Board [2h 7c Js 6d Ts]
Seat 1: toroza (button) (small blind) mucked
Seat 2: Necromadx (big blind) showed [Tc 2s] and won ($59.50) with two pair, Tens and Deuces


PokerStars Hand #145466144740:  Hold'em Limit ($3/$6 USD) - 2015/12/16 23:17:12 ET
Table 'Panthoos' 2-max Seat #1 is the button
Seat 1: toroza ($119.83 in chips)
Seat 2: Necromadx ($302.28 in chips)
toroza: posts small blind $1
Necromadx: posts big blind $3
*** HOLE CARDS ***
toroza: raises $3 to $6
Necromadx: calls $3
*** FLOP *** [Qd Qc 7h]
Necromadx: checks
toroza: bets $3
Necromadx: calls $3
*** TURN *** [Qd Qc 7h] [Ts]
Necromadx: checks
toroza: bets $6
Necromadx: folds
Uncalled bet ($6) returned to toroza
toroza collected $17.64 from pot
toroza: doesn't show hand
*** SUMMARY ***
Total pot $18 | Rake $0.36
Board [Qd Qc 7h Ts]
Seat 1: toroza (button) (small blind) collected ($17.64)
Seat 2: Necromadx (big blind) folded on the Turn


PokerStars Hand #145466138034:  Hold'em Limit ($3/$6 USD) - 2015/12/16 23:16:50 ET
Table 'Panthoos' 2-max Seat #2 is the button
Seat 1: toroza ($87.33 in chips)
Seat 2: Necromadx ($335.28 in chips)
Necromadx: posts small blind $1
toroza: posts big blind $3
*** HOLE CARDS ***
Necromadx: raises $3 to $6
toroza: calls $3
*** FLOP *** [3h Tc 4d]
toroza: checks
Necromadx: bets $3
toroza: calls $3
*** TURN *** [3h Tc 4d] [3s]
toroza: checks
Necromadx: bets $6
toroza: raises $6 to $12
Necromadx: calls $6
*** RIVER *** [3h Tc 4d 3s] [2s]
toroza: checks
Necromadx: bets $6
toroza: raises $6 to $12
Necromadx: calls $6
*** SHOW DOWN ***
toroza: shows [Qd 3c] (three of a kind, Threes)
Necromadx: mucks hand
toroza collected $65.50 from pot
*** SUMMARY ***
Total pot $66 | Rake $0.50
Board [3h Tc 4d 3s 2s]
Seat 1: toroza (big blind) showed [Qd 3c] and won ($65.50) with three of a kind, Threes
Seat 2: Necromadx (button) (small blind) mucked


PokerStars Hand #145466151119:  Hold'em Limit ($3/$6 USD) - 2015/12/16 23:17:33 ET
Table 'Panthoos' 2-max Seat #2 is the button
Seat 1: toroza ($128.47 in chips)
Seat 2: Necromadx ($293.28 in chips)
Necromadx: posts small blind $1
toroza: posts big blind $3
*** HOLE CARDS ***
Necromadx: raises $3 to $6
toroza: calls $3
*** FLOP *** [5d 2s 4c]
toroza: checks
Necromadx: bets $3
toroza: raises $3 to $6
Necromadx: calls $3
*** TURN *** [5d 2s 4c] [9h]
toroza: bets $6
Necromadx: calls $6
*** RIVER *** [5d 2s 4c 9h] [As]
toroza: bets $6
Necromadx: raises $6 to $12
toroza: calls $6
*** SHOW DOWN ***
Necromadx: shows [8s 3s] (a straight, Ace to Five)
toroza: shows [3h Js] (a straight, Ace to Five)
toroza collected $29.75 from pot
Necromadx collected $29.75 from pot
*** SUMMARY ***
Total pot $60 | Rake $0.50
Board [5d 2s 4c 9h As]
Seat 1: toroza (big blind) showed [3h Js] and won ($29.75) with a straight, Ace to Five
Seat 2: Necromadx (button) (small blind) showed [8s 3s] and won ($29.75) with a straight, Ace to Five


PokerStars Hand #145466166265:  Hold'em Limit ($3/$6 USD) - 2015/12/16 23:18:23 ET
Table 'Panthoos' 2-max Seat #2 is the button
Seat 1: toroza ($96.22 in chips)
Seat 2: Necromadx ($324.29 in chips)
Necromadx: posts small blind $1
toroza: posts big blind $3
*** HOLE CARDS ***
Necromadx: raises $3 to $6
toroza: raises $3 to $9
Necromadx: calls $3
*** FLOP *** [3c Qc Tc]
toroza: bets $3
Necromadx: calls $3
*** TURN *** [3c Qc Tc] [Th]
toroza: bets $6
Necromadx: calls $6
*** RIVER *** [3c Qc Tc Th] [3s]
toroza: bets $6
Necromadx: calls $6
*** SHOW DOWN ***
toroza: shows [As 9s] (two pair, Tens and Threes)
Necromadx: shows [Ah 8c] (two pair, Tens and Threes)
toroza collected $23.75 from pot
Necromadx collected $23.75 from pot
*** SUMMARY ***
Total pot $48 | Rake $0.50
Board [3c Qc Tc Th 3s]
Seat 1: toroza (big blind) showed [As 9s] and won ($23.75) with two pair, Tens and Threes
Seat 2: Necromadx (button) (small blind) showed [Ah 8c] and won ($23.75) with two pair, Tens and Threes


PokerStars Hand #145466159983:  Hold'em Limit ($3/$6 USD) - 2015/12/16 23:18:02 ET
Table 'Panthoos' 2-max Seat #1 is the button
Seat 1: toroza ($123.22 in chips)
Seat 2: Necromadx ($297.79 in chips)
toroza: posts small blind $1
Necromadx: posts big blind $3
*** HOLE CARDS ***
toroza: raises $3 to $6
Necromadx: calls $3
*** FLOP *** [7d 3c 5s]
Necromadx: bets $3
toroza: raises $3 to $6
Necromadx: raises $3 to $9
toroza: calls $3
*** TURN *** [7d 3c 5s] [3d]
Necromadx: bets $6
toroza: calls $6
*** RIVER *** [7d 3c 5s 3d] [2d]
Necromadx: bets $6
toroza: calls $6
*** SHOW DOWN ***
Necromadx: shows [Qs 7s] (two pair, Sevens and Threes)
toroza: mucks hand
Necromadx collected $53.50 from pot
*** SUMMARY ***
Total pot $54 | Rake $0.50
Board [7d 3c 5s 3d 2d]
Seat 1: toroza (button) (small blind) mucked
Seat 2: Necromadx (big blind) showed [Qs 7s] and won ($53.50) with two pair, Sevens and Threes


PokerStars Hand #145466158608:  Hold'em Limit ($3/$6 USD) - 2015/12/16 23:17:58 ET
Table 'Panthoos' 2-max Seat #2 is the button
Seat 1: toroza ($122.22 in chips)
Seat 2: Necromadx ($298.79 in chips)
Necromadx: posts small blind $1
toroza: posts big blind $3
*** HOLE CARDS ***
Necromadx: folds
Uncalled bet ($2) returned to toroza
toroza collected $2 from pot
toroza: doesn't show hand
*** SUMMARY ***
Total pot $2 | Rake $0
Seat 1: toroza (big blind) collected ($2)
Seat 2: Necromadx (button) (small blind) folded before Flop


PokerStars Hand #145466156044:  Hold'em Limit ($3/$6 USD) - 2015/12/16 23:17:49 ET
Table 'Panthoos' 2-max Seat #1 is the button
Seat 1: toroza ($128.22 in chips)
Seat 2: Necromadx ($293.03 in chips)
toroza: posts small blind $1
Necromadx: posts big blind $3
*** HOLE CARDS ***
toroza: raises $3 to $6
Necromadx: calls $3
*** FLOP *** [Jc Qc 5d]
Necromadx: bets $3
toroza: folds
Uncalled bet ($3) returned to Necromadx
Necromadx collected $11.76 from pot
Necromadx: doesn't show hand
*** SUMMARY ***
Total pot $12 | Rake $0.24
Board [Jc Qc 5d]
Seat 1: toroza (button) (small blind) folded on the Flop
Seat 2: Necromadx (big blind) collected ($11.76)


PokerStars Hand #145466172873:  Hold'em Limit ($3/$6 USD) - 2015/12/16 23:18:44 ET
Table 'Panthoos' 2-max Seat #1 is the button
Seat 1: toroza ($95.97 in chips)
Seat 2: Necromadx ($324.04 in chips)
toroza: posts small blind $1
Necromadx: posts big blind $3
*** HOLE CARDS ***
toroza: raises $3 to $6
Necromadx: calls $3
*** FLOP *** [Qs Jd 7s]
Necromadx: checks
toroza: bets $3
Necromadx: folds
Uncalled bet ($3) returned to toroza
toroza collected $11.76 from pot
toroza: doesn't show hand
*** SUMMARY ***
Total pot $12 | Rake $0.24
Board [Qs Jd 7s]
Seat 1: toroza (button) (small blind) collected ($11.76)
Seat 2: Necromadx (big blind) folded on the Flop


PokerStars Hand #145466182600:  Hold'em Limit ($3/$6 USD) - 2015/12/16 23:19:16 ET
Table 'Panthoos' 2-max Seat #2 is the button
Seat 1: toroza ($126.23 in chips)
Seat 2: Necromadx ($293.04 in chips)
Necromadx: posts small blind $1
toroza: posts big blind $3
*** HOLE CARDS ***
Necromadx: raises $3 to $6
toroza: calls $3
*** FLOP *** [9c Ts 4c]
toroza: checks
Necromadx: bets $3
toroza: raises $3 to $6
Necromadx: calls $3
*** TURN *** [9c Ts 4c] [8c]
toroza: bets $6
Necromadx: calls $6
*** RIVER *** [9c Ts 4c 8c] [Th]
toroza: bets $6
Necromadx: raises $6 to $12
toroza: calls $6
*** SHOW DOWN ***
Necromadx: shows [Td 5s] (three of a kind, Tens)
toroza: mucks hand
Necromadx collected $59.50 from pot
*** SUMMARY ***
Total pot $60 | Rake $0.50
Board [9c Ts 4c 8c Th]
Seat 1: toroza (big blind) mucked
Seat 2: Necromadx (button) (small blind) showed [Td 5s] and won ($59.50) with three of a kind, Tens


PokerStars Hand #145466177849:  Hold'em Limit ($3/$6 USD) - 2015/12/16 23:19:00 ET
Table 'Panthoos' 2-max Seat #1 is the button
Seat 1: toroza ($102.73 in chips)
Seat 2: Necromadx ($317.04 in chips)
toroza: posts small blind $1
Necromadx: posts big blind $3
*** HOLE CARDS ***
toroza: raises $3 to $6
Necromadx: calls $3
*** FLOP *** [7h 5h Jd]
Necromadx: checks
toroza: checks
*** TURN *** [7h 5h Jd] [Ks]
Necromadx: bets $6
toroza: raises $6 to $12
Necromadx: calls $6
*** RIVER *** [7h 5h Jd Ks] [7d]
Necromadx: checks
toroza: bets $6
Necromadx: calls $6
*** SHOW DOWN ***
toroza: shows [5d 5c] (a full house, Fives full of Sevens)
Necromadx: mucks hand
toroza collected $47.50 from pot
*** SUMMARY ***
Total pot $48 | Rake $0.50
Board [7h 5h Jd Ks 7d]
Seat 1: toroza (button) (small blind) showed [5d 5c] and won ($47.50) with a full house, Fives full of Sevens
Seat 2: Necromadx (big blind) mucked


PokerStars Hand #145466176137:  Hold'em Limit ($3/$6 USD) - 2015/12/16 23:18:55 ET
Table 'Panthoos' 2-max Seat #2 is the button
Seat 1: toroza ($101.73 in chips)
Seat 2: Necromadx ($318.04 in chips)
Necromadx: posts small blind $1
toroza: posts big blind $3
*** HOLE CARDS ***
Necromadx: folds
Uncalled bet ($2) returned to toroza
toroza collected $2 from pot
toroza: doesn't show hand
*** SUMMARY ***
Total pot $2 | Rake $0
Seat 1: toroza (big blind) collected ($2)
Seat 2: Necromadx (button) (small blind) folded before Flop


PokerStars Hand #145466188266:  Hold'em Limit ($3/$6 USD) - 2015/12/16 23:19:34 ET
Table 'Panthoos' 2-max Seat #1 is the button
Seat 1: toroza ($96.23 in chips)
Seat 2: Necromadx ($322.54 in chips)
toroza: posts small blind $1
Necromadx: posts big blind $3
*** HOLE CARDS ***
toroza: raises $3 to $6
Necromadx: raises $3 to $9
toroza: calls $3
*** FLOP *** [6c 9s Ks]
Necromadx: bets $3
toroza: calls $3
*** TURN *** [6c 9s Ks] [Th]
Necromadx: bets $6
toroza: calls $6
*** RIVER *** [6c 9s Ks Th] [4d]
Necromadx: bets $6
toroza: calls $6
*** SHOW DOWN ***
Necromadx: shows [9c 9d] (three of a kind, Nines)
toroza: mucks hand
Necromadx collected $47.50 from pot
*** SUMMARY ***
Total pot $48 | Rake $0.50
Board [6c 9s Ks Th 4d]
Seat 1: toroza (button) (small blind) mucked
Seat 2: Necromadx (big blind) showed [9c 9d] and won ($47.50) with three of a kind, Nines


PokerStars Hand #145466202637:  Hold'em Limit ($3/$6 USD) - 2015/12/16 23:20:21 ET
Table 'Panthoos' 2-max Seat #2 is the button
Seat 1: toroza ($36.23 in chips)
Seat 2: Necromadx ($381.04 in chips)
Necromadx: posts small blind $1
toroza: posts big blind $3
*** HOLE CARDS ***
Necromadx: folds
Uncalled bet ($2) returned to toroza
toroza collected $2 from pot
toroza: doesn't show hand
*** SUMMARY ***
Total pot $2 | Rake $0
Seat 1: toroza (big blind) collected ($2)
Seat 2: Necromadx (button) (small blind) folded before Flop


PokerStars Hand #145466197910:  Hold'em Limit ($3/$6 USD) - 2015/12/16 23:20:05 ET
Table 'Panthoos' 2-max Seat #1 is the button
Seat 1: toroza ($54.23 in chips)
Seat 2: Necromadx ($363.54 in chips)
toroza: posts small blind $1
Necromadx: posts big blind $3
*** HOLE CARDS ***
toroza: raises $3 to $6
Necromadx: calls $3
*** FLOP *** [Qh 8s Js]
Necromadx: checks
toroza: checks
*** TURN *** [Qh 8s Js] [6d]
Necromadx: bets $6
toroza: calls $6
*** RIVER *** [Qh 8s Js 6d] [Jd]
Necromadx: bets $6
toroza: calls $6
*** SHOW DOWN ***
Necromadx: shows [Qc 2h] (two pair, Queens and Jacks)
toroza: mucks hand
Necromadx collected $35.50 from pot
*** SUMMARY ***
Total pot $36 | Rake $0.50
Board [Qh 8s Js 6d Jd]
Seat 1: toroza (button) (small blind) mucked
Seat 2: Necromadx (big blind) showed [Qc 2h] and won ($35.50) with two pair, Queens and Jacks


PokerStars Hand #145466193244:  Hold'em Limit ($3/$6 USD) - 2015/12/16 23:19:50 ET
Table 'Panthoos' 2-max Seat #2 is the button
Seat 1: toroza ($72.23 in chips)
Seat 2: Necromadx ($346.04 in chips)
Necromadx: posts small blind $1
toroza: posts big blind $3
*** HOLE CARDS ***
Necromadx: raises $3 to $6
toroza: calls $3
*** FLOP *** [4h Qd 2c]
toroza: checks
Necromadx: bets $3
toroza: raises $3 to $6
Necromadx: calls $3
*** TURN *** [4h Qd 2c] [Ad]
toroza: checks
Necromadx: checks
*** RIVER *** [4h Qd 2c Ad] [Ac]
toroza: bets $6
Necromadx: calls $6
*** SHOW DOWN ***
toroza: shows [9s 5s] (a pair of Aces)
Necromadx: shows [Td Kc] (a pair of Aces - King kicker)
Necromadx collected $35.50 from pot
*** SUMMARY ***
Total pot $36 | Rake $0.50
Board [4h Qd 2c Ad Ac]
Seat 1: toroza (big blind) showed [9s 5s] and lost with a pair of Aces
Seat 2: Necromadx (button) (small blind) showed [Td Kc] and won ($35.50) with a pair of Aces


PokerStars Hand #145466204022:  Hold'em Limit ($3/$6 USD) - 2015/12/16 23:20:25 ET
Table 'Panthoos' 2-max Seat #1 is the button
Seat 1: toroza ($37.23 in chips)
Seat 2: Necromadx ($380.04 in chips)
toroza: posts small blind $1
Necromadx: posts big blind $3
*** HOLE CARDS ***
toroza: raises $3 to $6
Necromadx: calls $3
*** FLOP *** [7c Ts 6s]
Necromadx: checks
toroza: bets $3
Necromadx: calls $3
*** TURN *** [7c Ts 6s] [9c]
Necromadx: checks
toroza: bets $6
Necromadx: folds
Uncalled bet ($6) returned to toroza
toroza collected $17.64 from pot
toroza: doesn't show hand
*** SUMMARY ***
Total pot $18 | Rake $0.36
Board [7c Ts 6s 9c]
Seat 1: toroza (button) (small blind) collected ($17.64)
Seat 2: Necromadx (big blind) folded on the Turn


PokerStars Hand #145466221276:  Hold'em Limit ($3/$6 USD) - 2015/12/16 23:21:22 ET
Table 'Panthoos' 2-max Seat #1 is the button
Seat 1: toroza ($75.89 in chips)
Seat 2: Necromadx ($340.04 in chips)
toroza: posts small blind $1
Necromadx: posts big blind $3
*** HOLE CARDS ***
toroza: raises $3 to $6
Necromadx: calls $3
*** FLOP *** [Jh 8c 7s]
Necromadx: checks
toroza: bets $3
Necromadx: folds
Uncalled bet ($3) returned to toroza
toroza collected $11.76 from pot
toroza: doesn't show hand
*** SUMMARY ***
Total pot $12 | Rake $0.24
Board [Jh 8c 7s]
Seat 1: toroza (button) (small blind) collected ($11.76)
Seat 2: Necromadx (big blind) folded on the Flop


PokerStars Hand #145466220019:  Hold'em Limit ($3/$6 USD) - 2015/12/16 23:21:18 ET
Table 'Panthoos' 2-max Seat #2 is the button
Seat 1: toroza ($74.89 in chips)
Seat 2: Necromadx ($341.04 in chips)
Necromadx: posts small blind $1
toroza: posts big blind $3
*** HOLE CARDS ***
Necromadx: folds
Uncalled bet ($2) returned to toroza
toroza collected $2 from pot
toroza: doesn't show hand
*** SUMMARY ***
Total pot $2 | Rake $0
Seat 1: toroza (big blind) collected ($2)
Seat 2: Necromadx (button) (small blind) folded before Flop


PokerStars Hand #145466215228:  Hold'em Limit ($3/$6 USD) - 2015/12/16 23:21:02 ET
Table 'Panthoos' 2-max Seat #1 is the button
Seat 1: toroza ($63.37 in chips)
Seat 2: Necromadx ($353.04 in chips)
toroza: posts small blind $1
Necromadx: posts big blind $3
*** HOLE CARDS ***
toroza: raises $3 to $6
Necromadx: calls $3
*** FLOP *** [6s Js Jh]
Necromadx: checks
toroza: checks
*** TURN *** [6s Js Jh] [6d]
Necromadx: checks
toroza: bets $6
Necromadx: calls $6
*** RIVER *** [6s Js Jh 6d] [9s]
Necromadx: checks
toroza: bets $6
Necromadx: folds
Uncalled bet ($6) returned to toroza
toroza collected $23.52 from pot
toroza: doesn't show hand
*** SUMMARY ***
Total pot $24 | Rake $0.48
Board [6s Js Jh 6d 9s]
Seat 1: toroza (button) (small blind) collected ($23.52)
Seat 2: Necromadx (big blind) folded on the River


PokerStars Hand #145466211721:  Hold'em Limit ($3/$6 USD) - 2015/12/16 23:20:50 ET
Table 'Panthoos' 2-max Seat #2 is the button
Seat 1: toroza ($45.87 in chips)
Seat 2: Necromadx ($371.04 in chips)
Necromadx: posts small blind $1
toroza: posts big blind $3
*** HOLE CARDS ***
Necromadx: raises $3 to $6
toroza: calls $3
*** FLOP *** [5c 4h 7s]
toroza: checks
Necromadx: checks
*** TURN *** [5c 4h 7s] [Ac]
toroza: bets $6
Necromadx: calls $6
*** RIVER *** [5c 4h 7s Ac] [2s]
toroza: bets $6
Necromadx: calls $6
*** SHOW DOWN ***
toroza: shows [Jh 5s] (a pair of Fives)
Necromadx: mucks hand
toroza collected $35.50 from pot
*** SUMMARY ***
Total pot $36 | Rake $0.50
Board [5c 4h 7s Ac 2s]
Seat 1: toroza (big blind) showed [Jh 5s] and won ($35.50) with a pair of Fives
Seat 2: Necromadx (button) (small blind) mucked


PokerStars Hand #145466224537:  Hold'em Limit ($3/$6 USD) - 2015/12/16 23:21:33 ET
Table 'Panthoos' 2-max Seat #2 is the button
Seat 1: toroza ($81.65 in chips)
Seat 2: Necromadx ($334.04 in chips)
Necromadx: posts small blind $1
toroza: posts big blind $3
*** HOLE CARDS ***
Necromadx: raises $3 to $6
toroza: calls $3
*** FLOP *** [2s 9h 5h]
toroza: checks
Necromadx: bets $3
toroza: raises $3 to $6
Necromadx: calls $3
*** TURN *** [2s 9h 5h] [Ac]
toroza: bets $6
Necromadx: raises $6 to $12
toroza: calls $6
*** RIVER *** [2s 9h 5h Ac] [2d]
toroza: checks
Necromadx: bets $6
toroza: calls $6
*** SHOW DOWN ***
Necromadx: shows [Ah Jc] (two pair, Aces and Deuces)
toroza: mucks hand
Necromadx collected $59.50 from pot
*** SUMMARY ***
Total pot $60 | Rake $0.50
Board [2s 9h 5h Ac 2d]
Seat 1: toroza (big blind) mucked
Seat 2: Necromadx (button) (small blind) showed [Ah Jc] and won ($59.50) with two pair, Aces and Deuces


PokerStars Hand #145466240759:  Hold'em Limit ($3/$6 USD) - 2015/12/16 23:22:27 ET
Table 'Panthoos' 2-max Seat #2 is the button
Seat 1: toroza ($57.17 in chips)
Seat 2: Necromadx ($357.30 in chips)
Necromadx: posts small blind $1
toroza: posts big blind $3
*** HOLE CARDS ***
Necromadx: folds
Uncalled bet ($2) returned to toroza
toroza collected $2 from pot
toroza: doesn't show hand
*** SUMMARY ***
Total pot $2 | Rake $0
Seat 1: toroza (big blind) collected ($2)
Seat 2: Necromadx (button) (small blind) folded before Flop


PokerStars Hand #145466237276:  Hold'em Limit ($3/$6 USD) - 2015/12/16 23:22:15 ET
Table 'Panthoos' 2-max Seat #1 is the button
Seat 1: toroza ($51.41 in chips)
Seat 2: Necromadx ($363.30 in chips)
toroza: posts small blind $1
Necromadx: posts big blind $3
*** HOLE CARDS ***
toroza: raises $3 to $6
Necromadx: calls $3
*** FLOP *** [4h Kh Ad]
Necromadx: checks
toroza: checks
*** TURN *** [4h Kh Ad] [3d]
Necromadx: checks
toroza: bets $6
Necromadx: folds
Uncalled bet ($6) returned to toroza
toroza collected $11.76 from pot
toroza: doesn't show hand
*** SUMMARY ***
Total pot $12 | Rake $0.24
Board [4h Kh Ad 3d]
Seat 1: toroza (button) (small blind) collected ($11.76)
Seat 2: Necromadx (big blind) folded on the Turn


PokerStars Hand #145466233860:  Hold'em Limit ($3/$6 USD) - 2015/12/16 23:22:04 ET
Table 'Panthoos' 2-max Seat #2 is the button
Seat 1: toroza ($45.65 in chips)
Seat 2: Necromadx ($369.30 in chips)
Necromadx: posts small blind $1
toroza: posts big blind $3
*** HOLE CARDS ***
Necromadx: raises $3 to $6
toroza: calls $3
*** FLOP *** [Ts 6h Jd]
toroza: checks
Necromadx: checks
*** TURN *** [Ts 6h Jd] [Qc]
toroza: bets $6
Necromadx: folds
Uncalled bet ($6) returned to toroza
toroza collected $11.76 from pot
toroza: doesn't show hand
*** SUMMARY ***
Total pot $12 | Rake $0.24
Board [Ts 6h Jd Qc]
Seat 1: toroza (big blind) collected ($11.76)
Seat 2: Necromadx (button) (small blind) folded on the Turn


PokerStars Hand #145466230147:  Hold'em Limit ($3/$6 USD) - 2015/12/16 23:21:52 ET
Table 'Panthoos' 2-max Seat #1 is the button
Seat 1: toroza ($51.65 in chips)
Seat 2: Necromadx ($363.54 in chips)
toroza: posts small blind $1
Necromadx: posts big blind $3
*** HOLE CARDS ***
toroza: raises $3 to $6
Necromadx: calls $3
*** FLOP *** [Ts 4s 8c]
Necromadx: checks
toroza: checks
*** TURN *** [Ts 4s 8c] [Jh]
Necromadx: bets $6
toroza: folds
Uncalled bet ($6) returned to Necromadx
Necromadx collected $11.76 from pot
Necromadx: doesn't show hand
*** SUMMARY ***
Total pot $12 | Rake $0.24
Board [Ts 4s 8c Jh]
Seat 1: toroza (button) (small blind) folded on the Turn
Seat 2: Necromadx (big blind) collected ($11.76)


PokerStars Hand #145466242134:  Hold'em Limit ($3/$6 USD) - 2015/12/16 23:22:32 ET
Table 'Panthoos' 2-max Seat #1 is the button
Seat 1: toroza ($58.17 in chips)
Seat 2: Necromadx ($356.30 in chips)
toroza: posts small blind $1
Necromadx: posts big blind $3
*** HOLE CARDS ***
toroza: raises $3 to $6
Necromadx: raises $3 to $9
toroza: calls $3
*** FLOP *** [2h 9h 3c]
Necromadx: bets $3
toroza: calls $3
*** TURN *** [2h 9h 3c] [4h]
Necromadx: bets $6
toroza: calls $6
*** RIVER *** [2h 9h 3c 4h] [Ts]
Necromadx: bets $6
toroza: calls $6
*** SHOW DOWN ***
Necromadx: shows [Ah Tc] (a pair of Tens)
toroza: mucks hand
Necromadx collected $47.50 from pot
*** SUMMARY ***
Total pot $48 | Rake $0.50
Board [2h 9h 3c 4h Ts]
Seat 1: toroza (button) (small blind) mucked
Seat 2: Necromadx (big blind) showed [Ah Tc] and won ($47.50) with a pair of Tens


PokerStars Hand #145466260871:  Hold'em Limit ($3/$6 USD) - 2015/12/16 23:23:35 ET
Table 'Panthoos' 2-max Seat #1 is the button
Seat 1: toroza ($12.68 in chips)
Seat 2: Necromadx ($400.05 in chips)
toroza: posts small blind $1
Necromadx: posts big blind $3
*** HOLE CARDS ***
toroza: raises $3 to $6
Necromadx: raises $3 to $9
toroza: raises $3 to $12
Betting is capped
Necromadx: calls $3
*** FLOP *** [Jh Kd 3s]
Necromadx: bets $3
toroza: calls $0.68 and is all-in
Uncalled bet ($2.32) returned to Necromadx
*** TURN *** [Jh Kd 3s] [4s]
*** RIVER *** [Jh Kd 3s 4s] [3h]
*** SHOW DOWN ***
Necromadx: shows [Kc Qs] (two pair, Kings and Threes)
toroza: shows [6c 3d] (three of a kind, Threes)
toroza collected $24.86 from pot
*** SUMMARY ***
Total pot $25.36 | Rake $0.50
Board [Jh Kd 3s 4s 3h]
Seat 1: toroza (button) (small blind) showed [6c 3d] and won ($24.86) with three of a kind, Threes
Seat 2: Necromadx (big blind) showed [Kc Qs] and lost with two pair, Kings and Threes


PokerStars Hand #145466257188:  Hold'em Limit ($3/$6 USD) - 2015/12/16 23:23:22 ET
Table 'Panthoos' 2-max Seat #2 is the button
Seat 1: toroza ($12.93 in chips)
Seat 2: Necromadx ($400.30 in chips)
Necromadx: posts small blind $1
toroza: posts big blind $3
*** HOLE CARDS ***
Necromadx: raises $3 to $6
toroza: raises $3 to $9
Necromadx: calls $3
*** FLOP *** [3h Kh 3d]
toroza: bets $3
Necromadx: calls $3
*** TURN *** [3h Kh 3d] [9s]
toroza: bets $0.93 and is all-in
Necromadx: calls $0.93
*** RIVER *** [3h Kh 3d 9s] [3s]
*** SHOW DOWN ***
toroza: shows [4s Kc] (a full house, Threes full of Kings)
Necromadx: shows [Ks Tc] (a full house, Threes full of Kings)
toroza collected $12.68 from pot
Necromadx collected $12.68 from pot
*** SUMMARY ***
Total pot $25.86 | Rake $0.50
Board [3h Kh 3d 9s 3s]
Seat 1: toroza (big blind) showed [4s Kc] and won ($12.68) with a full house, Threes full of Kings
Seat 2: Necromadx (button) (small blind) showed [Ks Tc] and won ($12.68) with a full house, Threes full of Kings


PokerStars Hand #145466252106:  Hold'em Limit ($3/$6 USD) - 2015/12/16 23:23:05 ET
Table 'Panthoos' 2-max Seat #1 is the button
Seat 1: toroza ($39.93 in chips)
Seat 2: Necromadx ($373.80 in chips)
toroza: posts small blind $1
Necromadx: posts big blind $3
*** HOLE CARDS ***
toroza: raises $3 to $6
Necromadx: calls $3
*** FLOP *** [4d 2c 6h]
Necromadx: bets $3
toroza: raises $3 to $6
Necromadx: raises $3 to $9
toroza: calls $3
*** TURN *** [4d 2c 6h] [5d]
Necromadx: bets $6
toroza: calls $6
*** RIVER *** [4d 2c 6h 5d] [Kc]
Necromadx: bets $6
toroza: calls $6
*** SHOW DOWN ***
Necromadx: shows [3s 6s] (a straight, Deuce to Six)
toroza: mucks hand
Necromadx collected $53.50 from pot
*** SUMMARY ***
Total pot $54 | Rake $0.50
Board [4d 2c 6h 5d Kc]
Seat 1: toroza (button) (small blind) mucked
Seat 2: Necromadx (big blind) showed [3s 6s] and won ($53.50) with a straight, Deuce to Six


PokerStars Hand #145466264905:  Hold'em Limit ($3/$6 USD) - 2015/12/16 23:23:48 ET
Table 'Panthoos' 2-max Seat #2 is the button
Seat 1: toroza ($24.86 in chips)
Seat 2: Necromadx ($387.37 in chips)
Necromadx: posts small blind $1
toroza: posts big blind $3
*** HOLE CARDS ***
Necromadx: raises $3 to $6
toroza: calls $3
*** FLOP *** [9s 7h Kh]
toroza: checks
Necromadx: bets $3
toroza: folds
Uncalled bet ($3) returned to Necromadx
Necromadx collected $11.76 from pot
Necromadx: doesn't show hand
*** SUMMARY ***
Total pot $12 | Rake $0.24
Board [9s 7h Kh]
Seat 1: toroza (big blind) folded on the Flop
Seat 2: Necromadx (button) (small blind) collected ($11.76)


PokerStars Hand #145466248270:  Hold'em Limit ($3/$6 USD) - 2015/12/16 23:22:52 ET
Table 'Panthoos' 2-max Seat #2 is the button
Seat 1: toroza ($34.17 in chips)
Seat 2: Necromadx ($379.80 in chips)
Necromadx: posts small blind $1
toroza: posts big blind $3
*** HOLE CARDS ***
Necromadx: raises $3 to $6
toroza: calls $3
*** FLOP *** [4h Tc 8h]
toroza: checks
Necromadx: checks
*** TURN *** [4h Tc 8h] [Th]
toroza: bets $6
Necromadx: folds
Uncalled bet ($6) returned to toroza
toroza collected $11.76 from pot
toroza: doesn't show hand
*** SUMMARY ***
Total pot $12 | Rake $0.24
Board [4h Tc 8h Th]
Seat 1: toroza (big blind) collected ($11.76)
Seat 2: Necromadx (button) (small blind) folded on the Turn


PokerStars Hand #145466280474:  Hold'em Limit ($3/$6 USD) - 2015/12/16 23:24:41 ET
Table 'Panthoos' 2-max Seat #2 is the button
Seat 1: toroza ($8.27 in chips)
Seat 2: Necromadx ($402.55 in chips)
Necromadx: posts small blind $1
toroza: posts big blind $3
*** HOLE CARDS ***
Necromadx: raises $3 to $6
toroza: raises $2.27 to $8.27 and is all-in
Necromadx: calls $2.27
*** FLOP *** [4d 5d 8h]
*** TURN *** [4d 5d 8h] [2c]
*** RIVER *** [4d 5d 8h 2c] [9h]
*** SHOW DOWN ***
toroza: shows [6c Ah] (high card Ace)
Necromadx: shows [Ac Ad] (a pair of Aces)
Necromadx collected $16.21 from pot
toroza leaves the table
*** SUMMARY ***
Total pot $16.54 | Rake $0.33
Board [4d 5d 8h 2c 9h]
Seat 1: toroza (big blind) showed [6c Ah] and lost with high card Ace
Seat 2: Necromadx (button) (small blind) showed [Ac Ad] and won ($16.21) with a pair of Aces


PokerStars Hand #145466277017:  Hold'em Limit ($3/$6 USD) - 2015/12/16 23:24:29 ET
Table 'Panthoos' 2-max Seat #1 is the button
Seat 1: toroza ($4.22 in chips)
Seat 2: Necromadx ($406.77 in chips)
toroza: posts small blind $1
Necromadx: posts big blind $3
*** HOLE CARDS ***
toroza: raises $1.22 to $4.22 and is all-in
Necromadx: calls $1.22
*** FLOP *** [2c Ac 8h]
*** TURN *** [2c Ac 8h] [Ah]
*** RIVER *** [2c Ac 8h Ah] [Jc]
*** SHOW DOWN ***
Necromadx: shows [Td 4h] (a pair of Aces)
toroza: shows [6d 6h] (two pair, Aces and Sixes)
toroza collected $8.27 from pot
*** SUMMARY ***
Total pot $8.44 | Rake $0.17
Board [2c Ac 8h Ah Jc]
Seat 1: toroza (button) (small blind) showed [6d 6h] and won ($8.27) with two pair, Aces and Sixes
Seat 2: Necromadx (big blind) showed [Td 4h] and lost with a pair of Aces


PokerStars Hand #145466271872:  Hold'em Limit ($3/$6 USD) - 2015/12/16 23:24:12 ET
Table 'Panthoos' 2-max Seat #2 is the button
Seat 1: toroza ($37.22 in chips)
Seat 2: Necromadx ($374.27 in chips)
Necromadx: posts small blind $1
toroza: posts big blind $3
*** HOLE CARDS ***
Necromadx: raises $3 to $6
toroza: calls $3
*** FLOP *** [7c 9h Ts]
toroza: checks
Necromadx: bets $3
toroza: calls $3
*** TURN *** [7c 9h Ts] [Jd]
toroza: checks
Necromadx: bets $6
toroza: raises $6 to $12
Necromadx: raises $6 to $18
toroza: calls $6
*** RIVER *** [7c 9h Ts Jd] [4c]
toroza: checks
Necromadx: bets $6
toroza: calls $6
*** SHOW DOWN ***
Necromadx: shows [8c Qd] (a straight, Eight to Queen)
toroza: mucks hand
Necromadx collected $65.50 from pot
*** SUMMARY ***
Total pot $66 | Rake $0.50
Board [7c 9h Ts Jd 4c]
Seat 1: toroza (big blind) mucked
Seat 2: Necromadx (button) (small blind) showed [8c Qd] and won ($65.50) with a straight, Eight to Queen


PokerStars Hand #145466267486:  Hold'em Limit ($3/$6 USD) - 2015/12/16 23:23:57 ET
Table 'Panthoos' 2-max Seat #1 is the button
Seat 1: toroza ($18.86 in chips)
Seat 2: Necromadx ($393.13 in chips)
toroza: posts small blind $1
Necromadx: posts big blind $3
*** HOLE CARDS ***
toroza: raises $3 to $6
Necromadx: calls $3
*** FLOP *** [Qh 7s 3d]
Necromadx: checks
toroza: checks
*** TURN *** [Qh 7s 3d] [3c]
Necromadx: bets $6
toroza: raises $6 to $12
Necromadx: raises $6 to $18
toroza: calls $0.86 and is all-in
Uncalled bet ($5.14) returned to Necromadx
*** RIVER *** [Qh 7s 3d 3c] [5c]
*** SHOW DOWN ***
Necromadx: shows [Kd 6d] (a pair of Threes)
toroza: shows [2s Qc] (two pair, Queens and Threes)
toroza collected $37.22 from pot
*** SUMMARY ***
Total pot $37.72 | Rake $0.50
Board [Qh 7s 3d 3c 5c]
Seat 1: toroza (button) (small blind) showed [2s Qc] and won ($37.22) with two pair, Queens and Threes
Seat 2: Necromadx (big blind) showed [Kd 6d] and lost with a pair of Threes


