PokerStars Hand #148820566424:  Hold'em Limit ($3/$6 USD) - 2016/02/14 19:30:05 ET
Table 'Panthoos' 6-max Seat #3 is the button
Seat 3: patr.007 ($133.47 in chips)
Seat 5: Chessnok ($124 in chips)
patr.007: posts small blind $1
julenchu: is sitting out
Chessnok: posts big blind $3
*** HOLE CARDS ***
patr.007: folds
Uncalled bet ($2) returned to Chessnok
julenchu leaves the table
Chessnok collected $2 from pot
Chessnok: doesn't show hand
*** SUMMARY ***
Total pot $2 | Rake $0
Seat 3: patr.007 (button) (small blind) folded before Flop
Seat 5: Chessnok (big blind) collected ($2)


PokerStars Hand #148820570689:  Hold'em Limit ($3/$6 USD) - 2016/02/14 19:30:11 ET
Table 'Panthoos' 6-max Seat #5 is the button
Seat 3: patr.007 ($132.47 in chips)
Seat 5: Chessnok ($125 in chips)
Chessnok: posts small blind $1
patr.007: posts big blind $3
*** HOLE CARDS ***
Chessnok: raises $3 to $6
patr.007: calls $3
*** FLOP *** [Qs 2c 7d]
patr.007: checks
Chessnok: bets $3
patr.007: raises $3 to $6
Chessnok: calls $3
*** TURN *** [Qs 2c 7d] [8c]
patr.007: bets $6
Chessnok: calls $6
*** RIVER *** [Qs 2c 7d 8c] [4s]
patr.007: bets $6
Chessnok: calls $6
*** SHOW DOWN ***
patr.007: shows [2h Kd] (a pair of Deuces)
Chessnok: shows [9d 7c] (a pair of Sevens)
Chessnok collected $47.50 from pot
*** SUMMARY ***
Total pot $48 | Rake $0.50
Board [Qs 2c 7d 8c 4s]
Seat 3: patr.007 (big blind) showed [2h Kd] and lost with a pair of Deuces
Seat 5: Chessnok (button) (small blind) showed [9d 7c] and won ($47.50) with a pair of Sevens


PokerStars Hand #148820599744:  Hold'em Limit ($3/$6 USD) - 2016/02/14 19:30:55 ET
Table 'Panthoos' 6-max Seat #3 is the button
Seat 3: patr.007 ($108.47 in chips)
Seat 5: Chessnok ($148.50 in chips)
patr.007: posts small blind $1
Chessnok: posts big blind $3
*** HOLE CARDS ***
patr.007: raises $3 to $6
Chessnok: calls $3
*** FLOP *** [8s 3s Jc]
Chessnok: checks
patr.007: bets $3
Chessnok: calls $3
*** TURN *** [8s 3s Jc] [2c]
Chessnok: checks
patr.007: bets $6
Chessnok: folds
Uncalled bet ($6) returned to patr.007
patr.007 collected $17.64 from pot
patr.007: doesn't show hand
*** SUMMARY ***
Total pot $18 | Rake $0.36
Board [8s 3s Jc 2c]
Seat 3: patr.007 (button) (small blind) collected ($17.64)
Seat 5: Chessnok (big blind) folded on the Turn


PokerStars Hand #148820592712:  Hold'em Limit ($3/$6 USD) - 2016/02/14 19:30:45 ET
Table 'Panthoos' 6-max Seat #5 is the button
Seat 3: patr.007 ($107.47 in chips)
Seat 5: Chessnok ($149.50 in chips)
Chessnok: posts small blind $1
patr.007: posts big blind $3
*** HOLE CARDS ***
Chessnok: folds
Uncalled bet ($2) returned to patr.007
Rmk1500 joins the table at seat #2
patr.007 collected $2 from pot
patr.007: doesn't show hand
*** SUMMARY ***
Total pot $2 | Rake $0
Seat 3: patr.007 (big blind) collected ($2)
Seat 5: Chessnok (button) (small blind) folded before Flop


PokerStars Hand #148820589071:  Hold'em Limit ($3/$6 USD) - 2016/02/14 19:30:39 ET
Table 'Panthoos' 6-max Seat #3 is the button
Seat 3: patr.007 ($108.47 in chips)
Seat 5: Chessnok ($148.50 in chips)
patr.007: posts small blind $1
Chessnok: posts big blind $3
*** HOLE CARDS ***
patr.007: folds
Uncalled bet ($2) returned to Chessnok
Chessnok collected $2 from pot
Chessnok: doesn't show hand
*** SUMMARY ***
Total pot $2 | Rake $0
Seat 3: patr.007 (button) (small blind) folded before Flop
Seat 5: Chessnok (big blind) collected ($2)


PokerStars Hand #148820919419:  Hold'em Limit ($3/$6 USD) - 2016/02/14 19:39:15 ET
Table 'Panthoos' 6-max Seat #2 is the button
Seat 2: Rmk1500 ($29 in chips)
Seat 5: Chessnok ($211.13 in chips)
Rmk1500: posts small blind $1
MellivoraSto: is sitting out
Chessnok: posts big blind $3
*** HOLE CARDS ***
Rmk1500: folds
Uncalled bet ($2) returned to Chessnok
Chessnok collected $2 from pot
Chessnok: doesn't show hand
*** SUMMARY ***
Total pot $2 | Rake $0
Seat 2: Rmk1500 (button) (small blind) folded before Flop
Seat 5: Chessnok (big blind) collected ($2)


PokerStars Hand #148820940414:  Hold'em Limit ($3/$6 USD) - 2016/02/14 19:39:48 ET
Table 'Panthoos' 6-max Seat #2 is the button
Seat 2: Rmk1500 ($7 in chips)
Seat 5: Chessnok ($232.63 in chips)
Rmk1500: posts small blind $1
Chessnok: posts big blind $3
*** HOLE CARDS ***
Rmk1500: folds
Uncalled bet ($2) returned to Chessnok
Chessnok collected $2 from pot
Chessnok: doesn't show hand
*** SUMMARY ***
Total pot $2 | Rake $0
Seat 2: Rmk1500 (button) (small blind) folded before Flop
Seat 5: Chessnok (big blind) collected ($2)


PokerStars Hand #148820922730:  Hold'em Limit ($3/$6 USD) - 2016/02/14 19:39:20 ET
Table 'Panthoos' 6-max Seat #5 is the button
Seat 2: Rmk1500 ($28 in chips)
Seat 5: Chessnok ($212.13 in chips)
Chessnok: posts small blind $1
Rmk1500: posts big blind $3
*** HOLE CARDS ***
Chessnok: raises $3 to $6
Rmk1500: calls $3
*** FLOP *** [3c 6d Kh]
Rmk1500: checks
Chessnok: bets $3
Rmk1500: calls $3
*** TURN *** [3c 6d Kh] [As]
Rmk1500: checks
Chessnok: bets $6
Rmk1500: calls $6
*** RIVER *** [3c 6d Kh As] [2d]
MellivoraSto leaves the table
Rmk1500: checks
Chessnok: bets $6
Rmk1500: calls $6
*** SHOW DOWN ***
Chessnok: shows [Ad Ts] (a pair of Aces)
Rmk1500: mucks hand
Chessnok collected $41.50 from pot
*** SUMMARY ***
Total pot $42 | Rake $0.50
Board [3c 6d Kh As 2d]
Seat 2: Rmk1500 (big blind) mucked
Seat 5: Chessnok (button) (small blind) showed [Ad Ts] and won ($41.50) with a pair of Aces


PokerStars Hand #148820943197:  Hold'em Limit ($3/$6 USD) - 2016/02/14 19:39:52 ET
Table 'Panthoos' 6-max Seat #5 is the button
Seat 2: Rmk1500 ($6 in chips)
Seat 5: Chessnok ($233.63 in chips)
Chessnok: posts small blind $1
Rmk1500: posts big blind $3
*** HOLE CARDS ***
Chessnok: raises $3 to $6
Rmk1500: calls $3 and is all-in
*** FLOP *** [Tc Ts 9c]
*** TURN *** [Tc Ts 9c] [5d]
*** RIVER *** [Tc Ts 9c 5d] [Qd]
*** SHOW DOWN ***
Rmk1500: shows [9h Ac] (two pair, Tens and Nines)
Chessnok: shows [Td As] (three of a kind, Tens)
Rmk1500 leaves the table
Chessnok collected $11.76 from pot
*** SUMMARY ***
Total pot $12 | Rake $0.24
Board [Tc Ts 9c 5d Qd]
Seat 2: Rmk1500 (big blind) showed [9h Ac] and lost with two pair, Tens and Nines
Seat 5: Chessnok (button) (small blind) showed [Td As] and won ($11.76) with three of a kind, Tens


