PokerStars Hand #146587884449:  Hold'em Limit ($3/$6 USD) - 2016/01/06 16:26:23 ET
Table 'Panthoos IV' 2-max Seat #1 is the button
Seat 1: PelonCabelao ($93.40 in chips)
Seat 2: WavesNight01 ($17.79 in chips)
PelonCabelao: posts small blind $1
WavesNight01: posts big blind $3
*** HOLE CARDS ***
PelonCabelao: raises $3 to $6
WavesNight01: raises $3 to $9
PelonCabelao: calls $3
*** FLOP *** [4d Td 8h]
WavesNight01: bets $3
PelonCabelao: raises $3 to $6
WavesNight01: calls $3
*** TURN *** [4d Td 8h] [4h]
WavesNight01: checks
PelonCabelao: bets $6
WavesNight01: calls $2.79 and is all-in
Uncalled bet ($3.21) returned to PelonCabelao
*** RIVER *** [4d Td 8h 4h] [Ah]
*** SHOW DOWN ***
WavesNight01: shows [Qc Kc] (a pair of Fours)
PelonCabelao: shows [6h 9c] (a pair of Fours - lower kicker)
WavesNight01 collected $35.08 from pot
*** SUMMARY ***
Total pot $35.58 | Rake $0.50
Board [4d Td 8h 4h Ah]
Seat 1: PelonCabelao (button) (small blind) showed [6h 9c] and lost with a pair of Fours
Seat 2: WavesNight01 (big blind) showed [Qc Kc] and won ($35.08) with a pair of Fours


PokerStars Hand #146587914691:  Hold'em Limit ($3/$6 USD) - 2016/01/06 16:26:52 ET
Table 'Panthoos IV' 2-max Seat #2 is the button
Seat 1: PelonCabelao ($75.61 in chips)
Seat 2: WavesNight01 ($35.08 in chips)
WavesNight01: posts small blind $1
PelonCabelao: posts big blind $3
*** HOLE CARDS ***
WavesNight01: raises $3 to $6
PelonCabelao: raises $3 to $9
WavesNight01: raises $3 to $12
Betting is capped
PelonCabelao: calls $3
*** FLOP *** [4d 9h Qh]
PelonCabelao: checks
WavesNight01: bets $3
PelonCabelao: calls $3
*** TURN *** [4d 9h Qh] [5h]
PelonCabelao: checks
WavesNight01: bets $6
PelonCabelao: calls $6
*** RIVER *** [4d 9h Qh 5h] [5d]
PelonCabelao: checks
WavesNight01: bets $6
PelonCabelao: calls $6
*** SHOW DOWN ***
WavesNight01: shows [Js Jd] (two pair, Jacks and Fives)
PelonCabelao: mucks hand
WavesNight01 collected $53.50 from pot
*** SUMMARY ***
Total pot $54 | Rake $0.50
Board [4d 9h Qh 5h 5d]
Seat 1: PelonCabelao (big blind) mucked
Seat 2: WavesNight01 (button) (small blind) showed [Js Jd] and won ($53.50) with two pair, Jacks and Fives


PokerStars Hand #146587984387:  Hold'em Limit ($3/$6 USD) - 2016/01/06 16:27:59 ET
Table 'Panthoos IV' 2-max Seat #2 is the button
Seat 1: PelonCabelao ($86.50 in chips)
Seat 2: WavesNight01 ($46.58 in chips)
WavesNight01: posts small blind $1
PelonCabelao: posts big blind $3
*** HOLE CARDS ***
WavesNight01: folds
Uncalled bet ($2) returned to PelonCabelao
PelonCabelao collected $2 from pot
PelonCabelao: doesn't show hand
*** SUMMARY ***
Total pot $2 | Rake $0
Seat 1: PelonCabelao (big blind) collected ($2)
Seat 2: WavesNight01 (button) (small blind) folded before Flop


PokerStars Hand #146587945220:  Hold'em Limit ($3/$6 USD) - 2016/01/06 16:27:21 ET
Table 'Panthoos IV' 2-max Seat #1 is the button
Seat 1: PelonCabelao ($72 in chips)
Seat 2: WavesNight01 ($61.58 in chips)
PelonCabelao: posts small blind $1
WavesNight01: posts big blind $3
*** HOLE CARDS ***
PelonCabelao: raises $3 to $6
WavesNight01: calls $3
*** FLOP *** [8d 7d Qd]
WavesNight01: checks
PelonCabelao: bets $3
WavesNight01: calls $3
*** TURN *** [8d 7d Qd] [Ac]
WavesNight01: checks
PelonCabelao: bets $6
WavesNight01: calls $6
*** RIVER *** [8d 7d Qd Ac] [Qs]
WavesNight01: checks
PelonCabelao: bets $6
WavesNight01: folds
Uncalled bet ($6) returned to PelonCabelao
PelonCabelao collected $29.50 from pot
PelonCabelao: doesn't show hand
*** SUMMARY ***
Total pot $30 | Rake $0.50
Board [8d 7d Qd Ac Qs]
Seat 1: PelonCabelao (button) (small blind) collected ($29.50)
Seat 2: WavesNight01 (big blind) folded on the River


PokerStars Hand #146587989401:  Hold'em Limit ($3/$6 USD) - 2016/01/06 16:28:04 ET
Table 'Panthoos IV' 2-max Seat #1 is the button
Seat 1: PelonCabelao ($87.50 in chips)
Seat 2: WavesNight01 ($45.58 in chips)
PelonCabelao: posts small blind $1
WavesNight01: posts big blind $3
*** HOLE CARDS ***
PelonCabelao: raises $3 to $6
WavesNight01: folds
Uncalled bet ($3) returned to PelonCabelao
PelonCabelao collected $6 from pot
PelonCabelao: doesn't show hand
*** SUMMARY ***
Total pot $6 | Rake $0
Seat 1: PelonCabelao (button) (small blind) collected ($6)
Seat 2: WavesNight01 (big blind) folded before Flop


PokerStars Hand #146587998389:  Hold'em Limit ($3/$6 USD) - 2016/01/06 16:28:13 ET
Table 'Panthoos IV' 2-max Seat #2 is the button
Seat 1: PelonCabelao ($90.50 in chips)
Seat 2: WavesNight01 ($42.58 in chips)
WavesNight01: posts small blind $1
PelonCabelao: posts big blind $3
*** HOLE CARDS ***
WavesNight01: raises $3 to $6
PelonCabelao: raises $3 to $9
WavesNight01: raises $3 to $12
Betting is capped
PelonCabelao: calls $3
*** FLOP *** [Qh 2s 9c]
PelonCabelao: checks
WavesNight01: bets $3
PelonCabelao: calls $3
*** TURN *** [Qh 2s 9c] [9s]
PelonCabelao: checks
WavesNight01: bets $6
PelonCabelao: calls $6
*** RIVER *** [Qh 2s 9c 9s] [5d]
PelonCabelao: checks
WavesNight01: checks
*** SHOW DOWN ***
PelonCabelao: shows [Ac Td] (a pair of Nines)
WavesNight01: shows [Ts As] (a pair of Nines)
PelonCabelao collected $20.75 from pot
WavesNight01 collected $20.75 from pot
*** SUMMARY ***
Total pot $42 | Rake $0.50
Board [Qh 2s 9c 9s 5d]
Seat 1: PelonCabelao (big blind) showed [Ac Td] and won ($20.75) with a pair of Nines
Seat 2: WavesNight01 (button) (small blind) showed [Ts As] and won ($20.75) with a pair of Nines


PokerStars Hand #146588104826:  Hold'em Limit ($3/$6 USD) - 2016/01/06 16:29:55 ET
Table 'Panthoos IV' 2-max Seat #2 is the button
Seat 1: PelonCabelao ($72 in chips)
Seat 2: WavesNight01 ($68.58 in chips)
WavesNight01: posts small blind $1
PelonCabelao: posts big blind $3
*** HOLE CARDS ***
WavesNight01: raises $3 to $6
PelonCabelao: raises $3 to $9
WavesNight01: calls $3
*** FLOP *** [3s 6h 4c]
PelonCabelao: bets $3
WavesNight01: calls $3
*** TURN *** [3s 6h 4c] [6c]
PelonCabelao: bets $6
WavesNight01: calls $6
*** RIVER *** [3s 6h 4c 6c] [Jh]
PelonCabelao: bets $6
WavesNight01: calls $6
*** SHOW DOWN ***
PelonCabelao: shows [9c Ah] (a pair of Sixes)
WavesNight01: shows [Ts Ad] (a pair of Sixes - Ace+Jack+Ten kicker)
WavesNight01 collected $47.50 from pot
*** SUMMARY ***
Total pot $48 | Rake $0.50
Board [3s 6h 4c 6c Jh]
Seat 1: PelonCabelao (big blind) showed [9c Ah] and lost with a pair of Sixes
Seat 2: WavesNight01 (button) (small blind) showed [Ts Ad] and won ($47.50) with a pair of Sixes


PokerStars Hand #146588186576:  Hold'em Limit ($3/$6 USD) - 2016/01/06 16:31:14 ET
Table 'Panthoos IV' 2-max Seat #2 is the button
Seat 1: PelonCabelao ($95.50 in chips)
Seat 2: WavesNight01 ($68.08 in chips)
WavesNight01: posts small blind $1
PelonCabelao: posts big blind $3
*** HOLE CARDS ***
WavesNight01: folds
Uncalled bet ($2) returned to PelonCabelao
PelonCabelao collected $2 from pot
PelonCabelao: doesn't show hand
*** SUMMARY ***
Total pot $2 | Rake $0
Seat 1: PelonCabelao (big blind) collected ($2)
Seat 2: WavesNight01 (button) (small blind) folded before Flop


PokerStars Hand #146588135861:  Hold'em Limit ($3/$6 USD) - 2016/01/06 16:30:25 ET
Table 'Panthoos IV' 2-max Seat #1 is the button
Seat 1: PelonCabelao ($72 in chips)
Seat 2: WavesNight01 ($92.08 in chips)
PelonCabelao: posts small blind $1
WavesNight01: posts big blind $3
*** HOLE CARDS ***
PelonCabelao: raises $3 to $6
WavesNight01: calls $3
*** FLOP *** [5c 4d 7d]
WavesNight01: checks
PelonCabelao: bets $3
WavesNight01: raises $3 to $6
PelonCabelao: calls $3
*** TURN *** [5c 4d 7d] [9c]
WavesNight01: bets $6
PelonCabelao: calls $6
*** RIVER *** [5c 4d 7d 9c] [4c]
WavesNight01: bets $6
PelonCabelao: raises $6 to $12
WavesNight01: folds
Uncalled bet ($6) returned to PelonCabelao
PelonCabelao collected $47.50 from pot
PelonCabelao: doesn't show hand
*** SUMMARY ***
Total pot $48 | Rake $0.50
Board [5c 4d 7d 9c 4c]
Seat 1: PelonCabelao (button) (small blind) collected ($47.50)
Seat 2: WavesNight01 (big blind) folded on the River


PokerStars Hand #146588191836:  Hold'em Limit ($3/$6 USD) - 2016/01/06 16:31:19 ET
Table 'Panthoos IV' 2-max Seat #1 is the button
Seat 1: PelonCabelao ($96.50 in chips)
Seat 2: WavesNight01 ($67.08 in chips)
PelonCabelao: posts small blind $1
WavesNight01: posts big blind $3
*** HOLE CARDS ***
PelonCabelao: raises $3 to $6
WavesNight01: calls $3
*** FLOP *** [Th 6d 3h]
WavesNight01: checks
PelonCabelao: bets $3
WavesNight01: raises $3 to $6
PelonCabelao: calls $3
*** TURN *** [Th 6d 3h] [9h]
WavesNight01: bets $6
PelonCabelao: calls $6
*** RIVER *** [Th 6d 3h 9h] [9s]
WavesNight01: bets $6
PelonCabelao: calls $6
*** SHOW DOWN ***
WavesNight01: shows [Ah 3c] (two pair, Nines and Threes)
PelonCabelao: mucks hand
WavesNight01 collected $47.50 from pot
*** SUMMARY ***
Total pot $48 | Rake $0.50
Board [Th 6d 3h 9h 9s]
Seat 1: PelonCabelao (button) (small blind) mucked
Seat 2: WavesNight01 (big blind) showed [Ah 3c] and won ($47.50) with two pair, Nines and Threes


PokerStars Hand #146588219761:  Hold'em Limit ($3/$6 USD) - 2016/01/06 16:31:46 ET
Table 'Panthoos IV' 2-max Seat #2 is the button
Seat 1: PelonCabelao ($72.50 in chips)
Seat 2: WavesNight01 ($90.58 in chips)
WavesNight01: posts small blind $1
PelonCabelao: posts big blind $3
*** HOLE CARDS ***
WavesNight01: raises $3 to $6
PelonCabelao: raises $3 to $9
WavesNight01: calls $3
*** FLOP *** [3d Qd Qc]
PelonCabelao: bets $3
WavesNight01: folds
Uncalled bet ($3) returned to PelonCabelao
PelonCabelao collected $17.64 from pot
PelonCabelao: doesn't show hand
*** SUMMARY ***
Total pot $18 | Rake $0.36
Board [3d Qd Qc]
Seat 1: PelonCabelao (big blind) collected ($17.64)
Seat 2: WavesNight01 (button) (small blind) folded on the Flop


PokerStars Hand #146588233296:  Hold'em Limit ($3/$6 USD) - 2016/01/06 16:31:59 ET
Table 'Panthoos IV' 2-max Seat #1 is the button
Seat 1: PelonCabelao ($81.14 in chips)
Seat 2: WavesNight01 ($81.58 in chips)
PelonCabelao: posts small blind $1
WavesNight01: posts big blind $3
*** HOLE CARDS ***
PelonCabelao: raises $3 to $6
WavesNight01: calls $3
*** FLOP *** [9h 7s 3d]
WavesNight01: bets $3
PelonCabelao: raises $3 to $6
WavesNight01: calls $3
*** TURN *** [9h 7s 3d] [9s]
WavesNight01: checks
PelonCabelao: bets $6
WavesNight01: calls $6
*** RIVER *** [9h 7s 3d 9s] [7c]
WavesNight01: bets $6
PelonCabelao: raises $6 to $12
WavesNight01: calls $6
*** SHOW DOWN ***
PelonCabelao: shows [9d Th] (a full house, Nines full of Sevens)
WavesNight01: mucks hand
PelonCabelao collected $59.50 from pot
*** SUMMARY ***
Total pot $60 | Rake $0.50
Board [9h 7s 3d 9s 7c]
Seat 1: PelonCabelao (button) (small blind) showed [9d Th] and won ($59.50) with a full house, Nines full of Sevens
Seat 2: WavesNight01 (big blind) mucked


PokerStars Hand #146588328007:  Hold'em Limit ($3/$6 USD) - 2016/01/06 16:33:29 ET
Table 'Panthoos IV' 2-max Seat #2 is the button
Seat 1: PelonCabelao ($86.64 in chips)
Seat 2: WavesNight01 ($75.08 in chips)
WavesNight01: posts small blind $1
PelonCabelao: posts big blind $3
*** HOLE CARDS ***
WavesNight01: raises $3 to $6
PelonCabelao: calls $3
*** FLOP *** [2h 8h Kc]
PelonCabelao: checks
WavesNight01: bets $3
PelonCabelao: raises $3 to $6
WavesNight01: calls $3
*** TURN *** [2h 8h Kc] [Kd]
PelonCabelao: bets $6
WavesNight01: calls $6
*** RIVER *** [2h 8h Kc Kd] [3c]
PelonCabelao: checks
WavesNight01: checks
*** SHOW DOWN ***
PelonCabelao: shows [5s Qd] (a pair of Kings)
WavesNight01: shows [As 7c] (a pair of Kings - Ace kicker)
WavesNight01 collected $35.50 from pot
*** SUMMARY ***
Total pot $36 | Rake $0.50
Board [2h 8h Kc Kd 3c]
Seat 1: PelonCabelao (big blind) showed [5s Qd] and lost with a pair of Kings
Seat 2: WavesNight01 (button) (small blind) showed [As 7c] and won ($35.50) with a pair of Kings


PokerStars Hand #146588320522:  Hold'em Limit ($3/$6 USD) - 2016/01/06 16:33:22 ET
Table 'Panthoos IV' 2-max Seat #1 is the button
Seat 1: PelonCabelao ($83.64 in chips)
Seat 2: WavesNight01 ($78.08 in chips)
PelonCabelao: posts small blind $1
WavesNight01: posts big blind $3
*** HOLE CARDS ***
PelonCabelao: raises $3 to $6
WavesNight01: folds
Uncalled bet ($3) returned to PelonCabelao
PelonCabelao collected $6 from pot
PelonCabelao: doesn't show hand
*** SUMMARY ***
Total pot $6 | Rake $0
Seat 1: PelonCabelao (button) (small blind) collected ($6)
Seat 2: WavesNight01 (big blind) folded before Flop


PokerStars Hand #146588273917:  Hold'em Limit ($3/$6 USD) - 2016/01/06 16:32:37 ET
Table 'Panthoos IV' 2-max Seat #2 is the button
Seat 1: PelonCabelao ($110.64 in chips)
Seat 2: WavesNight01 ($51.58 in chips)
WavesNight01: posts small blind $1
PelonCabelao: posts big blind $3
*** HOLE CARDS ***
WavesNight01: raises $3 to $6
PelonCabelao: calls $3
*** FLOP *** [9c 7s Kh]
PelonCabelao: checks
WavesNight01: bets $3
PelonCabelao: raises $3 to $6
WavesNight01: raises $3 to $9
PelonCabelao: calls $3
*** TURN *** [9c 7s Kh] [5s]
PelonCabelao: checks
WavesNight01: bets $6
PelonCabelao: calls $6
*** RIVER *** [9c 7s Kh 5s] [Jd]
PelonCabelao: checks
WavesNight01: bets $6
PelonCabelao: calls $6
*** SHOW DOWN ***
WavesNight01: shows [4h Kc] (a pair of Kings)
PelonCabelao: mucks hand
WavesNight01 collected $53.50 from pot
*** SUMMARY ***
Total pot $54 | Rake $0.50
Board [9c 7s Kh 5s Jd]
Seat 1: PelonCabelao (big blind) mucked
Seat 2: WavesNight01 (button) (small blind) showed [4h Kc] and won ($53.50) with a pair of Kings


PokerStars Hand #146588360220:  Hold'em Limit ($3/$6 USD) - 2016/01/06 16:34:00 ET
Table 'Panthoos IV' 2-max Seat #1 is the button
Seat 1: PelonCabelao ($72 in chips)
Seat 2: WavesNight01 ($92.58 in chips)
PelonCabelao: posts small blind $1
WavesNight01: posts big blind $3
*** HOLE CARDS ***
PelonCabelao: raises $3 to $6
WavesNight01: raises $3 to $9
PelonCabelao: calls $3
*** FLOP *** [3d Jd Td]
WavesNight01: bets $3
PelonCabelao: calls $3
*** TURN *** [3d Jd Td] [8h]
WavesNight01: checks
PelonCabelao: bets $6
WavesNight01: raises $6 to $12
PelonCabelao: calls $6
*** RIVER *** [3d Jd Td 8h] [Qh]
WavesNight01: bets $6
PelonCabelao: folds
Uncalled bet ($6) returned to WavesNight01
WavesNight01 collected $47.50 from pot
WavesNight01: doesn't show hand
*** SUMMARY ***
Total pot $48 | Rake $0.50
Board [3d Jd Td 8h Qh]
Seat 1: PelonCabelao (button) (small blind) folded on the River
Seat 2: WavesNight01 (big blind) collected ($47.50)


PokerStars Hand #146588479047:  Hold'em Limit ($3/$6 USD) - 2016/01/06 16:35:53 ET
Table 'Panthoos IV' 2-max Seat #2 is the button
Seat 1: PelonCabelao ($74.50 in chips)
Seat 2: WavesNight01 ($112.58 in chips)
WavesNight01: posts small blind $1
PelonCabelao: posts big blind $3
*** HOLE CARDS ***
WavesNight01: folds
Uncalled bet ($2) returned to PelonCabelao
PelonCabelao collected $2 from pot
PelonCabelao: doesn't show hand
*** SUMMARY ***
Total pot $2 | Rake $0
Seat 1: PelonCabelao (big blind) collected ($2)
Seat 2: WavesNight01 (button) (small blind) folded before Flop


PokerStars Hand #146588446377:  Hold'em Limit ($3/$6 USD) - 2016/01/06 16:35:22 ET
Table 'Panthoos IV' 2-max Seat #1 is the button
Seat 1: PelonCabelao ($98.50 in chips)
Seat 2: WavesNight01 ($89.08 in chips)
PelonCabelao: posts small blind $1
WavesNight01: posts big blind $3
*** HOLE CARDS ***
PelonCabelao: raises $3 to $6
WavesNight01: raises $3 to $9
PelonCabelao: calls $3
*** FLOP *** [5c Ad 2s]
WavesNight01: bets $3
PelonCabelao: calls $3
*** TURN *** [5c Ad 2s] [9h]
WavesNight01: bets $6
PelonCabelao: calls $6
*** RIVER *** [5c Ad 2s 9h] [Tc]
WavesNight01: bets $6
PelonCabelao: calls $6
*** SHOW DOWN ***
WavesNight01: shows [Jd As] (a pair of Aces)
PelonCabelao: mucks hand
WavesNight01 collected $47.50 from pot
*** SUMMARY ***
Total pot $48 | Rake $0.50
Board [5c Ad 2s 9h Tc]
Seat 1: PelonCabelao (button) (small blind) mucked
Seat 2: WavesNight01 (big blind) showed [Jd As] and won ($47.50) with a pair of Aces


PokerStars Hand #146588388981:  Hold'em Limit ($3/$6 USD) - 2016/01/06 16:34:27 ET
Table 'Panthoos IV' 2-max Seat #2 is the button
Seat 1: PelonCabelao ($72 in chips)
Seat 2: WavesNight01 ($116.08 in chips)
WavesNight01: posts small blind $1
PelonCabelao: posts big blind $3
*** HOLE CARDS ***
WavesNight01: raises $3 to $6
PelonCabelao: raises $3 to $9
WavesNight01: calls $3
*** FLOP *** [9c 8d Th]
PelonCabelao: bets $3
WavesNight01: raises $3 to $6
PelonCabelao: raises $3 to $9
WavesNight01: raises $3 to $12
Betting is capped
PelonCabelao: calls $3
*** TURN *** [9c 8d Th] [3c]
PelonCabelao: checks
WavesNight01: bets $6
PelonCabelao: calls $6
*** RIVER *** [9c 8d Th 3c] [7h]
PelonCabelao: bets $6
WavesNight01: folds
Uncalled bet ($6) returned to PelonCabelao
PelonCabelao collected $53.50 from pot
PelonCabelao: doesn't show hand
*** SUMMARY ***
Total pot $54 | Rake $0.50
Board [9c 8d Th 3c 7h]
Seat 1: PelonCabelao (big blind) collected ($53.50)
Seat 2: WavesNight01 (button) (small blind) folded on the River


PokerStars Hand #146588490495:  Hold'em Limit ($3/$6 USD) - 2016/01/06 16:36:04 ET
Table 'Panthoos IV' 2-max Seat #2 is the button
Seat 1: PelonCabelao ($74.50 in chips)
Seat 2: WavesNight01 ($112.58 in chips)
WavesNight01: posts small blind $1
PelonCabelao: posts big blind $3
*** HOLE CARDS ***
WavesNight01: raises $3 to $6
PelonCabelao: calls $3
*** FLOP *** [6d 4d Ks]
PelonCabelao: checks
WavesNight01: checks
*** TURN *** [6d 4d Ks] [Kc]
PelonCabelao: bets $6
WavesNight01: calls $6
*** RIVER *** [6d 4d Ks Kc] [Qs]
PelonCabelao: checks
WavesNight01: checks
*** SHOW DOWN ***
PelonCabelao: shows [9c 5h] (a pair of Kings)
WavesNight01: shows [As 4c] (two pair, Kings and Fours)
WavesNight01 collected $23.52 from pot
*** SUMMARY ***
Total pot $24 | Rake $0.48
Board [6d 4d Ks Kc Qs]
Seat 1: PelonCabelao (big blind) showed [9c 5h] and lost with a pair of Kings
Seat 2: WavesNight01 (button) (small blind) showed [As 4c] and won ($23.52) with two pair, Kings and Fours


PokerStars Hand #146588484665:  Hold'em Limit ($3/$6 USD) - 2016/01/06 16:35:58 ET
Table 'Panthoos IV' 2-max Seat #1 is the button
Seat 1: PelonCabelao ($75.50 in chips)
Seat 2: WavesNight01 ($111.58 in chips)
PelonCabelao: posts small blind $1
WavesNight01: posts big blind $3
*** HOLE CARDS ***
PelonCabelao: folds
Uncalled bet ($2) returned to WavesNight01
WavesNight01 collected $2 from pot
WavesNight01: doesn't show hand
*** SUMMARY ***
Total pot $2 | Rake $0
Seat 1: PelonCabelao (button) (small blind) folded before Flop
Seat 2: WavesNight01 (big blind) collected ($2)


PokerStars Hand #146588521057:  Hold'em Limit ($3/$6 USD) - 2016/01/06 16:36:33 ET
Table 'Panthoos IV' 2-max Seat #1 is the button
Seat 1: PelonCabelao ($72 in chips)
Seat 2: WavesNight01 ($124.10 in chips)
PelonCabelao: posts small blind $1
WavesNight01: posts big blind $3
*** HOLE CARDS ***
PelonCabelao: raises $3 to $6
WavesNight01: calls $3
*** FLOP *** [Jh Th 9s]
WavesNight01: checks
PelonCabelao: bets $3
WavesNight01: raises $3 to $6
PelonCabelao: calls $3
*** TURN *** [Jh Th 9s] [Qh]
WavesNight01: bets $6
PelonCabelao: folds
Uncalled bet ($6) returned to WavesNight01
WavesNight01 collected $23.52 from pot
WavesNight01: doesn't show hand
*** SUMMARY ***
Total pot $24 | Rake $0.48
Board [Jh Th 9s Qh]
Seat 1: PelonCabelao (button) (small blind) folded on the Turn
Seat 2: WavesNight01 (big blind) collected ($23.52)


