PokerStars Hand #172759101539:  Hold'em Limit ($3/$6 USD) - 2017/07/08 9:13:13 ET
Table 'Papagena' 6-max Seat #6 is the button
Seat 4: Tsoros ($32.47 in chips)
Seat 6: Kartll11 ($99.49 in chips)
Kartll11: posts small blind $1
Tsoros: posts big blind $3
*** HOLE CARDS ***
Kartll11: raises $3 to $6
Tsoros: calls $3
*** FLOP *** [9h 8h 3d]
Tsoros: checks
Kartll11: bets $3
Tsoros: calls $3
*** TURN *** [9h 8h 3d] [Js]
Tsoros: checks
Kartll11: bets $6
Tsoros: calls $6
*** RIVER *** [9h 8h 3d Js] [Qd]
Tsoros: checks
Kartll11: bets $6
Tsoros: folds
Uncalled bet ($6) returned to Kartll11
Kartll11 collected $29.50 from pot
Kartll11: doesn't show hand
*** SUMMARY ***
Total pot $30 | Rake $0.50
Board [9h 8h 3d Js Qd]
Seat 4: Tsoros (big blind) folded on the River
Seat 6: Kartll11 (button) (small blind) collected ($29.50)


PokerStars Hand #172759111202:  Hold'em Limit ($3/$6 USD) - 2017/07/08 9:13:30 ET
Table 'Papagena' 6-max Seat #4 is the button
Seat 4: Tsoros ($17.47 in chips)
Seat 6: Kartll11 ($113.99 in chips)
Tsoros: posts small blind $1
Kartll11: posts big blind $3
*** HOLE CARDS ***
Tsoros: raises $3 to $6
Kartll11: calls $3
*** FLOP *** [7c 2h 3c]
Kartll11: checks
Tsoros: bets $3
Kartll11: calls $3
*** TURN *** [7c 2h 3c] [9c]
Kartll11: checks
Tsoros: bets $6
Kartll11: folds
Uncalled bet ($6) returned to Tsoros
Tsoros collected $17.64 from pot
Tsoros: doesn't show hand
*** SUMMARY ***
Total pot $18 | Rake $0.36
Board [7c 2h 3c 9c]
Seat 4: Tsoros (button) (small blind) collected ($17.64)
Seat 6: Kartll11 (big blind) folded on the Turn


PokerStars Hand #172759637529:  Hold'em Limit ($3/$6 USD) - 2017/07/08 9:28:39 ET
Table 'Papagena' 6-max Seat #4 is the button
Seat 4: sincity999 ($109 in chips)
Seat 6: Kartll11 ($112.95 in chips)
sincity999: posts small blind $1
Kartll11: posts big blind $3
*** HOLE CARDS ***
sincity999: raises $3 to $6
Kartll11: calls $3
*** FLOP *** [Tc 6c 8s]
Kartll11: checks
sincity999: bets $3
Kartll11: raises $3 to $6
sincity999: calls $3
*** TURN *** [Tc 6c 8s] [5d]
Kartll11: bets $6
sincity999: calls $6
*** RIVER *** [Tc 6c 8s 5d] [As]
Kartll11: bets $6
sincity999: folds
Uncalled bet ($6) returned to Kartll11
Kartll11 collected $35.50 from pot
Kartll11: doesn't show hand
*** SUMMARY ***
Total pot $36 | Rake $0.50
Board [Tc 6c 8s 5d As]
Seat 4: sincity999 (button) (small blind) folded on the River
Seat 6: Kartll11 (big blind) collected ($35.50)


PokerStars Hand #172759634340:  Hold'em Limit ($3/$6 USD) - 2017/07/08 9:28:33 ET
Table 'Papagena' 6-max Seat #6 is the button
Seat 4: sincity999 ($112 in chips)
Seat 6: Kartll11 ($109.95 in chips)
Kartll11: posts small blind $1
krytalex: is sitting out
sincity999: posts big blind $3
*** HOLE CARDS ***
Kartll11: raises $3 to $6
sincity999: folds
Uncalled bet ($3) returned to Kartll11
krytalex leaves the table
Kartll11 collected $6 from pot
Kartll11: doesn't show hand
*** SUMMARY ***
Total pot $6 | Rake $0
Seat 4: sincity999 (big blind) folded before Flop
Seat 6: Kartll11 (button) (small blind) collected ($6)


PokerStars Hand #172759646650:  Hold'em Limit ($3/$6 USD) - 2017/07/08 9:28:55 ET
Table 'Papagena' 6-max Seat #6 is the button
Seat 4: sincity999 ($91 in chips)
Seat 6: Kartll11 ($130.45 in chips)
Kartll11: posts small blind $1
sincity999: posts big blind $3
*** HOLE CARDS ***
Kartll11: raises $3 to $6
sincity999: calls $3
*** FLOP *** [Qc 4h Kh]
sincity999: checks
Kartll11: bets $3
sincity999: calls $3
*** TURN *** [Qc 4h Kh] [8c]
sincity999: checks
Kartll11: bets $6
sincity999: raises $6 to $12
Kartll11: raises $6 to $18
sincity999: calls $6
*** RIVER *** [Qc 4h Kh 8c] [7s]
sincity999: checks
Kartll11: bets $6
sincity999: calls $6
*** SHOW DOWN ***
Kartll11: shows [6d Ks] (a pair of Kings)
sincity999: shows [2d Kd] (a pair of Kings)
sincity999 collected $32.75 from pot
Kartll11 collected $32.75 from pot
*** SUMMARY ***
Total pot $66 | Rake $0.50
Board [Qc 4h Kh 8c 7s]
Seat 4: sincity999 (big blind) showed [2d Kd] and won ($32.75) with a pair of Kings
Seat 6: Kartll11 (button) (small blind) showed [6d Ks] and won ($32.75) with a pair of Kings


PokerStars Hand #172759678289:  Hold'em Limit ($3/$6 USD) - 2017/07/08 9:29:49 ET
Table 'Papagena' 6-max Seat #4 is the button
Seat 4: sincity999 ($126.07 in chips)
Seat 6: Kartll11 ($94.02 in chips)
sincity999: posts small blind $1
Kartll11: posts big blind $3
*** HOLE CARDS ***
sincity999: folds
Uncalled bet ($2) returned to Kartll11
Kartll11 collected $2 from pot
Kartll11: doesn't show hand
*** SUMMARY ***
Total pot $2 | Rake $0
Seat 4: sincity999 (button) (small blind) folded before Flop
Seat 6: Kartll11 (big blind) collected ($2)


PokerStars Hand #172759668838:  Hold'em Limit ($3/$6 USD) - 2017/07/08 9:29:33 ET
Table 'Papagena' 6-max Seat #6 is the button
Seat 4: sincity999 ($90.57 in chips)
Seat 6: Kartll11 ($130.02 in chips)
Kartll11: posts small blind $1
sincity999: posts big blind $3
*** HOLE CARDS ***
Kartll11: raises $3 to $6
sincity999: raises $3 to $9
Kartll11: raises $3 to $12
Betting is capped
sincity999: calls $3
*** FLOP *** [4c 6s 4d]
sincity999: bets $3
Kartll11: raises $3 to $6
sincity999: calls $3
*** TURN *** [4c 6s 4d] [8c]
sincity999: checks
Kartll11: bets $6
sincity999: raises $6 to $12
Kartll11: calls $6
*** RIVER *** [4c 6s 4d 8c] [3d]
sincity999: bets $6
Kartll11: calls $6
*** SHOW DOWN ***
sincity999: shows [7d 7c] (two pair, Sevens and Fours)
Kartll11: mucks hand
sincity999 collected $71.50 from pot
*** SUMMARY ***
Total pot $72 | Rake $0.50
Board [4c 6s 4d 8c 3d]
Seat 4: sincity999 (big blind) showed [7d 7c] and won ($71.50) with two pair, Sevens and Fours
Seat 6: Kartll11 (button) (small blind) mucked


PokerStars Hand #172759661993:  Hold'em Limit ($3/$6 USD) - 2017/07/08 9:29:21 ET
Table 'Papagena' 6-max Seat #4 is the button
Seat 4: sincity999 ($90.75 in chips)
Seat 6: Kartll11 ($130.20 in chips)
sincity999: posts small blind $1
Kartll11: posts big blind $3
*** HOLE CARDS ***
sincity999: raises $3 to $6
Kartll11: calls $3
*** FLOP *** [8h As Ah]
Kartll11: checks
sincity999: bets $3
Kartll11: calls $3
*** TURN *** [8h As Ah] [8s]
Kartll11: checks
sincity999: checks
*** RIVER *** [8h As Ah 8s] [3h]
Kartll11: checks
sincity999: checks
*** SHOW DOWN ***
Kartll11: shows [6s Qd] (two pair, Aces and Eights)
sincity999: shows [7h Qc] (two pair, Aces and Eights)
Kartll11 collected $8.82 from pot
sincity999 collected $8.82 from pot
*** SUMMARY ***
Total pot $18 | Rake $0.36
Board [8h As Ah 8s 3h]
Seat 4: sincity999 (button) (small blind) showed [7h Qc] and won ($8.82) with two pair, Aces and Eights
Seat 6: Kartll11 (big blind) showed [6s Qd] and won ($8.82) with two pair, Aces and Eights


PokerStars Hand #172759659180:  Hold'em Limit ($3/$6 USD) - 2017/07/08 9:29:16 ET
Table 'Papagena' 6-max Seat #6 is the button
Seat 4: sincity999 ($93.75 in chips)
Seat 6: Kartll11 ($127.20 in chips)
Kartll11: posts small blind $1
sincity999: posts big blind $3
*** HOLE CARDS ***
Kartll11: raises $3 to $6
sincity999: folds
Uncalled bet ($3) returned to Kartll11
Kartll11 collected $6 from pot
Kartll11: doesn't show hand
*** SUMMARY ***
Total pot $6 | Rake $0
Seat 4: sincity999 (big blind) folded before Flop
Seat 6: Kartll11 (button) (small blind) collected ($6)


PokerStars Hand #172759655862:  Hold'em Limit ($3/$6 USD) - 2017/07/08 9:29:10 ET
Table 'Papagena' 6-max Seat #4 is the button
Seat 4: sincity999 ($90.75 in chips)
Seat 6: Kartll11 ($130.20 in chips)
sincity999: posts small blind $1
Kartll11: posts big blind $3
*** HOLE CARDS ***
sincity999: raises $3 to $6
Kartll11: folds
Uncalled bet ($3) returned to sincity999
sincity999 collected $6 from pot
*** SUMMARY ***
Total pot $6 | Rake $0
Seat 4: sincity999 (button) (small blind) collected ($6)
Seat 6: Kartll11 (big blind) folded before Flop


PokerStars Hand #172759680798:  Hold'em Limit ($3/$6 USD) - 2017/07/08 9:29:54 ET
Table 'Papagena' 6-max Seat #6 is the button
Seat 4: sincity999 ($125.07 in chips)
Seat 6: Kartll11 ($95.02 in chips)
Kartll11: posts small blind $1
sincity999: posts big blind $3
*** HOLE CARDS ***
Kartll11: raises $3 to $6
sincity999: calls $3
*** FLOP *** [2h 2d 6h]
sincity999: checks
Kartll11: bets $3
sincity999: calls $3
*** TURN *** [2h 2d 6h] [3c]
sincity999: checks
Kartll11: bets $6
sincity999: raises $6 to $12
Kartll11: raises $6 to $18
sincity999: calls $6
*** RIVER *** [2h 2d 6h 3c] [Jc]
sincity999: checks
Kartll11: bets $6
sincity999: calls $6
*** SHOW DOWN ***
Kartll11: shows [2s 7h] (three of a kind, Deuces)
sincity999: mucks hand
Kartll11 collected $65.50 from pot
*** SUMMARY ***
Total pot $66 | Rake $0.50
Board [2h 2d 6h 3c Jc]
Seat 4: sincity999 (big blind) mucked
Seat 6: Kartll11 (button) (small blind) showed [2s 7h] and won ($65.50) with three of a kind, Deuces


PokerStars Hand #172759691297:  Hold'em Limit ($3/$6 USD) - 2017/07/08 9:30:12 ET
Table 'Papagena' 6-max Seat #4 is the button
Seat 4: sincity999 ($92.07 in chips)
Seat 6: Kartll11 ($127.52 in chips)
sincity999: posts small blind $1
Kartll11: posts big blind $3
*** HOLE CARDS ***
sincity999: raises $3 to $6
Kartll11: calls $3
*** FLOP *** [Qd Qh Th]
Kartll11: checks
sincity999: bets $3
Kartll11: raises $3 to $6
sincity999: calls $3
*** TURN *** [Qd Qh Th] [2h]
Kartll11: bets $6
sincity999: folds
Uncalled bet ($6) returned to Kartll11
Kartll11 collected $23.52 from pot
Kartll11: doesn't show hand
*** SUMMARY ***
Total pot $24 | Rake $0.48
Board [Qd Qh Th 2h]
Seat 4: sincity999 (button) (small blind) folded on the Turn
Seat 6: Kartll11 (big blind) collected ($23.52)


PokerStars Hand #172759711887:  Hold'em Limit ($3/$6 USD) - 2017/07/08 9:30:47 ET
Table 'Papagena' 6-max Seat #4 is the button
Seat 4: sincity999 ($115.57 in chips)
Seat 6: Kartll11 ($103.04 in chips)
sincity999: posts small blind $1
Kartll11: posts big blind $3
*** HOLE CARDS ***
sincity999: raises $3 to $6
Kartll11: calls $3
*** FLOP *** [Jh 9s 7c]
Kartll11: checks
sincity999: bets $3
Kartll11: folds
Uncalled bet ($3) returned to sincity999
sincity999 collected $11.76 from pot
*** SUMMARY ***
Total pot $12 | Rake $0.24
Board [Jh 9s 7c]
Seat 4: sincity999 (button) (small blind) collected ($11.76)
Seat 6: Kartll11 (big blind) folded on the Flop


PokerStars Hand #172759698727:  Hold'em Limit ($3/$6 USD) - 2017/07/08 9:30:24 ET
Table 'Papagena' 6-max Seat #6 is the button
Seat 4: sincity999 ($80.07 in chips)
Seat 6: Kartll11 ($139.04 in chips)
Kartll11: posts small blind $1
sincity999: posts big blind $3
*** HOLE CARDS ***
Kartll11: raises $3 to $6
sincity999: raises $3 to $9
sismos404 joins the table at seat #2
Kartll11: calls $3
*** FLOP *** [Jh Jc Ac]
sincity999: bets $3
Kartll11: calls $3
*** TURN *** [Jh Jc Ac] [5d]
sincity999: bets $6
Kartll11: raises $6 to $12
sincity999: raises $6 to $18
Kartll11: calls $6
*** RIVER *** [Jh Jc Ac 5d] [3h]
sincity999: bets $6
Kartll11: calls $6
*** SHOW DOWN ***
sincity999: shows [Th Jd] (three of a kind, Jacks)
Kartll11: mucks hand
sincity999 collected $71.50 from pot
*** SUMMARY ***
Total pot $72 | Rake $0.50
Board [Jh Jc Ac 5d 3h]
Seat 4: sincity999 (big blind) showed [Th Jd] and won ($71.50) with three of a kind, Jacks
Seat 6: Kartll11 (button) (small blind) mucked


PokerStars Hand #172760145880:  Hold'em Limit ($3/$6 USD) - 2017/07/08 9:43:13 ET
Table 'Papagena' 6-max Seat #4 is the button
Seat 3: fwilliams007 ($72.21 in chips)
Seat 4: sincity999 ($130.14 in chips)
sincity999: posts small blind $1
fwilliams007: posts big blind $3
*** HOLE CARDS ***
sincity999: folds
Uncalled bet ($2) returned to fwilliams007
fwilliams007 collected $2 from pot
fwilliams007: doesn't show hand
*** SUMMARY ***
Total pot $2 | Rake $0
Seat 3: fwilliams007 (big blind) collected ($2)
Seat 4: sincity999 (button) (small blind) folded before Flop


PokerStars Hand #172760148839:  Hold'em Limit ($3/$6 USD) - 2017/07/08 9:43:18 ET
Table 'Papagena' 6-max Seat #3 is the button
Seat 3: fwilliams007 ($73.21 in chips)
Seat 4: sincity999 ($129.14 in chips)
fwilliams007: posts small blind $1
sincity999: posts big blind $3
*** HOLE CARDS ***
fwilliams007: raises $3 to $6
sincity999: calls $3
*** FLOP *** [7d 8d 3h]
sincity999: checks
fwilliams007: bets $3
sincity999: raises $3 to $6
fwilliams007: calls $3
*** TURN *** [7d 8d 3h] [Tc]
sincity999: bets $6
fwilliams007: calls $6
*** RIVER *** [7d 8d 3h Tc] [3s]
sincity999: bets $6
fwilliams007: folds
Uncalled bet ($6) returned to sincity999
sincity999 collected $35.50 from pot
*** SUMMARY ***
Total pot $36 | Rake $0.50
Board [7d 8d 3h Tc 3s]
Seat 3: fwilliams007 (button) (small blind) folded on the River
Seat 4: sincity999 (big blind) collected ($35.50)


PokerStars Hand #172760167006:  Hold'em Limit ($3/$6 USD) - 2017/07/08 9:43:49 ET
Table 'Papagena' 6-max Seat #3 is the button
Seat 3: fwilliams007 ($56.21 in chips)
Seat 4: sincity999 ($145.64 in chips)
fwilliams007: posts small blind $1
sincity999: posts big blind $3
*** HOLE CARDS ***
fwilliams007: folds
Uncalled bet ($2) returned to sincity999
sincity999 collected $2 from pot
*** SUMMARY ***
Total pot $2 | Rake $0
Seat 3: fwilliams007 (button) (small blind) folded before Flop
Seat 4: sincity999 (big blind) collected ($2)


PokerStars Hand #172760164419:  Hold'em Limit ($3/$6 USD) - 2017/07/08 9:43:45 ET
Table 'Papagena' 6-max Seat #4 is the button
Seat 3: fwilliams007 ($55.21 in chips)
Seat 4: sincity999 ($146.64 in chips)
sincity999: posts small blind $1
fwilliams007: posts big blind $3
*** HOLE CARDS ***
sincity999: folds
Uncalled bet ($2) returned to fwilliams007
fwilliams007 collected $2 from pot
fwilliams007: doesn't show hand
*** SUMMARY ***
Total pot $2 | Rake $0
Seat 3: fwilliams007 (big blind) collected ($2)
Seat 4: sincity999 (button) (small blind) folded before Flop


PokerStars Hand #172760169950:  Hold'em Limit ($3/$6 USD) - 2017/07/08 9:43:54 ET
Table 'Papagena' 6-max Seat #4 is the button
Seat 3: fwilliams007 ($55.21 in chips)
Seat 4: sincity999 ($146.64 in chips)
sincity999: posts small blind $1
fwilliams007: posts big blind $3
*** HOLE CARDS ***
sincity999: calls $2
fwilliams007: checks
*** FLOP *** [Kc 4d 2c]
fwilliams007: checks
sincity999: bets $3
fwilliams007: folds
Uncalled bet ($3) returned to sincity999
sincity999 collected $5.88 from pot
*** SUMMARY ***
Total pot $6 | Rake $0.12
Board [Kc 4d 2c]
Seat 3: fwilliams007 (big blind) folded on the Flop
Seat 4: sincity999 (button) (small blind) collected ($5.88)


PokerStars Hand #172760176912:  Hold'em Limit ($3/$6 USD) - 2017/07/08 9:44:06 ET
Table 'Papagena' 6-max Seat #3 is the button
Seat 3: fwilliams007 ($52.21 in chips)
Seat 4: sincity999 ($149.52 in chips)
fwilliams007: posts small blind $1
sincity999: posts big blind $3
TedBacon leaves the table
*** HOLE CARDS ***
fwilliams007: folds
Uncalled bet ($2) returned to sincity999
sincity999 collected $2 from pot
*** SUMMARY ***
Total pot $2 | Rake $0
Seat 3: fwilliams007 (button) (small blind) folded before Flop
Seat 4: sincity999 (big blind) collected ($2)


