PokerStars Hand #165129974469:  Hold'em Limit ($3/$6 USD) - 2017/01/25 1:12:17 ET
Table 'Papagena' 6-max Seat #3 is the button
Seat 3: zzxonez ($78.80 in chips)
Seat 4: NoVebra ($127.53 in chips)
zzxonez: posts small blind $1
NoVebra: posts big blind $3
*** HOLE CARDS ***
zzxonez: folds
Uncalled bet ($2) returned to NoVebra
NoVebra collected $2 from pot
NoVebra: doesn't show hand
*** SUMMARY ***
Total pot $2 | Rake $0
Seat 3: zzxonez (button) (small blind) folded before Flop
Seat 4: NoVebra (big blind) collected ($2)


PokerStars Hand #165129962061:  Hold'em Limit ($3/$6 USD) - 2017/01/25 1:11:30 ET
Table 'Papagena' 6-max Seat #4 is the button
Seat 3: zzxonez ($55.30 in chips)
Seat 4: NoVebra ($151.53 in chips)
NoVebra: posts small blind $1
Headgtboy joins the table at seat #2
MissEKAmouse has timed out while being disconnected
MissEKAmouse: is sitting out
zzxonez: posts big blind $3
*** HOLE CARDS ***
NoVebra: raises $3 to $6
zzxonez: raises $3 to $9
NoVebra: calls $3
*** FLOP *** [3s Th 7c]
zzxonez: bets $3
NoVebra: calls $3
*** TURN *** [3s Th 7c] [Ks]
zzxonez: bets $6
NoVebra: calls $6
*** RIVER *** [3s Th 7c Ks] [6s]
zzxonez: bets $6
NoVebra: calls $6
*** SHOW DOWN ***
zzxonez: shows [As 7h] (a pair of Sevens)
NoVebra: mucks hand
zzxonez collected $47.50 from pot
*** SUMMARY ***
Total pot $48 | Rake $0.50
Board [3s Th 7c Ks 6s]
Seat 3: zzxonez (big blind) showed [As 7h] and won ($47.50) with a pair of Sevens
Seat 4: NoVebra (button) (small blind) mucked


PokerStars Hand #165129995685:  Hold'em Limit ($3/$6 USD) - 2017/01/25 1:13:38 ET
Table 'Papagena' 6-max Seat #3 is the button
Seat 3: zzxonez ($61.80 in chips)
Seat 4: NoVebra ($141.86 in chips)
zzxonez: posts small blind $1
NoVebra: posts big blind $3
*** HOLE CARDS ***
zzxonez: folds
Uncalled bet ($2) returned to NoVebra
NoVebra collected $2 from pot
NoVebra: doesn't show hand
*** SUMMARY ***
Total pot $2 | Rake $0
Seat 3: zzxonez (button) (small blind) folded before Flop
Seat 4: NoVebra (big blind) collected ($2)


PokerStars Hand #165130011940:  Hold'em Limit ($3/$6 USD) - 2017/01/25 1:14:38 ET
Table 'Papagena' 6-max Seat #4 is the button
Seat 3: zzxonez ($44.56 in chips)
Seat 4: NoVebra ($158.12 in chips)
NoVebra: posts small blind $1
zzxonez: posts big blind $3
*** HOLE CARDS ***
NoVebra: raises $3 to $6
zzxonez: calls $3
*** FLOP *** [3d 3s Js]
zzxonez: checks
NoVebra: bets $3
zzxonez: folds
Uncalled bet ($3) returned to NoVebra
NoVebra collected $11.76 from pot
NoVebra: doesn't show hand
*** SUMMARY ***
Total pot $12 | Rake $0.24
Board [3d 3s Js]
Seat 3: zzxonez (big blind) folded on the Flop
Seat 4: NoVebra (button) (small blind) collected ($11.76)


PokerStars Hand #165130008907:  Hold'em Limit ($3/$6 USD) - 2017/01/25 1:14:26 ET
Table 'Papagena' 6-max Seat #3 is the button
Seat 3: zzxonez ($45.56 in chips)
Seat 4: NoVebra ($157.12 in chips)
zzxonez: posts small blind $1
NoVebra: posts big blind $3
*** HOLE CARDS ***
zzxonez: folds
Uncalled bet ($2) returned to NoVebra
NoVebra collected $2 from pot
NoVebra: doesn't show hand
*** SUMMARY ***
Total pot $2 | Rake $0
Seat 3: zzxonez (button) (small blind) folded before Flop
Seat 4: NoVebra (big blind) collected ($2)


PokerStars Hand #165130006042:  Hold'em Limit ($3/$6 USD) - 2017/01/25 1:14:16 ET
Table 'Papagena' 6-max Seat #4 is the button
Seat 3: zzxonez ($51.56 in chips)
Seat 4: NoVebra ($151.36 in chips)
NoVebra: posts small blind $1
zzxonez: posts big blind $3
*** HOLE CARDS ***
NoVebra: raises $3 to $6
zzxonez: calls $3
*** FLOP *** [6s Ks 2s]
zzxonez: checks
NoVebra: bets $3
zzxonez: folds
Uncalled bet ($3) returned to NoVebra
NoVebra collected $11.76 from pot
NoVebra: doesn't show hand
*** SUMMARY ***
Total pot $12 | Rake $0.24
Board [6s Ks 2s]
Seat 3: zzxonez (big blind) folded on the Flop
Seat 4: NoVebra (button) (small blind) collected ($11.76)


PokerStars Hand #165130001953:  Hold'em Limit ($3/$6 USD) - 2017/01/25 1:14:01 ET
Table 'Papagena' 6-max Seat #3 is the button
Seat 3: zzxonez ($45.80 in chips)
Seat 4: NoVebra ($157.36 in chips)
zzxonez: posts small blind $1
NoVebra: posts big blind $3
*** HOLE CARDS ***
zzxonez: raises $3 to $6
NoVebra: calls $3
*** FLOP *** [8h Ac 6s]
NoVebra: checks
zzxonez: bets $3
NoVebra: folds
Uncalled bet ($3) returned to zzxonez
zzxonez collected $11.76 from pot
zzxonez: doesn't show hand
*** SUMMARY ***
Total pot $12 | Rake $0.24
Board [8h Ac 6s]
Seat 3: zzxonez (button) (small blind) collected ($11.76)
Seat 4: NoVebra (big blind) folded on the Flop


PokerStars Hand #165129997077:  Hold'em Limit ($3/$6 USD) - 2017/01/25 1:13:43 ET
Table 'Papagena' 6-max Seat #4 is the button
Seat 3: zzxonez ($60.80 in chips)
Seat 4: NoVebra ($142.86 in chips)
NoVebra: posts small blind $1
zzxonez: posts big blind $3
*** HOLE CARDS ***
NoVebra: raises $3 to $6
zzxonez: calls $3
*** FLOP *** [3d Th Qh]
zzxonez: bets $3
NoVebra: calls $3
*** TURN *** [3d Th Qh] [Ad]
zzxonez: bets $6
NoVebra: calls $6
*** RIVER *** [3d Th Qh Ad] [Kc]
zzxonez: checks
NoVebra: bets $6
zzxonez: folds
Uncalled bet ($6) returned to NoVebra
NoVebra collected $29.50 from pot
NoVebra: doesn't show hand
*** SUMMARY ***
Total pot $30 | Rake $0.50
Board [3d Th Qh Ad Kc]
Seat 3: zzxonez (big blind) folded on the River
Seat 4: NoVebra (button) (small blind) collected ($29.50)


PokerStars Hand #165130029230:  Hold'em Limit ($3/$6 USD) - 2017/01/25 1:15:40 ET
Table 'Papagena' 6-max Seat #3 is the button
Seat 3: zzxonez ($76.70 in chips)
Seat 4: NoVebra ($124.88 in chips)
zzxonez: posts small blind $1
NoVebra: posts big blind $3
*** HOLE CARDS ***
SilaSoNi joins the table at seat #5
zzxonez: folds
Uncalled bet ($2) returned to NoVebra
NoVebra collected $2 from pot
NoVebra: doesn't show hand
*** SUMMARY ***
Total pot $2 | Rake $0
Seat 3: zzxonez (button) (small blind) folded before Flop
Seat 4: NoVebra (big blind) collected ($2)


PokerStars Hand #165130027731:  Hold'em Limit ($3/$6 USD) - 2017/01/25 1:15:35 ET
Table 'Papagena' 6-max Seat #4 is the button
Seat 3: zzxonez ($75.70 in chips)
Seat 4: NoVebra ($125.88 in chips)
NoVebra: posts small blind $1
zzxonez: posts big blind $3
*** HOLE CARDS ***
NoVebra: folds
Uncalled bet ($2) returned to zzxonez
zzxonez collected $2 from pot
zzxonez: doesn't show hand
*** SUMMARY ***
Total pot $2 | Rake $0
Seat 3: zzxonez (big blind) collected ($2)
Seat 4: NoVebra (button) (small blind) folded before Flop


PokerStars Hand #165130021930:  Hold'em Limit ($3/$6 USD) - 2017/01/25 1:15:14 ET
Table 'Papagena' 6-max Seat #3 is the button
Seat 3: zzxonez ($46.20 in chips)
Seat 4: NoVebra ($155.88 in chips)
zzxonez: posts small blind $1
NoVebra: posts big blind $3
*** HOLE CARDS ***
zzxonez: raises $3 to $6
NoVebra: calls $3
*** FLOP *** [4s 5h 9d]
NoVebra: checks
zzxonez: bets $3
NoVebra: raises $3 to $6
zzxonez: calls $3
*** TURN *** [4s 5h 9d] [Ts]
NoVebra: bets $6
zzxonez: raises $6 to $12
NoVebra: calls $6
*** RIVER *** [4s 5h 9d Ts] [2s]
NoVebra: checks
zzxonez: bets $6
NoVebra: calls $6
*** SHOW DOWN ***
zzxonez: shows [3s 6s] (a flush, Ten high)
NoVebra: mucks hand
zzxonez collected $59.50 from pot
*** SUMMARY ***
Total pot $60 | Rake $0.50
Board [4s 5h 9d Ts 2s]
Seat 3: zzxonez (button) (small blind) showed [3s 6s] and won ($59.50) with a flush, Ten high
Seat 4: NoVebra (big blind) mucked


PokerStars Hand #165130017348:  Hold'em Limit ($3/$6 USD) - 2017/01/25 1:14:57 ET
Table 'Papagena' 6-max Seat #4 is the button
Seat 3: zzxonez ($37.56 in chips)
Seat 4: NoVebra ($164.88 in chips)
NoVebra: posts small blind $1
zzxonez: posts big blind $3
*** HOLE CARDS ***
NoVebra: raises $3 to $6
zzxonez: calls $3
*** FLOP *** [7d 8h 4d]
zzxonez: bets $3
NoVebra: calls $3
*** TURN *** [7d 8h 4d] [Ad]
zzxonez: bets $6
NoVebra: folds
Uncalled bet ($6) returned to zzxonez
zzxonez collected $17.64 from pot
zzxonez: doesn't show hand
*** SUMMARY ***
Total pot $18 | Rake $0.36
Board [7d 8h 4d Ad]
Seat 3: zzxonez (big blind) collected ($17.64)
Seat 4: NoVebra (button) (small blind) folded on the Turn


PokerStars Hand #165130015622:  Hold'em Limit ($3/$6 USD) - 2017/01/25 1:14:51 ET
Table 'Papagena' 6-max Seat #3 is the button
Seat 3: zzxonez ($38.56 in chips)
Seat 4: NoVebra ($163.88 in chips)
zzxonez: posts small blind $1
NoVebra: posts big blind $3
*** HOLE CARDS ***
zzxonez: folds
Uncalled bet ($2) returned to NoVebra
NoVebra collected $2 from pot
NoVebra: doesn't show hand
*** SUMMARY ***
Total pot $2 | Rake $0
Seat 3: zzxonez (button) (small blind) folded before Flop
Seat 4: NoVebra (big blind) collected ($2)


PokerStars Hand #165130170523:  Hold'em Limit ($3/$6 USD) - 2017/01/25 1:24:27 ET
Table 'Papagena' 6-max Seat #6 is the button
Seat 5: SilaSoNi ($220.45 in chips)
Seat 6: DePokeraap ($82.34 in chips)
DePokeraap: posts small blind $1
NoVebra: is sitting out
SilaSoNi: posts big blind $3
*** HOLE CARDS ***
NoVebra leaves the table
DePokeraap: raises $3 to $6
SilaSoNi: calls $3
*** FLOP *** [Ac 2h Qd]
SilaSoNi: checks
DePokeraap: bets $3
SilaSoNi: raises $3 to $6
DePokeraap: calls $3
*** TURN *** [Ac 2h Qd] [8d]
SilaSoNi: bets $6
DePokeraap: folds
Uncalled bet ($6) returned to SilaSoNi
SilaSoNi collected $23.52 from pot
SilaSoNi: doesn't show hand
*** SUMMARY ***
Total pot $24 | Rake $0.48
Board [Ac 2h Qd 8d]
Seat 5: SilaSoNi (big blind) collected ($23.52)
Seat 6: DePokeraap (button) (small blind) folded on the Turn


PokerStars Hand #165130186073:  Hold'em Limit ($3/$6 USD) - 2017/01/25 1:25:25 ET
Table 'Papagena' 6-max Seat #5 is the button
Seat 5: SilaSoNi ($214.97 in chips)
Seat 6: DePokeraap ($86.84 in chips)
SilaSoNi: posts small blind $1
DePokeraap: posts big blind $3
*** HOLE CARDS ***
SilaSoNi: raises $3 to $6
DePokeraap: calls $3
*** FLOP *** [3s Kc 8c]
DePokeraap: checks
SilaSoNi: bets $3
DePokeraap: raises $3 to $6
SilaSoNi: folds
Uncalled bet ($3) returned to DePokeraap
DePokeraap collected $17.64 from pot
*** SUMMARY ***
Total pot $18 | Rake $0.36
Board [3s Kc 8c]
Seat 5: SilaSoNi (button) (small blind) folded on the Flop
Seat 6: DePokeraap (big blind) collected ($17.64)


PokerStars Hand #165130184594:  Hold'em Limit ($3/$6 USD) - 2017/01/25 1:25:20 ET
Table 'Papagena' 6-max Seat #6 is the button
Seat 5: SilaSoNi ($213.97 in chips)
Seat 6: DePokeraap ($87.84 in chips)
DePokeraap: posts small blind $1
SilaSoNi: posts big blind $3
*** HOLE CARDS ***
DePokeraap: folds
Uncalled bet ($2) returned to SilaSoNi
SilaSoNi collected $2 from pot
SilaSoNi: doesn't show hand
*** SUMMARY ***
Total pot $2 | Rake $0
Seat 5: SilaSoNi (big blind) collected ($2)
Seat 6: DePokeraap (button) (small blind) folded before Flop


PokerStars Hand #165130177293:  Hold'em Limit ($3/$6 USD) - 2017/01/25 1:24:52 ET
Table 'Papagena' 6-max Seat #5 is the button
Seat 5: SilaSoNi ($231.97 in chips)
Seat 6: DePokeraap ($70.34 in chips)
SilaSoNi: posts small blind $1
DePokeraap: posts big blind $3
*** HOLE CARDS ***
SilaSoNi: raises $3 to $6
DePokeraap: raises $3 to $9
SilaSoNi: raises $3 to $12
Betting is capped
DePokeraap: calls $3
*** FLOP *** [5s Jc 6h]
DePokeraap: checks
SilaSoNi: checks
*** TURN *** [5s Jc 6h] [8h]
DePokeraap: checks
SilaSoNi: checks
*** RIVER *** [5s Jc 6h 8h] [4s]
DePokeraap: bets $6
SilaSoNi: calls $6
*** SHOW DOWN ***
DePokeraap: shows [Ad 8s] (a pair of Eights)
SilaSoNi: mucks hand
DePokeraap collected $35.50 from pot
*** SUMMARY ***
Total pot $36 | Rake $0.50
Board [5s Jc 6h 8h 4s]
Seat 5: SilaSoNi (button) (small blind) mucked
Seat 6: DePokeraap (big blind) showed [Ad 8s] and won ($35.50) with a pair of Eights


