PokerStars Hand #151692974376:  Hold'em Limit ($3/$6 USD) - 2016/04/09 22:18:26 ET
Table 'Papagena' 6-max Seat #4 is the button
Seat 4: AzureCaper ($76 in chips)
Seat 6: SACHAVT ($40.50 in chips)
AzureCaper: posts small blind $1
SACHAVT: posts big blind $3
*** HOLE CARDS ***
AzureCaper: raises $3 to $6
SACHAVT: calls $3
*** FLOP *** [Kd Jh 7d]
SACHAVT: folds
AzureCaper collected $11.76 from pot
AzureCaper: doesn't show hand
*** SUMMARY ***
Total pot $12 | Rake $0.24
Board [Kd Jh 7d]
Seat 4: AzureCaper (button) (small blind) collected ($11.76)
Seat 6: SACHAVT (big blind) folded on the Flop


PokerStars Hand #151692972427:  Hold'em Limit ($3/$6 USD) - 2016/04/09 22:18:21 ET
Table 'Papagena' 6-max Seat #6 is the button
Seat 4: AzureCaper ($75 in chips)
Seat 6: SACHAVT ($41.50 in chips)
SACHAVT: posts small blind $1
AzureCaper: posts big blind $3
*** HOLE CARDS ***
SACHAVT: folds
Uncalled bet ($2) returned to AzureCaper
AzureCaper collected $2 from pot
AzureCaper: doesn't show hand
*** SUMMARY ***
Total pot $2 | Rake $0
Seat 4: AzureCaper (big blind) collected ($2)
Seat 6: SACHAVT (button) (small blind) folded before Flop


PokerStars Hand #151692970441:  Hold'em Limit ($3/$6 USD) - 2016/04/09 22:18:15 ET
Table 'Papagena' 6-max Seat #4 is the button
Seat 4: AzureCaper ($72 in chips)
Seat 6: SACHAVT ($44.50 in chips)
AzureCaper: posts small blind $1
SACHAVT: posts big blind $3
*** HOLE CARDS ***
AzureCaper: raises $3 to $6
SACHAVT: folds
Uncalled bet ($3) returned to AzureCaper
AzureCaper collected $6 from pot
AzureCaper: doesn't show hand
*** SUMMARY ***
Total pot $6 | Rake $0
Seat 4: AzureCaper (button) (small blind) collected ($6)
Seat 6: SACHAVT (big blind) folded before Flop


PokerStars Hand #151692959489:  Hold'em Limit ($3/$6 USD) - 2016/04/09 22:17:46 ET
Table 'Papagena' 6-max Seat #6 is the button
Seat 4: AzureCaper ($72 in chips)
Seat 6: SACHAVT ($30 in chips)
SACHAVT: posts small blind $1
AzureCaper: posts big blind $3
*** HOLE CARDS ***
SACHAVT: calls $2
AzureCaper: checks
*** FLOP *** [Qh 4s 3h]
AzureCaper: checks
SACHAVT: checks
*** TURN *** [Qh 4s 3h] [Qd]
AzureCaper: checks
SACHAVT: checks
*** RIVER *** [Qh 4s 3h Qd] [8h]
AzureCaper: bets $6
SACHAVT: raises $6 to $12
AzureCaper: calls $6
*** SHOW DOWN ***
SACHAVT: shows [Jd 8s] (two pair, Queens and Eights)
AzureCaper: mucks hand
SACHAVT collected $29.50 from pot
*** SUMMARY ***
Total pot $30 | Rake $0.50
Board [Qh 4s 3h Qd 8h]
Seat 4: AzureCaper (big blind) mucked
Seat 6: SACHAVT (button) (small blind) showed [Jd 8s] and won ($29.50) with two pair, Queens and Eights


PokerStars Hand #151692983575:  Hold'em Limit ($3/$6 USD) - 2016/04/09 22:18:51 ET
Table 'Papagena' 6-max Seat #4 is the button
Seat 4: AzureCaper ($78.76 in chips)
Seat 6: SACHAVT ($37.38 in chips)
AzureCaper: posts small blind $1
SACHAVT: posts big blind $3
*** HOLE CARDS ***
AzureCaper: folds
Uncalled bet ($2) returned to SACHAVT
SACHAVT collected $2 from pot
SACHAVT: doesn't show hand
*** SUMMARY ***
Total pot $2 | Rake $0
Seat 4: AzureCaper (button) (small blind) folded before Flop
Seat 6: SACHAVT (big blind) collected ($2)


PokerStars Hand #151692978373:  Hold'em Limit ($3/$6 USD) - 2016/04/09 22:18:37 ET
Table 'Papagena' 6-max Seat #6 is the button
Seat 4: AzureCaper ($81.76 in chips)
Seat 6: SACHAVT ($34.50 in chips)
SACHAVT: posts small blind $1
AzureCaper: posts big blind $3
*** HOLE CARDS ***
SACHAVT: calls $2
AzureCaper: checks
*** FLOP *** [8s 3s 5h]
AzureCaper: checks
SACHAVT: bets $3
AzureCaper: folds
Uncalled bet ($3) returned to SACHAVT
SACHAVT collected $5.88 from pot
SACHAVT: doesn't show hand
*** SUMMARY ***
Total pot $6 | Rake $0.12
Board [8s 3s 5h]
Seat 4: AzureCaper (big blind) folded on the Flop
Seat 6: SACHAVT (button) (small blind) collected ($5.88)


PokerStars Hand #151692990155:  Hold'em Limit ($3/$6 USD) - 2016/04/09 22:19:09 ET
Table 'Papagena' 6-max Seat #4 is the button
Seat 4: AzureCaper ($72 in chips)
Seat 6: SACHAVT ($49.90 in chips)
AzureCaper: posts small blind $1
SACHAVT: posts big blind $3
*** HOLE CARDS ***
AzureCaper: raises $3 to $6
Velbor107 joins the table at seat #1
SACHAVT: folds
Uncalled bet ($3) returned to AzureCaper
AzureCaper collected $6 from pot
AzureCaper: doesn't show hand
*** SUMMARY ***
Total pot $6 | Rake $0
Seat 4: AzureCaper (button) (small blind) collected ($6)
Seat 6: SACHAVT (big blind) folded before Flop


PokerStars Hand #151692985158:  Hold'em Limit ($3/$6 USD) - 2016/04/09 22:18:55 ET
Table 'Papagena' 6-max Seat #6 is the button
Seat 4: AzureCaper ($77.76 in chips)
Seat 6: SACHAVT ($38.38 in chips)
SACHAVT: posts small blind $1
AzureCaper: posts big blind $3
*** HOLE CARDS ***
SACHAVT: raises $3 to $6
AzureCaper: raises $3 to $9
gugvisse joins the table at seat #3
SACHAVT: calls $3
*** FLOP *** [7s 4s Ks]
AzureCaper: bets $3
SACHAVT: calls $3
*** TURN *** [7s 4s Ks] [6c]
AzureCaper: checks
SACHAVT: bets $6
AzureCaper: folds
Uncalled bet ($6) returned to SACHAVT
SACHAVT collected $23.52 from pot
SACHAVT: doesn't show hand
*** SUMMARY ***
Total pot $24 | Rake $0.48
Board [7s 4s Ks 6c]
Seat 4: AzureCaper (big blind) folded on the Turn
Seat 6: SACHAVT (button) (small blind) collected ($23.52)


PokerStars Hand #151693329477:  Hold'em Limit ($3/$6 USD) - 2016/04/09 22:34:44 ET
Table 'Papagena' 6-max Seat #2 is the button
Seat 2: kaldir01 ($49.44 in chips)
Seat 4: AzureCaper ($72 in chips)
kaldir01: posts small blind $1
AzureCaper: posts big blind $3
*** HOLE CARDS ***
kaldir01: folds
Uncalled bet ($2) returned to AzureCaper
AzureCaper collected $2 from pot
AzureCaper: doesn't show hand
*** SUMMARY ***
Total pot $2 | Rake $0
Seat 2: kaldir01 (button) (small blind) folded before Flop
Seat 4: AzureCaper (big blind) collected ($2)


PokerStars Hand #151693327921:  Hold'em Limit ($3/$6 USD) - 2016/04/09 22:34:40 ET
Table 'Papagena' 6-max Seat #4 is the button
Seat 2: kaldir01 ($48.44 in chips)
Seat 4: AzureCaper ($73 in chips)
AzureCaper: posts small blind $1
kaldir01: posts big blind $3
*** HOLE CARDS ***
AzureCaper: folds
Uncalled bet ($2) returned to kaldir01
kaldir01 collected $2 from pot
kaldir01: doesn't show hand
*** SUMMARY ***
Total pot $2 | Rake $0
Seat 2: kaldir01 (big blind) collected ($2)
Seat 4: AzureCaper (button) (small blind) folded before Flop


PokerStars Hand #151693323506:  Hold'em Limit ($3/$6 USD) - 2016/04/09 22:34:27 ET
Table 'Papagena' 6-max Seat #2 is the button
Seat 2: kaldir01 ($45.56 in chips)
Seat 4: AzureCaper ($76 in chips)
kaldir01: posts small blind $1
AzureCaper: posts big blind $3
*** HOLE CARDS ***
kaldir01: calls $2
AzureCaper: checks
*** FLOP *** [Qc Kc 3h]
GoliafUa joins the table at seat #5
AzureCaper: checks
kaldir01: bets $3
AzureCaper: folds
Uncalled bet ($3) returned to kaldir01
kaldir01 collected $5.88 from pot
kaldir01: doesn't show hand
*** SUMMARY ***
Total pot $6 | Rake $0.12
Board [Qc Kc 3h]
Seat 2: kaldir01 (button) (small blind) collected ($5.88)
Seat 4: AzureCaper (big blind) folded on the Flop


PokerStars Hand #151693321668:  Hold'em Limit ($3/$6 USD) - 2016/04/09 22:34:22 ET
Table 'Papagena' 6-max Seat #4 is the button
Seat 2: kaldir01 ($48.56 in chips)
Seat 4: AzureCaper ($73 in chips)
AzureCaper: posts small blind $1
kaldir01: posts big blind $3
*** HOLE CARDS ***
AzureCaper: raises $3 to $6
kaldir01: folds
Uncalled bet ($3) returned to AzureCaper
AzureCaper collected $6 from pot
AzureCaper: doesn't show hand
*** SUMMARY ***
Total pot $6 | Rake $0
Seat 2: kaldir01 (big blind) folded before Flop
Seat 4: AzureCaper (button) (small blind) collected ($6)


PokerStars Hand #151693319997:  Hold'em Limit ($3/$6 USD) - 2016/04/09 22:34:17 ET
Table 'Papagena' 6-max Seat #2 is the button
Seat 2: kaldir01 ($49.56 in chips)
Seat 4: AzureCaper ($72 in chips)
kaldir01: posts small blind $1
AzureCaper: posts big blind $3
*** HOLE CARDS ***
kaldir01: folds
Uncalled bet ($2) returned to AzureCaper
AzureCaper collected $2 from pot
AzureCaper: doesn't show hand
*** SUMMARY ***
Total pot $2 | Rake $0
Seat 2: kaldir01 (button) (small blind) folded before Flop
Seat 4: AzureCaper (big blind) collected ($2)


PokerStars Hand #151693318305:  Hold'em Limit ($3/$6 USD) - 2016/04/09 22:34:12 ET
Table 'Papagena' 6-max Seat #4 is the button
Seat 2: kaldir01 ($48.56 in chips)
Seat 4: AzureCaper ($73 in chips)
AzureCaper: posts small blind $1
kaldir01: posts big blind $3
*** HOLE CARDS ***
AzureCaper: folds
Uncalled bet ($2) returned to kaldir01
Velbor107 joins the table at seat #3
kaldir01 collected $2 from pot
kaldir01: doesn't show hand
*** SUMMARY ***
Total pot $2 | Rake $0
Seat 2: kaldir01 (big blind) collected ($2)
Seat 4: AzureCaper (button) (small blind) folded before Flop


PokerStars Hand #151693316657:  Hold'em Limit ($3/$6 USD) - 2016/04/09 22:34:08 ET
Table 'Papagena' 6-max Seat #2 is the button
Seat 2: kaldir01 ($49.56 in chips)
Seat 4: AzureCaper ($72 in chips)
kaldir01: posts small blind $1
AzureCaper: posts big blind $3
*** HOLE CARDS ***
kaldir01: folds
Uncalled bet ($2) returned to AzureCaper
AzureCaper collected $2 from pot
AzureCaper: doesn't show hand
*** SUMMARY ***
Total pot $2 | Rake $0
Seat 2: kaldir01 (button) (small blind) folded before Flop
Seat 4: AzureCaper (big blind) collected ($2)


PokerStars Hand #151693313343:  Hold'em Limit ($3/$6 USD) - 2016/04/09 22:33:58 ET
Table 'Papagena' 6-max Seat #4 is the button
Seat 2: kaldir01 ($48.56 in chips)
Seat 4: AzureCaper ($72 in chips)
AzureCaper: posts small blind $1
kaldir01: posts big blind $3
*** HOLE CARDS ***
AzureCaper: folds
Uncalled bet ($2) returned to kaldir01
kaldir01 collected $2 from pot
kaldir01: doesn't show hand
*** SUMMARY ***
Total pot $2 | Rake $0
Seat 2: kaldir01 (big blind) collected ($2)
Seat 4: AzureCaper (button) (small blind) folded before Flop


PokerStars Hand #151693347439:  Hold'em Limit ($3/$6 USD) - 2016/04/09 22:35:36 ET
Table 'Papagena' 6-max Seat #2 is the button
Seat 2: kaldir01 ($42.19 in chips)
Seat 4: AzureCaper ($80.64 in chips)
kaldir01: posts small blind $1
AzureCaper: posts big blind $3
*** HOLE CARDS ***
kaldir01: folds
Uncalled bet ($2) returned to AzureCaper
AzureCaper collected $2 from pot
AzureCaper: doesn't show hand
*** SUMMARY ***
Total pot $2 | Rake $0
Seat 2: kaldir01 (button) (small blind) folded before Flop
Seat 4: AzureCaper (big blind) collected ($2)


PokerStars Hand #151693340833:  Hold'em Limit ($3/$6 USD) - 2016/04/09 22:35:17 ET
Table 'Papagena' 6-max Seat #4 is the button
Seat 2: kaldir01 ($51.19 in chips)
Seat 4: AzureCaper ($72 in chips)
AzureCaper: posts small blind $1
kaldir01: posts big blind $3
*** HOLE CARDS ***
AzureCaper: raises $3 to $6
kaldir01: calls $3
*** FLOP *** [Td 9s Ks]
kaldir01: checks
AzureCaper: bets $3
kaldir01: calls $3
*** TURN *** [Td 9s Ks] [Tc]
kaldir01: checks
AzureCaper: checks
*** RIVER *** [Td 9s Ks Tc] [5d]
kaldir01: checks
AzureCaper: bets $6
kaldir01: folds
Uncalled bet ($6) returned to AzureCaper
AzureCaper collected $17.64 from pot
AzureCaper: doesn't show hand
*** SUMMARY ***
Total pot $18 | Rake $0.36
Board [Td 9s Ks Tc 5d]
Seat 2: kaldir01 (big blind) folded on the River
Seat 4: AzureCaper (button) (small blind) collected ($17.64)


PokerStars Hand #151693350642:  Hold'em Limit ($3/$6 USD) - 2016/04/09 22:35:46 ET
Table 'Papagena' 6-max Seat #2 is the button
Seat 2: kaldir01 ($42.19 in chips)
Seat 4: AzureCaper ($80.64 in chips)
kaldir01: posts small blind $1
AzureCaper: posts big blind $3
*** HOLE CARDS ***
kaldir01: folds
Uncalled bet ($2) returned to AzureCaper
AzureCaper collected $2 from pot
AzureCaper: doesn't show hand
*** SUMMARY ***
Total pot $2 | Rake $0
Seat 2: kaldir01 (button) (small blind) folded before Flop
Seat 4: AzureCaper (big blind) collected ($2)


PokerStars Hand #151693349063:  Hold'em Limit ($3/$6 USD) - 2016/04/09 22:35:41 ET
Table 'Papagena' 6-max Seat #4 is the button
Seat 2: kaldir01 ($41.19 in chips)
Seat 4: AzureCaper ($81.64 in chips)
AzureCaper: posts small blind $1
kaldir01: posts big blind $3
*** HOLE CARDS ***
AzureCaper: folds
Uncalled bet ($2) returned to kaldir01
kaldir01 collected $2 from pot
kaldir01: doesn't show hand
*** SUMMARY ***
Total pot $2 | Rake $0
Seat 2: kaldir01 (big blind) collected ($2)
Seat 4: AzureCaper (button) (small blind) folded before Flop


PokerStars Hand #151693338756:  Hold'em Limit ($3/$6 USD) - 2016/04/09 22:35:11 ET
Table 'Papagena' 6-max Seat #2 is the button
Seat 2: kaldir01 ($48.19 in chips)
Seat 4: AzureCaper ($72.75 in chips)
kaldir01: posts small blind $1
AzureCaper: posts big blind $3
*** HOLE CARDS ***
kaldir01: raises $3 to $6
AzureCaper: folds
Uncalled bet ($3) returned to kaldir01
kaldir01 collected $6 from pot
kaldir01: doesn't show hand
*** SUMMARY ***
Total pot $6 | Rake $0
Seat 2: kaldir01 (button) (small blind) collected ($6)
Seat 4: AzureCaper (big blind) folded before Flop


PokerStars Hand #151693331158:  Hold'em Limit ($3/$6 USD) - 2016/04/09 22:34:49 ET
Table 'Papagena' 6-max Seat #4 is the button
Seat 2: kaldir01 ($48.44 in chips)
Seat 4: AzureCaper ($73 in chips)
AzureCaper: posts small blind $1
kaldir01: posts big blind $3
*** HOLE CARDS ***
AzureCaper: raises $3 to $6
kaldir01: calls $3
*** FLOP *** [5h 6c Td]
kaldir01: checks
AzureCaper: bets $3
kaldir01: calls $3
*** TURN *** [5h 6c Td] [9h]
kaldir01: checks
AzureCaper: bets $6
kaldir01: calls $6
*** RIVER *** [5h 6c Td 9h] [Kh]
kaldir01: checks
AzureCaper: checks
*** SHOW DOWN ***
kaldir01: shows [Ah 9s] (a pair of Nines)
AzureCaper: shows [Ad 9c] (a pair of Nines)
kaldir01 collected $14.75 from pot
AzureCaper collected $14.75 from pot
*** SUMMARY ***
Total pot $30 | Rake $0.50
Board [5h 6c Td 9h Kh]
Seat 2: kaldir01 (big blind) showed [Ah 9s] and won ($14.75) with a pair of Nines
Seat 4: AzureCaper (button) (small blind) showed [Ad 9c] and won ($14.75) with a pair of Nines


PokerStars Hand #151693358103:  Hold'em Limit ($3/$6 USD) - 2016/04/09 22:36:07 ET
Table 'Papagena' 6-max Seat #4 is the button
Seat 2: kaldir01 ($30.19 in chips)
Seat 4: AzureCaper ($92.16 in chips)
AzureCaper: posts small blind $1
kaldir01: posts big blind $3
*** HOLE CARDS ***
AzureCaper: raises $3 to $6
kaldir01: calls $3
*** FLOP *** [Th 5s Jh]
kaldir01: checks
AzureCaper: bets $3
kaldir01: calls $3
*** TURN *** [Th 5s Jh] [Qc]
kaldir01: checks
AzureCaper: bets $6
kaldir01: raises $6 to $12
AzureCaper: raises $6 to $18
kaldir01: raises $3.19 to $21.19 and is all-in
Betting is capped
AzureCaper: calls $3.19
*** RIVER *** [Th 5s Jh Qc] [6h]
*** SHOW DOWN ***
kaldir01: shows [5d Qh] (two pair, Queens and Fives)
AzureCaper: shows [8h 9h] (a flush, Jack high)
AzureCaper collected $59.88 from pot
*** SUMMARY ***
Total pot $60.38 | Rake $0.50
Board [Th 5s Jh Qc 6h]
Seat 2: kaldir01 (big blind) showed [5d Qh] and lost with two pair, Queens and Fives
Seat 4: AzureCaper (button) (small blind) showed [8h 9h] and won ($59.88) with a flush, Jack high


PokerStars Hand #151693354053:  Hold'em Limit ($3/$6 USD) - 2016/04/09 22:35:55 ET
Table 'Papagena' 6-max Seat #2 is the button
Seat 2: kaldir01 ($42.19 in chips)
Seat 4: AzureCaper ($80.64 in chips)
kaldir01: posts small blind $1
AzureCaper: posts big blind $3
*** HOLE CARDS ***
kaldir01: raises $3 to $6
AzureCaper: raises $3 to $9
kaldir01: calls $3
*** FLOP *** [9h 2h 9s]
AzureCaper: bets $3
kaldir01: calls $3
*** TURN *** [9h 2h 9s] [Ts]
AzureCaper: bets $6
kaldir01: folds
Uncalled bet ($6) returned to AzureCaper
AzureCaper collected $23.52 from pot
AzureCaper: doesn't show hand
*** SUMMARY ***
Total pot $24 | Rake $0.48
Board [9h 2h 9s Ts]
Seat 2: kaldir01 (button) (small blind) folded on the Turn
Seat 4: AzureCaper (big blind) collected ($23.52)


PokerStars Hand #151693352276:  Hold'em Limit ($3/$6 USD) - 2016/04/09 22:35:50 ET
Table 'Papagena' 6-max Seat #4 is the button
Seat 2: kaldir01 ($41.19 in chips)
Seat 4: AzureCaper ($81.64 in chips)
AzureCaper: posts small blind $1
kaldir01: posts big blind $3
*** HOLE CARDS ***
AzureCaper: folds
Uncalled bet ($2) returned to kaldir01
kaldir01 collected $2 from pot
kaldir01: doesn't show hand
*** SUMMARY ***
Total pot $2 | Rake $0
Seat 2: kaldir01 (big blind) collected ($2)
Seat 4: AzureCaper (button) (small blind) folded before Flop


