PokerStars Hand #157944841536:  Hold'em Limit ($3/$6 USD) - 2016/08/30 15:31:40 ET
Table 'Papagena II' 6-max Seat #3 is the button
Seat 3: minigus575 ($121 in chips)
Seat 4: Wurst2000 ($119 in chips)
minigus575: posts small blind $1
Wurst2000: posts big blind $3
*** HOLE CARDS ***
minigus575: folds
Uncalled bet ($2) returned to Wurst2000
Wurst2000 collected $2 from pot
Wurst2000: doesn't show hand
*** SUMMARY ***
Total pot $2 | Rake $0
Seat 3: minigus575 (button) (small blind) folded before Flop
Seat 4: Wurst2000 (big blind) collected ($2)


PokerStars Hand #157944823695:  Hold'em Limit ($3/$6 USD) - 2016/08/30 15:31:19 ET
Table 'Papagena II' 6-max Seat #4 is the button
Seat 3: minigus575 ($120 in chips)
Seat 4: Wurst2000 ($120 in chips)
Wurst2000: posts small blind $1
GoliafUa has timed out
GoliafUa: is sitting out
minigus575: posts big blind $3
*** HOLE CARDS ***
Wurst2000: folds
Uncalled bet ($2) returned to minigus575
minigus575 collected $2 from pot
minigus575: doesn't show hand
*** SUMMARY ***
Total pot $2 | Rake $0
Seat 3: minigus575 (big blind) collected ($2)
Seat 4: Wurst2000 (button) (small blind) folded before Flop


PokerStars Hand #157944857502:  Hold'em Limit ($3/$6 USD) - 2016/08/30 15:31:59 ET
Table 'Papagena II' 6-max Seat #3 is the button
Seat 3: minigus575 ($125 in chips)
Seat 4: Wurst2000 ($115 in chips)
minigus575: posts small blind $1
Wurst2000: posts big blind $3
*** HOLE CARDS ***
minigus575: raises $3 to $6
Wurst2000: calls $3
*** FLOP *** [Ac Qs 2s]
Wurst2000: checks
minigus575: bets $3
Wurst2000: calls $3
*** TURN *** [Ac Qs 2s] [6h]
Wurst2000: checks
minigus575: checks
*** RIVER *** [Ac Qs 2s 6h] [3h]
Wurst2000: bets $6
minigus575: calls $6
*** SHOW DOWN ***
Wurst2000: shows [6c Qh] (two pair, Queens and Sixes)
minigus575: mucks hand
Wurst2000 collected $29.50 from pot
*** SUMMARY ***
Total pot $30 | Rake $0.50
Board [Ac Qs 2s 6h 3h]
Seat 3: minigus575 (button) (small blind) mucked
Seat 4: Wurst2000 (big blind) showed [6c Qh] and won ($29.50) with two pair, Queens and Sixes


PokerStars Hand #157944869117:  Hold'em Limit ($3/$6 USD) - 2016/08/30 15:32:13 ET
Table 'Papagena II' 6-max Seat #4 is the button
Seat 3: minigus575 ($110 in chips)
Seat 4: Wurst2000 ($129.50 in chips)
Wurst2000: posts small blind $1
minigus575: posts big blind $3
*** HOLE CARDS ***
Wurst2000: raises $3 to $6
minigus575: raises $3 to $9
Wurst2000: raises $3 to $12
Betting is capped
minigus575: calls $3
*** FLOP *** [3h 6d 8c]
minigus575: checks
Wurst2000: bets $3
minigus575: calls $3
*** TURN *** [3h 6d 8c] [2h]
minigus575: checks
Wurst2000: bets $6
minigus575: folds
Uncalled bet ($6) returned to Wurst2000
Wurst2000 collected $29.50 from pot
Wurst2000: doesn't show hand
*** SUMMARY ***
Total pot $30 | Rake $0.50
Board [3h 6d 8c 2h]
Seat 3: minigus575 (big blind) folded on the Turn
Seat 4: Wurst2000 (button) (small blind) collected ($29.50)


PokerStars Hand #157944885685:  Hold'em Limit ($3/$6 USD) - 2016/08/30 15:32:32 ET
Table 'Papagena II' 6-max Seat #3 is the button
Seat 3: minigus575 ($95 in chips)
Seat 4: Wurst2000 ($144 in chips)
minigus575: posts small blind $1
Wurst2000: posts big blind $3
*** HOLE CARDS ***
minigus575: raises $3 to $6
Wurst2000: calls $3
*** FLOP *** [7h Kd 9c]
Wurst2000: checks
minigus575: bets $3
Wurst2000: folds
Uncalled bet ($3) returned to minigus575
minigus575 collected $11.76 from pot
minigus575: doesn't show hand
*** SUMMARY ***
Total pot $12 | Rake $0.24
Board [7h Kd 9c]
Seat 3: minigus575 (button) (small blind) collected ($11.76)
Seat 4: Wurst2000 (big blind) folded on the Flop


PokerStars Hand #157944848856:  Hold'em Limit ($3/$6 USD) - 2016/08/30 15:31:48 ET
Table 'Papagena II' 6-max Seat #3 is the button
Seat 3: minigus575 ($121 in chips)
Seat 4: Wurst2000 ($119 in chips)
minigus575: posts small blind $1
Wurst2000: posts big blind $3
*** HOLE CARDS ***
minigus575: raises $3 to $6
Wurst2000: folds
Uncalled bet ($3) returned to minigus575
minigus575 collected $6 from pot
minigus575: doesn't show hand
*** SUMMARY ***
Total pot $6 | Rake $0
Seat 3: minigus575 (button) (small blind) collected ($6)
Seat 4: Wurst2000 (big blind) folded before Flop


PokerStars Hand #157944921526:  Hold'em Limit ($3/$6 USD) - 2016/08/30 15:33:15 ET
Table 'Papagena II' 6-max Seat #4 is the button
Seat 3: minigus575 ($110.28 in chips)
Seat 4: Wurst2000 ($127.76 in chips)
Wurst2000: posts small blind $1
minigus575: posts big blind $3
*** HOLE CARDS ***
Wurst2000: raises $3 to $6
minigus575: calls $3
*** FLOP *** [2c Tc 2d]
minigus575: checks
Wurst2000: bets $3
minigus575: raises $3 to $6
Wurst2000: calls $3
*** TURN *** [2c Tc 2d] [Qc]
minigus575: bets $6
Wurst2000: calls $6
*** RIVER *** [2c Tc 2d Qc] [4d]
minigus575: bets $6
Wurst2000: calls $6
*** SHOW DOWN ***
minigus575: shows [5d Td] (two pair, Tens and Deuces)
Wurst2000: mucks hand
minigus575 collected $47.50 from pot
*** SUMMARY ***
Total pot $48 | Rake $0.50
Board [2c Tc 2d Qc 4d]
Seat 3: minigus575 (big blind) showed [5d Td] and won ($47.50) with two pair, Tens and Deuces
Seat 4: Wurst2000 (button) (small blind) mucked


PokerStars Hand #157944939882:  Hold'em Limit ($3/$6 USD) - 2016/08/30 15:33:37 ET
Table 'Papagena II' 6-max Seat #3 is the button
Seat 3: minigus575 ($133.78 in chips)
Seat 4: Wurst2000 ($103.76 in chips)
minigus575: posts small blind $1
Wurst2000: posts big blind $3
*** HOLE CARDS ***
minigus575: raises $3 to $6
Wurst2000: raises $3 to $9
minigus575: calls $3
*** FLOP *** [Ah Kd 3s]
Wurst2000: bets $3
minigus575: folds
Uncalled bet ($3) returned to Wurst2000
Wurst2000 collected $17.64 from pot
Wurst2000: doesn't show hand
*** SUMMARY ***
Total pot $18 | Rake $0.36
Board [Ah Kd 3s]
Seat 3: minigus575 (button) (small blind) folded on the Flop
Seat 4: Wurst2000 (big blind) collected ($17.64)


PokerStars Hand #157944903240:  Hold'em Limit ($3/$6 USD) - 2016/08/30 15:32:53 ET
Table 'Papagena II' 6-max Seat #3 is the button
Seat 3: minigus575 ($112.28 in chips)
Seat 4: Wurst2000 ($126 in chips)
minigus575: posts small blind $1
Wurst2000: posts big blind $3
*** HOLE CARDS ***
minigus575: raises $3 to $6
Wurst2000: calls $3
*** FLOP *** [Jh 7c 9s]
Wurst2000: checks
minigus575: checks
*** TURN *** [Jh 7c 9s] [Th]
Wurst2000: checks
minigus575: checks
*** RIVER *** [Jh 7c 9s Th] [3c]
Wurst2000: checks
minigus575: checks
*** SHOW DOWN ***
Wurst2000: shows [Ac 3d] (a pair of Threes)
minigus575: mucks hand
Wurst2000 collected $11.76 from pot
*** SUMMARY ***
Total pot $12 | Rake $0.24
Board [Jh 7c 9s Th 3c]
Seat 3: minigus575 (button) (small blind) mucked
Seat 4: Wurst2000 (big blind) showed [Ac 3d] and won ($11.76) with a pair of Threes


PokerStars Hand #157944892807:  Hold'em Limit ($3/$6 USD) - 2016/08/30 15:32:41 ET
Table 'Papagena II' 6-max Seat #4 is the button
Seat 3: minigus575 ($100.76 in chips)
Seat 4: Wurst2000 ($138 in chips)
Wurst2000: posts small blind $1
minigus575: posts big blind $3
*** HOLE CARDS ***
Wurst2000: raises $3 to $6
minigus575: raises $3 to $9
Wurst2000: calls $3
*** FLOP *** [Tc 3c 3h]
minigus575: bets $3
Wurst2000: calls $3
*** TURN *** [Tc 3c 3h] [5s]
minigus575: bets $6
Wurst2000: folds
Uncalled bet ($6) returned to minigus575
minigus575 collected $23.52 from pot
minigus575: doesn't show hand
*** SUMMARY ***
Total pot $24 | Rake $0.48
Board [Tc 3c 3h 5s]
Seat 3: minigus575 (big blind) collected ($23.52)
Seat 4: Wurst2000 (button) (small blind) folded on the Turn


PokerStars Hand #157944954460:  Hold'em Limit ($3/$6 USD) - 2016/08/30 15:33:54 ET
Table 'Papagena II' 6-max Seat #3 is the button
Seat 3: minigus575 ($125.78 in chips)
Seat 4: Wurst2000 ($111.40 in chips)
minigus575: posts small blind $1
Wurst2000: posts big blind $3
*** HOLE CARDS ***
minigus575: raises $3 to $6
Wurst2000: raises $3 to $9
minigus575: raises $3 to $12
Betting is capped
Wurst2000: calls $3
*** FLOP *** [Qc 9h 4s]
Wurst2000: checks
minigus575: bets $3
Wurst2000: calls $3
*** TURN *** [Qc 9h 4s] [Ah]
Wurst2000: checks
minigus575: bets $6
Wurst2000: folds
Uncalled bet ($6) returned to minigus575
minigus575 collected $29.50 from pot
minigus575: doesn't show hand
*** SUMMARY ***
Total pot $30 | Rake $0.50
Board [Qc 9h 4s Ah]
Seat 3: minigus575 (button) (small blind) collected ($29.50)
Seat 4: Wurst2000 (big blind) folded on the Turn


PokerStars Hand #157944972928:  Hold'em Limit ($3/$6 USD) - 2016/08/30 15:34:16 ET
Table 'Papagena II' 6-max Seat #3 is the button
Seat 3: minigus575 ($141.28 in chips)
Seat 4: Wurst2000 ($95.40 in chips)
minigus575: posts small blind $1
Wurst2000: posts big blind $3
*** HOLE CARDS ***
minigus575: raises $3 to $6
Wurst2000: calls $3
*** FLOP *** [6d 2s 4h]
Wurst2000: checks
minigus575: checks
*** TURN *** [6d 2s 4h] [Qd]
Wurst2000: bets $6
minigus575: folds
Uncalled bet ($6) returned to Wurst2000
Wurst2000 collected $11.76 from pot
Wurst2000: doesn't show hand
*** SUMMARY ***
Total pot $12 | Rake $0.24
Board [6d 2s 4h Qd]
Seat 3: minigus575 (button) (small blind) folded on the Turn
Seat 4: Wurst2000 (big blind) collected ($11.76)


PokerStars Hand #157944982521:  Hold'em Limit ($3/$6 USD) - 2016/08/30 15:34:28 ET
Table 'Papagena II' 6-max Seat #4 is the button
Seat 3: minigus575 ($135.28 in chips)
Seat 4: Wurst2000 ($101.16 in chips)
Wurst2000: posts small blind $1
minigus575: posts big blind $3
*** HOLE CARDS ***
Wurst2000: raises $3 to $6
minigus575: calls $3
*** FLOP *** [Tc Qd Ah]
minigus575: checks
Wurst2000: bets $3
minigus575: calls $3
*** TURN *** [Tc Qd Ah] [Ac]
minigus575: checks
Wurst2000: bets $6
minigus575: calls $6
*** RIVER *** [Tc Qd Ah Ac] [8c]
minigus575: checks
Wurst2000: bets $6
minigus575: calls $6
*** SHOW DOWN ***
Wurst2000: shows [9h Qh] (two pair, Aces and Queens)
minigus575: mucks hand
Wurst2000 collected $41.50 from pot
*** SUMMARY ***
Total pot $42 | Rake $0.50
Board [Tc Qd Ah Ac 8c]
Seat 3: minigus575 (big blind) mucked
Seat 4: Wurst2000 (button) (small blind) showed [9h Qh] and won ($41.50) with two pair, Aces and Queens


PokerStars Hand #157945036079:  Hold'em Limit ($3/$6 USD) - 2016/08/30 15:35:31 ET
Table 'Papagena II' 6-max Seat #3 is the button
Seat 3: minigus575 ($131.42 in chips)
Seat 4: Wurst2000 ($103.16 in chips)
minigus575: posts small blind $1
Wurst2000: posts big blind $3
*** HOLE CARDS ***
minigus575: raises $3 to $6
Wurst2000: raises $3 to $9
minigus575: calls $3
*** FLOP *** [8s Qh Kd]
Wurst2000: bets $3
minigus575: raises $3 to $6
Wurst2000: folds
Uncalled bet ($3) returned to minigus575
minigus575 collected $23.52 from pot
minigus575: doesn't show hand
*** SUMMARY ***
Total pot $24 | Rake $0.48
Board [8s Qh Kd]
Seat 3: minigus575 (button) (small blind) collected ($23.52)
Seat 4: Wurst2000 (big blind) folded on the Flop


PokerStars Hand #157945013296:  Hold'em Limit ($3/$6 USD) - 2016/08/30 15:35:04 ET
Table 'Papagena II' 6-max Seat #3 is the button
Seat 3: minigus575 ($99.28 in chips)
Seat 4: Wurst2000 ($136.16 in chips)
minigus575: posts small blind $1
Wurst2000: posts big blind $3
*** HOLE CARDS ***
minigus575: raises $3 to $6
Wurst2000: calls $3
*** FLOP *** [Td 7h 6d]
Wurst2000: checks
minigus575: bets $3
Wurst2000: calls $3
*** TURN *** [Td 7h 6d] [9c]
Wurst2000: checks
minigus575: bets $6
Wurst2000: folds
Uncalled bet ($6) returned to minigus575
minigus575 collected $17.64 from pot
minigus575: doesn't show hand
*** SUMMARY ***
Total pot $18 | Rake $0.36
Board [Td 7h 6d 9c]
Seat 3: minigus575 (button) (small blind) collected ($17.64)
Seat 4: Wurst2000 (big blind) folded on the Turn


PokerStars Hand #157945000526:  Hold'em Limit ($3/$6 USD) - 2016/08/30 15:34:49 ET
Table 'Papagena II' 6-max Seat #4 is the button
Seat 3: minigus575 ($117.28 in chips)
Seat 4: Wurst2000 ($118.66 in chips)
Wurst2000: posts small blind $1
minigus575: posts big blind $3
*** HOLE CARDS ***
Wurst2000: raises $3 to $6
minigus575: raises $3 to $9
Wurst2000: calls $3
*** FLOP *** [2s 4s Qc]
minigus575: bets $3
Wurst2000: calls $3
*** TURN *** [2s 4s Qc] [Ah]
minigus575: bets $6
Wurst2000: calls $6
*** RIVER *** [2s 4s Qc Ah] [As]
minigus575: checks
Wurst2000: checks
*** SHOW DOWN ***
minigus575: shows [8d Kc] (a pair of Aces)
Wurst2000: shows [Kd 2h] (two pair, Aces and Deuces)
Wurst2000 collected $35.50 from pot
*** SUMMARY ***
Total pot $36 | Rake $0.50
Board [2s 4s Qc Ah As]
Seat 3: minigus575 (big blind) showed [8d Kc] and lost with a pair of Aces
Seat 4: Wurst2000 (button) (small blind) showed [Kd 2h] and won ($35.50) with two pair, Aces and Deuces


PokerStars Hand #157945021542:  Hold'em Limit ($3/$6 USD) - 2016/08/30 15:35:14 ET
Table 'Papagena II' 6-max Seat #4 is the button
Seat 3: minigus575 ($107.92 in chips)
Seat 4: Wurst2000 ($127.16 in chips)
Wurst2000: posts small blind $1
minigus575: posts big blind $3
*** HOLE CARDS ***
Wurst2000: raises $3 to $6
minigus575: raises $3 to $9
Wurst2000: calls $3
*** FLOP *** [5h 5s 8d]
minigus575: bets $3
Wurst2000: calls $3
*** TURN *** [5h 5s 8d] [9d]
minigus575: bets $6
Wurst2000: calls $6
*** RIVER *** [5h 5s 8d 9d] [3c]
minigus575: bets $6
Wurst2000: calls $6
*** SHOW DOWN ***
minigus575: shows [Td As] (a pair of Fives)
Wurst2000: mucks hand
minigus575 collected $47.50 from pot
*** SUMMARY ***
Total pot $48 | Rake $0.50
Board [5h 5s 8d 9d 3c]
Seat 3: minigus575 (big blind) showed [Td As] and won ($47.50) with a pair of Fives
Seat 4: Wurst2000 (button) (small blind) mucked


PokerStars Hand #157945057407:  Hold'em Limit ($3/$6 USD) - 2016/08/30 15:35:56 ET
Table 'Papagena II' 6-max Seat #3 is the button
Seat 3: minigus575 ($133.94 in chips)
Seat 4: Wurst2000 ($99.80 in chips)
minigus575: posts small blind $1
Wurst2000: posts big blind $3
*** HOLE CARDS ***
minigus575: raises $3 to $6
Wurst2000: calls $3
*** FLOP *** [Td 6h 6c]
Wurst2000: checks
minigus575: bets $3
Wurst2000: calls $3
*** TURN *** [Td 6h 6c] [2h]
Wurst2000: checks
minigus575: bets $6
Wurst2000: calls $6
*** RIVER *** [Td 6h 6c 2h] [4c]
Wurst2000: checks
minigus575: bets $6
Wurst2000: folds
Uncalled bet ($6) returned to minigus575
minigus575 collected $29.50 from pot
minigus575: doesn't show hand
*** SUMMARY ***
Total pot $30 | Rake $0.50
Board [Td 6h 6c 2h 4c]
Seat 3: minigus575 (button) (small blind) collected ($29.50)
Seat 4: Wurst2000 (big blind) folded on the River


PokerStars Hand #157945046891:  Hold'em Limit ($3/$6 USD) - 2016/08/30 15:35:44 ET
Table 'Papagena II' 6-max Seat #4 is the button
Seat 3: minigus575 ($142.94 in chips)
Seat 4: Wurst2000 ($91.16 in chips)
Wurst2000: posts small blind $1
minigus575: posts big blind $3
*** HOLE CARDS ***
Wurst2000: raises $3 to $6
minigus575: calls $3
*** FLOP *** [9s 7d Th]
minigus575: checks
Wurst2000: bets $3
minigus575: calls $3
*** TURN *** [9s 7d Th] [3c]
minigus575: checks
Wurst2000: bets $6
minigus575: folds
Uncalled bet ($6) returned to Wurst2000
Wurst2000 collected $17.64 from pot
Wurst2000: doesn't show hand
*** SUMMARY ***
Total pot $18 | Rake $0.36
Board [9s 7d Th 3c]
Seat 3: minigus575 (big blind) folded on the Turn
Seat 4: Wurst2000 (button) (small blind) collected ($17.64)


PokerStars Hand #157945078068:  Hold'em Limit ($3/$6 USD) - 2016/08/30 15:36:20 ET
Table 'Papagena II' 6-max Seat #4 is the button
Seat 3: minigus575 ($144.44 in chips)
Seat 4: Wurst2000 ($88.80 in chips)
Wurst2000: posts small blind $1
minigus575: posts big blind $3
*** HOLE CARDS ***
Wurst2000: raises $3 to $6
minigus575: calls $3
*** FLOP *** [3c 7d 7s]
minigus575: checks
Wurst2000: bets $3
minigus575: calls $3
*** TURN *** [3c 7d 7s] [Ad]
minigus575: checks
Wurst2000: bets $6
minigus575: folds
Uncalled bet ($6) returned to Wurst2000
Wurst2000 collected $17.64 from pot
Wurst2000: doesn't show hand
*** SUMMARY ***
Total pot $18 | Rake $0.36
Board [3c 7d 7s Ad]
Seat 3: minigus575 (big blind) folded on the Turn
Seat 4: Wurst2000 (button) (small blind) collected ($17.64)


PokerStars Hand #157945092971:  Hold'em Limit ($3/$6 USD) - 2016/08/30 15:36:38 ET
Table 'Papagena II' 6-max Seat #4 is the button
Seat 3: minigus575 ($134.44 in chips)
Seat 4: Wurst2000 ($98.44 in chips)
Wurst2000: posts small blind $1
minigus575: posts big blind $3
*** HOLE CARDS ***
Wurst2000: folds
Uncalled bet ($2) returned to minigus575
minigus575 collected $2 from pot
minigus575: doesn't show hand
*** SUMMARY ***
Total pot $2 | Rake $0
Seat 3: minigus575 (big blind) collected ($2)
Seat 4: Wurst2000 (button) (small blind) folded before Flop


PokerStars Hand #157945068864:  Hold'em Limit ($3/$6 USD) - 2016/08/30 15:36:10 ET
Table 'Papagena II' 6-max Seat #4 is the button
Seat 3: minigus575 ($148.44 in chips)
Seat 4: Wurst2000 ($84.80 in chips)
Wurst2000: posts small blind $1
minigus575: posts big blind $3
*** HOLE CARDS ***
Wurst2000: raises $3 to $6
minigus575: folds
Uncalled bet ($3) returned to Wurst2000
Wurst2000 collected $6 from pot
Wurst2000: doesn't show hand
*** SUMMARY ***
Total pot $6 | Rake $0
Seat 3: minigus575 (big blind) folded before Flop
Seat 4: Wurst2000 (button) (small blind) collected ($6)


PokerStars Hand #157945138079:  Hold'em Limit ($3/$6 USD) - 2016/08/30 15:37:31 ET
Table 'Papagena II' 6-max Seat #4 is the button
Seat 3: minigus575 ($136.94 in chips)
Seat 4: Wurst2000 ($94.94 in chips)
Wurst2000: posts small blind $1
minigus575: posts big blind $3
*** HOLE CARDS ***
Wurst2000: raises $3 to $6
minigus575: calls $3
*** FLOP *** [Td 3c Qc]
minigus575: checks
Wurst2000: bets $3
minigus575: raises $3 to $6
Wurst2000: calls $3
*** TURN *** [Td 3c Qc] [8s]
minigus575: bets $6
Wurst2000: calls $6
*** RIVER *** [Td 3c Qc 8s] [Ad]
minigus575: bets $6
Wurst2000: calls $6
*** SHOW DOWN ***
minigus575: shows [As 5c] (a pair of Aces)
Wurst2000: mucks hand
minigus575 collected $47.50 from pot
*** SUMMARY ***
Total pot $48 | Rake $0.50
Board [Td 3c Qc 8s Ad]
Seat 3: minigus575 (big blind) showed [As 5c] and won ($47.50) with a pair of Aces
Seat 4: Wurst2000 (button) (small blind) mucked


PokerStars Hand #157945112498:  Hold'em Limit ($3/$6 USD) - 2016/08/30 15:37:01 ET
Table 'Papagena II' 6-max Seat #4 is the button
Seat 3: minigus575 ($158.94 in chips)
Seat 4: Wurst2000 ($73.44 in chips)
Wurst2000: posts small blind $1
minigus575: posts big blind $3
*** HOLE CARDS ***
Wurst2000: raises $3 to $6
minigus575: folds
Uncalled bet ($3) returned to Wurst2000
Wurst2000 collected $6 from pot
Wurst2000: doesn't show hand
*** SUMMARY ***
Total pot $6 | Rake $0
Seat 3: minigus575 (big blind) folded before Flop
Seat 4: Wurst2000 (button) (small blind) collected ($6)


PokerStars Hand #157945096562:  Hold'em Limit ($3/$6 USD) - 2016/08/30 15:36:42 ET
Table 'Papagena II' 6-max Seat #3 is the button
Seat 3: minigus575 ($135.44 in chips)
Seat 4: Wurst2000 ($97.44 in chips)
minigus575: posts small blind $1
Wurst2000: posts big blind $3
*** HOLE CARDS ***
minigus575: raises $3 to $6
Wurst2000: raises $3 to $9
minigus575: calls $3
*** FLOP *** [6d 4h 4s]
Wurst2000: bets $3
minigus575: calls $3
*** TURN *** [6d 4h 4s] [8h]
Wurst2000: bets $6
minigus575: calls $6
*** RIVER *** [6d 4h 4s 8h] [Ad]
Wurst2000: checks
minigus575: bets $6
Wurst2000: calls $6
*** SHOW DOWN ***
minigus575: shows [Qh 6c] (two pair, Sixes and Fours)
Wurst2000: mucks hand
minigus575 collected $47.50 from pot
*** SUMMARY ***
Total pot $48 | Rake $0.50
Board [6d 4h 4s 8h Ad]
Seat 3: minigus575 (button) (small blind) showed [Qh 6c] and won ($47.50) with two pair, Sixes and Fours
Seat 4: Wurst2000 (big blind) mucked


PokerStars Hand #157945134233:  Hold'em Limit ($3/$6 USD) - 2016/08/30 15:37:27 ET
Table 'Papagena II' 6-max Seat #3 is the button
Seat 3: minigus575 ($137.94 in chips)
Seat 4: Wurst2000 ($93.94 in chips)
minigus575: posts small blind $1
Wurst2000: posts big blind $3
*** HOLE CARDS ***
minigus575: folds
Uncalled bet ($2) returned to Wurst2000
Wurst2000 collected $2 from pot
Wurst2000: doesn't show hand
*** SUMMARY ***
Total pot $2 | Rake $0
Seat 3: minigus575 (button) (small blind) folded before Flop
Seat 4: Wurst2000 (big blind) collected ($2)


PokerStars Hand #157945130145:  Hold'em Limit ($3/$6 USD) - 2016/08/30 15:37:22 ET
Table 'Papagena II' 6-max Seat #4 is the button
Seat 3: minigus575 ($140.94 in chips)
Seat 4: Wurst2000 ($90.94 in chips)
Wurst2000: posts small blind $1
minigus575: posts big blind $3
*** HOLE CARDS ***
Wurst2000: raises $3 to $6
minigus575: folds
Uncalled bet ($3) returned to Wurst2000
Wurst2000 collected $6 from pot
Wurst2000: doesn't show hand
*** SUMMARY ***
Total pot $6 | Rake $0
Seat 3: minigus575 (big blind) folded before Flop
Seat 4: Wurst2000 (button) (small blind) collected ($6)


PokerStars Hand #157945118078:  Hold'em Limit ($3/$6 USD) - 2016/08/30 15:37:08 ET
Table 'Papagena II' 6-max Seat #3 is the button
Seat 3: minigus575 ($155.94 in chips)
Seat 4: Wurst2000 ($76.44 in chips)
minigus575: posts small blind $1
Wurst2000: posts big blind $3
*** HOLE CARDS ***
minigus575: raises $3 to $6
Wurst2000: calls $3
*** FLOP *** [Td Ts Tc]
Wurst2000: checks
minigus575: bets $3
Wurst2000: calls $3
*** TURN *** [Td Ts Tc] [Kd]
Wurst2000: checks
minigus575: checks
*** RIVER *** [Td Ts Tc Kd] [7h]
Wurst2000: bets $6
minigus575: calls $6
*** SHOW DOWN ***
Wurst2000: shows [7c Qd] (a full house, Tens full of Sevens)
minigus575: mucks hand
Wurst2000 collected $29.50 from pot
*** SUMMARY ***
Total pot $30 | Rake $0.50
Board [Td Ts Tc Kd 7h]
Seat 3: minigus575 (button) (small blind) mucked
Seat 4: Wurst2000 (big blind) showed [7c Qd] and won ($29.50) with a full house, Tens full of Sevens


PokerStars Hand #157945162089:  Hold'em Limit ($3/$6 USD) - 2016/08/30 15:38:00 ET
Table 'Papagena II' 6-max Seat #4 is the button
Seat 3: minigus575 ($163.44 in chips)
Seat 4: Wurst2000 ($67.94 in chips)
Wurst2000: posts small blind $1
minigus575: posts big blind $3
*** HOLE CARDS ***
Wurst2000: folds
Uncalled bet ($2) returned to minigus575
minigus575 collected $2 from pot
minigus575: doesn't show hand
*** SUMMARY ***
Total pot $2 | Rake $0
Seat 3: minigus575 (big blind) collected ($2)
Seat 4: Wurst2000 (button) (small blind) folded before Flop


PokerStars Hand #157945180951:  Hold'em Limit ($3/$6 USD) - 2016/08/30 15:38:22 ET
Table 'Papagena II' 6-max Seat #4 is the button
Seat 3: minigus575 ($146.44 in chips)
Seat 4: Wurst2000 ($84.44 in chips)
Wurst2000: posts small blind $1
minigus575: posts big blind $3
*** HOLE CARDS ***
Wurst2000: raises $3 to $6
minigus575: calls $3
*** FLOP *** [As 7c 8c]
minigus575: checks
Wurst2000: bets $3
minigus575: calls $3
*** TURN *** [As 7c 8c] [6c]
minigus575: checks
Wurst2000: bets $6
minigus575: raises $6 to $12
Wurst2000: calls $6
*** RIVER *** [As 7c 8c 6c] [8d]
minigus575: checks
Wurst2000: checks
*** SHOW DOWN ***
minigus575: shows [6h 7s] (two pair, Eights and Sevens)
Wurst2000: shows [9h 9s] (two pair, Nines and Eights)
Wurst2000 collected $41.50 from pot
*** SUMMARY ***
Total pot $42 | Rake $0.50
Board [As 7c 8c 6c 8d]
Seat 3: minigus575 (big blind) showed [6h 7s] and lost with two pair, Eights and Sevens
Seat 4: Wurst2000 (button) (small blind) showed [9h 9s] and won ($41.50) with two pair, Nines and Eights


PokerStars Hand #157945166402:  Hold'em Limit ($3/$6 USD) - 2016/08/30 15:38:05 ET
Table 'Papagena II' 6-max Seat #3 is the button
Seat 3: minigus575 ($164.44 in chips)
Seat 4: Wurst2000 ($66.94 in chips)
minigus575: posts small blind $1
Wurst2000: posts big blind $3
*** HOLE CARDS ***
minigus575: calls $2
Wurst2000: raises $3 to $6
minigus575: calls $3
*** FLOP *** [6d 3s 5c]
Wurst2000: bets $3
minigus575: raises $3 to $6
Wurst2000: calls $3
*** TURN *** [6d 3s 5c] [8c]
Wurst2000: checks
minigus575: checks
*** RIVER *** [6d 3s 5c 8c] [Ah]
Wurst2000: bets $6
minigus575: calls $6
*** SHOW DOWN ***
Wurst2000: shows [9d 8s] (a pair of Eights)
minigus575: mucks hand
Wurst2000 collected $35.50 from pot
*** SUMMARY ***
Total pot $36 | Rake $0.50
Board [6d 3s 5c 8c Ah]
Seat 3: minigus575 (button) (small blind) mucked
Seat 4: Wurst2000 (big blind) showed [9d 8s] and won ($35.50) with a pair of Eights


PokerStars Hand #157945154579:  Hold'em Limit ($3/$6 USD) - 2016/08/30 15:37:51 ET
Table 'Papagena II' 6-max Seat #3 is the button
Seat 3: minigus575 ($160.44 in chips)
Seat 4: Wurst2000 ($70.94 in chips)
minigus575: posts small blind $1
Wurst2000: posts big blind $3
*** HOLE CARDS ***
minigus575: raises $3 to $6
Wurst2000: folds
Uncalled bet ($3) returned to minigus575
minigus575 collected $6 from pot
minigus575: doesn't show hand
*** SUMMARY ***
Total pot $6 | Rake $0
Seat 3: minigus575 (button) (small blind) collected ($6)
Seat 4: Wurst2000 (big blind) folded before Flop


PokerStars Hand #157945237440:  Hold'em Limit ($3/$6 USD) - 2016/08/30 15:39:29 ET
Table 'Papagena II' 6-max Seat #3 is the button
Seat 3: minigus575 ($101.20 in chips)
Seat 4: Wurst2000 ($128.20 in chips)
minigus575: posts small blind $1
Wurst2000: posts big blind $3
*** HOLE CARDS ***
minigus575: raises $3 to $6
Wurst2000: calls $3
*** FLOP *** [4c 5s Kd]
Wurst2000: checks
minigus575: bets $3
Wurst2000: calls $3
*** TURN *** [4c 5s Kd] [Ah]
Wurst2000: checks
minigus575: bets $6
Wurst2000: folds
Uncalled bet ($6) returned to minigus575
minigus575 collected $17.64 from pot
minigus575: doesn't show hand
*** SUMMARY ***
Total pot $18 | Rake $0.36
Board [4c 5s Kd Ah]
Seat 3: minigus575 (button) (small blind) collected ($17.64)
Seat 4: Wurst2000 (big blind) folded on the Turn


PokerStars Hand #157945207837:  Hold'em Limit ($3/$6 USD) - 2016/08/30 15:38:54 ET
Table 'Papagena II' 6-max Seat #4 is the button
Seat 3: minigus575 ($131.20 in chips)
Seat 4: Wurst2000 ($98.94 in chips)
Wurst2000: posts small blind $1
minigus575: posts big blind $3
*** HOLE CARDS ***
Wurst2000: raises $3 to $6
minigus575: calls $3
*** FLOP *** [5d 6h Ks]
minigus575: checks
Wurst2000: bets $3
minigus575: folds
Uncalled bet ($3) returned to Wurst2000
Wurst2000 collected $11.76 from pot
Wurst2000: doesn't show hand
*** SUMMARY ***
Total pot $12 | Rake $0.24
Board [5d 6h Ks]
Seat 3: minigus575 (big blind) folded on the Flop
Seat 4: Wurst2000 (button) (small blind) collected ($11.76)


PokerStars Hand #157945197265:  Hold'em Limit ($3/$6 USD) - 2016/08/30 15:38:41 ET
Table 'Papagena II' 6-max Seat #3 is the button
Seat 3: minigus575 ($125.44 in chips)
Seat 4: Wurst2000 ($104.94 in chips)
minigus575: posts small blind $1
Wurst2000: posts big blind $3
*** HOLE CARDS ***
minigus575: raises $3 to $6
Wurst2000: calls $3
*** FLOP *** [8c Jd 4d]
Wurst2000: checks
minigus575: bets $3
Wurst2000: folds
Uncalled bet ($3) returned to minigus575
minigus575 collected $11.76 from pot
minigus575: doesn't show hand
*** SUMMARY ***
Total pot $12 | Rake $0.24
Board [8c Jd 4d]
Seat 3: minigus575 (button) (small blind) collected ($11.76)
Seat 4: Wurst2000 (big blind) folded on the Flop


PokerStars Hand #157945232854:  Hold'em Limit ($3/$6 USD) - 2016/08/30 15:39:23 ET
Table 'Papagena II' 6-max Seat #4 is the button
Seat 3: minigus575 ($104.20 in chips)
Seat 4: Wurst2000 ($125.20 in chips)
Wurst2000: posts small blind $1
minigus575: posts big blind $3
*** HOLE CARDS ***
Wurst2000: raises $3 to $6
minigus575: folds
Uncalled bet ($3) returned to Wurst2000
Wurst2000 collected $6 from pot
Wurst2000: doesn't show hand
*** SUMMARY ***
Total pot $6 | Rake $0
Seat 3: minigus575 (big blind) folded before Flop
Seat 4: Wurst2000 (button) (small blind) collected ($6)


PokerStars Hand #157945217155:  Hold'em Limit ($3/$6 USD) - 2016/08/30 15:39:05 ET
Table 'Papagena II' 6-max Seat #3 is the button
Seat 3: minigus575 ($125.20 in chips)
Seat 4: Wurst2000 ($104.70 in chips)
minigus575: posts small blind $1
Wurst2000: posts big blind $3
*** HOLE CARDS ***
minigus575: raises $3 to $6
Wurst2000: raises $3 to $9
minigus575: calls $3
*** FLOP *** [2c Qs 3s]
Wurst2000: bets $3
minigus575: raises $3 to $6
Wurst2000: calls $3
*** TURN *** [2c Qs 3s] [8d]
Wurst2000: bets $6
minigus575: calls $6
*** RIVER *** [2c Qs 3s 8d] [9d]
Wurst2000: checks
minigus575: checks
*** SHOW DOWN ***
Wurst2000: shows [Qc Kd] (a pair of Queens)
minigus575: mucks hand
Wurst2000 collected $41.50 from pot
*** SUMMARY ***
Total pot $42 | Rake $0.50
Board [2c Qs 3s 8d 9d]
Seat 3: minigus575 (button) (small blind) mucked
Seat 4: Wurst2000 (big blind) showed [Qc Kd] and won ($41.50) with a pair of Queens


PokerStars Hand #157945276658:  Hold'em Limit ($3/$6 USD) - 2016/08/30 15:40:15 ET
Table 'Papagena II' 6-max Seat #3 is the button
Seat 3: minigus575 ($80.84 in chips)
Seat 4: Wurst2000 ($147.34 in chips)
minigus575: posts small blind $1
Wurst2000: posts big blind $3
*** HOLE CARDS ***
minigus575: raises $3 to $6
Wurst2000: calls $3
*** FLOP *** [4h 7s 2c]
Wurst2000: checks
minigus575: bets $3
Wurst2000: raises $3 to $6
minigus575: calls $3
*** TURN *** [4h 7s 2c] [9c]
Wurst2000: bets $6
minigus575: folds
Uncalled bet ($6) returned to Wurst2000
Wurst2000 collected $23.52 from pot
Wurst2000: doesn't show hand
*** SUMMARY ***
Total pot $24 | Rake $0.48
Board [4h 7s 2c 9c]
Seat 3: minigus575 (button) (small blind) folded on the Turn
Seat 4: Wurst2000 (big blind) collected ($23.52)


PokerStars Hand #157945272961:  Hold'em Limit ($3/$6 USD) - 2016/08/30 15:40:11 ET
Table 'Papagena II' 6-max Seat #4 is the button
Seat 3: minigus575 ($79.84 in chips)
Seat 4: Wurst2000 ($148.34 in chips)
Wurst2000: posts small blind $1
hurtstopee joins the table at seat #1
minigus575: posts big blind $3
*** HOLE CARDS ***
Wurst2000: folds
Uncalled bet ($2) returned to minigus575
minigus575 collected $2 from pot
minigus575: doesn't show hand
*** SUMMARY ***
Total pot $2 | Rake $0
Seat 3: minigus575 (big blind) collected ($2)
Seat 4: Wurst2000 (button) (small blind) folded before Flop


PokerStars Hand #157945246822:  Hold'em Limit ($3/$6 USD) - 2016/08/30 15:39:40 ET
Table 'Papagena II' 6-max Seat #4 is the button
Seat 3: minigus575 ($109.84 in chips)
Seat 4: Wurst2000 ($119.20 in chips)
Wurst2000: posts small blind $1
minigus575: posts big blind $3
*** HOLE CARDS ***
Wurst2000: raises $3 to $6
minigus575: calls $3
*** FLOP *** [6s 4d Js]
minigus575: checks
Wurst2000: bets $3
minigus575: calls $3
*** TURN *** [6s 4d Js] [7h]
minigus575: bets $6
Wurst2000: raises $6 to $12
minigus575: calls $6
*** RIVER *** [6s 4d Js 7h] [2h]
minigus575: checks
Wurst2000: checks
*** SHOW DOWN ***
minigus575: shows [8c 4s] (a pair of Fours)
Wurst2000: shows [5h 7s] (a pair of Sevens)
Wurst2000 collected $41.50 from pot
*** SUMMARY ***
Total pot $42 | Rake $0.50
Board [6s 4d Js 7h 2h]
Seat 3: minigus575 (big blind) showed [8c 4s] and lost with a pair of Fours
Seat 4: Wurst2000 (button) (small blind) showed [5h 7s] and won ($41.50) with a pair of Sevens


