PokerStars Hand #176743761921:  Hold'em Limit ($3/$6 USD) - 2017/10/10 13:57:54 ET
Table 'Papagena' 6-max Seat #4 is the button
Seat 4: xxPSRxx ($123.11 in chips)
Seat 5: favete lin ($86.48 in chips)
xxPSRxx: posts small blind $1
favete lin: posts big blind $3
*** HOLE CARDS ***
xxPSRxx: folds
Uncalled bet ($2) returned to favete lin
favete lin collected $2 from pot
favete lin: doesn't show hand
*** SUMMARY ***
Total pot $2 | Rake $0
Seat 4: xxPSRxx (button) (small blind) folded before Flop
Seat 5: favete lin (big blind) collected ($2)


PokerStars Hand #176743757262:  Hold'em Limit ($3/$6 USD) - 2017/10/10 13:57:46 ET
Table 'Papagena' 6-max Seat #5 is the button
Seat 4: xxPSRxx ($126.11 in chips)
Seat 5: favete lin ($83.48 in chips)
favete lin: posts small blind $1
BelSv: is sitting out
xxPSRxx: posts big blind $3
*** HOLE CARDS ***
favete lin: raises $3 to $6
xxPSRxx: folds
Uncalled bet ($3) returned to favete lin
favete lin collected $6 from pot
favete lin: doesn't show hand
*** SUMMARY ***
Total pot $6 | Rake $0
Seat 4: xxPSRxx (big blind) folded before Flop
Seat 5: favete lin (button) (small blind) collected ($6)


PokerStars Hand #176751494640:  Hold'em Limit ($3/$6 USD) - 2017/10/10 16:40:46 ET
Table 'Papagena' 6-max Seat #3 is the button
Seat 2: AzureCaper ($72 in chips)
Seat 3: afghan_321 ($204.86 in chips)
afghan_321: posts small blind $1
AzureCaper: posts big blind $3
*** HOLE CARDS ***
afghan_321: folds
Uncalled bet ($2) returned to AzureCaper
AzureCaper collected $2 from pot
AzureCaper: doesn't show hand
*** SUMMARY ***
Total pot $2 | Rake $0
Seat 2: AzureCaper (big blind) collected ($2)
Seat 3: afghan_321 (button) (small blind) folded before Flop


