PokerStars Hand #145519145696:  Hold'em Limit ($3/$6 USD) - 2015/12/18 3:11:09 ET
Table 'Paracelsus' 2-max Seat #1 is the button
Seat 1: echsecution ($73 in chips)
Seat 2: yirkape ($283.24 in chips)
echsecution: posts small blind $1
yirkape: posts big blind $3
*** HOLE CARDS ***
echsecution: raises $3 to $6
yirkape: calls $3
*** FLOP *** [3h 8d 7s]
yirkape: checks
echsecution: bets $3
yirkape: raises $3 to $6
echsecution: calls $3
*** TURN *** [3h 8d 7s] [2d]
yirkape: bets $6
echsecution: calls $6
*** RIVER *** [3h 8d 7s 2d] [Qc]
yirkape: bets $6
echsecution: folds
Uncalled bet ($6) returned to yirkape
yirkape collected $35.50 from pot
yirkape: doesn't show hand
*** SUMMARY ***
Total pot $36 | Rake $0.50
Board [3h 8d 7s 2d Qc]
Seat 1: echsecution (button) (small blind) folded on the River
Seat 2: yirkape (big blind) collected ($35.50)


PokerStars Hand #145519144313:  Hold'em Limit ($3/$6 USD) - 2015/12/18 3:11:04 ET
Table 'Paracelsus' 2-max Seat #2 is the button
Seat 1: echsecution ($72 in chips)
Seat 2: yirkape ($284.24 in chips)
yirkape: posts small blind $1
echsecution: posts big blind $3
*** HOLE CARDS ***
yirkape: folds
Uncalled bet ($2) returned to echsecution
echsecution collected $2 from pot
echsecution: doesn't show hand
*** SUMMARY ***
Total pot $2 | Rake $0
Seat 1: echsecution (big blind) collected ($2)
Seat 2: yirkape (button) (small blind) folded before Flop


PokerStars Hand #145519138826:  Hold'em Limit ($3/$6 USD) - 2015/12/18 3:10:46 ET
Table 'Paracelsus' 2-max Seat #1 is the button
Seat 1: echsecution ($72 in chips)
Seat 2: yirkape ($263.74 in chips)
echsecution: posts small blind $1
yirkape: posts big blind $3
*** HOLE CARDS ***
echsecution: raises $3 to $6
yirkape: calls $3
*** FLOP *** [Tc Ts Js]
yirkape: bets $3
echsecution: calls $3
*** TURN *** [Tc Ts Js] [Jh]
yirkape: bets $6
echsecution: calls $6
*** RIVER *** [Tc Ts Js Jh] [Td]
yirkape: bets $6
echsecution: calls $6
*** SHOW DOWN ***
yirkape: shows [Jd 2h] (a full house, Jacks full of Tens)
echsecution: mucks hand
yirkape collected $41.50 from pot
*** SUMMARY ***
Total pot $42 | Rake $0.50
Board [Tc Ts Js Jh Td]
Seat 1: echsecution (button) (small blind) mucked
Seat 2: yirkape (big blind) showed [Jd 2h] and won ($41.50) with a full house, Jacks full of Tens


PokerStars Hand #145519136455:  Hold'em Limit ($3/$6 USD) - 2015/12/18 3:10:38 ET
Table 'Paracelsus' 2-max Seat #2 is the button
Seat 1: echsecution ($77.76 in chips)
Seat 2: yirkape ($257.98 in chips)
yirkape: posts small blind $1
echsecution: posts big blind $3
*** HOLE CARDS ***
yirkape: raises $3 to $6
echsecution: calls $3
*** FLOP *** [9c Ac Js]
echsecution: checks
yirkape: bets $3
echsecution: folds
Uncalled bet ($3) returned to yirkape
yirkape collected $11.76 from pot
yirkape: doesn't show hand
*** SUMMARY ***
Total pot $12 | Rake $0.24
Board [9c Ac Js]
Seat 1: echsecution (big blind) folded on the Flop
Seat 2: yirkape (button) (small blind) collected ($11.76)


PokerStars Hand #145519160409:  Hold'em Limit ($3/$6 USD) - 2015/12/18 3:11:58 ET
Table 'Paracelsus' 2-max Seat #2 is the button
Seat 1: echsecution ($98.26 in chips)
Seat 2: yirkape ($273.74 in chips)
yirkape: posts small blind $1
echsecution: posts big blind $3
*** HOLE CARDS ***
yirkape: raises $3 to $6
echsecution: calls $3
*** FLOP *** [9h 2c 2h]
echsecution: checks
yirkape: checks
*** TURN *** [9h 2c 2h] [Ad]
echsecution: bets $6
yirkape: folds
Uncalled bet ($6) returned to echsecution
echsecution collected $11.76 from pot
echsecution: doesn't show hand
*** SUMMARY ***
Total pot $12 | Rake $0.24
Board [9h 2c 2h Ad]
Seat 1: echsecution (big blind) collected ($11.76)
Seat 2: yirkape (button) (small blind) folded on the Turn


PokerStars Hand #145519156715:  Hold'em Limit ($3/$6 USD) - 2015/12/18 3:11:45 ET
Table 'Paracelsus' 2-max Seat #1 is the button
Seat 1: echsecution ($92.50 in chips)
Seat 2: yirkape ($279.74 in chips)
echsecution: posts small blind $1
yirkape: posts big blind $3
*** HOLE CARDS ***
echsecution: raises $3 to $6
yirkape: calls $3
*** FLOP *** [Js 4s 9c]
yirkape: checks
echsecution: bets $3
yirkape: folds
Uncalled bet ($3) returned to echsecution
echsecution collected $11.76 from pot
echsecution: doesn't show hand
*** SUMMARY ***
Total pot $12 | Rake $0.24
Board [Js 4s 9c]
Seat 1: echsecution (button) (small blind) collected ($11.76)
Seat 2: yirkape (big blind) folded on the Flop


PokerStars Hand #145519150577:  Hold'em Limit ($3/$6 USD) - 2015/12/18 3:11:25 ET
Table 'Paracelsus' 2-max Seat #2 is the button
Seat 1: echsecution ($72 in chips)
Seat 2: yirkape ($300.74 in chips)
yirkape: posts small blind $1
echsecution: posts big blind $3
*** HOLE CARDS ***
yirkape: raises $3 to $6
echsecution: raises $3 to $9
yirkape: calls $3
*** FLOP *** [2h Jh 4h]
echsecution: bets $3
yirkape: raises $3 to $6
echsecution: calls $3
*** TURN *** [2h Jh 4h] [7s]
echsecution: checks
yirkape: bets $6
echsecution: calls $6
*** RIVER *** [2h Jh 4h 7s] [Qc]
echsecution: checks
yirkape: checks
*** SHOW DOWN ***
echsecution: shows [9h 9s] (a pair of Nines)
yirkape: mucks hand
echsecution collected $41.50 from pot
*** SUMMARY ***
Total pot $42 | Rake $0.50
Board [2h Jh 4h 7s Qc]
Seat 1: echsecution (big blind) showed [9h 9s] and won ($41.50) with a pair of Nines
Seat 2: yirkape (button) (small blind) mucked


