PokerStars Hand #161487058782:  Hold'em Limit ($3/$6 USD) - 2016/11/16 9:32:51 ET
Table 'Parana' 10-max Seat #2 is the button
Seat 1: Tatiana_K63 ($32.88 in chips)
Seat 2: B_loJkl ($147 in chips)
B_loJkl: posts small blind $1
Tatiana_K63: posts big blind $3
*** HOLE CARDS ***
B_loJkl: raises $3 to $6
Tatiana_K63: calls $3
*** FLOP *** [Qh 7d Td]
Tatiana_K63: bets $3
B_loJkl: calls $3
*** TURN *** [Qh 7d Td] [Ks]
Tatiana_K63: checks
B_loJkl: bets $6
Tatiana_K63: calls $6
*** RIVER *** [Qh 7d Td Ks] [2s]
Tatiana_K63: checks
B_loJkl: bets $6
Tatiana_K63: folds
Uncalled bet ($6) returned to B_loJkl
B_loJkl collected $29.50 from pot
B_loJkl: doesn't show hand
*** SUMMARY ***
Total pot $30 | Rake $0.50
Board [Qh 7d Td Ks 2s]
Seat 1: Tatiana_K63 (big blind) folded on the River
Seat 2: B_loJkl (button) (small blind) collected ($29.50)


PokerStars Hand #161487094470:  Hold'em Limit ($3/$6 USD) - 2016/11/16 9:33:47 ET
Table 'Parana' 10-max Seat #1 is the button
Seat 1: Tatiana_K63 ($17.88 in chips)
Seat 2: B_loJkl ($161.50 in chips)
Tatiana_K63: posts small blind $1
B_loJkl: posts big blind $3
*** HOLE CARDS ***
Tatiana_K63: folds
Uncalled bet ($2) returned to B_loJkl
B_loJkl collected $2 from pot
B_loJkl: doesn't show hand
*** SUMMARY ***
Total pot $2 | Rake $0
Seat 1: Tatiana_K63 (button) (small blind) folded before Flop
Seat 2: B_loJkl (big blind) collected ($2)


PokerStars Hand #161487125754:  Hold'em Limit ($3/$6 USD) - 2016/11/16 9:34:37 ET
Table 'Parana' 10-max Seat #2 is the button
Seat 1: Tatiana_K63 ($32.26 in chips)
Seat 2: B_loJkl ($146.62 in chips)
B_loJkl: posts small blind $1
Tatiana_K63: posts big blind $3
*** HOLE CARDS ***
B_loJkl: raises $3 to $6
Tatiana_K63: calls $3
*** FLOP *** [Kh Js 8h]
Tatiana_K63: checks
B_loJkl: bets $3
Tatiana_K63: calls $3
*** TURN *** [Kh Js 8h] [7c]
Tatiana_K63: checks
B_loJkl: bets $6
Tatiana_K63: calls $6
*** RIVER *** [Kh Js 8h 7c] [4c]
Tatiana_K63: checks
B_loJkl: bets $6
Tatiana_K63: folds
Uncalled bet ($6) returned to B_loJkl
B_loJkl collected $29.50 from pot
B_loJkl: doesn't show hand
*** SUMMARY ***
Total pot $30 | Rake $0.50
Board [Kh Js 8h 7c 4c]
Seat 1: Tatiana_K63 (big blind) folded on the River
Seat 2: B_loJkl (button) (small blind) collected ($29.50)


PokerStars Hand #161487122794:  Hold'em Limit ($3/$6 USD) - 2016/11/16 9:34:32 ET
Table 'Parana' 10-max Seat #1 is the button
Seat 1: Tatiana_K63 ($33.26 in chips)
Seat 2: B_loJkl ($145.62 in chips)
Tatiana_K63: posts small blind $1
B_loJkl: posts big blind $3
*** HOLE CARDS ***
Tatiana_K63: folds
Uncalled bet ($2) returned to B_loJkl
B_loJkl collected $2 from pot
B_loJkl: doesn't show hand
*** SUMMARY ***
Total pot $2 | Rake $0
Seat 1: Tatiana_K63 (button) (small blind) folded before Flop
Seat 2: B_loJkl (big blind) collected ($2)


PokerStars Hand #161487097880:  Hold'em Limit ($3/$6 USD) - 2016/11/16 9:33:53 ET
Table 'Parana' 10-max Seat #2 is the button
Seat 1: Tatiana_K63 ($16.88 in chips)
Seat 2: B_loJkl ($162.50 in chips)
B_loJkl: posts small blind $1
Tatiana_K63: posts big blind $3
*** HOLE CARDS ***
B_loJkl: raises $3 to $6
Tatiana_K63: calls $3
*** FLOP *** [2h Qc 5s]
Tatiana_K63: bets $3
B_loJkl: calls $3
*** TURN *** [2h Qc 5s] [Kc]
Tatiana_K63: bets $6
B_loJkl: calls $6
*** RIVER *** [2h Qc 5s Kc] [7d]
Tatiana_K63: bets $1.88 and is all-in
B_loJkl: calls $1.88
*** SHOW DOWN ***
Tatiana_K63: shows [8h Qs] (a pair of Queens)
B_loJkl: shows [Jh 2c] (a pair of Deuces)
Tatiana_K63 collected $33.26 from pot
*** SUMMARY ***
Total pot $33.76 | Rake $0.50
Board [2h Qc 5s Kc 7d]
Seat 1: Tatiana_K63 (big blind) showed [8h Qs] and won ($33.26) with a pair of Queens
Seat 2: B_loJkl (button) (small blind) showed [Jh 2c] and lost with a pair of Deuces


PokerStars Hand #161487157102:  Hold'em Limit ($3/$6 USD) - 2016/11/16 9:35:26 ET
Table 'Parana' 10-max Seat #1 is the button
Seat 1: Tatiana_K63 ($17.26 in chips)
Seat 2: B_loJkl ($161.12 in chips)
Tatiana_K63: posts small blind $1
B_loJkl: posts big blind $3
*** HOLE CARDS ***
Tatiana_K63: raises $3 to $6
B_loJkl: calls $3
*** FLOP *** [3s 9s 4s]
B_loJkl: checks
Tatiana_K63: bets $3
B_loJkl: calls $3
*** TURN *** [3s 9s 4s] [9c]
B_loJkl: checks
Tatiana_K63: bets $6
B_loJkl: calls $6
*** RIVER *** [3s 9s 4s 9c] [8h]
SLK500 joins the table at seat #5
B_loJkl: checks
Tatiana_K63: checks
*** SHOW DOWN ***
B_loJkl: shows [Ad Jh] (a pair of Nines)
Tatiana_K63: mucks hand
B_loJkl collected $29.50 from pot
*** SUMMARY ***
Total pot $30 | Rake $0.50
Board [3s 9s 4s 9c 8h]
Seat 1: Tatiana_K63 (button) (small blind) mucked
Seat 2: B_loJkl (big blind) showed [Ad Jh] and won ($29.50) with a pair of Nines


PokerStars Hand #161487180689:  Hold'em Limit ($3/$6 USD) - 2016/11/16 9:36:03 ET
Table 'Parana' 10-max Seat #2 is the button
Seat 2: B_loJkl ($175.62 in chips)
Seat 5: SLK500 ($120 in chips)
B_loJkl: posts small blind $1
SLK500: posts big blind $3
*** HOLE CARDS ***
B_loJkl: raises $3 to $6
Tatiana_K63 leaves the table
SLK500: calls $3
*** FLOP *** [Qs Kc 3h]
SLK500: checks
B_loJkl: bets $3
SLK500: calls $3
*** TURN *** [Qs Kc 3h] [8h]
SLK500: checks
B_loJkl: checks
*** RIVER *** [Qs Kc 3h 8h] [6d]
SLK500: bets $6
B_loJkl: folds
Uncalled bet ($6) returned to SLK500
SLK500 collected $17.64 from pot
SLK500: doesn't show hand
*** SUMMARY ***
Total pot $18 | Rake $0.36
Board [Qs Kc 3h 8h 6d]
Seat 2: B_loJkl (button) (small blind) folded on the River
Seat 5: SLK500 (big blind) collected ($17.64)


