PokerStars Hand #154132867568:  Hold'em Limit ($3/$6 USD) - 2016/06/01 7:05:43 ET
Table 'Paracelsus' 6-max Seat #4 is the button
Seat 2: Tryptamean ($136.50 in chips)
Seat 4: Airbag999 ($103 in chips)
Airbag999: posts small blind $1
Tryptamean: posts big blind $3
*** HOLE CARDS ***
Airbag999: raises $3 to $6
Tryptamean: raises $3 to $9
Airbag999: calls $3
*** FLOP *** [8c As 4s]
Tryptamean: bets $3
Airbag999: calls $3
*** TURN *** [8c As 4s] [2s]
Tryptamean: bets $6
Airbag999: calls $6
*** RIVER *** [8c As 4s 2s] [7d]
Tryptamean: checks
Airbag999: checks
*** SHOW DOWN ***
Tryptamean: shows [3h 3s] (a pair of Threes)
Airbag999: shows [Th 8s] (a pair of Eights)
Airbag999 collected $35.50 from pot
*** SUMMARY ***
Total pot $36 | Rake $0.50
Board [8c As 4s 2s 7d]
Seat 2: Tryptamean (big blind) showed [3h 3s] and lost with a pair of Threes
Seat 4: Airbag999 (button) (small blind) showed [Th 8s] and won ($35.50) with a pair of Eights


PokerStars Hand #154132882318:  Hold'em Limit ($3/$6 USD) - 2016/06/01 7:06:18 ET
Table 'Paracelsus' 6-max Seat #2 is the button
Seat 2: Tryptamean ($118.50 in chips)
Seat 4: Airbag999 ($120.50 in chips)
Tryptamean: posts small blind $1
Airbag999: posts big blind $3
*** HOLE CARDS ***
Tryptamean: raises $3 to $6
Airbag999: raises $3 to $9
Tryptamean: calls $3
*** FLOP *** [4d 3h 7s]
Airbag999: checks
Tryptamean: bets $3
Airbag999: calls $3
*** TURN *** [4d 3h 7s] [5s]
Airbag999: checks
Tryptamean: bets $6
Airbag999: calls $6
*** RIVER *** [4d 3h 7s 5s] [8s]
Airbag999: checks
Tryptamean: bets $6
Airbag999: calls $6
*** SHOW DOWN ***
Tryptamean: shows [9h Jc] (high card Jack)
Airbag999: shows [8c Qd] (a pair of Eights)
Airbag999 collected $47.50 from pot
*** SUMMARY ***
Total pot $48 | Rake $0.50
Board [4d 3h 7s 5s 8s]
Seat 2: Tryptamean (button) (small blind) showed [9h Jc] and lost with high card Jack
Seat 4: Airbag999 (big blind) showed [8c Qd] and won ($47.50) with a pair of Eights


PokerStars Hand #154132918089:  Hold'em Limit ($3/$6 USD) - 2016/06/01 7:07:42 ET
Table 'Paracelsus' 6-max Seat #2 is the button
Seat 2: Tryptamean ($70.50 in chips)
Seat 4: Airbag999 ($167.50 in chips)
Tryptamean: posts small blind $1
Airbag999: posts big blind $3
*** HOLE CARDS ***
Tryptamean: raises $3 to $6
Airbag999: calls $3
*** FLOP *** [Jc Kh Qs]
Airbag999: checks
Tryptamean: bets $3
Airbag999: folds
Uncalled bet ($3) returned to Tryptamean
Tryptamean collected $11.76 from pot
Tryptamean: doesn't show hand
*** SUMMARY ***
Total pot $12 | Rake $0.24
Board [Jc Kh Qs]
Seat 2: Tryptamean (button) (small blind) collected ($11.76)
Seat 4: Airbag999 (big blind) folded on the Flop


PokerStars Hand #154132900067:  Hold'em Limit ($3/$6 USD) - 2016/06/01 7:07:00 ET
Table 'Paracelsus' 6-max Seat #4 is the button
Seat 2: Tryptamean ($94.50 in chips)
Seat 4: Airbag999 ($144 in chips)
Airbag999: posts small blind $1
Tryptamean: posts big blind $3
*** HOLE CARDS ***
Airbag999: raises $3 to $6
Tryptamean: raises $3 to $9
Airbag999: calls $3
*** FLOP *** [Qc Kd Jd]
Tryptamean: bets $3
Airbag999: calls $3
*** TURN *** [Qc Kd Jd] [6d]
Tryptamean: bets $6
Airbag999: calls $6
*** RIVER *** [Qc Kd Jd 6d] [5d]
Tryptamean: checks
Airbag999: bets $6
Tryptamean: calls $6
*** SHOW DOWN ***
Airbag999: shows [Qd 8s] (a flush, King high)
Tryptamean: mucks hand
Airbag999 collected $47.50 from pot
*** SUMMARY ***
Total pot $48 | Rake $0.50
Board [Qc Kd Jd 6d 5d]
Seat 2: Tryptamean (big blind) mucked
Seat 4: Airbag999 (button) (small blind) showed [Qd 8s] and won ($47.50) with a flush, King high


PokerStars Hand #154132928712:  Hold'em Limit ($3/$6 USD) - 2016/06/01 7:08:08 ET
Table 'Paracelsus' 6-max Seat #4 is the button
Seat 2: Tryptamean ($76.26 in chips)
Seat 4: Airbag999 ($161.50 in chips)
Airbag999: posts small blind $1
Tryptamean: posts big blind $3
*** HOLE CARDS ***
Airbag999: raises $3 to $6
Tryptamean: calls $3
*** FLOP *** [Kh Ah 6h]
Tryptamean: checks
Airbag999: bets $3
Tryptamean: raises $3 to $6
Airbag999: calls $3
*** TURN *** [Kh Ah 6h] [Jc]
Tryptamean: bets $6
Airbag999: calls $6
*** RIVER *** [Kh Ah 6h Jc] [Qd]
Tryptamean: bets $6
Airbag999: calls $6
*** SHOW DOWN ***
Tryptamean: shows [Kc 6s] (two pair, Kings and Sixes)
Airbag999: mucks hand
Tryptamean collected $47.50 from pot
*** SUMMARY ***
Total pot $48 | Rake $0.50
Board [Kh Ah 6h Jc Qd]
Seat 2: Tryptamean (big blind) showed [Kc 6s] and won ($47.50) with two pair, Kings and Sixes
Seat 4: Airbag999 (button) (small blind) mucked


PokerStars Hand #154132946873:  Hold'em Limit ($3/$6 USD) - 2016/06/01 7:08:50 ET
Table 'Paracelsus' 6-max Seat #2 is the button
Seat 2: Tryptamean ($99.76 in chips)
Seat 4: Airbag999 ($137.50 in chips)
Tryptamean: posts small blind $1
Airbag999: posts big blind $3
*** HOLE CARDS ***
Tryptamean: raises $3 to $6
Airbag999: calls $3
*** FLOP *** [9c 6h 7h]
Airbag999: checks
Tryptamean: bets $3
Airbag999: calls $3
*** TURN *** [9c 6h 7h] [Ks]
Airbag999: checks
Tryptamean: bets $6
Airbag999: raises $6 to $12
Tryptamean: calls $6
*** RIVER *** [9c 6h 7h Ks] [Th]
Airbag999: bets $6
Tryptamean: calls $6
*** SHOW DOWN ***
Airbag999: shows [9s 5d] (a pair of Nines)
Tryptamean: shows [Jh Kd] (a pair of Kings)
Tryptamean collected $53.50 from pot
*** SUMMARY ***
Total pot $54 | Rake $0.50
Board [9c 6h 7h Ks Th]
Seat 2: Tryptamean (button) (small blind) showed [Jh Kd] and won ($53.50) with a pair of Kings
Seat 4: Airbag999 (big blind) showed [9s 5d] and lost with a pair of Nines


PokerStars Hand #154132988363:  Hold'em Limit ($3/$6 USD) - 2016/06/01 7:10:28 ET
Table 'Paracelsus' 6-max Seat #4 is the button
Seat 2: Tryptamean ($140.78 in chips)
Seat 4: Airbag999 ($120 in chips)
Airbag999: posts small blind $1
Tryptamean: posts big blind $3
*** HOLE CARDS ***
Airbag999: raises $3 to $6
Tryptamean: calls $3
*** FLOP *** [5h Ad 8s]
Tryptamean: checks
Airbag999: bets $3
Tryptamean: calls $3
*** TURN *** [5h Ad 8s] [4d]
Tryptamean: checks
Airbag999: bets $6
Tryptamean: calls $6
*** RIVER *** [5h Ad 8s 4d] [Td]
Tryptamean: checks
Airbag999: bets $6
Tryptamean: raises $6 to $12
Airbag999: calls $6
*** SHOW DOWN ***
Tryptamean: shows [8c Th] (two pair, Tens and Eights)
Airbag999: mucks hand
Tryptamean collected $53.50 from pot
*** SUMMARY ***
Total pot $54 | Rake $0.50
Board [5h Ad 8s 4d Td]
Seat 2: Tryptamean (big blind) showed [8c Th] and won ($53.50) with two pair, Tens and Eights
Seat 4: Airbag999 (button) (small blind) mucked


PokerStars Hand #154132964537:  Hold'em Limit ($3/$6 USD) - 2016/06/01 7:09:33 ET
Table 'Paracelsus' 6-max Seat #4 is the button
Seat 2: Tryptamean ($126.26 in chips)
Seat 4: Airbag999 ($110.50 in chips)
Airbag999: posts small blind $1
Tryptamean: posts big blind $3
*** HOLE CARDS ***
Airbag999: raises $3 to $6
Tryptamean: calls $3
*** FLOP *** [6d Kh 7d]
Tryptamean: checks
Airbag999: checks
*** TURN *** [6d Kh 7d] [Kc]
Tryptamean: checks
Airbag999: bets $6
Tryptamean: calls $6
*** RIVER *** [6d Kh 7d Kc] [3c]
Tryptamean: checks
Airbag999: checks
*** SHOW DOWN ***
Tryptamean: shows [4c Ah] (a pair of Kings)
Airbag999: mucks hand
Tryptamean collected $23.52 from pot
*** SUMMARY ***
Total pot $24 | Rake $0.48
Board [6d Kh 7d Kc 3c]
Seat 2: Tryptamean (big blind) showed [4c Ah] and won ($23.52) with a pair of Kings
Seat 4: Airbag999 (button) (small blind) mucked


PokerStars Hand #154132983270:  Hold'em Limit ($3/$6 USD) - 2016/06/01 7:10:16 ET
Table 'Paracelsus' 6-max Seat #2 is the button
Seat 2: Tryptamean ($137.78 in chips)
Seat 4: Airbag999 ($98.50 in chips)
Tryptamean: posts small blind $1
Airbag999: posts big blind $3
*** HOLE CARDS ***
Tryptamean: raises $3 to $6
Airbag999: folds
Uncalled bet ($3) returned to Tryptamean
Tryptamean collected $6 from pot
Tryptamean: doesn't show hand
*** SUMMARY ***
Total pot $6 | Rake $0
Seat 2: Tryptamean (button) (small blind) collected ($6)
Seat 4: Airbag999 (big blind) folded before Flop


PokerStars Hand #154133022350:  Hold'em Limit ($3/$6 USD) - 2016/06/01 7:11:47 ET
Table 'Paracelsus' 6-max Seat #2 is the button
Seat 2: Tryptamean ($161.28 in chips)
Seat 4: Airbag999 ($125.64 in chips)
Tryptamean: posts small blind $1
Airbag999: posts big blind $3
*** HOLE CARDS ***
Tryptamean: folds
Uncalled bet ($2) returned to Airbag999
Airbag999 collected $2 from pot
Airbag999: doesn't show hand
*** SUMMARY ***
Total pot $2 | Rake $0
Seat 2: Tryptamean (button) (small blind) folded before Flop
Seat 4: Airbag999 (big blind) collected ($2)


PokerStars Hand #154133008602:  Hold'em Limit ($3/$6 USD) - 2016/06/01 7:11:15 ET
Table 'Paracelsus' 6-max Seat #4 is the button
Seat 2: Tryptamean ($170.28 in chips)
Seat 4: Airbag999 ($117 in chips)
Airbag999: posts small blind $1
Tryptamean: posts big blind $3
*** HOLE CARDS ***
Airbag999: raises $3 to $6
Tryptamean: calls $3
*** FLOP *** [3d Th 2c]
Tryptamean: checks
Airbag999: bets $3
Tryptamean: calls $3
*** TURN *** [3d Th 2c] [Td]
Tryptamean: checks
Airbag999: bets $6
Tryptamean: folds
Uncalled bet ($6) returned to Airbag999
Airbag999 collected $17.64 from pot
Airbag999: doesn't show hand
*** SUMMARY ***
Total pot $18 | Rake $0.36
Board [3d Th 2c Td]
Seat 2: Tryptamean (big blind) folded on the Turn
Seat 4: Airbag999 (button) (small blind) collected ($17.64)


PokerStars Hand #154133005230:  Hold'em Limit ($3/$6 USD) - 2016/06/01 7:11:08 ET
Table 'Paracelsus' 6-max Seat #2 is the button
Seat 2: Tryptamean ($167.28 in chips)
Seat 4: Airbag999 ($120 in chips)
Tryptamean: posts small blind $1
Airbag999: posts big blind $3
*** HOLE CARDS ***
Tryptamean: raises $3 to $6
Airbag999: folds
Uncalled bet ($3) returned to Tryptamean
Tryptamean collected $6 from pot
Tryptamean: doesn't show hand
*** SUMMARY ***
Total pot $6 | Rake $0
Seat 2: Tryptamean (button) (small blind) collected ($6)
Seat 4: Airbag999 (big blind) folded before Flop


PokerStars Hand #154133026415:  Hold'em Limit ($3/$6 USD) - 2016/06/01 7:11:57 ET
Table 'Paracelsus' 6-max Seat #4 is the button
Seat 2: Tryptamean ($160.28 in chips)
Seat 4: Airbag999 ($126.64 in chips)
Airbag999: posts small blind $1
Tryptamean: posts big blind $3
*** HOLE CARDS ***
Airbag999: raises $3 to $6
Tryptamean: raises $3 to $9
Airbag999: calls $3
*** FLOP *** [9c Qd Th]
Tryptamean: bets $3
Airbag999: calls $3
*** TURN *** [9c Qd Th] [2h]
Tryptamean: bets $6
Airbag999: raises $6 to $12
Tryptamean: folds
Uncalled bet ($6) returned to Airbag999
Airbag999 collected $35.50 from pot
Airbag999: doesn't show hand
*** SUMMARY ***
Total pot $36 | Rake $0.50
Board [9c Qd Th 2h]
Seat 2: Tryptamean (big blind) folded on the Turn
Seat 4: Airbag999 (button) (small blind) collected ($35.50)


PokerStars Hand #154133042375:  Hold'em Limit ($3/$6 USD) - 2016/06/01 7:12:34 ET
Table 'Paracelsus' 6-max Seat #2 is the button
Seat 2: Tryptamean ($142.28 in chips)
Seat 4: Airbag999 ($144.14 in chips)
Tryptamean: posts small blind $1
Airbag999: posts big blind $3
*** HOLE CARDS ***
Tryptamean: raises $3 to $6
Airbag999: raises $3 to $9
Tryptamean: calls $3
*** FLOP *** [7d Kd 3h]
Airbag999: bets $3
Tryptamean: folds
Uncalled bet ($3) returned to Airbag999
Airbag999 collected $17.64 from pot
Airbag999: doesn't show hand
*** SUMMARY ***
Total pot $18 | Rake $0.36
Board [7d Kd 3h]
Seat 2: Tryptamean (button) (small blind) folded on the Flop
Seat 4: Airbag999 (big blind) collected ($17.64)


PokerStars Hand #154133051870:  Hold'em Limit ($3/$6 USD) - 2016/06/01 7:12:56 ET
Table 'Paracelsus' 6-max Seat #4 is the button
Seat 2: Tryptamean ($133.28 in chips)
Seat 4: Airbag999 ($152.78 in chips)
Airbag999: posts small blind $1
Tryptamean: posts big blind $3
*** HOLE CARDS ***
Airbag999: raises $3 to $6
Tryptamean: folds
Uncalled bet ($3) returned to Airbag999
Airbag999 collected $6 from pot
Airbag999: doesn't show hand
*** SUMMARY ***
Total pot $6 | Rake $0
Seat 2: Tryptamean (big blind) folded before Flop
Seat 4: Airbag999 (button) (small blind) collected ($6)


PokerStars Hand #154133055722:  Hold'em Limit ($3/$6 USD) - 2016/06/01 7:13:05 ET
Table 'Paracelsus' 6-max Seat #2 is the button
Seat 2: Tryptamean ($130.28 in chips)
Seat 4: Airbag999 ($155.78 in chips)
Tryptamean: posts small blind $1
Airbag999: posts big blind $3
*** HOLE CARDS ***
Tryptamean: folds
Uncalled bet ($2) returned to Airbag999
Airbag999 collected $2 from pot
Airbag999: doesn't show hand
*** SUMMARY ***
Total pot $2 | Rake $0
Seat 2: Tryptamean (button) (small blind) folded before Flop
Seat 4: Airbag999 (big blind) collected ($2)


PokerStars Hand #154133066327:  Hold'em Limit ($3/$6 USD) - 2016/06/01 7:13:30 ET
Table 'Paracelsus' 6-max Seat #2 is the button
Seat 2: Tryptamean ($126.28 in chips)
Seat 4: Airbag999 ($159.78 in chips)
Tryptamean: posts small blind $1
Airbag999: posts big blind $3
*** HOLE CARDS ***
Tryptamean: raises $3 to $6
Airbag999: calls $3
*** FLOP *** [Ts Ks 9c]
Airbag999: checks
Tryptamean: bets $3
Airbag999: calls $3
*** TURN *** [Ts Ks 9c] [2c]
Airbag999: checks
Tryptamean: checks
*** RIVER *** [Ts Ks 9c 2c] [5c]
Airbag999: bets $6
Tryptamean: calls $6
*** SHOW DOWN ***
Airbag999: shows [Jd 8s] (high card King)
Tryptamean: shows [9h 6c] (a pair of Nines)
Tryptamean collected $29.50 from pot
*** SUMMARY ***
Total pot $30 | Rake $0.50
Board [Ts Ks 9c 2c 5c]
Seat 2: Tryptamean (button) (small blind) showed [9h 6c] and won ($29.50) with a pair of Nines
Seat 4: Airbag999 (big blind) showed [Jd 8s] and lost with high card King


PokerStars Hand #154133058620:  Hold'em Limit ($3/$6 USD) - 2016/06/01 7:13:12 ET
Table 'Paracelsus' 6-max Seat #4 is the button
Seat 2: Tryptamean ($129.28 in chips)
Seat 4: Airbag999 ($156.78 in chips)
Airbag999: posts small blind $1
Tryptamean: posts big blind $3
*** HOLE CARDS ***
Airbag999: raises $3 to $6
Tryptamean: folds
Uncalled bet ($3) returned to Airbag999
Airbag999 collected $6 from pot
Airbag999: doesn't show hand
*** SUMMARY ***
Total pot $6 | Rake $0
Seat 2: Tryptamean (big blind) folded before Flop
Seat 4: Airbag999 (button) (small blind) collected ($6)


PokerStars Hand #154133095516:  Hold'em Limit ($3/$6 USD) - 2016/06/01 7:14:38 ET
Table 'Paracelsus' 6-max Seat #2 is the button
Seat 2: Tryptamean ($158.28 in chips)
Seat 4: Airbag999 ($126.78 in chips)
Tryptamean: posts small blind $1
Airbag999: posts big blind $3
*** HOLE CARDS ***
Tryptamean: folds
Uncalled bet ($2) returned to Airbag999
Airbag999 collected $2 from pot
Airbag999: doesn't show hand
*** SUMMARY ***
Total pot $2 | Rake $0
Seat 2: Tryptamean (button) (small blind) folded before Flop
Seat 4: Airbag999 (big blind) collected ($2)


PokerStars Hand #154133083669:  Hold'em Limit ($3/$6 USD) - 2016/06/01 7:14:11 ET
Table 'Paracelsus' 6-max Seat #4 is the button
Seat 2: Tryptamean ($140.78 in chips)
Seat 4: Airbag999 ($144.78 in chips)
Airbag999: posts small blind $1
Tryptamean: posts big blind $3
*** HOLE CARDS ***
Airbag999: raises $3 to $6
Tryptamean: raises $3 to $9
Airbag999: calls $3
*** FLOP *** [7c Kd Qh]
Tryptamean: bets $3
Airbag999: calls $3
*** TURN *** [7c Kd Qh] [Jd]
Tryptamean: checks
Airbag999: checks
*** RIVER *** [7c Kd Qh Jd] [7d]
Tryptamean: bets $6
Airbag999: calls $6
*** SHOW DOWN ***
Tryptamean: shows [7s Ts] (three of a kind, Sevens)
Airbag999: mucks hand
Tryptamean collected $35.50 from pot
*** SUMMARY ***
Total pot $36 | Rake $0.50
Board [7c Kd Qh Jd 7d]
Seat 2: Tryptamean (big blind) showed [7s Ts] and won ($35.50) with three of a kind, Sevens
Seat 4: Airbag999 (button) (small blind) mucked


PokerStars Hand #154133098135:  Hold'em Limit ($3/$6 USD) - 2016/06/01 7:14:44 ET
Table 'Paracelsus' 6-max Seat #4 is the button
Seat 2: Tryptamean ($157.28 in chips)
Seat 4: Airbag999 ($127.78 in chips)
Airbag999: posts small blind $1
Tryptamean: posts big blind $3
*** HOLE CARDS ***
Airbag999: folds
Uncalled bet ($2) returned to Tryptamean
Tryptamean collected $2 from pot
Tryptamean: doesn't show hand
*** SUMMARY ***
Total pot $2 | Rake $0
Seat 2: Tryptamean (big blind) collected ($2)
Seat 4: Airbag999 (button) (small blind) folded before Flop


PokerStars Hand #154133102023:  Hold'em Limit ($3/$6 USD) - 2016/06/01 7:14:53 ET
Table 'Paracelsus' 6-max Seat #2 is the button
Seat 2: Tryptamean ($158.28 in chips)
Seat 4: Airbag999 ($126.78 in chips)
Tryptamean: posts small blind $1
Airbag999: posts big blind $3
*** HOLE CARDS ***
Tryptamean: raises $3 to $6
Airbag999: calls $3
*** FLOP *** [4c 9c 8h]
Airbag999: checks
Tryptamean: bets $3
Airbag999: raises $3 to $6
Tryptamean: calls $3
*** TURN *** [4c 9c 8h] [2s]
Airbag999: bets $6
Tryptamean: calls $6
*** RIVER *** [4c 9c 8h 2s] [7d]
Airbag999: bets $6
Tryptamean: raises $6 to $12
Airbag999: calls $6
*** SHOW DOWN ***
Tryptamean: shows [8s 7c] (two pair, Eights and Sevens)
Airbag999: mucks hand
Tryptamean collected $59.50 from pot
*** SUMMARY ***
Total pot $60 | Rake $0.50
Board [4c 9c 8h 2s 7d]
Seat 2: Tryptamean (button) (small blind) showed [8s 7c] and won ($59.50) with two pair, Eights and Sevens
Seat 4: Airbag999 (big blind) mucked


PokerStars Hand #154133141352:  Hold'em Limit ($3/$6 USD) - 2016/06/01 7:16:24 ET
Table 'Paracelsus' 6-max Seat #2 is the button
Seat 2: Tryptamean ($205.28 in chips)
Seat 4: Airbag999 ($120 in chips)
Tryptamean: posts small blind $1
Airbag999: posts big blind $3
*** HOLE CARDS ***
Tryptamean: raises $3 to $6
Airbag999: calls $3
*** FLOP *** [As 2d Kd]
Airbag999: checks
Tryptamean: bets $3
Airbag999: raises $3 to $6
Tryptamean: calls $3
*** TURN *** [As 2d Kd] [3s]
Airbag999: bets $6
Tryptamean: calls $6
*** RIVER *** [As 2d Kd 3s] [2h]
Airbag999: bets $6
Tryptamean: calls $6
*** SHOW DOWN ***
Airbag999: shows [9d 5s] (a pair of Deuces)
Tryptamean: shows [Jd Js] (two pair, Jacks and Deuces)
Tryptamean collected $47.50 from pot
*** SUMMARY ***
Total pot $48 | Rake $0.50
Board [As 2d Kd 3s 2h]
Seat 2: Tryptamean (button) (small blind) showed [Jd Js] and won ($47.50) with two pair, Jacks and Deuces
Seat 4: Airbag999 (big blind) showed [9d 5s] and lost with a pair of Deuces


PokerStars Hand #154133122557:  Hold'em Limit ($3/$6 USD) - 2016/06/01 7:15:40 ET
Table 'Paracelsus' 6-max Seat #4 is the button
Seat 2: Tryptamean ($187.78 in chips)
Seat 4: Airbag999 ($96.78 in chips)
Airbag999: posts small blind $1
Tryptamean: posts big blind $3
*** HOLE CARDS ***
Airbag999: raises $3 to $6
Tryptamean: raises $3 to $9
Airbag999: calls $3
*** FLOP *** [5s Tc 2h]
Tryptamean: bets $3
Airbag999: calls $3
*** TURN *** [5s Tc 2h] [3h]
Tryptamean: bets $6
Airbag999: calls $6
*** RIVER *** [5s Tc 2h 3h] [3c]
Tryptamean: checks
Airbag999: checks
*** SHOW DOWN ***
Tryptamean: shows [8c Ac] (a pair of Threes)
Airbag999: mucks hand
Tryptamean collected $35.50 from pot
*** SUMMARY ***
Total pot $36 | Rake $0.50
Board [5s Tc 2h 3h 3c]
Seat 2: Tryptamean (big blind) showed [8c Ac] and won ($35.50) with a pair of Threes
Seat 4: Airbag999 (button) (small blind) mucked


PokerStars Hand #154133153578:  Hold'em Limit ($3/$6 USD) - 2016/06/01 7:16:53 ET
Table 'Paracelsus' 6-max Seat #4 is the button
Seat 2: Tryptamean ($228.78 in chips)
Seat 4: Airbag999 ($96 in chips)
Airbag999: posts small blind $1
Tryptamean: posts big blind $3
*** HOLE CARDS ***
Airbag999: raises $3 to $6
Tryptamean: calls $3
*** FLOP *** [7c 7h Kd]
Tryptamean: checks
Airbag999: bets $3
Tryptamean: calls $3
*** TURN *** [7c 7h Kd] [Td]
Tryptamean: checks
Airbag999: bets $6
Tryptamean: calls $6
*** RIVER *** [7c 7h Kd Td] [Jc]
Tryptamean: bets $6
Airbag999: folds
Uncalled bet ($6) returned to Tryptamean
Tryptamean collected $29.50 from pot
Tryptamean: doesn't show hand
Mustafatyrk joins the table at seat #5
*** SUMMARY ***
Total pot $30 | Rake $0.50
Board [7c 7h Kd Td Jc]
Seat 2: Tryptamean (big blind) collected ($29.50)
Seat 4: Airbag999 (button) (small blind) folded on the River


PokerStars Hand #154133165736:  Hold'em Limit ($3/$6 USD) - 2016/06/01 7:17:21 ET
Table 'Paracelsus' 6-max Seat #2 is the button
Seat 2: Tryptamean ($243.28 in chips)
Seat 4: Airbag999 ($120 in chips)
Tryptamean: posts small blind $1
Airbag999: posts big blind $3
*** HOLE CARDS ***
Tryptamean: raises $3 to $6
Airbag999: folds
Uncalled bet ($3) returned to Tryptamean
Tryptamean collected $6 from pot
Tryptamean: doesn't show hand
*** SUMMARY ***
Total pot $6 | Rake $0
Seat 2: Tryptamean (button) (small blind) collected ($6)
Seat 4: Airbag999 (big blind) folded before Flop


PokerStars Hand #154137602745:  Hold'em Limit ($3/$6 USD) - 2016/06/01 9:48:57 ET
Table 'Paracelsus' 6-max Seat #6 is the button
Seat 3: chipsdigme86 ($107 in chips)
Seat 6: ABATAPP ($88.68 in chips)
ABATAPP: posts small blind $1
chipsdigme86: posts big blind $3
*** HOLE CARDS ***
ABATAPP: folds
Uncalled bet ($2) returned to chipsdigme86
chipsdigme86 collected $2 from pot
*** SUMMARY ***
Total pot $2 | Rake $0
Seat 3: chipsdigme86 (big blind) collected ($2)
Seat 6: ABATAPP (button) (small blind) folded before Flop


PokerStars Hand #154137599913:  Hold'em Limit ($3/$6 USD) - 2016/06/01 9:48:52 ET
Table 'Paracelsus' 6-max Seat #3 is the button
Seat 3: chipsdigme86 ($108 in chips)
Seat 6: ABATAPP ($87.68 in chips)
chipsdigme86: posts small blind $1
HAL9QQQ: is sitting out
ABATAPP: posts big blind $3
*** HOLE CARDS ***
chipsdigme86: folds
Uncalled bet ($2) returned to ABATAPP
ABATAPP collected $2 from pot
ABATAPP: doesn't show hand
*** SUMMARY ***
Total pot $2 | Rake $0
Seat 3: chipsdigme86 (button) (small blind) folded before Flop
Seat 6: ABATAPP (big blind) collected ($2)


PokerStars Hand #154137605417:  Hold'em Limit ($3/$6 USD) - 2016/06/01 9:49:01 ET
Table 'Paracelsus' 6-max Seat #3 is the button
Seat 3: chipsdigme86 ($108 in chips)
Seat 6: ABATAPP ($87.68 in chips)
chipsdigme86: posts small blind $1
ABATAPP: posts big blind $3
*** HOLE CARDS ***
HAL9QQQ leaves the table
chipsdigme86: raises $3 to $6
ABATAPP: raises $3 to $9
chipsdigme86: calls $3
*** FLOP *** [Qc 2h Kc]
ABATAPP: checks
chipsdigme86: bets $3
ABATAPP: calls $3
*** TURN *** [Qc 2h Kc] [Ts]
ABATAPP: checks
chipsdigme86: bets $6
ABATAPP: calls $6
*** RIVER *** [Qc 2h Kc Ts] [5c]
ABATAPP: checks
chipsdigme86: bets $6
B_loJkl joins the table at seat #4
ABATAPP: folds
Uncalled bet ($6) returned to chipsdigme86
chipsdigme86 collected $35.50 from pot
*** SUMMARY ***
Total pot $36 | Rake $0.50
Board [Qc 2h Kc Ts 5c]
Seat 3: chipsdigme86 (button) (small blind) collected ($35.50)
Seat 6: ABATAPP (big blind) folded on the River


PokerStars Hand #154137618959:  Hold'em Limit ($3/$6 USD) - 2016/06/01 9:49:26 ET
Table 'Paracelsus' 6-max Seat #6 is the button
Seat 3: chipsdigme86 ($125.50 in chips)
Seat 6: ABATAPP ($69.68 in chips)
ABATAPP: posts small blind $1
chipsdigme86: posts big blind $3
*** HOLE CARDS ***
ABATAPP: raises $3 to $6
chipsdigme86: raises $3 to $9
ABATAPP: calls $3
*** FLOP *** [2h 4d 4h]
chipsdigme86: bets $3
ABATAPP: calls $3
*** TURN *** [2h 4d 4h] [8h]
chipsdigme86: bets $6
ABATAPP: folds
Uncalled bet ($6) returned to chipsdigme86
chipsdigme86 collected $23.52 from pot
*** SUMMARY ***
Total pot $24 | Rake $0.48
Board [2h 4d 4h 8h]
Seat 3: chipsdigme86 (big blind) collected ($23.52)
Seat 6: ABATAPP (button) (small blind) folded on the Turn


PokerStars Hand #154141924277:  Hold'em Limit ($3/$6 USD) - 2016/06/01 11:49:15 ET
Table 'Paracelsus' 6-max Seat #3 is the button
Seat 3: Agrotait ($111.35 in chips)
Seat 5: birmancat44 ($257.82 in chips)
Agrotait: posts small blind $1
birmancat44: posts big blind $3
*** HOLE CARDS ***
Agrotait: raises $3 to $6
birmancat44: folds
Uncalled bet ($3) returned to Agrotait
Agrotait collected $6 from pot
Agrotait: doesn't show hand
*** SUMMARY ***
Total pot $6 | Rake $0
Seat 3: Agrotait (button) (small blind) collected ($6)
Seat 5: birmancat44 (big blind) folded before Flop


PokerStars Hand #154141909871:  Hold'em Limit ($3/$6 USD) - 2016/06/01 11:48:53 ET
Table 'Paracelsus' 6-max Seat #5 is the button
Seat 3: Agrotait ($120.35 in chips)
Seat 5: birmancat44 ($249.18 in chips)
birmancat44: posts small blind $1
Agrotait: posts big blind $3
*** HOLE CARDS ***
birmancat44: calls $2
Agrotait: checks
*** FLOP *** [9s 8s 9c]
Agrotait: checks
kolaz03 leaves the table
birmancat44: checks
*** TURN *** [9s 8s 9c] [9d]
Agrotait: checks
birmancat44: checks
*** RIVER *** [9s 8s 9c 9d] [3c]
aade1ante leaves the table
Agrotait: bets $6
birmancat44: calls $6
*** SHOW DOWN ***
Agrotait: shows [Th 4h] (three of a kind, Nines)
birmancat44: shows [2h Ac] (three of a kind, Nines - Ace kicker)
birmancat44 collected $17.64 from pot
*** SUMMARY ***
Total pot $18 | Rake $0.36
Board [9s 8s 9c 9d 3c]
Seat 3: Agrotait (big blind) showed [Th 4h] and lost with three of a kind, Nines
Seat 5: birmancat44 (button) (small blind) showed [2h Ac] and won ($17.64) with three of a kind, Nines


PokerStars Hand #154141890397:  Hold'em Limit ($3/$6 USD) - 2016/06/01 11:48:24 ET
Table 'Paracelsus' 6-max Seat #3 is the button
Seat 3: Agrotait ($153.35 in chips)
Seat 5: birmancat44 ($216.68 in chips)
Agrotait: posts small blind $1
kolaz03: is sitting out
birmancat44: posts big blind $3
*** HOLE CARDS ***
Agrotait: raises $3 to $6
birmancat44: calls $3
*** FLOP *** [5d Qs 5c]
birmancat44: checks
Agrotait: bets $3
birmancat44: calls $3
*** TURN *** [5d Qs 5c] [5s]
birmancat44: checks
Agrotait: bets $6
birmancat44: calls $6
*** RIVER *** [5d Qs 5c 5s] [4s]
birmancat44: bets $6
Agrotait: raises $6 to $12
birmancat44: raises $6 to $18
Agrotait: calls $6
*** SHOW DOWN ***
birmancat44: shows [6c 5h] (four of a kind, Fives)
Agrotait: mucks hand
birmancat44 collected $65.50 from pot
*** SUMMARY ***
Total pot $66 | Rake $0.50
Board [5d Qs 5c 5s 4s]
Seat 3: Agrotait (button) (small blind) mucked
Seat 5: birmancat44 (big blind) showed [6c 5h] and won ($65.50) with four of a kind, Fives


PokerStars Hand #154141968456:  Hold'em Limit ($3/$6 USD) - 2016/06/01 11:50:21 ET
Table 'Paracelsus' 6-max Seat #3 is the button
Seat 3: Agrotait ($152.35 in chips)
Seat 5: birmancat44 ($215.82 in chips)
Agrotait: posts small blind $1
birmancat44: posts big blind $3
*** HOLE CARDS ***
Agrotait: folds
Uncalled bet ($2) returned to birmancat44
birmancat44 collected $2 from pot
birmancat44 leaves the table
*** SUMMARY ***
Total pot $2 | Rake $0
Seat 3: Agrotait (button) (small blind) folded before Flop
Seat 5: birmancat44 (big blind) collected ($2)


PokerStars Hand #154141947984:  Hold'em Limit ($3/$6 USD) - 2016/06/01 11:49:50 ET
Table 'Paracelsus' 6-max Seat #3 is the button
Seat 3: Agrotait ($128.85 in chips)
Seat 5: birmancat44 ($239.82 in chips)
Agrotait: posts small blind $1
birmancat44: posts big blind $3
*** HOLE CARDS ***
Agrotait: raises $3 to $6
birmancat44: folds
Uncalled bet ($3) returned to Agrotait
Agrotait collected $6 from pot
Agrotait: doesn't show hand
*** SUMMARY ***
Total pot $6 | Rake $0
Seat 3: Agrotait (button) (small blind) collected ($6)
Seat 5: birmancat44 (big blind) folded before Flop


PokerStars Hand #154141951882:  Hold'em Limit ($3/$6 USD) - 2016/06/01 11:49:56 ET
Table 'Paracelsus' 6-max Seat #5 is the button
Seat 3: Agrotait ($131.85 in chips)
Seat 5: birmancat44 ($236.82 in chips)
birmancat44: posts small blind $1
Agrotait: posts big blind $3
*** HOLE CARDS ***
birmancat44: raises $3 to $6
Agrotait: calls $3
*** FLOP *** [Qd 5s 6s]
Agrotait: checks
birmancat44: bets $3
Agrotait: calls $3
*** TURN *** [Qd 5s 6s] [8c]
Agrotait: checks
birmancat44: bets $6
Agrotait: calls $6
*** RIVER *** [Qd 5s 6s 8c] [5c]
Agrotait: checks
birmancat44: bets $6
Agrotait: calls $6
*** SHOW DOWN ***
birmancat44: shows [Td 7h] (a pair of Fives)
Agrotait: shows [9d Ad] (a pair of Fives - Ace kicker)
Agrotait collected $41.50 from pot
*** SUMMARY ***
Total pot $42 | Rake $0.50
Board [Qd 5s 6s 8c 5c]
Seat 3: Agrotait (big blind) showed [9d Ad] and won ($41.50) with a pair of Fives
Seat 5: birmancat44 (button) (small blind) showed [Td 7h] and lost with a pair of Fives


PokerStars Hand #154141928911:  Hold'em Limit ($3/$6 USD) - 2016/06/01 11:49:22 ET
Table 'Paracelsus' 6-max Seat #5 is the button
Seat 3: Agrotait ($114.35 in chips)
Seat 5: birmancat44 ($254.82 in chips)
birmancat44: posts small blind $1
Agrotait: posts big blind $3
*** HOLE CARDS ***
birmancat44: calls $2
Agrotait: raises $3 to $6
birmancat44: calls $3
*** FLOP *** [4s Ts Kd]
Agrotait: bets $3
birmancat44: calls $3
*** TURN *** [4s Ts Kd] [2h]
Agrotait: bets $6
birmancat44: calls $6
*** RIVER *** [4s Ts Kd 2h] [7s]
Agrotait: checks
birmancat44: checks
*** SHOW DOWN ***
Agrotait: shows [Ac Qd] (high card Ace)
birmancat44: mucks hand
Agrotait collected $29.50 from pot
*** SUMMARY ***
Total pot $30 | Rake $0.50
Board [4s Ts Kd 2h 7s]
Seat 3: Agrotait (big blind) showed [Ac Qd] and won ($29.50) with high card Ace
Seat 5: birmancat44 (button) (small blind) mucked


