PokerStars Hand #151197448941:  Hold'em Limit ($3/$6 USD) - 2016/03/30 22:02:22 ET
Table 'Parana' 6-max Seat #3 is the button
Seat 2: TinaTurner72 ($107.64 in chips)
Seat 3: mishkamoya ($137.26 in chips)
mishkamoya: posts small blind $1
TinaTurner72: posts big blind $3
*** HOLE CARDS ***
mishkamoya: raises $3 to $6
TinaTurner72: folds
Uncalled bet ($3) returned to mishkamoya
mishkamoya collected $6 from pot
mishkamoya: doesn't show hand
TinaTurner72 leaves the table
*** SUMMARY ***
Total pot $6 | Rake $0
Seat 2: TinaTurner72 (big blind) folded before Flop
Seat 3: mishkamoya (button) (small blind) collected ($6)


PokerStars Hand #151197442734:  Hold'em Limit ($3/$6 USD) - 2016/03/30 22:02:06 ET
Table 'Parana' 6-max Seat #2 is the button
Seat 2: TinaTurner72 ($99 in chips)
Seat 3: mishkamoya ($146.26 in chips)
TinaTurner72: posts small blind $1
mishkamoya: posts big blind $3
*** HOLE CARDS ***
TinaTurner72: raises $3 to $6
mishkamoya: calls $3
*** FLOP *** [Qh 3s 5s]
mishkamoya: checks
TinaTurner72: bets $3
mishkamoya: calls $3
*** TURN *** [Qh 3s 5s] [6d]
mishkamoya: checks
TinaTurner72: bets $6
mishkamoya: folds
Uncalled bet ($6) returned to TinaTurner72
TinaTurner72 collected $17.64 from pot
TinaTurner72: doesn't show hand
*** SUMMARY ***
Total pot $18 | Rake $0.36
Board [Qh 3s 5s 6d]
Seat 2: TinaTurner72 (button) (small blind) collected ($17.64)
Seat 3: mishkamoya (big blind) folded on the Turn


