PokerStars Hand #170325487023:  Hold'em Limit ($3/$6 USD) - 2017/05/12 15:37:50 ET
Table 'Parana' 6-max Seat #3 is the button
Seat 3: Siwy56 ($206.14 in chips)
Seat 4: MTails ($151 in chips)
Siwy56: posts small blind $1
MTails: posts big blind $3
*** HOLE CARDS ***
Siwy56: calls $2
MTails: raises $3 to $6
Siwy56: calls $3
*** FLOP *** [9h 3c Ts]
MTails: bets $3
Siwy56: raises $3 to $6
MTails: calls $3
*** TURN *** [9h 3c Ts] [Ac]
MTails: checks
Siwy56: bets $6
MTails: calls $6
*** RIVER *** [9h 3c Ts Ac] [Qs]
MTails: checks
Siwy56: bets $6
MTails: calls $6
*** SHOW DOWN ***
Siwy56: shows [Js Td] (a pair of Tens)
MTails: mucks hand
Siwy56 collected $47.50 from pot
*** SUMMARY ***
Total pot $48 | Rake $0.50
Board [9h 3c Ts Ac Qs]
Seat 3: Siwy56 (button) (small blind) showed [Js Td] and won ($47.50) with a pair of Tens
Seat 4: MTails (big blind) mucked


PokerStars Hand #170325450481:  Hold'em Limit ($3/$6 USD) - 2017/05/12 15:37:08 ET
Table 'Parana' 6-max Seat #4 is the button
Seat 3: Siwy56 ($174.14 in chips)
Seat 4: MTails ($124 in chips)
MTails: posts small blind $1
Siwy56: posts big blind $3
*** HOLE CARDS ***
MTails: raises $3 to $6
Siwy56: calls $3
*** FLOP *** [2s 8d Jc]
Siwy56: checks
MTails: bets $3
Siwy56: calls $3
*** TURN *** [2s 8d Jc] [7h]
Siwy56: checks
MTails: bets $6
Siwy56: calls $6
*** RIVER *** [2s 8d Jc 7h] [8h]
Siwy56: checks
MTails: bets $6
Siwy56: calls $6
*** SHOW DOWN ***
MTails: shows [4d 5c] (a pair of Eights)
Siwy56: shows [Ks 3d] (a pair of Eights - King kicker)
Siwy56 collected $41.50 from pot
*** SUMMARY ***
Total pot $42 | Rake $0.50
Board [2s 8d Jc 7h 8h]
Seat 3: Siwy56 (big blind) showed [Ks 3d] and won ($41.50) with a pair of Eights
Seat 4: MTails (button) (small blind) showed [4d 5c] and lost with a pair of Eights


PokerStars Hand #170325468874:  Hold'em Limit ($3/$6 USD) - 2017/05/12 15:37:29 ET
Table 'Parana' 6-max Seat #3 is the button
Seat 3: Siwy56 ($194.64 in chips)
Seat 4: MTails ($103 in chips)
Siwy56: posts small blind $1
MTails: posts big blind $3
*** HOLE CARDS ***
Siwy56: calls $2
MTails: raises $3 to $6
Siwy56: calls $3
*** FLOP *** [Qc Kh 8d]
MTails: bets $3
Siwy56: calls $3
*** TURN *** [Qc Kh 8d] [5d]
MTails: checks
Siwy56: checks
*** RIVER *** [Qc Kh 8d 5d] [8s]
MTails: bets $6
Siwy56: raises $6 to $12
MTails: folds
Uncalled bet ($6) returned to Siwy56
Siwy56 collected $29.50 from pot
Siwy56: doesn't show hand
*** SUMMARY ***
Total pot $30 | Rake $0.50
Board [Qc Kh 8d 5d 8s]
Seat 3: Siwy56 (button) (small blind) collected ($29.50)
Seat 4: MTails (big blind) folded on the River


PokerStars Hand #170325482884:  Hold'em Limit ($3/$6 USD) - 2017/05/12 15:37:45 ET
Table 'Parana' 6-max Seat #4 is the button
Seat 3: Siwy56 ($209.14 in chips)
Seat 4: MTails ($148 in chips)
MTails: posts small blind $1
Siwy56: posts big blind $3
*** HOLE CARDS ***
MTails: raises $3 to $6
Siwy56: folds
Uncalled bet ($3) returned to MTails
MTails collected $6 from pot
*** SUMMARY ***
Total pot $6 | Rake $0
Seat 3: Siwy56 (big blind) folded before Flop
Seat 4: MTails (button) (small blind) collected ($6)


PokerStars Hand #170325507779:  Hold'em Limit ($3/$6 USD) - 2017/05/12 15:38:13 ET
Table 'Parana' 6-max Seat #4 is the button
Seat 3: Siwy56 ($229.64 in chips)
Seat 4: MTails ($127 in chips)
MTails: posts small blind $1
Siwy56: posts big blind $3
*** HOLE CARDS ***
MTails: raises $3 to $6
Siwy56: calls $3
*** FLOP *** [Jc 2h Ks]
Siwy56: checks
MTails: bets $3
Siwy56: calls $3
*** TURN *** [Jc 2h Ks] [4c]
Siwy56: checks
MTails: bets $6
Siwy56: calls $6
*** RIVER *** [Jc 2h Ks 4c] [5s]
Siwy56: checks
MTails: bets $6
Siwy56: folds
Uncalled bet ($6) returned to MTails
MTails collected $29.50 from pot
*** SUMMARY ***
Total pot $30 | Rake $0.50
Board [Jc 2h Ks 4c 5s]
Seat 3: Siwy56 (big blind) folded on the River
Seat 4: MTails (button) (small blind) collected ($29.50)


PokerStars Hand #170325525606:  Hold'em Limit ($3/$6 USD) - 2017/05/12 15:38:34 ET
Table 'Parana' 6-max Seat #3 is the button
Seat 3: Siwy56 ($214.64 in chips)
Seat 4: MTails ($141.50 in chips)
Siwy56: posts small blind $1
MTails: posts big blind $3
*** HOLE CARDS ***
Siwy56: raises $3 to $6
MTails: calls $3
*** FLOP *** [Jd 8h Td]
MTails: checks
Siwy56: checks
*** TURN *** [Jd 8h Td] [7h]
MTails: bets $6
Siwy56: calls $6
*** RIVER *** [Jd 8h Td 7h] [4c]
MTails: bets $6
Siwy56: calls $6
*** SHOW DOWN ***
MTails: shows [2h Qs] (high card Queen)
Siwy56: shows [4s 5c] (a pair of Fours)
Siwy56 collected $35.50 from pot
*** SUMMARY ***
Total pot $36 | Rake $0.50
Board [Jd 8h Td 7h 4c]
Seat 3: Siwy56 (button) (small blind) showed [4s 5c] and won ($35.50) with a pair of Fours
Seat 4: MTails (big blind) showed [2h Qs] and lost with high card Queen


PokerStars Hand #170325537287:  Hold'em Limit ($3/$6 USD) - 2017/05/12 15:38:48 ET
Table 'Parana' 6-max Seat #4 is the button
Seat 3: Siwy56 ($232.14 in chips)
Seat 4: MTails ($123.50 in chips)
MTails: posts small blind $1
Siwy56: posts big blind $3
*** HOLE CARDS ***
MTails: raises $3 to $6
Siwy56: calls $3
*** FLOP *** [Ad 4d Qd]
Siwy56: checks
MTails: bets $3
Siwy56: folds
Uncalled bet ($3) returned to MTails
MTails collected $11.76 from pot
*** SUMMARY ***
Total pot $12 | Rake $0.24
Board [Ad 4d Qd]
Seat 3: Siwy56 (big blind) folded on the Flop
Seat 4: MTails (button) (small blind) collected ($11.76)


PokerStars Hand #170325559529:  Hold'em Limit ($3/$6 USD) - 2017/05/12 15:39:13 ET
Table 'Parana' 6-max Seat #4 is the button
Seat 3: Siwy56 ($234.78 in chips)
Seat 4: MTails ($120.26 in chips)
MTails: posts small blind $1
Siwy56: posts big blind $3
*** HOLE CARDS ***
MTails: folds
Uncalled bet ($2) returned to Siwy56
Siwy56 collected $2 from pot
Siwy56: doesn't show hand
*** SUMMARY ***
Total pot $2 | Rake $0
Seat 3: Siwy56 (big blind) collected ($2)
Seat 4: MTails (button) (small blind) folded before Flop


PokerStars Hand #170325548237:  Hold'em Limit ($3/$6 USD) - 2017/05/12 15:39:00 ET
Table 'Parana' 6-max Seat #3 is the button
Seat 3: Siwy56 ($226.14 in chips)
Seat 4: MTails ($129.26 in chips)
Siwy56: posts small blind $1
MTails: posts big blind $3
*** HOLE CARDS ***
Siwy56: calls $2
MTails: raises $3 to $6
Siwy56: calls $3
*** FLOP *** [6h Ah Ac]
MTails: bets $3
Siwy56: raises $3 to $6
MTails: folds
Uncalled bet ($3) returned to Siwy56
Siwy56 collected $17.64 from pot
Siwy56: doesn't show hand
*** SUMMARY ***
Total pot $18 | Rake $0.36
Board [6h Ah Ac]
Seat 3: Siwy56 (button) (small blind) collected ($17.64)
Seat 4: MTails (big blind) folded on the Flop


PokerStars Hand #170325595053:  Hold'em Limit ($3/$6 USD) - 2017/05/12 15:39:53 ET
Table 'Parana' 6-max Seat #4 is the button
Seat 3: Siwy56 ($231.30 in chips)
Seat 4: MTails ($122.76 in chips)
MTails: posts small blind $1
Siwy56: posts big blind $3
*** HOLE CARDS ***
MTails: raises $3 to $6
Siwy56: calls $3
*** FLOP *** [Ad 7h 2d]
Siwy56: checks
MTails: bets $3
Siwy56: folds
Uncalled bet ($3) returned to MTails
MTails collected $11.76 from pot
*** SUMMARY ***
Total pot $12 | Rake $0.24
Board [Ad 7h 2d]
Seat 3: Siwy56 (big blind) folded on the Flop
Seat 4: MTails (button) (small blind) collected ($11.76)


PokerStars Hand #170325590753:  Hold'em Limit ($3/$6 USD) - 2017/05/12 15:39:48 ET
Table 'Parana' 6-max Seat #3 is the button
Seat 3: Siwy56 ($232.30 in chips)
Seat 4: MTails ($121.76 in chips)
Siwy56: posts small blind $1
MTails: posts big blind $3
*** HOLE CARDS ***
Siwy56: folds
Uncalled bet ($2) returned to MTails
MTails collected $2 from pot
*** SUMMARY ***
Total pot $2 | Rake $0
Seat 3: Siwy56 (button) (small blind) folded before Flop
Seat 4: MTails (big blind) collected ($2)


PokerStars Hand #170325563715:  Hold'em Limit ($3/$6 USD) - 2017/05/12 15:39:17 ET
Table 'Parana' 6-max Seat #3 is the button
Seat 3: Siwy56 ($235.78 in chips)
Seat 4: MTails ($119.26 in chips)
Siwy56: posts small blind $1
MTails: posts big blind $3
*** HOLE CARDS ***
Siwy56: calls $2
MTails: raises $3 to $6
Siwy56: calls $3
*** FLOP *** [8h 9h Qh]
MTails: bets $3
Siwy56: calls $3
*** TURN *** [8h 9h Qh] [7c]
MTails: checks
Siwy56: checks
*** RIVER *** [8h 9h Qh 7c] [5d]
MTails: bets $6
Siwy56: calls $6
*** SHOW DOWN ***
MTails: shows [Jc 6d] (a straight, Five to Nine)
Siwy56: mucks hand
MTails collected $29.50 from pot
*** SUMMARY ***
Total pot $30 | Rake $0.50
Board [8h 9h Qh 7c 5d]
Seat 3: Siwy56 (button) (small blind) mucked
Seat 4: MTails (big blind) showed [Jc 6d] and won ($29.50) with a straight, Five to Nine


PokerStars Hand #170325576823:  Hold'em Limit ($3/$6 USD) - 2017/05/12 15:39:32 ET
Table 'Parana' 6-max Seat #4 is the button
Seat 3: Siwy56 ($220.78 in chips)
Seat 4: MTails ($133.76 in chips)
MTails: posts small blind $1
Siwy56: posts big blind $3
*** HOLE CARDS ***
MTails: raises $3 to $6
Siwy56: raises $3 to $9
MTails: calls $3
*** FLOP *** [Qh 5s 3s]
Siwy56: bets $3
MTails: calls $3
*** TURN *** [Qh 5s 3s] [Kd]
Siwy56: bets $6
MTails: folds
Uncalled bet ($6) returned to Siwy56
Siwy56 collected $23.52 from pot
Siwy56: doesn't show hand
*** SUMMARY ***
Total pot $24 | Rake $0.48
Board [Qh 5s 3s Kd]
Seat 3: Siwy56 (big blind) collected ($23.52)
Seat 4: MTails (button) (small blind) folded on the Turn


PokerStars Hand #170325604589:  Hold'em Limit ($3/$6 USD) - 2017/05/12 15:40:04 ET
Table 'Parana' 6-max Seat #3 is the button
Seat 3: Siwy56 ($225.30 in chips)
Seat 4: MTails ($128.52 in chips)
Siwy56: posts small blind $1
MTails: posts big blind $3
*** HOLE CARDS ***
Siwy56: calls $2
MTails: raises $3 to $6
Siwy56: raises $3 to $9
MTails: calls $3
*** FLOP *** [2d 5h Tc]
MTails: checks
Siwy56: bets $3
MTails: calls $3
*** TURN *** [2d 5h Tc] [8h]
MTails: checks
Siwy56: bets $6
MTails: raises $6 to $12
Siwy56: calls $6
*** RIVER *** [2d 5h Tc 8h] [As]
MTails: checks
Siwy56: bets $6
MTails: calls $6
*** SHOW DOWN ***
Siwy56: shows [Ah 9h] (a pair of Aces)
MTails: mucks hand
Siwy56 collected $59.50 from pot
*** SUMMARY ***
Total pot $60 | Rake $0.50
Board [2d 5h Tc 8h As]
Seat 3: Siwy56 (button) (small blind) showed [Ah 9h] and won ($59.50) with a pair of Aces
Seat 4: MTails (big blind) mucked


PokerStars Hand #170325624820:  Hold'em Limit ($3/$6 USD) - 2017/05/12 15:40:27 ET
Table 'Parana' 6-max Seat #4 is the button
Seat 3: Siwy56 ($254.80 in chips)
Seat 4: MTails ($98.52 in chips)
MTails: posts small blind $1
Siwy56: posts big blind $3
*** HOLE CARDS ***
MTails: raises $3 to $6
Siwy56: calls $3
*** FLOP *** [Jd 9c Qc]
Siwy56: checks
MTails: bets $3
Siwy56: raises $3 to $6
MTails: raises $3 to $9
Siwy56: calls $3
*** TURN *** [Jd 9c Qc] [9s]
Siwy56: bets $6
MTails: calls $6
*** RIVER *** [Jd 9c Qc 9s] [Jh]
Siwy56: bets $6
MTails: folds
Uncalled bet ($6) returned to Siwy56
Siwy56 collected $41.50 from pot
Siwy56: doesn't show hand
*** SUMMARY ***
Total pot $42 | Rake $0.50
Board [Jd 9c Qc 9s Jh]
Seat 3: Siwy56 (big blind) collected ($41.50)
Seat 4: MTails (button) (small blind) folded on the River


PokerStars Hand #170325643479:  Hold'em Limit ($3/$6 USD) - 2017/05/12 15:40:48 ET
Table 'Parana' 6-max Seat #3 is the button
Seat 3: Siwy56 ($275.30 in chips)
Seat 4: MTails ($137.52 in chips)
Siwy56: posts small blind $1
MTails: posts big blind $3
*** HOLE CARDS ***
Siwy56: folds
Uncalled bet ($2) returned to MTails
MTails collected $2 from pot
MTails: doesn't show hand
*** SUMMARY ***
Total pot $2 | Rake $0
Seat 3: Siwy56 (button) (small blind) folded before Flop
Seat 4: MTails (big blind) collected ($2)


