PokerStars Hand #164603007973:  Hold'em Limit ($3/$6 USD) - 2017/01/15 5:12:42 ET
Table 'Parana' 10-max Seat #6 is the button
Seat 6: Apanage ($119.61 in chips)
Seat 8: Chessnok ($66.76 in chips)
Apanage: posts small blind $1
Chessnok: posts big blind $3
*** HOLE CARDS ***
Apanage: folds
Uncalled bet ($2) returned to Chessnok
Chessnok collected $2 from pot
Chessnok: doesn't show hand
*** SUMMARY ***
Total pot $2 | Rake $0
Seat 6: Apanage (button) (small blind) folded before Flop
Seat 8: Chessnok (big blind) collected ($2)


PokerStars Hand #164603002648:  Hold'em Limit ($3/$6 USD) - 2017/01/15 5:12:30 ET
Table 'Parana' 10-max Seat #8 is the button
Seat 6: Apanage ($125.61 in chips)
Seat 8: Chessnok ($61 in chips)
Jigorek1989 leaves the table
Chessnok: posts small blind $1
Apanage: posts big blind $3
*** HOLE CARDS ***
Chessnok: raises $3 to $6
Apanage: calls $3
*** FLOP *** [5d Jc Th]
sokol-max-PS is disconnected
Apanage: checks
Chessnok: bets $3
Apanage: folds
Uncalled bet ($3) returned to Chessnok
Chessnok collected $11.76 from pot
Chessnok: doesn't show hand
*** SUMMARY ***
Total pot $12 | Rake $0.24
Board [5d Jc Th]
Seat 6: Apanage (big blind) folded on the Flop
Seat 8: Chessnok (button) (small blind) collected ($11.76)


