PokerStars Hand #157153268276:  Hold'em Limit ($3/$6 USD) - 2016/08/11 15:21:29 ET
Table 'Parenago' 6-max Seat #3 is the button
Seat 1: RSA53 ($96 in chips)
Seat 3: simper11 ($143.50 in chips)
simper11: posts small blind $1
RSA53: posts big blind $3
*** HOLE CARDS ***
simper11: folds
Uncalled bet ($2) returned to RSA53
RSA53 collected $2 from pot
RSA53: doesn't show hand
*** SUMMARY ***
Total pot $2 | Rake $0
Seat 1: RSA53 (big blind) collected ($2)
Seat 3: simper11 (button) (small blind) folded before Flop


PokerStars Hand #157153236194:  Hold'em Limit ($3/$6 USD) - 2016/08/11 15:20:48 ET
Table 'Parenago' 6-max Seat #1 is the button
Seat 1: RSA53 ($120 in chips)
Seat 3: simper11 ($120 in chips)
RSA53: posts small blind $1
simper11: posts big blind $3
*** HOLE CARDS ***
RSA53: raises $3 to $6
simper11: raises $3 to $9
RSA53: raises $3 to $12
Betting is capped
simper11: calls $3
*** FLOP *** [Tc 8s 2s]
simper11: checks
RSA53: checks
*** TURN *** [Tc 8s 2s] [3s]
simper11: bets $6
RSA53: calls $6
*** RIVER *** [Tc 8s 2s 3s] [Jh]
simper11: bets $6
RSA53: calls $6
*** SHOW DOWN ***
simper11: shows [8d 8c] (three of a kind, Eights)
RSA53: mucks hand
simper11 collected $47.50 from pot
*** SUMMARY ***
Total pot $48 | Rake $0.50
Board [Tc 8s 2s 3s Jh]
Seat 1: RSA53 (button) (small blind) mucked
Seat 3: simper11 (big blind) showed [8d 8c] and won ($47.50) with three of a kind, Eights


PokerStars Hand #157153271678:  Hold'em Limit ($3/$6 USD) - 2016/08/11 15:21:33 ET
Table 'Parenago' 6-max Seat #1 is the button
Seat 1: RSA53 ($97 in chips)
Seat 3: simper11 ($142.50 in chips)
RSA53: posts small blind $1
simper11: posts big blind $3
*** HOLE CARDS ***
RSA53: calls $2
simper11: checks
*** FLOP *** [9d Qd 9h]
YourMother66 joins the table at seat #2
simper11: checks
RSA53: bets $3
simper11: folds
Uncalled bet ($3) returned to RSA53
RSA53 collected $5.88 from pot
RSA53: doesn't show hand
rs04 joins the table at seat #4
*** SUMMARY ***
Total pot $6 | Rake $0.12
Board [9d Qd 9h]
Seat 1: RSA53 (button) (small blind) collected ($5.88)
Seat 3: simper11 (big blind) folded on the Flop


PokerStars Hand #157157361979:  Hold'em Limit ($3/$6 USD) - 2016/08/11 16:50:13 ET
Table 'Parenago' 6-max Seat #2 is the button
Seat 1: Hannibal2211 ($194.11 in chips)
Seat 2: jestanie ($156 in chips)
jestanie: posts small blind $1
vestimokrec: is sitting out
Hannibal2211: posts big blind $3
*** HOLE CARDS ***
vestimokrec leaves the table
jestanie: folds
Uncalled bet ($2) returned to Hannibal2211
jestanie leaves the table
Hannibal2211 collected $2 from pot
*** SUMMARY ***
Total pot $2 | Rake $0
Seat 1: Hannibal2211 (big blind) collected ($2)
Seat 2: jestanie (button) (small blind) folded before Flop


