PokerStars Hand #147407672906:  Hold'em Limit ($3/$6 USD) - 2016/01/21 2:56:46 ET
Table 'Parenago' 2-max Seat #2 is the button
Seat 1: _fayzulllo_ ($72 in chips)
Seat 2: BugerDV ($72 in chips)
BugerDV: posts small blind $1
_fayzulllo_: posts big blind $3
*** HOLE CARDS ***
BugerDV: raises $3 to $6
_fayzulllo_: raises $3 to $9
BugerDV: calls $3
*** FLOP *** [3h As 4d]
_fayzulllo_: bets $3
BugerDV: calls $3
*** TURN *** [3h As 4d] [3c]
_fayzulllo_: checks
BugerDV: checks
*** RIVER *** [3h As 4d 3c] [Js]
_fayzulllo_: bets $6
BugerDV: calls $6
*** SHOW DOWN ***
_fayzulllo_: shows [Qd Qh] (two pair, Queens and Threes)
BugerDV: mucks hand
_fayzulllo_ collected $35.50 from pot
*** SUMMARY ***
Total pot $36 | Rake $0.50
Board [3h As 4d 3c Js]
Seat 1: _fayzulllo_ (big blind) showed [Qd Qh] and won ($35.50) with two pair, Queens and Threes
Seat 2: BugerDV (button) (small blind) mucked


PokerStars Hand #147407701462:  Hold'em Limit ($3/$6 USD) - 2016/01/21 2:58:13 ET
Table 'Parenago' 2-max Seat #2 is the button
Seat 1: _fayzulllo_ ($102 in chips)
Seat 2: BugerDV ($100.76 in chips)
BugerDV: posts small blind $1
_fayzulllo_: posts big blind $3
*** HOLE CARDS ***
BugerDV: folds
Uncalled bet ($2) returned to _fayzulllo_
_fayzulllo_ collected $2 from pot
_fayzulllo_: doesn't show hand
*** SUMMARY ***
Total pot $2 | Rake $0
Seat 1: _fayzulllo_ (big blind) collected ($2)
Seat 2: BugerDV (button) (small blind) folded before Flop


PokerStars Hand #147407690297:  Hold'em Limit ($3/$6 USD) - 2016/01/21 2:57:48 ET
Table 'Parenago' 2-max Seat #1 is the button
Seat 1: _fayzulllo_ ($84.50 in chips)
Seat 2: BugerDV ($118.76 in chips)
_fayzulllo_: posts small blind $1
BugerDV: posts big blind $3
*** HOLE CARDS ***
_fayzulllo_: raises $3 to $6
BugerDV: calls $3
*** FLOP *** [9c 8s Ks]
BugerDV: checks
_fayzulllo_: checks
*** TURN *** [9c 8s Ks] [5c]
BugerDV: bets $6
_fayzulllo_: calls $6
*** RIVER *** [9c 8s Ks 5c] [4c]
BugerDV: checks
_fayzulllo_: bets $6
BugerDV: calls $6
*** SHOW DOWN ***
_fayzulllo_: shows [9h Ah] (a pair of Nines)
BugerDV: mucks hand
_fayzulllo_ collected $35.50 from pot
*** SUMMARY ***
Total pot $36 | Rake $0.50
Board [9c 8s Ks 5c 4c]
Seat 1: _fayzulllo_ (button) (small blind) showed [9h Ah] and won ($35.50) with a pair of Nines
Seat 2: BugerDV (big blind) mucked


PokerStars Hand #147407683940:  Hold'em Limit ($3/$6 USD) - 2016/01/21 2:57:25 ET
Table 'Parenago' 2-max Seat #1 is the button
Seat 1: _fayzulllo_ ($89.50 in chips)
Seat 2: BugerDV ($54 in chips)
_fayzulllo_: posts small blind $1
BugerDV: posts big blind $3
*** HOLE CARDS ***
_fayzulllo_: calls $2
BugerDV: raises $3 to $6
_fayzulllo_: calls $3
*** FLOP *** [Qd 6c Ah]
BugerDV: bets $3
_fayzulllo_: folds
Uncalled bet ($3) returned to BugerDV
BugerDV collected $11.76 from pot
BugerDV: doesn't show hand
*** SUMMARY ***
Total pot $12 | Rake $0.24
Board [Qd 6c Ah]
Seat 1: _fayzulllo_ (button) (small blind) folded on the Flop
Seat 2: BugerDV (big blind) collected ($11.76)


PokerStars Hand #147407705329:  Hold'em Limit ($3/$6 USD) - 2016/01/21 2:58:18 ET
Table 'Parenago' 2-max Seat #1 is the button
Seat 1: _fayzulllo_ ($103 in chips)
Seat 2: BugerDV ($99.76 in chips)
_fayzulllo_: posts small blind $1
BugerDV: posts big blind $3
*** HOLE CARDS ***
_fayzulllo_: calls $2
BugerDV: raises $3 to $6
_fayzulllo_: calls $3
*** FLOP *** [6d Kd Qc]
BugerDV: bets $3
_fayzulllo_: calls $3
*** TURN *** [6d Kd Qc] [Qh]
BugerDV: bets $6
_fayzulllo_: calls $6
*** RIVER *** [6d Kd Qc Qh] [8d]
BugerDV: checks
_fayzulllo_: bets $6
BugerDV: folds
Uncalled bet ($6) returned to _fayzulllo_
_fayzulllo_ collected $29.50 from pot
_fayzulllo_: doesn't show hand
*** SUMMARY ***
Total pot $30 | Rake $0.50
Board [6d Kd Qc Qh 8d]
Seat 1: _fayzulllo_ (button) (small blind) collected ($29.50)
Seat 2: BugerDV (big blind) folded on the River


PokerStars Hand #147411387478:  Hold'em Limit ($3/$6 USD) - 2016/01/21 5:30:03 ET
Table 'Parenago' 2-max Seat #2 is the button
Seat 1: Cah4ec1982 ($120 in chips)
Seat 2: jl45259071 ($170.24 in chips)
jl45259071: posts small blind $1
Cah4ec1982: posts big blind $3
*** HOLE CARDS ***
jl45259071 said, "u"
jl45259071: calls $2
Cah4ec1982: checks
*** FLOP *** [Kd 6c Kc]
Cah4ec1982: checks
jl45259071: checks
*** TURN *** [Kd 6c Kc] [Qs]
Cah4ec1982: checks
jl45259071: bets $6
Cah4ec1982: folds
Uncalled bet ($6) returned to jl45259071
jl45259071 collected $5.88 from pot
jl45259071: doesn't show hand
*** SUMMARY ***
Total pot $6 | Rake $0.12
Board [Kd 6c Kc Qs]
Seat 1: Cah4ec1982 (big blind) folded on the Turn
Seat 2: jl45259071 (button) (small blind) collected ($5.88)


PokerStars Hand #147411403361:  Hold'em Limit ($3/$6 USD) - 2016/01/21 5:30:34 ET
Table 'Parenago' 2-max Seat #1 is the button
Seat 1: Cah4ec1982 ($117 in chips)
Seat 2: jl45259071 ($173.12 in chips)
Cah4ec1982: posts small blind $1
jl45259071: posts big blind $3
*** HOLE CARDS ***
Cah4ec1982: raises $3 to $6
jl45259071: calls $3
*** FLOP *** [Qc 8s As]
jl45259071: checks
Cah4ec1982: bets $3
jl45259071: calls $3
*** TURN *** [Qc 8s As] [Ac]
jl45259071: checks
Cah4ec1982: checks
*** RIVER *** [Qc 8s As Ac] [7s]
jl45259071: bets $6
Cah4ec1982: folds
Uncalled bet ($6) returned to jl45259071
jl45259071 collected $17.64 from pot
*** SUMMARY ***
Total pot $18 | Rake $0.36
Board [Qc 8s As Ac 7s]
Seat 1: Cah4ec1982 (button) (small blind) folded on the River
Seat 2: jl45259071 (big blind) collected ($17.64)


PokerStars Hand #147411420171:  Hold'em Limit ($3/$6 USD) - 2016/01/21 5:31:08 ET
Table 'Parenago' 2-max Seat #2 is the button
Seat 1: Cah4ec1982 ($108 in chips)
Seat 2: jl45259071 ($181.76 in chips)
jl45259071: posts small blind $1
Cah4ec1982: posts big blind $3
*** HOLE CARDS ***
jl45259071: calls $2
Cah4ec1982: checks
*** FLOP *** [As 3s Kh]
Cah4ec1982: checks
jl45259071: checks
*** TURN *** [As 3s Kh] [9s]
Cah4ec1982: checks
jl45259071: bets $6
Cah4ec1982: calls $6
*** RIVER *** [As 3s Kh 9s] [8h]
Cah4ec1982: checks
jl45259071: bets $6
Cah4ec1982: calls $6
*** SHOW DOWN ***
jl45259071: shows [9c 9d] (three of a kind, Nines)
Cah4ec1982: mucks hand
jl45259071 collected $29.50 from pot
*** SUMMARY ***
Total pot $30 | Rake $0.50
Board [As 3s Kh 9s 8h]
Seat 1: Cah4ec1982 (big blind) mucked
Seat 2: jl45259071 (button) (small blind) showed [9c 9d] and won ($29.50) with three of a kind, Nines


PokerStars Hand #147411441150:  Hold'em Limit ($3/$6 USD) - 2016/01/21 5:31:50 ET
Table 'Parenago' 2-max Seat #1 is the button
Seat 1: Cah4ec1982 ($93 in chips)
Seat 2: jl45259071 ($196.26 in chips)
Cah4ec1982: posts small blind $1
jl45259071: posts big blind $3
*** HOLE CARDS ***
Cah4ec1982: raises $3 to $6
jl45259071: calls $3
*** FLOP *** [2h 7h Kd]
jl45259071: checks
Cah4ec1982: bets $3
jl45259071: calls $3
*** TURN *** [2h 7h Kd] [Kh]
jl45259071: checks
Cah4ec1982: bets $6
jl45259071: calls $6
*** RIVER *** [2h 7h Kd Kh] [7s]
jl45259071: checks
Cah4ec1982: bets $6
jl45259071: folds
Uncalled bet ($6) returned to Cah4ec1982
Cah4ec1982 collected $29.50 from pot
*** SUMMARY ***
Total pot $30 | Rake $0.50
Board [2h 7h Kd Kh 7s]
Seat 1: Cah4ec1982 (button) (small blind) collected ($29.50)
Seat 2: jl45259071 (big blind) folded on the River


PokerStars Hand #147411457064:  Hold'em Limit ($3/$6 USD) - 2016/01/21 5:32:22 ET
Table 'Parenago' 2-max Seat #2 is the button
Seat 1: Cah4ec1982 ($167.50 in chips)
Seat 2: jl45259071 ($181.26 in chips)
jl45259071: posts small blind $1
Cah4ec1982: posts big blind $3
*** HOLE CARDS ***
jl45259071: calls $2
Cah4ec1982: checks
*** FLOP *** [5c 9h Kh]
Cah4ec1982: checks
jl45259071: bets $3
Cah4ec1982: folds
Uncalled bet ($3) returned to jl45259071
jl45259071 collected $5.88 from pot
jl45259071: doesn't show hand
*** SUMMARY ***
Total pot $6 | Rake $0.12
Board [5c 9h Kh]
Seat 1: Cah4ec1982 (big blind) folded on the Flop
Seat 2: jl45259071 (button) (small blind) collected ($5.88)


PokerStars Hand #147411464586:  Hold'em Limit ($3/$6 USD) - 2016/01/21 5:32:36 ET
Table 'Parenago' 2-max Seat #1 is the button
Seat 1: Cah4ec1982 ($164.50 in chips)
Seat 2: jl45259071 ($184.14 in chips)
Cah4ec1982: posts small blind $1
jl45259071: posts big blind $3
*** HOLE CARDS ***
Cah4ec1982: raises $3 to $6
jl45259071: calls $3
*** FLOP *** [9d 3c Ks]
jl45259071: checks
Cah4ec1982: bets $3
jl45259071: folds
Uncalled bet ($3) returned to Cah4ec1982
Cah4ec1982 collected $11.76 from pot
jl45259071 leaves the table
Cah4ec1982: doesn't show hand
*** SUMMARY ***
Total pot $12 | Rake $0.24
Board [9d 3c Ks]
Seat 1: Cah4ec1982 (button) (small blind) collected ($11.76)
Seat 2: jl45259071 (big blind) folded on the Flop


