PokerStars Hand #145673697084:  Hold'em Limit ($3/$6 USD) - 2015/12/21 1:34:23 ET
Table 'Pariana' 2-max Seat #2 is the button
Seat 1: kaputnikoff ($103.68 in chips)
Seat 2: Kosova1968 ($112 in chips)
Kosova1968: posts small blind $1
kaputnikoff: posts big blind $3
*** HOLE CARDS ***
Kosova1968: folds
Uncalled bet ($2) returned to kaputnikoff
kaputnikoff collected $2 from pot
kaputnikoff: doesn't show hand
*** SUMMARY ***
Total pot $2 | Rake $0
Seat 1: kaputnikoff (big blind) collected ($2)
Seat 2: Kosova1968 (button) (small blind) folded before Flop


PokerStars Hand #145673694634:  Hold'em Limit ($3/$6 USD) - 2015/12/21 1:34:13 ET
Table 'Pariana' 2-max Seat #1 is the button
Seat 1: kaputnikoff ($100.68 in chips)
Seat 2: Kosova1968 ($115 in chips)
kaputnikoff: posts small blind $1
Kosova1968: posts big blind $3
*** HOLE CARDS ***
kaputnikoff: raises $3 to $6
Kosova1968: folds
Uncalled bet ($3) returned to kaputnikoff
kaputnikoff collected $6 from pot
kaputnikoff: doesn't show hand
*** SUMMARY ***
Total pot $6 | Rake $0
Seat 1: kaputnikoff (button) (small blind) collected ($6)
Seat 2: Kosova1968 (big blind) folded before Flop


PokerStars Hand #145673686536:  Hold'em Limit ($3/$6 USD) - 2015/12/21 1:33:40 ET
Table 'Pariana' 2-max Seat #2 is the button
Seat 1: kaputnikoff ($94.92 in chips)
Seat 2: Kosova1968 ($72 in chips)
Kosova1968: posts small blind $1
kaputnikoff: posts big blind $3
*** HOLE CARDS ***
Kosova1968: raises $3 to $6
kaputnikoff: calls $3
*** FLOP *** [Ad 6h 5s]
kaputnikoff: checks
Kosova1968: checks
*** TURN *** [Ad 6h 5s] [Td]
kaputnikoff: checks
Kosova1968: checks
*** RIVER *** [Ad 6h 5s Td] [4d]
kaputnikoff: checks
Kosova1968: checks
*** SHOW DOWN ***
kaputnikoff: shows [4h 7s] (a pair of Fours)
Kosova1968: shows [Js Qh] (high card Ace)
kaputnikoff collected $11.76 from pot
*** SUMMARY ***
Total pot $12 | Rake $0.24
Board [Ad 6h 5s Td 4d]
Seat 1: kaputnikoff (big blind) showed [4h 7s] and won ($11.76) with a pair of Fours
Seat 2: Kosova1968 (button) (small blind) showed [Js Qh] and lost with high card Ace


PokerStars Hand #145673705984:  Hold'em Limit ($3/$6 USD) - 2015/12/21 1:34:59 ET
Table 'Pariana' 2-max Seat #2 is the button
Seat 1: kaputnikoff ($74.68 in chips)
Seat 2: Kosova1968 ($140.50 in chips)
Kosova1968: posts small blind $1
kaputnikoff: posts big blind $3
*** HOLE CARDS ***
Kosova1968: raises $3 to $6
kaputnikoff: calls $3
*** FLOP *** [As 3c Td]
kaputnikoff: checks
Kosova1968: bets $3
kaputnikoff: folds
Uncalled bet ($3) returned to Kosova1968
Kosova1968 collected $11.76 from pot
*** SUMMARY ***
Total pot $12 | Rake $0.24
Board [As 3c Td]
Seat 1: kaputnikoff (big blind) folded on the Flop
Seat 2: Kosova1968 (button) (small blind) collected ($11.76)


PokerStars Hand #145673699586:  Hold'em Limit ($3/$6 USD) - 2015/12/21 1:34:33 ET
Table 'Pariana' 2-max Seat #1 is the button
Seat 1: kaputnikoff ($104.68 in chips)
Seat 2: Kosova1968 ($111 in chips)
kaputnikoff: posts small blind $1
Kosova1968: posts big blind $3
*** HOLE CARDS ***
kaputnikoff: raises $3 to $6
Kosova1968: calls $3
*** FLOP *** [As 3h 4c]
Kosova1968: bets $3
kaputnikoff: raises $3 to $6
Kosova1968: calls $3
*** TURN *** [As 3h 4c] [5h]
Kosova1968: checks
kaputnikoff: bets $6
Kosova1968: raises $6 to $12
kaputnikoff: calls $6
*** RIVER *** [As 3h 4c 5h] [Td]
Kosova1968: bets $6
kaputnikoff: calls $6
*** SHOW DOWN ***
Kosova1968: shows [2c Tc] (a straight, Ace to Five)
kaputnikoff: mucks hand
Kosova1968 collected $59.50 from pot
*** SUMMARY ***
Total pot $60 | Rake $0.50
Board [As 3h 4c 5h Td]
Seat 1: kaputnikoff (button) (small blind) mucked
Seat 2: Kosova1968 (big blind) showed [2c Tc] and won ($59.50) with a straight, Ace to Five


PokerStars Hand #145674752936:  Hold'em Limit ($3/$6 USD) - 2015/12/21 2:44:44 ET
Table 'Pariana' 2-max Seat #1 is the button
Seat 1: kaputnikoff ($68.68 in chips)
Seat 2: aremom4e ($120 in chips)
kaputnikoff: posts small blind $1
aremom4e: posts big blind $3
*** HOLE CARDS ***
kaputnikoff has timed out
kaputnikoff: folds
Uncalled bet ($2) returned to aremom4e
aremom4e collected $2 from pot
aremom4e: doesn't show hand
*** SUMMARY ***
Total pot $2 | Rake $0
Seat 1: kaputnikoff (button) (small blind) folded before Flop
Seat 2: aremom4e (big blind) collected ($2)


PokerStars Hand #145674977859:  Hold'em Limit ($3/$6 USD) - 2015/12/21 2:58:40 ET
Table 'Pariana' 2-max Seat #2 is the button
Seat 1: kaputnikoff ($70.44 in chips)
Seat 2: aremom4e ($117 in chips)
aremom4e: posts small blind $1
kaputnikoff: posts big blind $3
*** HOLE CARDS ***
aremom4e: raises $3 to $6
kaputnikoff: calls $3
*** FLOP *** [7s 8d Qs]
kaputnikoff: checks
aremom4e: bets $3
kaputnikoff: folds
Uncalled bet ($3) returned to aremom4e
aremom4e collected $11.76 from pot
aremom4e: doesn't show hand
*** SUMMARY ***
Total pot $12 | Rake $0.24
Board [7s 8d Qs]
Seat 1: kaputnikoff (big blind) folded on the Flop
Seat 2: aremom4e (button) (small blind) collected ($11.76)


PokerStars Hand #145674974666:  Hold'em Limit ($3/$6 USD) - 2015/12/21 2:58:27 ET
Table 'Pariana' 2-max Seat #1 is the button
Seat 1: kaputnikoff ($64.68 in chips)
Seat 2: aremom4e ($123 in chips)
kaputnikoff: posts small blind $1
aremom4e: posts big blind $3
*** HOLE CARDS ***
kaputnikoff: raises $3 to $6
aremom4e: calls $3
*** FLOP *** [Jc 3h Jh]
aremom4e: checks
kaputnikoff: bets $3
aremom4e: folds
Uncalled bet ($3) returned to kaputnikoff
kaputnikoff collected $11.76 from pot
kaputnikoff: doesn't show hand
*** SUMMARY ***
Total pot $12 | Rake $0.24
Board [Jc 3h Jh]
Seat 1: kaputnikoff (button) (small blind) collected ($11.76)
Seat 2: aremom4e (big blind) folded on the Flop


PokerStars Hand #145674965147:  Hold'em Limit ($3/$6 USD) - 2015/12/21 2:57:48 ET
Table 'Pariana' 2-max Seat #2 is the button
Seat 1: kaputnikoff ($67.68 in chips)
Seat 2: aremom4e ($120 in chips)
aremom4e: posts small blind $1
kaputnikoff: posts big blind $3
*** HOLE CARDS ***
aremom4e: raises $3 to $6
kaputnikoff has timed out
kaputnikoff: folds
Uncalled bet ($3) returned to aremom4e
aremom4e collected $6 from pot
aremom4e: doesn't show hand
*** SUMMARY ***
Total pot $6 | Rake $0
Seat 1: kaputnikoff (big blind) folded before Flop
Seat 2: aremom4e (button) (small blind) collected ($6)


PokerStars Hand #145674991533:  Hold'em Limit ($3/$6 USD) - 2015/12/21 2:59:36 ET
Table 'Pariana' 2-max Seat #1 is the button
Seat 1: kaputnikoff ($93.70 in chips)
Seat 2: aremom4e ($92.76 in chips)
kaputnikoff: posts small blind $1
aremom4e: posts big blind $3
*** HOLE CARDS ***
kaputnikoff: raises $3 to $6
aremom4e: folds
Uncalled bet ($3) returned to kaputnikoff
kaputnikoff collected $6 from pot
kaputnikoff: doesn't show hand
*** SUMMARY ***
Total pot $6 | Rake $0
Seat 1: kaputnikoff (button) (small blind) collected ($6)
Seat 2: aremom4e (big blind) folded before Flop


PokerStars Hand #145674988320:  Hold'em Limit ($3/$6 USD) - 2015/12/21 2:59:23 ET
Table 'Pariana' 2-max Seat #2 is the button
Seat 1: kaputnikoff ($87.94 in chips)
Seat 2: aremom4e ($98.76 in chips)
aremom4e: posts small blind $1
kaputnikoff: posts big blind $3
*** HOLE CARDS ***
aremom4e: raises $3 to $6
kaputnikoff: calls $3
*** FLOP *** [Qc 6s 2h]
kaputnikoff: checks
aremom4e: checks
*** TURN *** [Qc 6s 2h] [Ah]
kaputnikoff: bets $6
aremom4e: folds
Uncalled bet ($6) returned to kaputnikoff
kaputnikoff collected $11.76 from pot
kaputnikoff: doesn't show hand
*** SUMMARY ***
Total pot $12 | Rake $0.24
Board [Qc 6s 2h Ah]
Seat 1: kaputnikoff (big blind) collected ($11.76)
Seat 2: aremom4e (button) (small blind) folded on the Turn


PokerStars Hand #145674981243:  Hold'em Limit ($3/$6 USD) - 2015/12/21 2:58:54 ET
Table 'Pariana' 2-max Seat #1 is the button
Seat 1: kaputnikoff ($64.44 in chips)
Seat 2: aremom4e ($122.76 in chips)
kaputnikoff: posts small blind $1
aremom4e: posts big blind $3
*** HOLE CARDS ***
kaputnikoff: raises $3 to $6
aremom4e: calls $3
*** FLOP *** [9c Ts 5c]
aremom4e: checks
kaputnikoff: bets $3
aremom4e: raises $3 to $6
kaputnikoff: calls $3
*** TURN *** [9c Ts 5c] [6h]
aremom4e: bets $6
kaputnikoff: calls $6
*** RIVER *** [9c Ts 5c 6h] [5s]
aremom4e: bets $6
kaputnikoff: calls $6
*** SHOW DOWN ***
aremom4e: shows [4c 8c] (a pair of Fives)
kaputnikoff: shows [Td 8h] (two pair, Tens and Fives)
kaputnikoff collected $47.50 from pot
*** SUMMARY ***
Total pot $48 | Rake $0.50
Board [9c Ts 5c 6h 5s]
Seat 1: kaputnikoff (button) (small blind) showed [Td 8h] and won ($47.50) with two pair, Tens and Fives
Seat 2: aremom4e (big blind) showed [4c 8c] and lost with a pair of Fives


PokerStars Hand #145675004470:  Hold'em Limit ($3/$6 USD) - 2015/12/21 3:00:28 ET
Table 'Pariana' 2-max Seat #1 is the button
Seat 1: kaputnikoff ($104.20 in chips)
Seat 2: aremom4e ($81.26 in chips)
kaputnikoff: posts small blind $1
aremom4e: posts big blind $3
*** HOLE CARDS ***
kaputnikoff: raises $3 to $6
aremom4e: raises $3 to $9
kaputnikoff: calls $3
*** FLOP *** [Jc 9d 2h]
aremom4e: bets $3
kaputnikoff: calls $3
*** TURN *** [Jc 9d 2h] [8c]
aremom4e: checks
kaputnikoff: bets $6
aremom4e: calls $6
*** RIVER *** [Jc 9d 2h 8c] [5h]
aremom4e: checks
kaputnikoff: checks
*** SHOW DOWN ***
aremom4e: shows [Qd Ah] (high card Ace)
kaputnikoff: shows [6c 6d] (a pair of Sixes)
kaputnikoff collected $35.50 from pot
*** SUMMARY ***
Total pot $36 | Rake $0.50
Board [Jc 9d 2h 8c 5h]
Seat 1: kaputnikoff (button) (small blind) showed [6c 6d] and won ($35.50) with a pair of Sixes
Seat 2: aremom4e (big blind) showed [Qd Ah] and lost with high card Ace


PokerStars Hand #145674999534:  Hold'em Limit ($3/$6 USD) - 2015/12/21 3:00:09 ET
Table 'Pariana' 2-max Seat #2 is the button
Seat 1: kaputnikoff ($119.20 in chips)
Seat 2: aremom4e ($66.76 in chips)
aremom4e: posts small blind $1
kaputnikoff: posts big blind $3
*** HOLE CARDS ***
aremom4e: raises $3 to $6
kaputnikoff: calls $3
*** FLOP *** [2s As 2h]
kaputnikoff: checks
aremom4e: bets $3
kaputnikoff: calls $3
*** TURN *** [2s As 2h] [3c]
kaputnikoff: checks
aremom4e: checks
*** RIVER *** [2s As 2h 3c] [7s]
kaputnikoff: checks
aremom4e: bets $6
kaputnikoff: calls $6
*** SHOW DOWN ***
aremom4e: shows [Kd Ad] (two pair, Aces and Deuces)
kaputnikoff: mucks hand
aremom4e collected $29.50 from pot
*** SUMMARY ***
Total pot $30 | Rake $0.50
Board [2s As 2h 3c 7s]
Seat 1: kaputnikoff (big blind) mucked
Seat 2: aremom4e (button) (small blind) showed [Kd Ad] and won ($29.50) with two pair, Aces and Deuces


PokerStars Hand #145674997929:  Hold'em Limit ($3/$6 USD) - 2015/12/21 3:00:03 ET
Table 'Pariana' 2-max Seat #1 is the button
Seat 1: kaputnikoff ($120.20 in chips)
Seat 2: aremom4e ($65.76 in chips)
kaputnikoff: posts small blind $1
aremom4e: posts big blind $3
*** HOLE CARDS ***
kaputnikoff: folds
Uncalled bet ($2) returned to aremom4e
aremom4e collected $2 from pot
aremom4e: doesn't show hand
*** SUMMARY ***
Total pot $2 | Rake $0
Seat 1: kaputnikoff (button) (small blind) folded before Flop
Seat 2: aremom4e (big blind) collected ($2)


PokerStars Hand #145674993490:  Hold'em Limit ($3/$6 USD) - 2015/12/21 2:59:44 ET
Table 'Pariana' 2-max Seat #2 is the button
Seat 1: kaputnikoff ($96.70 in chips)
Seat 2: aremom4e ($89.76 in chips)
aremom4e: posts small blind $1
kaputnikoff: posts big blind $3
*** HOLE CARDS ***
aremom4e: raises $3 to $6
kaputnikoff: raises $3 to $9
aremom4e: calls $3
*** FLOP *** [4s Ks Jd]
kaputnikoff: bets $3
aremom4e: calls $3
*** TURN *** [4s Ks Jd] [2c]
kaputnikoff: bets $6
aremom4e: calls $6
*** RIVER *** [4s Ks Jd 2c] [Jh]
kaputnikoff: bets $6
aremom4e: calls $6
*** SHOW DOWN ***
kaputnikoff: shows [7h 7s] (two pair, Jacks and Sevens)
aremom4e: mucks hand
kaputnikoff collected $47.50 from pot
*** SUMMARY ***
Total pot $48 | Rake $0.50
Board [4s Ks Jd 2c Jh]
Seat 1: kaputnikoff (big blind) showed [7h 7s] and won ($47.50) with two pair, Jacks and Sevens
Seat 2: aremom4e (button) (small blind) mucked


PokerStars Hand #145675019579:  Hold'em Limit ($3/$6 USD) - 2015/12/21 3:01:26 ET
Table 'Pariana' 2-max Seat #2 is the button
Seat 1: kaputnikoff ($114.70 in chips)
Seat 2: aremom4e ($70.02 in chips)
aremom4e: posts small blind $1
kaputnikoff: posts big blind $3
*** HOLE CARDS ***
aremom4e: raises $3 to $6
kaputnikoff: folds
Uncalled bet ($3) returned to aremom4e
aremom4e collected $6 from pot
aremom4e: doesn't show hand
*** SUMMARY ***
Total pot $6 | Rake $0
Seat 1: kaputnikoff (big blind) folded before Flop
Seat 2: aremom4e (button) (small blind) collected ($6)


PokerStars Hand #145675017736:  Hold'em Limit ($3/$6 USD) - 2015/12/21 3:01:19 ET
Table 'Pariana' 2-max Seat #1 is the button
Seat 1: kaputnikoff ($115.70 in chips)
Seat 2: aremom4e ($69.02 in chips)
kaputnikoff: posts small blind $1
aremom4e: posts big blind $3
*** HOLE CARDS ***
kaputnikoff: folds
Uncalled bet ($2) returned to aremom4e
aremom4e collected $2 from pot
aremom4e: doesn't show hand
*** SUMMARY ***
Total pot $2 | Rake $0
Seat 1: kaputnikoff (button) (small blind) folded before Flop
Seat 2: aremom4e (big blind) collected ($2)


PokerStars Hand #145675009231:  Hold'em Limit ($3/$6 USD) - 2015/12/21 3:00:47 ET
Table 'Pariana' 2-max Seat #2 is the button
Seat 1: kaputnikoff ($121.70 in chips)
Seat 2: aremom4e ($63.26 in chips)
aremom4e: posts small blind $1
kaputnikoff: posts big blind $3
*** HOLE CARDS ***
aremom4e: calls $2
kaputnikoff: checks
*** FLOP *** [Qc Ac 3d]
kaputnikoff: checks
aremom4e: bets $3
kaputnikoff: calls $3
*** TURN *** [Qc Ac 3d] [6c]
kaputnikoff: checks
aremom4e: checks
*** RIVER *** [Qc Ac 3d 6c] [9s]
kaputnikoff: checks
aremom4e: checks
*** SHOW DOWN ***
kaputnikoff: shows [7h 3c] (a pair of Threes)
aremom4e: shows [2c Qd] (a pair of Queens)
aremom4e collected $11.76 from pot
*** SUMMARY ***
Total pot $12 | Rake $0.24
Board [Qc Ac 3d 6c 9s]
Seat 1: kaputnikoff (big blind) showed [7h 3c] and lost with a pair of Threes
Seat 2: aremom4e (button) (small blind) showed [2c Qd] and won ($11.76) with a pair of Queens


PokerStars Hand #145675037423:  Hold'em Limit ($3/$6 USD) - 2015/12/21 3:02:29 ET
Table 'Pariana' 2-max Seat #1 is the button
Seat 1: kaputnikoff ($137.72 in chips)
Seat 2: aremom4e ($46.02 in chips)
kaputnikoff: posts small blind $1
aremom4e: posts big blind $3
*** HOLE CARDS ***
kaputnikoff: raises $3 to $6
aremom4e: calls $3
*** FLOP *** [7c 8h Qs]
aremom4e: checks
kaputnikoff: bets $3
aremom4e: calls $3
*** TURN *** [7c 8h Qs] [Qd]
aremom4e: checks
kaputnikoff: bets $6
aremom4e: folds
Uncalled bet ($6) returned to kaputnikoff
kaputnikoff collected $17.64 from pot
kaputnikoff: doesn't show hand
*** SUMMARY ***
Total pot $18 | Rake $0.36
Board [7c 8h Qs Qd]
Seat 1: kaputnikoff (button) (small blind) collected ($17.64)
Seat 2: aremom4e (big blind) folded on the Turn


PokerStars Hand #145675029923:  Hold'em Limit ($3/$6 USD) - 2015/12/21 3:02:02 ET
Table 'Pariana' 2-max Seat #2 is the button
Seat 1: kaputnikoff ($123.22 in chips)
Seat 2: aremom4e ($61.02 in chips)
aremom4e: posts small blind $1
kaputnikoff: posts big blind $3
*** HOLE CARDS ***
aremom4e: raises $3 to $6
kaputnikoff: calls $3
*** FLOP *** [Td Ks Ad]
kaputnikoff: checks
aremom4e: bets $3
kaputnikoff: calls $3
*** TURN *** [Td Ks Ad] [Jd]
kaputnikoff: checks
aremom4e: checks
*** RIVER *** [Td Ks Ad Jd] [6s]
kaputnikoff: bets $6
aremom4e: calls $6
*** SHOW DOWN ***
kaputnikoff: shows [Ac 2s] (a pair of Aces)
aremom4e: mucks hand
kaputnikoff collected $29.50 from pot
*** SUMMARY ***
Total pot $30 | Rake $0.50
Board [Td Ks Ad Jd 6s]
Seat 1: kaputnikoff (big blind) showed [Ac 2s] and won ($29.50) with a pair of Aces
Seat 2: aremom4e (button) (small blind) mucked


PokerStars Hand #145675021763:  Hold'em Limit ($3/$6 USD) - 2015/12/21 3:01:34 ET
Table 'Pariana' 2-max Seat #1 is the button
Seat 1: kaputnikoff ($111.70 in chips)
Seat 2: aremom4e ($73.02 in chips)
kaputnikoff: posts small blind $1
aremom4e: posts big blind $3
*** HOLE CARDS ***
kaputnikoff: raises $3 to $6
aremom4e: calls $3
*** FLOP *** [5c 8h 6d]
aremom4e: checks
kaputnikoff: checks
*** TURN *** [5c 8h 6d] [Ah]
aremom4e: checks
kaputnikoff: bets $6
aremom4e: calls $6
*** RIVER *** [5c 8h 6d Ah] [Qh]
aremom4e: checks
kaputnikoff: bets $6
aremom4e: folds
Uncalled bet ($6) returned to kaputnikoff
kaputnikoff collected $23.52 from pot
kaputnikoff: doesn't show hand
*** SUMMARY ***
Total pot $24 | Rake $0.48
Board [5c 8h 6d Ah Qh]
Seat 1: kaputnikoff (button) (small blind) collected ($23.52)
Seat 2: aremom4e (big blind) folded on the River


PokerStars Hand #145675052157:  Hold'em Limit ($3/$6 USD) - 2015/12/21 3:03:20 ET
Table 'Pariana' 2-max Seat #2 is the button
Seat 1: kaputnikoff ($133.36 in chips)
Seat 2: aremom4e ($49.54 in chips)
aremom4e: posts small blind $1
kaputnikoff: posts big blind $3
*** HOLE CARDS ***
aremom4e: raises $3 to $6
kaputnikoff: calls $3
*** FLOP *** [Jd 2s 6h]
kaputnikoff: checks
aremom4e: bets $3
kaputnikoff: calls $3
*** TURN *** [Jd 2s 6h] [Js]
kaputnikoff: checks
aremom4e: bets $6
kaputnikoff: calls $6
*** RIVER *** [Jd 2s 6h Js] [Qc]
kaputnikoff: checks
aremom4e: checks
*** SHOW DOWN ***
kaputnikoff: shows [Ah 8c] (a pair of Jacks)
aremom4e: mucks hand
kaputnikoff collected $29.50 from pot
*** SUMMARY ***
Total pot $30 | Rake $0.50
Board [Jd 2s 6h Js Qc]
Seat 1: kaputnikoff (big blind) showed [Ah 8c] and won ($29.50) with a pair of Jacks
Seat 2: aremom4e (button) (small blind) mucked


PokerStars Hand #145675050084:  Hold'em Limit ($3/$6 USD) - 2015/12/21 3:03:12 ET
Table 'Pariana' 2-max Seat #1 is the button
Seat 1: kaputnikoff ($134.36 in chips)
Seat 2: aremom4e ($48.54 in chips)
kaputnikoff: posts small blind $1
aremom4e: posts big blind $3
*** HOLE CARDS ***
kaputnikoff: folds
Uncalled bet ($2) returned to aremom4e
aremom4e collected $2 from pot
aremom4e: doesn't show hand
*** SUMMARY ***
Total pot $2 | Rake $0
Seat 1: kaputnikoff (button) (small blind) folded before Flop
Seat 2: aremom4e (big blind) collected ($2)


PokerStars Hand #145675042930:  Hold'em Limit ($3/$6 USD) - 2015/12/21 3:02:48 ET
Table 'Pariana' 2-max Seat #2 is the button
Seat 1: kaputnikoff ($146.36 in chips)
Seat 2: aremom4e ($37.02 in chips)
aremom4e: posts small blind $1
kaputnikoff: posts big blind $3
*** HOLE CARDS ***
aremom4e: raises $3 to $6
kaputnikoff: raises $3 to $9
aremom4e: calls $3
*** FLOP *** [7c 3h As]
kaputnikoff: bets $3
aremom4e: calls $3
*** TURN *** [7c 3h As] [4s]
kaputnikoff: checks
aremom4e: bets $6
kaputnikoff: folds
Uncalled bet ($6) returned to aremom4e
aremom4e collected $23.52 from pot
aremom4e: doesn't show hand
*** SUMMARY ***
Total pot $24 | Rake $0.48
Board [7c 3h As 4s]
Seat 1: kaputnikoff (big blind) folded on the Turn
Seat 2: aremom4e (button) (small blind) collected ($23.52)


PokerStars Hand #145675068100:  Hold'em Limit ($3/$6 USD) - 2015/12/21 3:04:15 ET
Table 'Pariana' 2-max Seat #2 is the button
Seat 1: kaputnikoff ($150.86 in chips)
Seat 2: aremom4e ($31.54 in chips)
aremom4e: posts small blind $1
kaputnikoff: posts big blind $3
*** HOLE CARDS ***
aremom4e: raises $3 to $6
kaputnikoff: calls $3
*** FLOP *** [Kh Jh Kc]
kaputnikoff: checks
aremom4e: bets $3
kaputnikoff: raises $3 to $6
aremom4e: folds
Uncalled bet ($3) returned to kaputnikoff
kaputnikoff collected $17.64 from pot
kaputnikoff: doesn't show hand
*** SUMMARY ***
Total pot $18 | Rake $0.36
Board [Kh Jh Kc]
Seat 1: kaputnikoff (big blind) collected ($17.64)
Seat 2: aremom4e (button) (small blind) folded on the Flop


PokerStars Hand #145675064579:  Hold'em Limit ($3/$6 USD) - 2015/12/21 3:04:03 ET
Table 'Pariana' 2-max Seat #1 is the button
Seat 1: kaputnikoff ($151.86 in chips)
Seat 2: aremom4e ($30.54 in chips)
kaputnikoff: posts small blind $1
aremom4e: posts big blind $3
*** HOLE CARDS ***
kaputnikoff: folds
Uncalled bet ($2) returned to aremom4e
aremom4e collected $2 from pot
aremom4e: doesn't show hand
*** SUMMARY ***
Total pot $2 | Rake $0
Seat 1: kaputnikoff (button) (small blind) folded before Flop
Seat 2: aremom4e (big blind) collected ($2)


PokerStars Hand #145675063072:  Hold'em Limit ($3/$6 USD) - 2015/12/21 3:03:57 ET
Table 'Pariana' 2-max Seat #2 is the button
Seat 1: kaputnikoff ($150.86 in chips)
Seat 2: aremom4e ($31.54 in chips)
aremom4e: posts small blind $1
kaputnikoff: posts big blind $3
*** HOLE CARDS ***
aremom4e: folds
Uncalled bet ($2) returned to kaputnikoff
kaputnikoff collected $2 from pot
kaputnikoff: doesn't show hand
*** SUMMARY ***
Total pot $2 | Rake $0
Seat 1: kaputnikoff (big blind) collected ($2)
Seat 2: aremom4e (button) (small blind) folded before Flop


PokerStars Hand #145675060571:  Hold'em Limit ($3/$6 USD) - 2015/12/21 3:03:49 ET
Table 'Pariana' 2-max Seat #1 is the button
Seat 1: kaputnikoff ($147.86 in chips)
Seat 2: aremom4e ($34.54 in chips)
kaputnikoff: posts small blind $1
aremom4e: posts big blind $3
*** HOLE CARDS ***
kaputnikoff: raises $3 to $6
aremom4e: folds
Uncalled bet ($3) returned to kaputnikoff
kaputnikoff collected $6 from pot
kaputnikoff: doesn't show hand
*** SUMMARY ***
Total pot $6 | Rake $0
Seat 1: kaputnikoff (button) (small blind) collected ($6)
Seat 2: aremom4e (big blind) folded before Flop


PokerStars Hand #145675083996:  Hold'em Limit ($3/$6 USD) - 2015/12/21 3:05:09 ET
Table 'Pariana' 2-max Seat #2 is the button
Seat 1: kaputnikoff ($138.50 in chips)
Seat 2: aremom4e ($43.04 in chips)
aremom4e: posts small blind $1
kaputnikoff: posts big blind $3
*** HOLE CARDS ***
aremom4e: raises $3 to $6
kaputnikoff: calls $3
*** FLOP *** [3s 8h 7d]
kaputnikoff: checks
aremom4e: bets $3
kaputnikoff: calls $3
*** TURN *** [3s 8h 7d] [5s]
kaputnikoff: checks
aremom4e: checks
*** RIVER *** [3s 8h 7d 5s] [As]
kaputnikoff: checks
aremom4e: bets $6
kaputnikoff: calls $6
*** SHOW DOWN ***
aremom4e: shows [5c 8d] (two pair, Eights and Fives)
kaputnikoff: mucks hand
aremom4e collected $29.50 from pot
*** SUMMARY ***
Total pot $30 | Rake $0.50
Board [3s 8h 7d 5s As]
Seat 1: kaputnikoff (big blind) mucked
Seat 2: aremom4e (button) (small blind) showed [5c 8d] and won ($29.50) with two pair, Eights and Fives


PokerStars Hand #145675072735:  Hold'em Limit ($3/$6 USD) - 2015/12/21 3:04:31 ET
Table 'Pariana' 2-max Seat #1 is the button
Seat 1: kaputnikoff ($159.50 in chips)
Seat 2: aremom4e ($22.54 in chips)
kaputnikoff: posts small blind $1
aremom4e: posts big blind $3
*** HOLE CARDS ***
kaputnikoff: raises $3 to $6
aremom4e: calls $3
*** FLOP *** [4d 9s 6d]
aremom4e: checks
kaputnikoff: bets $3
aremom4e: calls $3
*** TURN *** [4d 9s 6d] [7d]
aremom4e: checks
kaputnikoff: checks
*** RIVER *** [4d 9s 6d 7d] [Kh]
aremom4e: bets $6
kaputnikoff: raises $6 to $12
aremom4e: calls $6
*** SHOW DOWN ***
kaputnikoff: shows [Ks Js] (a pair of Kings)
aremom4e: shows [Th 8s] (a straight, Six to Ten)
aremom4e collected $41.50 from pot
*** SUMMARY ***
Total pot $42 | Rake $0.50
Board [4d 9s 6d 7d Kh]
Seat 1: kaputnikoff (button) (small blind) showed [Ks Js] and lost with a pair of Kings
Seat 2: aremom4e (big blind) showed [Th 8s] and won ($41.50) with a straight, Six to Ten


PokerStars Hand #145675111616:  Hold'em Limit ($3/$6 USD) - 2015/12/21 3:06:45 ET
Table 'Pariana' 2-max Seat #1 is the button
Seat 1: kaputnikoff ($117.14 in chips)
Seat 2: aremom4e ($63.04 in chips)
kaputnikoff: posts small blind $1
aremom4e: posts big blind $3
*** HOLE CARDS ***
kaputnikoff: raises $3 to $6
aremom4e: folds
Uncalled bet ($3) returned to kaputnikoff
kaputnikoff collected $6 from pot
kaputnikoff: doesn't show hand
*** SUMMARY ***
Total pot $6 | Rake $0
Seat 1: kaputnikoff (button) (small blind) collected ($6)
Seat 2: aremom4e (big blind) folded before Flop


PokerStars Hand #145675108294:  Hold'em Limit ($3/$6 USD) - 2015/12/21 3:06:33 ET
Table 'Pariana' 2-max Seat #2 is the button
Seat 1: kaputnikoff ($108.50 in chips)
Seat 2: aremom4e ($72.04 in chips)
aremom4e: posts small blind $1
kaputnikoff: posts big blind $3
*** HOLE CARDS ***
aremom4e: raises $3 to $6
kaputnikoff: raises $3 to $9
aremom4e: calls $3
*** FLOP *** [7c 2c Tc]
kaputnikoff: bets $3
aremom4e: folds
Uncalled bet ($3) returned to kaputnikoff
kaputnikoff collected $17.64 from pot
kaputnikoff: doesn't show hand
*** SUMMARY ***
Total pot $18 | Rake $0.36
Board [7c 2c Tc]
Seat 1: kaputnikoff (big blind) collected ($17.64)
Seat 2: aremom4e (button) (small blind) folded on the Flop


PokerStars Hand #145675095824:  Hold'em Limit ($3/$6 USD) - 2015/12/21 3:05:50 ET
Table 'Pariana' 2-max Seat #1 is the button
Seat 1: kaputnikoff ($123.50 in chips)
Seat 2: aremom4e ($57.54 in chips)
kaputnikoff: posts small blind $1
aremom4e: posts big blind $3
*** HOLE CARDS ***
kaputnikoff: raises $3 to $6
aremom4e: calls $3
*** FLOP *** [6c Kc 9c]
aremom4e: checks
kaputnikoff: bets $3
aremom4e: calls $3
*** TURN *** [6c Kc 9c] [9h]
aremom4e: checks
kaputnikoff: checks
*** RIVER *** [6c Kc 9c 9h] [Tc]
aremom4e: bets $6
kaputnikoff: calls $6
*** SHOW DOWN ***
aremom4e: shows [As Ac] (a flush, Ace high)
kaputnikoff: mucks hand
aremom4e collected $29.50 from pot
*** SUMMARY ***
Total pot $30 | Rake $0.50
Board [6c Kc 9c 9h Tc]
Seat 1: kaputnikoff (button) (small blind) mucked
Seat 2: aremom4e (big blind) showed [As Ac] and won ($29.50) with a flush, Ace high


PokerStars Hand #145675126317:  Hold'em Limit ($3/$6 USD) - 2015/12/21 3:07:35 ET
Table 'Pariana' 2-max Seat #1 is the button
Seat 1: kaputnikoff ($164.04 in chips)
Seat 2: aremom4e ($15.04 in chips)
kaputnikoff: posts small blind $1
aremom4e: posts big blind $3
*** HOLE CARDS ***
kaputnikoff: folds
Uncalled bet ($2) returned to aremom4e
aremom4e collected $2 from pot
aremom4e: doesn't show hand
*** SUMMARY ***
Total pot $2 | Rake $0
Seat 1: kaputnikoff (button) (small blind) folded before Flop
Seat 2: aremom4e (big blind) collected ($2)


PokerStars Hand #145675122762:  Hold'em Limit ($3/$6 USD) - 2015/12/21 3:07:23 ET
Table 'Pariana' 2-max Seat #2 is the button
Seat 1: kaputnikoff ($155.40 in chips)
Seat 2: aremom4e ($24.04 in chips)
aremom4e: posts small blind $1
kaputnikoff: posts big blind $3
*** HOLE CARDS ***
aremom4e: raises $3 to $6
kaputnikoff: raises $3 to $9
aremom4e: calls $3
*** FLOP *** [Ah 3d Qc]
kaputnikoff: bets $3
aremom4e: folds
Uncalled bet ($3) returned to kaputnikoff
kaputnikoff collected $17.64 from pot
kaputnikoff: doesn't show hand
*** SUMMARY ***
Total pot $18 | Rake $0.36
Board [Ah 3d Qc]
Seat 1: kaputnikoff (big blind) collected ($17.64)
Seat 2: aremom4e (button) (small blind) folded on the Flop


PokerStars Hand #145675119996:  Hold'em Limit ($3/$6 USD) - 2015/12/21 3:07:13 ET
Table 'Pariana' 2-max Seat #1 is the button
Seat 1: kaputnikoff ($149.64 in chips)
Seat 2: aremom4e ($30.04 in chips)
kaputnikoff: posts small blind $1
aremom4e: posts big blind $3
*** HOLE CARDS ***
kaputnikoff: raises $3 to $6
aremom4e: calls $3
*** FLOP *** [3h 5c Th]
aremom4e: checks
kaputnikoff: bets $3
aremom4e: folds
Uncalled bet ($3) returned to kaputnikoff
kaputnikoff collected $11.76 from pot
kaputnikoff: doesn't show hand
*** SUMMARY ***
Total pot $12 | Rake $0.24
Board [3h 5c Th]
Seat 1: kaputnikoff (button) (small blind) collected ($11.76)
Seat 2: aremom4e (big blind) folded on the Flop


PokerStars Hand #145675113512:  Hold'em Limit ($3/$6 USD) - 2015/12/21 3:06:51 ET
Table 'Pariana' 2-max Seat #2 is the button
Seat 1: kaputnikoff ($120.14 in chips)
Seat 2: aremom4e ($60.04 in chips)
aremom4e: posts small blind $1
kaputnikoff: posts big blind $3
*** HOLE CARDS ***
aremom4e: raises $3 to $6
kaputnikoff: raises $3 to $9
aremom4e: calls $3
*** FLOP *** [Jh 6s Ks]
kaputnikoff: bets $3
aremom4e: calls $3
*** TURN *** [Jh 6s Ks] [Qd]
kaputnikoff: bets $6
aremom4e: raises $6 to $12
kaputnikoff: calls $6
*** RIVER *** [Jh 6s Ks Qd] [Ac]
kaputnikoff: bets $6
aremom4e: calls $6
*** SHOW DOWN ***
kaputnikoff: shows [Jc Tc] (a straight, Ten to Ace)
aremom4e: mucks hand
kaputnikoff collected $59.50 from pot
*** SUMMARY ***
Total pot $60 | Rake $0.50
Board [Jh 6s Ks Qd Ac]
Seat 1: kaputnikoff (big blind) showed [Jc Tc] and won ($59.50) with a straight, Ten to Ace
Seat 2: aremom4e (button) (small blind) mucked


PokerStars Hand #145675146979:  Hold'em Limit ($3/$6 USD) - 2015/12/21 3:08:45 ET
Table 'Pariana' 2-max Seat #1 is the button
Seat 1: kaputnikoff ($192.98 in chips)
Seat 2: aremom4e ($105 in chips)
kaputnikoff: posts small blind $1
aremom4e: posts big blind $3
*** HOLE CARDS ***
kaputnikoff: raises $3 to $6
aremom4e: calls $3
*** FLOP *** [7s 3h Kh]
aremom4e: checks
kaputnikoff: bets $3
aremom4e: folds
Uncalled bet ($3) returned to kaputnikoff
kaputnikoff collected $11.76 from pot
kaputnikoff: doesn't show hand
*** SUMMARY ***
Total pot $12 | Rake $0.24
Board [7s 3h Kh]
Seat 1: kaputnikoff (button) (small blind) collected ($11.76)
Seat 2: aremom4e (big blind) folded on the Flop


PokerStars Hand #145675143142:  Hold'em Limit ($3/$6 USD) - 2015/12/21 3:08:32 ET
Table 'Pariana' 2-max Seat #2 is the button
Seat 1: kaputnikoff ($184.34 in chips)
Seat 2: aremom4e ($114 in chips)
aremom4e: posts small blind $1
kaputnikoff: posts big blind $3
*** HOLE CARDS ***
aremom4e: raises $3 to $6
kaputnikoff: raises $3 to $9
aremom4e: calls $3
*** FLOP *** [3s Th 8s]
kaputnikoff: bets $3
aremom4e: folds
Uncalled bet ($3) returned to kaputnikoff
kaputnikoff collected $17.64 from pot
kaputnikoff: doesn't show hand
*** SUMMARY ***
Total pot $18 | Rake $0.36
Board [3s Th 8s]
Seat 1: kaputnikoff (big blind) collected ($17.64)
Seat 2: aremom4e (button) (small blind) folded on the Flop


PokerStars Hand #145675138409:  Hold'em Limit ($3/$6 USD) - 2015/12/21 3:08:16 ET
Table 'Pariana' 2-max Seat #1 is the button
Seat 1: kaputnikoff ($178.58 in chips)
Seat 2: aremom4e ($120 in chips)
kaputnikoff: posts small blind $1
aremom4e: posts big blind $3
*** HOLE CARDS ***
kaputnikoff: raises $3 to $6
aremom4e: calls $3
*** FLOP *** [Ah 9d 5d]
aremom4e: checks
kaputnikoff: checks
*** TURN *** [Ah 9d 5d] [3d]
aremom4e: checks
kaputnikoff: bets $6
aremom4e: folds
Uncalled bet ($6) returned to kaputnikoff
kaputnikoff collected $11.76 from pot
kaputnikoff: doesn't show hand
*** SUMMARY ***
Total pot $12 | Rake $0.24
Board [Ah 9d 5d 3d]
Seat 1: kaputnikoff (button) (small blind) collected ($11.76)
Seat 2: aremom4e (big blind) folded on the Turn


PokerStars Hand #145675128498:  Hold'em Limit ($3/$6 USD) - 2015/12/21 3:07:42 ET
Table 'Pariana' 2-max Seat #2 is the button
Seat 1: kaputnikoff ($163.04 in chips)
Seat 2: aremom4e ($16.04 in chips)
aremom4e: posts small blind $1
kaputnikoff: posts big blind $3
*** HOLE CARDS ***
aremom4e: raises $3 to $6
kaputnikoff: calls $3
*** FLOP *** [8c Ks 5c]
kaputnikoff: checks
aremom4e: bets $3
kaputnikoff: raises $3 to $6
aremom4e: calls $3
*** TURN *** [8c Ks 5c] [4s]
kaputnikoff: bets $6
aremom4e: calls $4.04 and is all-in
Uncalled bet ($1.96) returned to kaputnikoff
*** RIVER *** [8c Ks 5c 4s] [Td]
*** SHOW DOWN ***
kaputnikoff: shows [4c Kd] (two pair, Kings and Fours)
aremom4e: shows [Kh 9s] (a pair of Kings)
kaputnikoff collected $31.58 from pot
*** SUMMARY ***
Total pot $32.08 | Rake $0.50
Board [8c Ks 5c 4s Td]
Seat 1: kaputnikoff (big blind) showed [4c Kd] and won ($31.58) with two pair, Kings and Fours
Seat 2: aremom4e (button) (small blind) showed [Kh 9s] and lost with a pair of Kings


PokerStars Hand #145675160871:  Hold'em Limit ($3/$6 USD) - 2015/12/21 3:09:32 ET
Table 'Pariana' 2-max Seat #2 is the button
Seat 1: kaputnikoff ($180.74 in chips)
Seat 2: aremom4e ($116.28 in chips)
aremom4e: posts small blind $1
kaputnikoff: posts big blind $3
*** HOLE CARDS ***
aremom4e: raises $3 to $6
kaputnikoff: calls $3
*** FLOP *** [Kc Kh Ad]
kaputnikoff: checks
aremom4e: bets $3
kaputnikoff: calls $3
*** TURN *** [Kc Kh Ad] [9h]
kaputnikoff: checks
aremom4e: checks
*** RIVER *** [Kc Kh Ad 9h] [3s]
kaputnikoff: bets $6
aremom4e: raises $6 to $12
kaputnikoff: raises $6 to $18
aremom4e: calls $6
*** SHOW DOWN ***
kaputnikoff: shows [Kd 3d] (a full house, Kings full of Threes)
aremom4e: mucks hand
kaputnikoff collected $53.50 from pot
*** SUMMARY ***
Total pot $54 | Rake $0.50
Board [Kc Kh Ad 9h 3s]
Seat 1: kaputnikoff (big blind) showed [Kd 3d] and won ($53.50) with a full house, Kings full of Threes
Seat 2: aremom4e (button) (small blind) mucked


PokerStars Hand #145675156053:  Hold'em Limit ($3/$6 USD) - 2015/12/21 3:09:16 ET
Table 'Pariana' 2-max Seat #1 is the button
Seat 1: kaputnikoff ($192.74 in chips)
Seat 2: aremom4e ($104.76 in chips)
kaputnikoff: posts small blind $1
aremom4e: posts big blind $3
*** HOLE CARDS ***
kaputnikoff: raises $3 to $6
aremom4e: calls $3
*** FLOP *** [9c 9s Js]
aremom4e: checks
kaputnikoff: bets $3
aremom4e: raises $3 to $6
kaputnikoff: calls $3
*** TURN *** [9c 9s Js] [Td]
aremom4e: bets $6
kaputnikoff: folds
Uncalled bet ($6) returned to aremom4e
aremom4e collected $23.52 from pot
aremom4e: doesn't show hand
*** SUMMARY ***
Total pot $24 | Rake $0.48
Board [9c 9s Js Td]
Seat 1: kaputnikoff (button) (small blind) folded on the Turn
Seat 2: aremom4e (big blind) collected ($23.52)


PokerStars Hand #145675150409:  Hold'em Limit ($3/$6 USD) - 2015/12/21 3:08:56 ET
Table 'Pariana' 2-max Seat #2 is the button
Seat 1: kaputnikoff ($198.74 in chips)
Seat 2: aremom4e ($99 in chips)
aremom4e: posts small blind $1
kaputnikoff: posts big blind $3
*** HOLE CARDS ***
aremom4e: raises $3 to $6
kaputnikoff: calls $3
*** FLOP *** [6c 8h 9d]
kaputnikoff: checks
aremom4e: bets $3
kaputnikoff: folds
Uncalled bet ($3) returned to aremom4e
aremom4e collected $11.76 from pot
aremom4e: doesn't show hand
*** SUMMARY ***
Total pot $12 | Rake $0.24
Board [6c 8h 9d]
Seat 1: kaputnikoff (big blind) folded on the Flop
Seat 2: aremom4e (button) (small blind) collected ($11.76)


PokerStars Hand #145675176178:  Hold'em Limit ($3/$6 USD) - 2015/12/21 3:10:24 ET
Table 'Pariana' 2-max Seat #2 is the button
Seat 1: kaputnikoff ($239.50 in chips)
Seat 2: aremom4e ($56.28 in chips)
aremom4e: posts small blind $1
kaputnikoff: posts big blind $3
*** HOLE CARDS ***
aremom4e: raises $3 to $6
kaputnikoff: raises $3 to $9
aremom4e: calls $3
*** FLOP *** [4c Td 2s]
kaputnikoff: bets $3
aremom4e: calls $3
*** TURN *** [4c Td 2s] [4s]
kaputnikoff: bets $6
aremom4e: calls $6
*** RIVER *** [4c Td 2s 4s] [7h]
kaputnikoff: bets $6
aremom4e: raises $6 to $12
kaputnikoff: folds
Uncalled bet ($6) returned to aremom4e
aremom4e collected $47.50 from pot
aremom4e: doesn't show hand
*** SUMMARY ***
Total pot $48 | Rake $0.50
Board [4c Td 2s 4s 7h]
Seat 1: kaputnikoff (big blind) folded on the River
Seat 2: aremom4e (button) (small blind) collected ($47.50)


PokerStars Hand #145675173402:  Hold'em Limit ($3/$6 USD) - 2015/12/21 3:10:15 ET
Table 'Pariana' 2-max Seat #1 is the button
Seat 1: kaputnikoff ($233.74 in chips)
Seat 2: aremom4e ($62.28 in chips)
kaputnikoff: posts small blind $1
aremom4e: posts big blind $3
*** HOLE CARDS ***
kaputnikoff: raises $3 to $6
aremom4e: calls $3
*** FLOP *** [4s 4c Qh]
aremom4e: checks
kaputnikoff: bets $3
aremom4e: folds
Uncalled bet ($3) returned to kaputnikoff
kaputnikoff collected $11.76 from pot
kaputnikoff: doesn't show hand
*** SUMMARY ***
Total pot $12 | Rake $0.24
Board [4s 4c Qh]
Seat 1: kaputnikoff (button) (small blind) collected ($11.76)
Seat 2: aremom4e (big blind) folded on the Flop


PokerStars Hand #145675168799:  Hold'em Limit ($3/$6 USD) - 2015/12/21 3:09:59 ET
Table 'Pariana' 2-max Seat #2 is the button
Seat 1: kaputnikoff ($210.24 in chips)
Seat 2: aremom4e ($86.28 in chips)
aremom4e: posts small blind $1
kaputnikoff: posts big blind $3
*** HOLE CARDS ***
aremom4e: raises $3 to $6
kaputnikoff: raises $3 to $9
aremom4e: calls $3
*** FLOP *** [2c Ts Jc]
kaputnikoff: bets $3
aremom4e: calls $3
*** TURN *** [2c Ts Jc] [4h]
kaputnikoff: bets $6
aremom4e: calls $6
*** RIVER *** [2c Ts Jc 4h] [3d]
kaputnikoff: bets $6
aremom4e: calls $6
*** SHOW DOWN ***
kaputnikoff: shows [Kd Kh] (a pair of Kings)
aremom4e: mucks hand
kaputnikoff collected $47.50 from pot
*** SUMMARY ***
Total pot $48 | Rake $0.50
Board [2c Ts Jc 4h 3d]
Seat 1: kaputnikoff (big blind) showed [Kd Kh] and won ($47.50) with a pair of Kings
Seat 2: aremom4e (button) (small blind) mucked


PokerStars Hand #145675166865:  Hold'em Limit ($3/$6 USD) - 2015/12/21 3:09:52 ET
Table 'Pariana' 2-max Seat #1 is the button
Seat 1: kaputnikoff ($207.24 in chips)
Seat 2: aremom4e ($89.28 in chips)
kaputnikoff: posts small blind $1
aremom4e: posts big blind $3
*** HOLE CARDS ***
kaputnikoff: raises $3 to $6
aremom4e: folds
Uncalled bet ($3) returned to kaputnikoff
kaputnikoff collected $6 from pot
kaputnikoff: doesn't show hand
*** SUMMARY ***
Total pot $6 | Rake $0
Seat 1: kaputnikoff (button) (small blind) collected ($6)
Seat 2: aremom4e (big blind) folded before Flop


PokerStars Hand #145675193769:  Hold'em Limit ($3/$6 USD) - 2015/12/21 3:11:24 ET
Table 'Pariana' 2-max Seat #1 is the button
Seat 1: kaputnikoff ($221 in chips)
Seat 2: aremom4e ($73.28 in chips)
kaputnikoff: posts small blind $1
aremom4e: posts big blind $3
*** HOLE CARDS ***
kaputnikoff: raises $3 to $6
aremom4e: raises $3 to $9
kaputnikoff: calls $3
*** FLOP *** [9c 2d 9s]
aremom4e: bets $3
kaputnikoff: calls $3
*** TURN *** [9c 2d 9s] [Qh]
aremom4e: bets $6
kaputnikoff: calls $6
*** RIVER *** [9c 2d 9s Qh] [5h]
aremom4e: checks
kaputnikoff: bets $6
aremom4e: calls $6
*** SHOW DOWN ***
kaputnikoff: shows [5d 5c] (a full house, Fives full of Nines)
aremom4e: mucks hand
kaputnikoff collected $47.50 from pot
*** SUMMARY ***
Total pot $48 | Rake $0.50
Board [9c 2d 9s Qh 5h]
Seat 1: kaputnikoff (button) (small blind) showed [5d 5c] and won ($47.50) with a full house, Fives full of Nines
Seat 2: aremom4e (big blind) mucked


PokerStars Hand #145675183736:  Hold'em Limit ($3/$6 USD) - 2015/12/21 3:10:51 ET
Table 'Pariana' 2-max Seat #1 is the button
Seat 1: kaputnikoff ($215.50 in chips)
Seat 2: aremom4e ($79.78 in chips)
kaputnikoff: posts small blind $1
aremom4e: posts big blind $3
*** HOLE CARDS ***
kaputnikoff: raises $3 to $6
aremom4e: calls $3
*** FLOP *** [Jc 6s Js]
aremom4e: checks
kaputnikoff: checks
*** TURN *** [Jc 6s Js] [7h]
aremom4e: bets $6
kaputnikoff: raises $6 to $12
aremom4e: calls $6
*** RIVER *** [Jc 6s Js 7h] [3d]
aremom4e: checks
kaputnikoff: bets $6
aremom4e: calls $6
*** SHOW DOWN ***
kaputnikoff: shows [Jh 8h] (three of a kind, Jacks)
aremom4e: mucks hand
kaputnikoff collected $47.50 from pot
*** SUMMARY ***
Total pot $48 | Rake $0.50
Board [Jc 6s Js 7h 3d]
Seat 1: kaputnikoff (button) (small blind) showed [Jh 8h] and won ($47.50) with three of a kind, Jacks
Seat 2: aremom4e (big blind) mucked


PokerStars Hand #145675189133:  Hold'em Limit ($3/$6 USD) - 2015/12/21 3:11:09 ET
Table 'Pariana' 2-max Seat #2 is the button
Seat 1: kaputnikoff ($239 in chips)
Seat 2: aremom4e ($55.78 in chips)
aremom4e: posts small blind $1
kaputnikoff: posts big blind $3
*** HOLE CARDS ***
aremom4e: raises $3 to $6
kaputnikoff: calls $3
*** FLOP *** [6s 4h 7s]
kaputnikoff: checks
aremom4e: checks
*** TURN *** [6s 4h 7s] [As]
kaputnikoff: bets $6
aremom4e: raises $6 to $12
kaputnikoff: calls $6
*** RIVER *** [6s 4h 7s As] [4d]
kaputnikoff: checks
aremom4e: checks
*** SHOW DOWN ***
kaputnikoff: shows [Jh 6d] (two pair, Sixes and Fours)
aremom4e: shows [Qd Ah] (two pair, Aces and Fours)
aremom4e collected $35.50 from pot
*** SUMMARY ***
Total pot $36 | Rake $0.50
Board [6s 4h 7s As 4d]
Seat 1: kaputnikoff (big blind) showed [Jh 6d] and lost with two pair, Sixes and Fours
Seat 2: aremom4e (button) (small blind) showed [Qd Ah] and won ($35.50) with two pair, Aces and Fours


PokerStars Hand #145675204198:  Hold'em Limit ($3/$6 USD) - 2015/12/21 3:12:00 ET
Table 'Pariana' 2-max Seat #1 is the button
Seat 1: kaputnikoff ($245.50 in chips)
Seat 2: aremom4e ($48.28 in chips)
kaputnikoff: posts small blind $1
aremom4e: posts big blind $3
*** HOLE CARDS ***
kaputnikoff: raises $3 to $6
aremom4e: folds
Uncalled bet ($3) returned to kaputnikoff
kaputnikoff collected $6 from pot
kaputnikoff: doesn't show hand
*** SUMMARY ***
Total pot $6 | Rake $0
Seat 1: kaputnikoff (button) (small blind) collected ($6)
Seat 2: aremom4e (big blind) folded before Flop


PokerStars Hand #145675199557:  Hold'em Limit ($3/$6 USD) - 2015/12/21 3:11:44 ET
Table 'Pariana' 2-max Seat #2 is the button
Seat 1: kaputnikoff ($244.50 in chips)
Seat 2: aremom4e ($49.28 in chips)
aremom4e: posts small blind $1
kaputnikoff: posts big blind $3
*** HOLE CARDS ***
aremom4e: folds
Uncalled bet ($2) returned to kaputnikoff
kaputnikoff collected $2 from pot
kaputnikoff: doesn't show hand
*** SUMMARY ***
Total pot $2 | Rake $0
Seat 1: kaputnikoff (big blind) collected ($2)
Seat 2: aremom4e (button) (small blind) folded before Flop


PokerStars Hand #145675205957:  Hold'em Limit ($3/$6 USD) - 2015/12/21 3:12:06 ET
Table 'Pariana' 2-max Seat #2 is the button
Seat 1: kaputnikoff ($248.50 in chips)
Seat 2: aremom4e ($45.28 in chips)
aremom4e: posts small blind $1
kaputnikoff: posts big blind $3
*** HOLE CARDS ***
aremom4e: raises $3 to $6
kaputnikoff: folds
Uncalled bet ($3) returned to aremom4e
aremom4e collected $6 from pot
aremom4e: doesn't show hand
*** SUMMARY ***
Total pot $6 | Rake $0
Seat 1: kaputnikoff (big blind) folded before Flop
Seat 2: aremom4e (button) (small blind) collected ($6)


PokerStars Hand #145675207916:  Hold'em Limit ($3/$6 USD) - 2015/12/21 3:12:13 ET
Table 'Pariana' 2-max Seat #1 is the button
Seat 1: kaputnikoff ($245.50 in chips)
Seat 2: aremom4e ($48.28 in chips)
kaputnikoff: posts small blind $1
aremom4e: posts big blind $3
*** HOLE CARDS ***
kaputnikoff: raises $3 to $6
aremom4e: raises $3 to $9
kaputnikoff: calls $3
*** FLOP *** [Qh 7s Jd]
aremom4e: bets $3
kaputnikoff: calls $3
*** TURN *** [Qh 7s Jd] [Kh]
aremom4e: bets $6
kaputnikoff: calls $6
*** RIVER *** [Qh 7s Jd Kh] [Qc]
aremom4e: bets $6
kaputnikoff: calls $6
*** SHOW DOWN ***
aremom4e: shows [Qd Td] (three of a kind, Queens)
kaputnikoff: mucks hand
aremom4e collected $47.50 from pot
*** SUMMARY ***
Total pot $48 | Rake $0.50
Board [Qh 7s Jd Kh Qc]
Seat 1: kaputnikoff (button) (small blind) mucked
Seat 2: aremom4e (big blind) showed [Qd Td] and won ($47.50) with three of a kind, Queens


PokerStars Hand #145675214068:  Hold'em Limit ($3/$6 USD) - 2015/12/21 3:12:34 ET
Table 'Pariana' 2-max Seat #2 is the button
Seat 1: kaputnikoff ($221.50 in chips)
Seat 2: aremom4e ($71.78 in chips)
aremom4e: posts small blind $1
kaputnikoff: posts big blind $3
*** HOLE CARDS ***
aremom4e: raises $3 to $6
kaputnikoff: calls $3
*** FLOP *** [8s 6d Ad]
kaputnikoff: checks
aremom4e: bets $3
kaputnikoff: calls $3
*** TURN *** [8s 6d Ad] [4h]
kaputnikoff: checks
aremom4e: bets $6
kaputnikoff: calls $6
*** RIVER *** [8s 6d Ad 4h] [4s]
kaputnikoff: checks
aremom4e: checks
*** SHOW DOWN ***
kaputnikoff: shows [Kh 9c] (a pair of Fours)
aremom4e: mucks hand
kaputnikoff collected $29.50 from pot
*** SUMMARY ***
Total pot $30 | Rake $0.50
Board [8s 6d Ad 4h 4s]
Seat 1: kaputnikoff (big blind) showed [Kh 9c] and won ($29.50) with a pair of Fours
Seat 2: aremom4e (button) (small blind) mucked


PokerStars Hand #145675219468:  Hold'em Limit ($3/$6 USD) - 2015/12/21 3:12:53 ET
Table 'Pariana' 2-max Seat #1 is the button
Seat 1: kaputnikoff ($236 in chips)
Seat 2: aremom4e ($56.78 in chips)
kaputnikoff: posts small blind $1
aremom4e: posts big blind $3
*** HOLE CARDS ***
kaputnikoff: raises $3 to $6
aremom4e: calls $3
*** FLOP *** [6s 5h Td]
aremom4e: checks
kaputnikoff: bets $3
aremom4e: raises $3 to $6
kaputnikoff: folds
Uncalled bet ($3) returned to aremom4e
aremom4e collected $17.64 from pot
aremom4e: doesn't show hand
*** SUMMARY ***
Total pot $18 | Rake $0.36
Board [6s 5h Td]
Seat 1: kaputnikoff (button) (small blind) folded on the Flop
Seat 2: aremom4e (big blind) collected ($17.64)


PokerStars Hand #145675223379:  Hold'em Limit ($3/$6 USD) - 2015/12/21 3:13:06 ET
Table 'Pariana' 2-max Seat #2 is the button
Seat 1: kaputnikoff ($227 in chips)
Seat 2: aremom4e ($65.42 in chips)
aremom4e: posts small blind $1
kaputnikoff: posts big blind $3
*** HOLE CARDS ***
aremom4e: raises $3 to $6
kaputnikoff: calls $3
*** FLOP *** [4s 2c Tc]
kaputnikoff: checks
aremom4e: bets $3
kaputnikoff: raises $3 to $6
aremom4e: calls $3
*** TURN *** [4s 2c Tc] [9h]
kaputnikoff: bets $6
aremom4e: calls $6
*** RIVER *** [4s 2c Tc 9h] [7d]
kaputnikoff: bets $6
aremom4e: calls $6
*** SHOW DOWN ***
kaputnikoff: shows [9c 6c] (a pair of Nines)
aremom4e: shows [6s Ts] (a pair of Tens)
aremom4e collected $47.50 from pot
*** SUMMARY ***
Total pot $48 | Rake $0.50
Board [4s 2c Tc 9h 7d]
Seat 1: kaputnikoff (big blind) showed [9c 6c] and lost with a pair of Nines
Seat 2: aremom4e (button) (small blind) showed [6s Ts] and won ($47.50) with a pair of Tens


PokerStars Hand #145675230151:  Hold'em Limit ($3/$6 USD) - 2015/12/21 3:13:30 ET
Table 'Pariana' 2-max Seat #2 is the button
Seat 1: kaputnikoff ($202 in chips)
Seat 2: aremom4e ($89.92 in chips)
aremom4e: posts small blind $1
kaputnikoff: posts big blind $3
*** HOLE CARDS ***
aremom4e: folds
Uncalled bet ($2) returned to kaputnikoff
kaputnikoff collected $2 from pot
kaputnikoff: doesn't show hand
*** SUMMARY ***
Total pot $2 | Rake $0
Seat 1: kaputnikoff (big blind) collected ($2)
Seat 2: aremom4e (button) (small blind) folded before Flop


PokerStars Hand #145675228395:  Hold'em Limit ($3/$6 USD) - 2015/12/21 3:13:24 ET
Table 'Pariana' 2-max Seat #1 is the button
Seat 1: kaputnikoff ($203 in chips)
Seat 2: aremom4e ($88.92 in chips)
kaputnikoff: posts small blind $1
aremom4e: posts big blind $3
*** HOLE CARDS ***
kaputnikoff: folds
Uncalled bet ($2) returned to aremom4e
aremom4e collected $2 from pot
aremom4e: doesn't show hand
*** SUMMARY ***
Total pot $2 | Rake $0
Seat 1: kaputnikoff (button) (small blind) folded before Flop
Seat 2: aremom4e (big blind) collected ($2)


PokerStars Hand #145675231532:  Hold'em Limit ($3/$6 USD) - 2015/12/21 3:13:34 ET
Table 'Pariana' 2-max Seat #1 is the button
Seat 1: kaputnikoff ($203 in chips)
Seat 2: aremom4e ($88.92 in chips)
kaputnikoff: posts small blind $1
aremom4e: posts big blind $3
*** HOLE CARDS ***
kaputnikoff: raises $3 to $6
aremom4e: folds
Uncalled bet ($3) returned to kaputnikoff
kaputnikoff collected $6 from pot
kaputnikoff: doesn't show hand
*** SUMMARY ***
Total pot $6 | Rake $0
Seat 1: kaputnikoff (button) (small blind) collected ($6)
Seat 2: aremom4e (big blind) folded before Flop


PokerStars Hand #145675233292:  Hold'em Limit ($3/$6 USD) - 2015/12/21 3:13:40 ET
Table 'Pariana' 2-max Seat #2 is the button
Seat 1: kaputnikoff ($206 in chips)
Seat 2: aremom4e ($85.92 in chips)
aremom4e: posts small blind $1
kaputnikoff: posts big blind $3
*** HOLE CARDS ***
aremom4e: raises $3 to $6
kaputnikoff: calls $3
*** FLOP *** [7d 8c Qh]
kaputnikoff: checks
aremom4e: bets $3
kaputnikoff: raises $3 to $6
aremom4e: calls $3
*** TURN *** [7d 8c Qh] [3s]
kaputnikoff: checks
aremom4e: bets $6
kaputnikoff: folds
Uncalled bet ($6) returned to aremom4e
aremom4e collected $23.52 from pot
aremom4e: doesn't show hand
*** SUMMARY ***
Total pot $24 | Rake $0.48
Board [7d 8c Qh 3s]
Seat 1: kaputnikoff (big blind) folded on the Turn
Seat 2: aremom4e (button) (small blind) collected ($23.52)


PokerStars Hand #145675240102:  Hold'em Limit ($3/$6 USD) - 2015/12/21 3:14:04 ET
Table 'Pariana' 2-max Seat #1 is the button
Seat 1: kaputnikoff ($194 in chips)
Seat 2: aremom4e ($97.44 in chips)
kaputnikoff: posts small blind $1
aremom4e: posts big blind $3
*** HOLE CARDS ***
kaputnikoff: raises $3 to $6
aremom4e: raises $3 to $9
kaputnikoff: calls $3
*** FLOP *** [2c Jh 3c]
aremom4e: bets $3
kaputnikoff: raises $3 to $6
aremom4e: calls $3
*** TURN *** [2c Jh 3c] [4s]
aremom4e: checks
kaputnikoff: bets $6
aremom4e: calls $6
*** RIVER *** [2c Jh 3c 4s] [6s]
aremom4e: checks
kaputnikoff: bets $6
aremom4e: calls $6
*** SHOW DOWN ***
kaputnikoff: shows [Tc 7c] (high card Jack)
aremom4e: shows [Ks Kd] (a pair of Kings)
aremom4e collected $53.50 from pot
*** SUMMARY ***
Total pot $54 | Rake $0.50
Board [2c Jh 3c 4s 6s]
Seat 1: kaputnikoff (button) (small blind) showed [Tc 7c] and lost with high card Jack
Seat 2: aremom4e (big blind) showed [Ks Kd] and won ($53.50) with a pair of Kings


PokerStars Hand #145675246721:  Hold'em Limit ($3/$6 USD) - 2015/12/21 3:14:27 ET
Table 'Pariana' 2-max Seat #2 is the button
Seat 1: kaputnikoff ($167 in chips)
Seat 2: aremom4e ($123.94 in chips)
aremom4e: posts small blind $1
kaputnikoff: posts big blind $3
*** HOLE CARDS ***
aremom4e: raises $3 to $6
kaputnikoff: calls $3
*** FLOP *** [Ac 2h 6c]
kaputnikoff: checks
aremom4e: bets $3
kaputnikoff: raises $3 to $6
aremom4e: folds
Uncalled bet ($3) returned to kaputnikoff
kaputnikoff collected $17.64 from pot
kaputnikoff: doesn't show hand
*** SUMMARY ***
Total pot $18 | Rake $0.36
Board [Ac 2h 6c]
Seat 1: kaputnikoff (big blind) collected ($17.64)
Seat 2: aremom4e (button) (small blind) folded on the Flop


PokerStars Hand #145675250007:  Hold'em Limit ($3/$6 USD) - 2015/12/21 3:14:38 ET
Table 'Pariana' 2-max Seat #1 is the button
Seat 1: kaputnikoff ($175.64 in chips)
Seat 2: aremom4e ($114.94 in chips)
kaputnikoff: posts small blind $1
aremom4e: posts big blind $3
*** HOLE CARDS ***
kaputnikoff: raises $3 to $6
aremom4e: calls $3
*** FLOP *** [3c 5d 7d]
aremom4e: checks
kaputnikoff: bets $3
aremom4e: calls $3
*** TURN *** [3c 5d 7d] [4c]
aremom4e: checks
kaputnikoff: checks
*** RIVER *** [3c 5d 7d 4c] [Jd]
aremom4e: bets $6
kaputnikoff: folds
Uncalled bet ($6) returned to aremom4e
aremom4e collected $17.64 from pot
aremom4e: doesn't show hand
*** SUMMARY ***
Total pot $18 | Rake $0.36
Board [3c 5d 7d 4c Jd]
Seat 1: kaputnikoff (button) (small blind) folded on the River
Seat 2: aremom4e (big blind) collected ($17.64)


PokerStars Hand #145675254564:  Hold'em Limit ($3/$6 USD) - 2015/12/21 3:14:53 ET
Table 'Pariana' 2-max Seat #2 is the button
Seat 1: kaputnikoff ($166.64 in chips)
Seat 2: aremom4e ($123.58 in chips)
aremom4e: posts small blind $1
kaputnikoff: posts big blind $3
*** HOLE CARDS ***
aremom4e: folds
Uncalled bet ($2) returned to kaputnikoff
kaputnikoff collected $2 from pot
kaputnikoff: doesn't show hand
*** SUMMARY ***
Total pot $2 | Rake $0
Seat 1: kaputnikoff (big blind) collected ($2)
Seat 2: aremom4e (button) (small blind) folded before Flop


PokerStars Hand #145675256182:  Hold'em Limit ($3/$6 USD) - 2015/12/21 3:14:59 ET
Table 'Pariana' 2-max Seat #1 is the button
Seat 1: kaputnikoff ($167.64 in chips)
Seat 2: aremom4e ($122.58 in chips)
kaputnikoff: posts small blind $1
aremom4e: posts big blind $3
*** HOLE CARDS ***
kaputnikoff: raises $3 to $6
aremom4e: raises $3 to $9
kaputnikoff: calls $3
*** FLOP *** [Qs Kh Ks]
aremom4e: bets $3
kaputnikoff: calls $3
*** TURN *** [Qs Kh Ks] [2c]
aremom4e: bets $6
kaputnikoff: calls $6
*** RIVER *** [Qs Kh Ks 2c] [5c]
aremom4e: checks
kaputnikoff: bets $6
aremom4e: calls $6
*** SHOW DOWN ***
kaputnikoff: shows [5s 6s] (two pair, Kings and Fives)
aremom4e: mucks hand
kaputnikoff collected $47.50 from pot
*** SUMMARY ***
Total pot $48 | Rake $0.50
Board [Qs Kh Ks 2c 5c]
Seat 1: kaputnikoff (button) (small blind) showed [5s 6s] and won ($47.50) with two pair, Kings and Fives
Seat 2: aremom4e (big blind) mucked


PokerStars Hand #145675262250:  Hold'em Limit ($3/$6 USD) - 2015/12/21 3:15:19 ET
Table 'Pariana' 2-max Seat #2 is the button
Seat 1: kaputnikoff ($191.14 in chips)
Seat 2: aremom4e ($98.58 in chips)
aremom4e: posts small blind $1
kaputnikoff: posts big blind $3
*** HOLE CARDS ***
aremom4e: raises $3 to $6
kaputnikoff: calls $3
*** FLOP *** [Kc As 7d]
kaputnikoff: checks
aremom4e: bets $3
kaputnikoff: folds
Uncalled bet ($3) returned to aremom4e
aremom4e collected $11.76 from pot
aremom4e: doesn't show hand
*** SUMMARY ***
Total pot $12 | Rake $0.24
Board [Kc As 7d]
Seat 1: kaputnikoff (big blind) folded on the Flop
Seat 2: aremom4e (button) (small blind) collected ($11.76)


PokerStars Hand #145675266161:  Hold'em Limit ($3/$6 USD) - 2015/12/21 3:15:32 ET
Table 'Pariana' 2-max Seat #1 is the button
Seat 1: kaputnikoff ($185.14 in chips)
Seat 2: aremom4e ($104.34 in chips)
kaputnikoff: posts small blind $1
aremom4e: posts big blind $3
*** HOLE CARDS ***
kaputnikoff: raises $3 to $6
aremom4e: raises $3 to $9
kaputnikoff: calls $3
*** FLOP *** [8d 8s 4c]
aremom4e: bets $3
kaputnikoff: calls $3
*** TURN *** [8d 8s 4c] [As]
aremom4e: bets $6
kaputnikoff: calls $6
*** RIVER *** [8d 8s 4c As] [2c]
aremom4e: checks
kaputnikoff: checks
*** SHOW DOWN ***
aremom4e: shows [Ad 9d] (two pair, Aces and Eights)
kaputnikoff: mucks hand
aremom4e collected $35.50 from pot
*** SUMMARY ***
Total pot $36 | Rake $0.50
Board [8d 8s 4c As 2c]
Seat 1: kaputnikoff (button) (small blind) mucked
Seat 2: aremom4e (big blind) showed [Ad 9d] and won ($35.50) with two pair, Aces and Eights


PokerStars Hand #145675271628:  Hold'em Limit ($3/$6 USD) - 2015/12/21 3:15:51 ET
Table 'Pariana' 2-max Seat #2 is the button
Seat 1: kaputnikoff ($167.14 in chips)
Seat 2: aremom4e ($121.84 in chips)
aremom4e: posts small blind $1
kaputnikoff: posts big blind $3
*** HOLE CARDS ***
aremom4e: calls $2
kaputnikoff: raises $3 to $6
aremom4e: calls $3
*** FLOP *** [8s 2h 9d]
kaputnikoff: bets $3
aremom4e: folds
Uncalled bet ($3) returned to kaputnikoff
kaputnikoff collected $11.76 from pot
kaputnikoff: doesn't show hand
*** SUMMARY ***
Total pot $12 | Rake $0.24
Board [8s 2h 9d]
Seat 1: kaputnikoff (big blind) collected ($11.76)
Seat 2: aremom4e (button) (small blind) folded on the Flop


PokerStars Hand #145675274809:  Hold'em Limit ($3/$6 USD) - 2015/12/21 3:16:01 ET
Table 'Pariana' 2-max Seat #1 is the button
Seat 1: kaputnikoff ($172.90 in chips)
Seat 2: aremom4e ($115.84 in chips)
kaputnikoff: posts small blind $1
aremom4e: posts big blind $3
*** HOLE CARDS ***
kaputnikoff: raises $3 to $6
aremom4e: calls $3
*** FLOP *** [Jc Qs Kc]
aremom4e: checks
kaputnikoff: checks
*** TURN *** [Jc Qs Kc] [Qc]
aremom4e: checks
kaputnikoff: bets $6
aremom4e: folds
Uncalled bet ($6) returned to kaputnikoff
kaputnikoff collected $11.76 from pot
kaputnikoff: doesn't show hand
*** SUMMARY ***
Total pot $12 | Rake $0.24
Board [Jc Qs Kc Qc]
Seat 1: kaputnikoff (button) (small blind) collected ($11.76)
Seat 2: aremom4e (big blind) folded on the Turn


PokerStars Hand #145675278990:  Hold'em Limit ($3/$6 USD) - 2015/12/21 3:16:16 ET
Table 'Pariana' 2-max Seat #2 is the button
Seat 1: kaputnikoff ($178.66 in chips)
Seat 2: aremom4e ($109.84 in chips)
aremom4e: posts small blind $1
kaputnikoff: posts big blind $3
*** HOLE CARDS ***
aremom4e: folds
Uncalled bet ($2) returned to kaputnikoff
kaputnikoff collected $2 from pot
kaputnikoff: doesn't show hand
*** SUMMARY ***
Total pot $2 | Rake $0
Seat 1: kaputnikoff (big blind) collected ($2)
Seat 2: aremom4e (button) (small blind) folded before Flop


PokerStars Hand #145675280465:  Hold'em Limit ($3/$6 USD) - 2015/12/21 3:16:21 ET
Table 'Pariana' 2-max Seat #1 is the button
Seat 1: kaputnikoff ($179.66 in chips)
Seat 2: aremom4e ($108.84 in chips)
kaputnikoff: posts small blind $1
aremom4e: posts big blind $3
*** HOLE CARDS ***
kaputnikoff: raises $3 to $6
aremom4e: calls $3
*** FLOP *** [8h Jc 4h]
aremom4e: checks
kaputnikoff: bets $3
aremom4e: folds
Uncalled bet ($3) returned to kaputnikoff
kaputnikoff collected $11.76 from pot
kaputnikoff: doesn't show hand
*** SUMMARY ***
Total pot $12 | Rake $0.24
Board [8h Jc 4h]
Seat 1: kaputnikoff (button) (small blind) collected ($11.76)
Seat 2: aremom4e (big blind) folded on the Flop


PokerStars Hand #145675283109:  Hold'em Limit ($3/$6 USD) - 2015/12/21 3:16:30 ET
Table 'Pariana' 2-max Seat #2 is the button
Seat 1: kaputnikoff ($185.42 in chips)
Seat 2: aremom4e ($102.84 in chips)
aremom4e: posts small blind $1
kaputnikoff: posts big blind $3
*** HOLE CARDS ***
aremom4e: raises $3 to $6
kaputnikoff: calls $3
*** FLOP *** [3d Qd 6s]
kaputnikoff: checks
aremom4e: bets $3
kaputnikoff: raises $3 to $6
aremom4e: calls $3
*** TURN *** [3d Qd 6s] [3c]
kaputnikoff: bets $6
aremom4e: calls $6
*** RIVER *** [3d Qd 6s 3c] [3h]
kaputnikoff: bets $6
aremom4e: calls $6
*** SHOW DOWN ***
kaputnikoff: shows [2d Qh] (a full house, Threes full of Queens)
aremom4e: shows [As Ac] (a full house, Threes full of Aces)
aremom4e collected $47.50 from pot
*** SUMMARY ***
Total pot $48 | Rake $0.50
Board [3d Qd 6s 3c 3h]
Seat 1: kaputnikoff (big blind) showed [2d Qh] and lost with a full house, Threes full of Queens
Seat 2: aremom4e (button) (small blind) showed [As Ac] and won ($47.50) with a full house, Threes full of Aces


PokerStars Hand #145675295628:  Hold'em Limit ($3/$6 USD) - 2015/12/21 3:17:12 ET
Table 'Pariana' 2-max Seat #2 is the button
Seat 1: kaputnikoff ($143.42 in chips)
Seat 2: aremom4e ($143.84 in chips)
aremom4e: posts small blind $1
kaputnikoff: posts big blind $3
*** HOLE CARDS ***
aremom4e: folds
Uncalled bet ($2) returned to kaputnikoff
kaputnikoff collected $2 from pot
kaputnikoff: doesn't show hand
*** SUMMARY ***
Total pot $2 | Rake $0
Seat 1: kaputnikoff (big blind) collected ($2)
Seat 2: aremom4e (button) (small blind) folded before Flop


PokerStars Hand #145675289257:  Hold'em Limit ($3/$6 USD) - 2015/12/21 3:16:51 ET
Table 'Pariana' 2-max Seat #1 is the button
Seat 1: kaputnikoff ($161.42 in chips)
Seat 2: aremom4e ($126.34 in chips)
kaputnikoff: posts small blind $1
aremom4e: posts big blind $3
*** HOLE CARDS ***
kaputnikoff: raises $3 to $6
aremom4e: calls $3
*** FLOP *** [9d Ts 7h]
aremom4e: checks
kaputnikoff: bets $3
aremom4e: raises $3 to $6
kaputnikoff: calls $3
*** TURN *** [9d Ts 7h] [Jd]
aremom4e: checks
kaputnikoff: checks
*** RIVER *** [9d Ts 7h Jd] [2h]
aremom4e: bets $6
kaputnikoff: calls $6
*** SHOW DOWN ***
aremom4e: shows [8c Th] (a straight, Seven to Jack)
kaputnikoff: mucks hand
aremom4e collected $35.50 from pot
*** SUMMARY ***
Total pot $36 | Rake $0.50
Board [9d Ts 7h Jd 2h]
Seat 1: kaputnikoff (button) (small blind) mucked
Seat 2: aremom4e (big blind) showed [8c Th] and won ($35.50) with a straight, Seven to Jack


PokerStars Hand #145675297152:  Hold'em Limit ($3/$6 USD) - 2015/12/21 3:17:17 ET
Table 'Pariana' 2-max Seat #1 is the button
Seat 1: kaputnikoff ($144.42 in chips)
Seat 2: aremom4e ($142.84 in chips)
kaputnikoff: posts small blind $1
aremom4e: posts big blind $3
*** HOLE CARDS ***
kaputnikoff: raises $3 to $6
aremom4e: calls $3
*** FLOP *** [Jc 8s 6s]
aremom4e: checks
kaputnikoff: bets $3
aremom4e: folds
Uncalled bet ($3) returned to kaputnikoff
kaputnikoff collected $11.76 from pot
kaputnikoff: doesn't show hand
*** SUMMARY ***
Total pot $12 | Rake $0.24
Board [Jc 8s 6s]
Seat 1: kaputnikoff (button) (small blind) collected ($11.76)
Seat 2: aremom4e (big blind) folded on the Flop


PokerStars Hand #145675300035:  Hold'em Limit ($3/$6 USD) - 2015/12/21 3:17:27 ET
Table 'Pariana' 2-max Seat #2 is the button
Seat 1: kaputnikoff ($150.18 in chips)
Seat 2: aremom4e ($136.84 in chips)
aremom4e: posts small blind $1
kaputnikoff: posts big blind $3
*** HOLE CARDS ***
aremom4e: raises $3 to $6
kaputnikoff: calls $3
*** FLOP *** [Kc Ts Js]
kaputnikoff: checks
aremom4e: bets $3
kaputnikoff: folds
Uncalled bet ($3) returned to aremom4e
aremom4e collected $11.76 from pot
aremom4e: doesn't show hand
*** SUMMARY ***
Total pot $12 | Rake $0.24
Board [Kc Ts Js]
Seat 1: kaputnikoff (big blind) folded on the Flop
Seat 2: aremom4e (button) (small blind) collected ($11.76)


PokerStars Hand #145675309092:  Hold'em Limit ($3/$6 USD) - 2015/12/21 3:17:58 ET
Table 'Pariana' 2-max Seat #1 is the button
Seat 1: kaputnikoff ($144.18 in chips)
Seat 2: aremom4e ($142.60 in chips)
kaputnikoff: posts small blind $1
aremom4e: posts big blind $3
*** HOLE CARDS ***
kaputnikoff: raises $3 to $6
aremom4e: raises $3 to $9
kaputnikoff: calls $3
*** FLOP *** [Ts 7h Qd]
aremom4e: bets $3
kaputnikoff: calls $3
*** TURN *** [Ts 7h Qd] [4d]
aremom4e: bets $6
kaputnikoff: calls $6
*** RIVER *** [Ts 7h Qd 4d] [5h]
aremom4e: checks
kaputnikoff: checks
*** SHOW DOWN ***
aremom4e: shows [Jh Jc] (a pair of Jacks)
kaputnikoff: mucks hand
aremom4e collected $35.50 from pot
*** SUMMARY ***
Total pot $36 | Rake $0.50
Board [Ts 7h Qd 4d 5h]
Seat 1: kaputnikoff (button) (small blind) mucked
Seat 2: aremom4e (big blind) showed [Jh Jc] and won ($35.50) with a pair of Jacks


PokerStars Hand #145675320118:  Hold'em Limit ($3/$6 USD) - 2015/12/21 3:18:35 ET
Table 'Pariana' 2-max Seat #2 is the button
Seat 1: kaputnikoff ($126.18 in chips)
Seat 2: aremom4e ($160.10 in chips)
aremom4e: posts small blind $1
kaputnikoff: posts big blind $3
*** HOLE CARDS ***
aremom4e: calls $2
kaputnikoff: checks
*** FLOP *** [Ac 7c Jd]
kaputnikoff: checks
aremom4e: bets $3
kaputnikoff: folds
Uncalled bet ($3) returned to aremom4e
aremom4e collected $5.88 from pot
aremom4e: doesn't show hand
*** SUMMARY ***
Total pot $6 | Rake $0.12
Board [Ac 7c Jd]
Seat 1: kaputnikoff (big blind) folded on the Flop
Seat 2: aremom4e (button) (small blind) collected ($5.88)


PokerStars Hand #145675325612:  Hold'em Limit ($3/$6 USD) - 2015/12/21 3:18:53 ET
Table 'Pariana' 2-max Seat #1 is the button
Seat 1: kaputnikoff ($123.18 in chips)
Seat 2: aremom4e ($162.98 in chips)
kaputnikoff: posts small blind $1
aremom4e: posts big blind $3
*** HOLE CARDS ***
kaputnikoff: raises $3 to $6
aremom4e: folds
Uncalled bet ($3) returned to kaputnikoff
kaputnikoff collected $6 from pot
kaputnikoff: doesn't show hand
*** SUMMARY ***
Total pot $6 | Rake $0
Seat 1: kaputnikoff (button) (small blind) collected ($6)
Seat 2: aremom4e (big blind) folded before Flop


PokerStars Hand #145675327586:  Hold'em Limit ($3/$6 USD) - 2015/12/21 3:19:01 ET
Table 'Pariana' 2-max Seat #2 is the button
Seat 1: kaputnikoff ($126.18 in chips)
Seat 2: aremom4e ($159.98 in chips)
aremom4e: posts small blind $1
kaputnikoff: posts big blind $3
*** HOLE CARDS ***
aremom4e: raises $3 to $6
kaputnikoff: calls $3
*** FLOP *** [Qd 7d Jh]
kaputnikoff: checks
aremom4e: bets $3
kaputnikoff: raises $3 to $6
aremom4e: calls $3
*** TURN *** [Qd 7d Jh] [Qc]
kaputnikoff: checks
aremom4e: checks
*** RIVER *** [Qd 7d Jh Qc] [Ac]
kaputnikoff: bets $6
aremom4e: folds
Uncalled bet ($6) returned to kaputnikoff
kaputnikoff collected $23.52 from pot
kaputnikoff: doesn't show hand
*** SUMMARY ***
Total pot $24 | Rake $0.48
Board [Qd 7d Jh Qc Ac]
Seat 1: kaputnikoff (big blind) collected ($23.52)
Seat 2: aremom4e (button) (small blind) folded on the River


PokerStars Hand #145675335000:  Hold'em Limit ($3/$6 USD) - 2015/12/21 3:19:25 ET
Table 'Pariana' 2-max Seat #1 is the button
Seat 1: kaputnikoff ($137.70 in chips)
Seat 2: aremom4e ($147.98 in chips)
kaputnikoff: posts small blind $1
aremom4e: posts big blind $3
*** HOLE CARDS ***
kaputnikoff: raises $3 to $6
aremom4e: calls $3
*** FLOP *** [5c 3c Qh]
aremom4e: checks
kaputnikoff: bets $3
aremom4e: folds
Uncalled bet ($3) returned to kaputnikoff
kaputnikoff collected $11.76 from pot
kaputnikoff: doesn't show hand
*** SUMMARY ***
Total pot $12 | Rake $0.24
Board [5c 3c Qh]
Seat 1: kaputnikoff (button) (small blind) collected ($11.76)
Seat 2: aremom4e (big blind) folded on the Flop


PokerStars Hand #145675338368:  Hold'em Limit ($3/$6 USD) - 2015/12/21 3:19:37 ET
Table 'Pariana' 2-max Seat #2 is the button
Seat 1: kaputnikoff ($143.46 in chips)
Seat 2: aremom4e ($141.98 in chips)
aremom4e: posts small blind $1
kaputnikoff: posts big blind $3
*** HOLE CARDS ***
aremom4e: raises $3 to $6
kaputnikoff: folds
Uncalled bet ($3) returned to aremom4e
aremom4e collected $6 from pot
aremom4e: doesn't show hand
*** SUMMARY ***
Total pot $6 | Rake $0
Seat 1: kaputnikoff (big blind) folded before Flop
Seat 2: aremom4e (button) (small blind) collected ($6)


PokerStars Hand #145675340851:  Hold'em Limit ($3/$6 USD) - 2015/12/21 3:19:45 ET
Table 'Pariana' 2-max Seat #1 is the button
Seat 1: kaputnikoff ($140.46 in chips)
Seat 2: aremom4e ($144.98 in chips)
kaputnikoff: posts small blind $1
aremom4e: posts big blind $3
*** HOLE CARDS ***
kaputnikoff: raises $3 to $6
aremom4e: calls $3
*** FLOP *** [7c 6d 7s]
aremom4e: checks
kaputnikoff: bets $3
aremom4e: calls $3
*** TURN *** [7c 6d 7s] [6c]
aremom4e: checks
kaputnikoff: checks
*** RIVER *** [7c 6d 7s 6c] [2s]
aremom4e: checks
kaputnikoff: checks
*** SHOW DOWN ***
aremom4e: shows [3h 5s] (two pair, Sevens and Sixes)
kaputnikoff: shows [9s Ts] (two pair, Sevens and Sixes - Ten kicker)
kaputnikoff collected $17.64 from pot
*** SUMMARY ***
Total pot $18 | Rake $0.36
Board [7c 6d 7s 6c 2s]
Seat 1: kaputnikoff (button) (small blind) showed [9s Ts] and won ($17.64) with two pair, Sevens and Sixes
Seat 2: aremom4e (big blind) showed [3h 5s] and lost with two pair, Sevens and Sixes


PokerStars Hand #145675349276:  Hold'em Limit ($3/$6 USD) - 2015/12/21 3:20:14 ET
Table 'Pariana' 2-max Seat #2 is the button
Seat 1: kaputnikoff ($149.10 in chips)
Seat 2: aremom4e ($135.98 in chips)
aremom4e: posts small blind $1
kaputnikoff: posts big blind $3
*** HOLE CARDS ***
aremom4e: folds
Uncalled bet ($2) returned to kaputnikoff
kaputnikoff collected $2 from pot
kaputnikoff: doesn't show hand
*** SUMMARY ***
Total pot $2 | Rake $0
Seat 1: kaputnikoff (big blind) collected ($2)
Seat 2: aremom4e (button) (small blind) folded before Flop


PokerStars Hand #145675354632:  Hold'em Limit ($3/$6 USD) - 2015/12/21 3:20:33 ET
Table 'Pariana' 2-max Seat #2 is the button
Seat 1: kaputnikoff ($155.86 in chips)
Seat 2: aremom4e ($128.98 in chips)
aremom4e: posts small blind $1
kaputnikoff: posts big blind $3
*** HOLE CARDS ***
aremom4e: folds
Uncalled bet ($2) returned to kaputnikoff
kaputnikoff collected $2 from pot
kaputnikoff: doesn't show hand
*** SUMMARY ***
Total pot $2 | Rake $0
Seat 1: kaputnikoff (big blind) collected ($2)
Seat 2: aremom4e (button) (small blind) folded before Flop


PokerStars Hand #145675350902:  Hold'em Limit ($3/$6 USD) - 2015/12/21 3:20:20 ET
Table 'Pariana' 2-max Seat #1 is the button
Seat 1: kaputnikoff ($150.10 in chips)
Seat 2: aremom4e ($134.98 in chips)
kaputnikoff: posts small blind $1
aremom4e: posts big blind $3
*** HOLE CARDS ***
kaputnikoff: raises $3 to $6
aremom4e: calls $3
*** FLOP *** [3d Ts 3h]
aremom4e: checks
kaputnikoff: bets $3
aremom4e: folds
Uncalled bet ($3) returned to kaputnikoff
kaputnikoff collected $11.76 from pot
kaputnikoff: doesn't show hand
*** SUMMARY ***
Total pot $12 | Rake $0.24
Board [3d Ts 3h]
Seat 1: kaputnikoff (button) (small blind) collected ($11.76)
Seat 2: aremom4e (big blind) folded on the Flop


PokerStars Hand #145675356193:  Hold'em Limit ($3/$6 USD) - 2015/12/21 3:20:38 ET
Table 'Pariana' 2-max Seat #1 is the button
Seat 1: kaputnikoff ($156.86 in chips)
Seat 2: aremom4e ($127.98 in chips)
kaputnikoff: posts small blind $1
aremom4e: posts big blind $3
*** HOLE CARDS ***
kaputnikoff: raises $3 to $6
aremom4e: calls $3
*** FLOP *** [4c Jh Ts]
aremom4e: checks
kaputnikoff: bets $3
aremom4e: calls $3
*** TURN *** [4c Jh Ts] [8s]
aremom4e: checks
kaputnikoff: bets $6
aremom4e: calls $6
*** RIVER *** [4c Jh Ts 8s] [2h]
aremom4e: checks
kaputnikoff: bets $6
aremom4e: calls $6
*** SHOW DOWN ***
kaputnikoff: shows [Th Qc] (a pair of Tens)
aremom4e: mucks hand
kaputnikoff collected $41.50 from pot
*** SUMMARY ***
Total pot $42 | Rake $0.50
Board [4c Jh Ts 8s 2h]
Seat 1: kaputnikoff (button) (small blind) showed [Th Qc] and won ($41.50) with a pair of Tens
Seat 2: aremom4e (big blind) mucked


PokerStars Hand #145675362255:  Hold'em Limit ($3/$6 USD) - 2015/12/21 3:20:58 ET
Table 'Pariana' 2-max Seat #2 is the button
Seat 1: kaputnikoff ($177.36 in chips)
Seat 2: aremom4e ($106.98 in chips)
aremom4e: posts small blind $1
kaputnikoff: posts big blind $3
*** HOLE CARDS ***
aremom4e: folds
Uncalled bet ($2) returned to kaputnikoff
kaputnikoff collected $2 from pot
kaputnikoff: doesn't show hand
*** SUMMARY ***
Total pot $2 | Rake $0
Seat 1: kaputnikoff (big blind) collected ($2)
Seat 2: aremom4e (button) (small blind) folded before Flop


PokerStars Hand #145675363773:  Hold'em Limit ($3/$6 USD) - 2015/12/21 3:21:03 ET
Table 'Pariana' 2-max Seat #1 is the button
Seat 1: kaputnikoff ($178.36 in chips)
Seat 2: aremom4e ($105.98 in chips)
kaputnikoff: posts small blind $1
aremom4e: posts big blind $3
*** HOLE CARDS ***
kaputnikoff: raises $3 to $6
aremom4e: folds
Uncalled bet ($3) returned to kaputnikoff
kaputnikoff collected $6 from pot
kaputnikoff: doesn't show hand
*** SUMMARY ***
Total pot $6 | Rake $0
Seat 1: kaputnikoff (button) (small blind) collected ($6)
Seat 2: aremom4e (big blind) folded before Flop


PokerStars Hand #145675365643:  Hold'em Limit ($3/$6 USD) - 2015/12/21 3:21:10 ET
Table 'Pariana' 2-max Seat #2 is the button
Seat 1: kaputnikoff ($181.36 in chips)
Seat 2: aremom4e ($102.98 in chips)
aremom4e: posts small blind $1
kaputnikoff: posts big blind $3
*** HOLE CARDS ***
aremom4e: raises $3 to $6
kaputnikoff: folds
Uncalled bet ($3) returned to aremom4e
aremom4e collected $6 from pot
aremom4e: doesn't show hand
*** SUMMARY ***
Total pot $6 | Rake $0
Seat 1: kaputnikoff (big blind) folded before Flop
Seat 2: aremom4e (button) (small blind) collected ($6)


PokerStars Hand #145675378883:  Hold'em Limit ($3/$6 USD) - 2015/12/21 3:21:54 ET
Table 'Pariana' 2-max Seat #2 is the button
Seat 1: kaputnikoff ($187 in chips)
Seat 2: aremom4e ($96.98 in chips)
aremom4e: posts small blind $1
kaputnikoff: posts big blind $3
*** HOLE CARDS ***
aremom4e: folds
Uncalled bet ($2) returned to kaputnikoff
kaputnikoff collected $2 from pot
kaputnikoff: doesn't show hand
*** SUMMARY ***
Total pot $2 | Rake $0
Seat 1: kaputnikoff (big blind) collected ($2)
Seat 2: aremom4e (button) (small blind) folded before Flop


PokerStars Hand #145675370942:  Hold'em Limit ($3/$6 USD) - 2015/12/21 3:21:28 ET
Table 'Pariana' 2-max Seat #1 is the button
Seat 1: kaputnikoff ($178.36 in chips)
Seat 2: aremom4e ($105.98 in chips)
kaputnikoff: posts small blind $1
aremom4e: posts big blind $3
*** HOLE CARDS ***
kaputnikoff: raises $3 to $6
aremom4e: calls $3
*** FLOP *** [5d 9c Kc]
aremom4e: checks
kaputnikoff: bets $3
aremom4e: calls $3
*** TURN *** [5d 9c Kc] [As]
aremom4e: checks
kaputnikoff: checks
*** RIVER *** [5d 9c Kc As] [Ks]
aremom4e: checks
kaputnikoff: bets $6
aremom4e: folds
Uncalled bet ($6) returned to kaputnikoff
kaputnikoff collected $17.64 from pot
kaputnikoff: doesn't show hand
*** SUMMARY ***
Total pot $18 | Rake $0.36
Board [5d 9c Kc As Ks]
Seat 1: kaputnikoff (button) (small blind) collected ($17.64)
Seat 2: aremom4e (big blind) folded on the River


PokerStars Hand #145675380142:  Hold'em Limit ($3/$6 USD) - 2015/12/21 3:21:59 ET
Table 'Pariana' 2-max Seat #1 is the button
Seat 1: kaputnikoff ($188 in chips)
Seat 2: aremom4e ($95.98 in chips)
kaputnikoff: posts small blind $1
aremom4e: posts big blind $3
*** HOLE CARDS ***
kaputnikoff: raises $3 to $6
aremom4e: raises $3 to $9
kaputnikoff: calls $3
*** FLOP *** [7d Kd 8s]
aremom4e: bets $3
kaputnikoff: calls $3
*** TURN *** [7d Kd 8s] [7h]
aremom4e: bets $6
kaputnikoff: folds
Uncalled bet ($6) returned to aremom4e
aremom4e collected $23.52 from pot
aremom4e: doesn't show hand
*** SUMMARY ***
Total pot $24 | Rake $0.48
Board [7d Kd 8s 7h]
Seat 1: kaputnikoff (button) (small blind) folded on the Turn
Seat 2: aremom4e (big blind) collected ($23.52)


PokerStars Hand #145675388337:  Hold'em Limit ($3/$6 USD) - 2015/12/21 3:22:26 ET
Table 'Pariana' 2-max Seat #2 is the button
Seat 1: kaputnikoff ($176 in chips)
Seat 2: aremom4e ($107.50 in chips)
aremom4e: posts small blind $1
kaputnikoff: posts big blind $3
*** HOLE CARDS ***
aremom4e: raises $3 to $6
kaputnikoff: calls $3
*** FLOP *** [Th 4h 7h]
kaputnikoff: checks
aremom4e: checks
*** TURN *** [Th 4h 7h] [Jh]
kaputnikoff: checks
aremom4e: checks
*** RIVER *** [Th 4h 7h Jh] [Ah]
kaputnikoff: bets $6
aremom4e: calls $6
*** SHOW DOWN ***
kaputnikoff: shows [4c Qc] (a flush, Ace high)
aremom4e: shows [Kd Tc] (a flush, Ace high)
kaputnikoff collected $11.76 from pot
aremom4e collected $11.76 from pot
*** SUMMARY ***
Total pot $24 | Rake $0.48
Board [Th 4h 7h Jh Ah]
Seat 1: kaputnikoff (big blind) showed [4c Qc] and won ($11.76) with a flush, Ace high
Seat 2: aremom4e (button) (small blind) showed [Kd Tc] and won ($11.76) with a flush, Ace high


PokerStars Hand #145675395796:  Hold'em Limit ($3/$6 USD) - 2015/12/21 3:22:52 ET
Table 'Pariana' 2-max Seat #1 is the button
Seat 1: kaputnikoff ($175.76 in chips)
Seat 2: aremom4e ($107.26 in chips)
kaputnikoff: posts small blind $1
aremom4e: posts big blind $3
*** HOLE CARDS ***
kaputnikoff: raises $3 to $6
aremom4e: raises $3 to $9
kaputnikoff: calls $3
*** FLOP *** [Qs Jh Ah]
aremom4e: bets $3
kaputnikoff: raises $3 to $6
aremom4e: calls $3
*** TURN *** [Qs Jh Ah] [6d]
aremom4e: checks
kaputnikoff: checks
*** RIVER *** [Qs Jh Ah 6d] [Ac]
aremom4e: bets $6
kaputnikoff: folds
Uncalled bet ($6) returned to aremom4e
aremom4e collected $29.50 from pot
aremom4e: doesn't show hand
*** SUMMARY ***
Total pot $30 | Rake $0.50
Board [Qs Jh Ah 6d Ac]
Seat 1: kaputnikoff (button) (small blind) folded on the River
Seat 2: aremom4e (big blind) collected ($29.50)


PokerStars Hand #145675403997:  Hold'em Limit ($3/$6 USD) - 2015/12/21 3:23:20 ET
Table 'Pariana' 2-max Seat #2 is the button
Seat 1: kaputnikoff ($160.76 in chips)
Seat 2: aremom4e ($121.76 in chips)
aremom4e: posts small blind $1
kaputnikoff: posts big blind $3
*** HOLE CARDS ***
aremom4e: raises $3 to $6
kaputnikoff: raises $3 to $9
aremom4e: calls $3
*** FLOP *** [3c 8c Jc]
kaputnikoff: bets $3
aremom4e: calls $3
*** TURN *** [3c 8c Jc] [9h]
kaputnikoff: checks
aremom4e: bets $6
kaputnikoff: raises $6 to $12
aremom4e: calls $6
*** RIVER *** [3c 8c Jc 9h] [Ac]
kaputnikoff: checks
aremom4e: bets $6
kaputnikoff: folds
Uncalled bet ($6) returned to aremom4e
aremom4e collected $47.50 from pot
aremom4e: doesn't show hand
*** SUMMARY ***
Total pot $48 | Rake $0.50
Board [3c 8c Jc 9h Ac]
Seat 1: kaputnikoff (big blind) folded on the River
Seat 2: aremom4e (button) (small blind) collected ($47.50)


PokerStars Hand #145675416417:  Hold'em Limit ($3/$6 USD) - 2015/12/21 3:24:02 ET
Table 'Pariana' 2-max Seat #1 is the button
Seat 1: kaputnikoff ($136.76 in chips)
Seat 2: aremom4e ($145.26 in chips)
kaputnikoff: posts small blind $1
aremom4e: posts big blind $3
*** HOLE CARDS ***
kaputnikoff: raises $3 to $6
aremom4e: calls $3
*** FLOP *** [4s 7c 7h]
aremom4e: checks
kaputnikoff: bets $3
aremom4e: folds
Uncalled bet ($3) returned to kaputnikoff
kaputnikoff collected $11.76 from pot
kaputnikoff: doesn't show hand
*** SUMMARY ***
Total pot $12 | Rake $0.24
Board [4s 7c 7h]
Seat 1: kaputnikoff (button) (small blind) collected ($11.76)
Seat 2: aremom4e (big blind) folded on the Flop


PokerStars Hand #145675419896:  Hold'em Limit ($3/$6 USD) - 2015/12/21 3:24:14 ET
Table 'Pariana' 2-max Seat #2 is the button
Seat 1: kaputnikoff ($142.52 in chips)
Seat 2: aremom4e ($139.26 in chips)
aremom4e: posts small blind $1
kaputnikoff: posts big blind $3
*** HOLE CARDS ***
aremom4e: raises $3 to $6
kaputnikoff: calls $3
*** FLOP *** [9h 9c Kh]
kaputnikoff: checks
aremom4e: bets $3
kaputnikoff: raises $3 to $6
aremom4e: calls $3
*** TURN *** [9h 9c Kh] [6c]
kaputnikoff: bets $6
aremom4e: folds
Uncalled bet ($6) returned to kaputnikoff
kaputnikoff collected $23.52 from pot
kaputnikoff: doesn't show hand
*** SUMMARY ***
Total pot $24 | Rake $0.48
Board [9h 9c Kh 6c]
Seat 1: kaputnikoff (big blind) collected ($23.52)
Seat 2: aremom4e (button) (small blind) folded on the Turn


PokerStars Hand #145675426894:  Hold'em Limit ($3/$6 USD) - 2015/12/21 3:24:38 ET
Table 'Pariana' 2-max Seat #1 is the button
Seat 1: kaputnikoff ($154.04 in chips)
Seat 2: aremom4e ($127.26 in chips)
kaputnikoff: posts small blind $1
aremom4e: posts big blind $3
*** HOLE CARDS ***
kaputnikoff: raises $3 to $6
aremom4e: calls $3
*** FLOP *** [Kh Ts Qd]
aremom4e: checks
kaputnikoff: bets $3
aremom4e: calls $3
*** TURN *** [Kh Ts Qd] [4s]
aremom4e: checks
kaputnikoff: checks
*** RIVER *** [Kh Ts Qd 4s] [5s]
aremom4e: bets $6
kaputnikoff: folds
Uncalled bet ($6) returned to aremom4e
aremom4e collected $17.64 from pot
aremom4e: doesn't show hand
*** SUMMARY ***
Total pot $18 | Rake $0.36
Board [Kh Ts Qd 4s 5s]
Seat 1: kaputnikoff (button) (small blind) folded on the River
Seat 2: aremom4e (big blind) collected ($17.64)


PokerStars Hand #145675433462:  Hold'em Limit ($3/$6 USD) - 2015/12/21 3:25:00 ET
Table 'Pariana' 2-max Seat #2 is the button
Seat 1: kaputnikoff ($145.04 in chips)
Seat 2: aremom4e ($135.90 in chips)
aremom4e: posts small blind $1
kaputnikoff: posts big blind $3
*** HOLE CARDS ***
aremom4e: folds
Uncalled bet ($2) returned to kaputnikoff
kaputnikoff collected $2 from pot
kaputnikoff: doesn't show hand
*** SUMMARY ***
Total pot $2 | Rake $0
Seat 1: kaputnikoff (big blind) collected ($2)
Seat 2: aremom4e (button) (small blind) folded before Flop


PokerStars Hand #145675434986:  Hold'em Limit ($3/$6 USD) - 2015/12/21 3:25:05 ET
Table 'Pariana' 2-max Seat #1 is the button
Seat 1: kaputnikoff ($146.04 in chips)
Seat 2: aremom4e ($134.90 in chips)
kaputnikoff: posts small blind $1
aremom4e: posts big blind $3
*** HOLE CARDS ***
kaputnikoff: raises $3 to $6
aremom4e: calls $3
*** FLOP *** [8s 9h 3c]
aremom4e: checks
kaputnikoff: bets $3
aremom4e: calls $3
*** TURN *** [8s 9h 3c] [6d]
aremom4e: checks
kaputnikoff: bets $6
aremom4e: folds
Uncalled bet ($6) returned to kaputnikoff
kaputnikoff collected $17.64 from pot
kaputnikoff: doesn't show hand
*** SUMMARY ***
Total pot $18 | Rake $0.36
Board [8s 9h 3c 6d]
Seat 1: kaputnikoff (button) (small blind) collected ($17.64)
Seat 2: aremom4e (big blind) folded on the Turn


PokerStars Hand #145675441066:  Hold'em Limit ($3/$6 USD) - 2015/12/21 3:25:26 ET
Table 'Pariana' 2-max Seat #2 is the button
Seat 1: kaputnikoff ($154.68 in chips)
Seat 2: aremom4e ($125.90 in chips)
aremom4e: posts small blind $1
kaputnikoff: posts big blind $3
*** HOLE CARDS ***
aremom4e: raises $3 to $6
kaputnikoff: calls $3
*** FLOP *** [2d 9d Qd]
kaputnikoff: checks
aremom4e: bets $3
kaputnikoff: calls $3
*** TURN *** [2d 9d Qd] [9c]
kaputnikoff: checks
aremom4e: checks
*** RIVER *** [2d 9d Qd 9c] [3h]
kaputnikoff: bets $6
aremom4e: calls $6
*** SHOW DOWN ***
kaputnikoff: shows [Th 7d] (a pair of Nines)
aremom4e: shows [5h 5c] (two pair, Nines and Fives)
aremom4e collected $29.50 from pot
*** SUMMARY ***
Total pot $30 | Rake $0.50
Board [2d 9d Qd 9c 3h]
Seat 1: kaputnikoff (big blind) showed [Th 7d] and lost with a pair of Nines
Seat 2: aremom4e (button) (small blind) showed [5h 5c] and won ($29.50) with two pair, Nines and Fives


PokerStars Hand #145675446813:  Hold'em Limit ($3/$6 USD) - 2015/12/21 3:25:45 ET
Table 'Pariana' 2-max Seat #1 is the button
Seat 1: kaputnikoff ($139.68 in chips)
Seat 2: aremom4e ($140.40 in chips)
kaputnikoff: posts small blind $1
aremom4e: posts big blind $3
*** HOLE CARDS ***
kaputnikoff: raises $3 to $6
aremom4e: calls $3
*** FLOP *** [7c 4c Ks]
aremom4e: checks
kaputnikoff: bets $3
aremom4e: raises $3 to $6
kaputnikoff: calls $3
*** TURN *** [7c 4c Ks] [9c]
aremom4e: checks
kaputnikoff: checks
*** RIVER *** [7c 4c Ks 9c] [As]
aremom4e: bets $6
kaputnikoff: calls $6
*** SHOW DOWN ***
aremom4e: shows [Kc 4s] (two pair, Kings and Fours)
kaputnikoff: mucks hand
aremom4e collected $35.50 from pot
*** SUMMARY ***
Total pot $36 | Rake $0.50
Board [7c 4c Ks 9c As]
Seat 1: kaputnikoff (button) (small blind) mucked
Seat 2: aremom4e (big blind) showed [Kc 4s] and won ($35.50) with two pair, Kings and Fours


PokerStars Hand #145675456127:  Hold'em Limit ($3/$6 USD) - 2015/12/21 3:26:17 ET
Table 'Pariana' 2-max Seat #2 is the button
Seat 1: kaputnikoff ($121.68 in chips)
Seat 2: aremom4e ($157.90 in chips)
aremom4e: posts small blind $1
kaputnikoff: posts big blind $3
*** HOLE CARDS ***
aremom4e: raises $3 to $6
kaputnikoff: calls $3
*** FLOP *** [Js 8c 2s]
kaputnikoff: checks
aremom4e: bets $3
kaputnikoff: calls $3
*** TURN *** [Js 8c 2s] [7s]
kaputnikoff: checks
aremom4e: checks
*** RIVER *** [Js 8c 2s 7s] [9c]
kaputnikoff: checks
aremom4e: checks
*** SHOW DOWN ***
kaputnikoff: shows [6d 2d] (a pair of Deuces)
aremom4e: mucks hand
kaputnikoff collected $17.64 from pot
*** SUMMARY ***
Total pot $18 | Rake $0.36
Board [Js 8c 2s 7s 9c]
Seat 1: kaputnikoff (big blind) showed [6d 2d] and won ($17.64) with a pair of Deuces
Seat 2: aremom4e (button) (small blind) mucked


PokerStars Hand #145675482360:  Hold'em Limit ($3/$6 USD) - 2015/12/21 3:27:45 ET
Table 'Pariana' 2-max Seat #1 is the button
Seat 1: kaputnikoff ($136.72 in chips)
Seat 2: aremom4e ($141.54 in chips)
kaputnikoff: posts small blind $1
aremom4e: posts big blind $3
*** HOLE CARDS ***
kaputnikoff: raises $3 to $6
aremom4e: folds
Uncalled bet ($3) returned to kaputnikoff
kaputnikoff collected $6 from pot
kaputnikoff: doesn't show hand
*** SUMMARY ***
Total pot $6 | Rake $0
Seat 1: kaputnikoff (button) (small blind) collected ($6)
Seat 2: aremom4e (big blind) folded before Flop


PokerStars Hand #145675480851:  Hold'em Limit ($3/$6 USD) - 2015/12/21 3:27:41 ET
Table 'Pariana' 2-max Seat #2 is the button
Seat 1: kaputnikoff ($135.72 in chips)
Seat 2: aremom4e ($142.54 in chips)
aremom4e: posts small blind $1
kaputnikoff: posts big blind $3
*** HOLE CARDS ***
aremom4e: folds
Uncalled bet ($2) returned to kaputnikoff
kaputnikoff collected $2 from pot
kaputnikoff: doesn't show hand
*** SUMMARY ***
Total pot $2 | Rake $0
Seat 1: kaputnikoff (big blind) collected ($2)
Seat 2: aremom4e (button) (small blind) folded before Flop


PokerStars Hand #145675474192:  Hold'em Limit ($3/$6 USD) - 2015/12/21 3:27:18 ET
Table 'Pariana' 2-max Seat #1 is the button
Seat 1: kaputnikoff ($129.96 in chips)
Seat 2: aremom4e ($148.54 in chips)
kaputnikoff: posts small blind $1
aremom4e: posts big blind $3
*** HOLE CARDS ***
kaputnikoff: raises $3 to $6
aremom4e: calls $3
*** FLOP *** [Ks Qs Qd]
aremom4e: checks
kaputnikoff: checks
*** TURN *** [Ks Qs Qd] [Qc]
aremom4e: checks
kaputnikoff: checks
*** RIVER *** [Ks Qs Qd Qc] [8c]
aremom4e: checks
kaputnikoff: bets $6
aremom4e: folds
Uncalled bet ($6) returned to kaputnikoff
kaputnikoff collected $11.76 from pot
kaputnikoff: doesn't show hand
*** SUMMARY ***
Total pot $12 | Rake $0.24
Board [Ks Qs Qd Qc 8c]
Seat 1: kaputnikoff (button) (small blind) collected ($11.76)
Seat 2: aremom4e (big blind) folded on the River


PokerStars Hand #145675469972:  Hold'em Limit ($3/$6 USD) - 2015/12/21 3:27:04 ET
Table 'Pariana' 2-max Seat #2 is the button
Seat 1: kaputnikoff ($121.32 in chips)
Seat 2: aremom4e ($157.54 in chips)
aremom4e: posts small blind $1
kaputnikoff: posts big blind $3
*** HOLE CARDS ***
aremom4e: raises $3 to $6
kaputnikoff: raises $3 to $9
aremom4e: calls $3
*** FLOP *** [Ad 4h 3d]
kaputnikoff: bets $3
aremom4e: folds
Uncalled bet ($3) returned to kaputnikoff
kaputnikoff collected $17.64 from pot
kaputnikoff: doesn't show hand
*** SUMMARY ***
Total pot $18 | Rake $0.36
Board [Ad 4h 3d]
Seat 1: kaputnikoff (big blind) collected ($17.64)
Seat 2: aremom4e (button) (small blind) folded on the Flop


PokerStars Hand #145675463136:  Hold'em Limit ($3/$6 USD) - 2015/12/21 3:26:41 ET
Table 'Pariana' 2-max Seat #1 is the button
Seat 1: kaputnikoff ($130.32 in chips)
Seat 2: aremom4e ($148.90 in chips)
kaputnikoff: posts small blind $1
aremom4e: posts big blind $3
*** HOLE CARDS ***
kaputnikoff: raises $3 to $6
aremom4e: calls $3
*** FLOP *** [4s 7d 3s]
aremom4e: checks
kaputnikoff: bets $3
aremom4e: calls $3
*** TURN *** [4s 7d 3s] [6d]
aremom4e: checks
kaputnikoff: checks
*** RIVER *** [4s 7d 3s 6d] [4h]
aremom4e: bets $6
kaputnikoff: folds
Uncalled bet ($6) returned to aremom4e
aremom4e collected $17.64 from pot
aremom4e: doesn't show hand
*** SUMMARY ***
Total pot $18 | Rake $0.36
Board [4s 7d 3s 6d 4h]
Seat 1: kaputnikoff (button) (small blind) folded on the River
Seat 2: aremom4e (big blind) collected ($17.64)


PokerStars Hand #145675493997:  Hold'em Limit ($3/$6 USD) - 2015/12/21 3:28:25 ET
Table 'Pariana' 2-max Seat #1 is the button
Seat 1: kaputnikoff ($121.72 in chips)
Seat 2: aremom4e ($156.04 in chips)
kaputnikoff: posts small blind $1
aremom4e: posts big blind $3
*** HOLE CARDS ***
kaputnikoff: raises $3 to $6
aremom4e: calls $3
*** FLOP *** [4c Ah 2h]
aremom4e: checks
kaputnikoff: bets $3
aremom4e: folds
Uncalled bet ($3) returned to kaputnikoff
kaputnikoff collected $11.76 from pot
kaputnikoff: doesn't show hand
*** SUMMARY ***
Total pot $12 | Rake $0.24
Board [4c Ah 2h]
Seat 1: kaputnikoff (button) (small blind) collected ($11.76)
Seat 2: aremom4e (big blind) folded on the Flop


PokerStars Hand #145675484682:  Hold'em Limit ($3/$6 USD) - 2015/12/21 3:27:54 ET
Table 'Pariana' 2-max Seat #2 is the button
Seat 1: kaputnikoff ($139.72 in chips)
Seat 2: aremom4e ($138.54 in chips)
aremom4e: posts small blind $1
kaputnikoff: posts big blind $3
*** HOLE CARDS ***
aremom4e: raises $3 to $6
kaputnikoff: raises $3 to $9
aremom4e: calls $3
*** FLOP *** [5d Th Qh]
kaputnikoff: bets $3
aremom4e: calls $3
*** TURN *** [5d Th Qh] [4d]
kaputnikoff: checks
aremom4e: bets $6
kaputnikoff: calls $6
*** RIVER *** [5d Th Qh 4d] [8h]
kaputnikoff: checks
aremom4e: checks
*** SHOW DOWN ***
kaputnikoff: shows [Kd Ah] (high card Ace)
aremom4e: shows [7d Td] (a pair of Tens)
aremom4e collected $35.50 from pot
*** SUMMARY ***
Total pot $36 | Rake $0.50
Board [5d Th Qh 4d 8h]
Seat 1: kaputnikoff (big blind) showed [Kd Ah] and lost with high card Ace
Seat 2: aremom4e (button) (small blind) showed [7d Td] and won ($35.50) with a pair of Tens


PokerStars Hand #145675512639:  Hold'em Limit ($3/$6 USD) - 2015/12/21 3:29:27 ET
Table 'Pariana' 2-max Seat #2 is the button
Seat 1: kaputnikoff ($112.48 in chips)
Seat 2: aremom4e ($164.54 in chips)
aremom4e: posts small blind $1
kaputnikoff: posts big blind $3
*** HOLE CARDS ***
aremom4e: raises $3 to $6
kaputnikoff: raises $3 to $9
aremom4e: calls $3
*** FLOP *** [7h Ks 5h]
kaputnikoff: bets $3
aremom4e: folds
Uncalled bet ($3) returned to kaputnikoff
kaputnikoff collected $17.64 from pot
kaputnikoff: doesn't show hand
*** SUMMARY ***
Total pot $18 | Rake $0.36
Board [7h Ks 5h]
Seat 1: kaputnikoff (big blind) collected ($17.64)
Seat 2: aremom4e (button) (small blind) folded on the Flop


PokerStars Hand #145675510186:  Hold'em Limit ($3/$6 USD) - 2015/12/21 3:29:18 ET
Table 'Pariana' 2-max Seat #1 is the button
Seat 1: kaputnikoff ($109.48 in chips)
Seat 2: aremom4e ($167.54 in chips)
kaputnikoff: posts small blind $1
aremom4e: posts big blind $3
*** HOLE CARDS ***
kaputnikoff: raises $3 to $6
aremom4e: folds
Uncalled bet ($3) returned to kaputnikoff
kaputnikoff collected $6 from pot
kaputnikoff: doesn't show hand
*** SUMMARY ***
Total pot $6 | Rake $0
Seat 1: kaputnikoff (button) (small blind) collected ($6)
Seat 2: aremom4e (big blind) folded before Flop


PokerStars Hand #145675498387:  Hold'em Limit ($3/$6 USD) - 2015/12/21 3:28:39 ET
Table 'Pariana' 2-max Seat #2 is the button
Seat 1: kaputnikoff ($127.48 in chips)
Seat 2: aremom4e ($150.04 in chips)
aremom4e: posts small blind $1
kaputnikoff: posts big blind $3
*** HOLE CARDS ***
aremom4e: raises $3 to $6
kaputnikoff: calls $3
*** FLOP *** [7s 5h 8h]
kaputnikoff: checks
aremom4e: bets $3
kaputnikoff: raises $3 to $6
aremom4e: calls $3
*** TURN *** [7s 5h 8h] [6c]
kaputnikoff: checks
aremom4e: bets $6
kaputnikoff: calls $6
*** RIVER *** [7s 5h 8h 6c] [Ac]
kaputnikoff: checks
aremom4e: checks
*** SHOW DOWN ***
kaputnikoff: shows [8c Qh] (a pair of Eights)
aremom4e: shows [Kh 4h] (a straight, Four to Eight)
aremom4e collected $35.50 from pot
*** SUMMARY ***
Total pot $36 | Rake $0.50
Board [7s 5h 8h 6c Ac]
Seat 1: kaputnikoff (big blind) showed [8c Qh] and lost with a pair of Eights
Seat 2: aremom4e (button) (small blind) showed [Kh 4h] and won ($35.50) with a straight, Four to Eight


PokerStars Hand #145675557804:  Hold'em Limit ($3/$6 USD) - 2015/12/21 3:31:57 ET
Table 'Pariana' 2-max Seat #2 is the button
Seat 1: kaputnikoff ($113.76 in chips)
Seat 2: aremom4e ($162.04 in chips)
aremom4e: posts small blind $1
kaputnikoff: posts big blind $3
*** HOLE CARDS ***
aremom4e: folds
Uncalled bet ($2) returned to kaputnikoff
kaputnikoff collected $2 from pot
kaputnikoff: doesn't show hand
*** SUMMARY ***
Total pot $2 | Rake $0
Seat 1: kaputnikoff (big blind) collected ($2)
Seat 2: aremom4e (button) (small blind) folded before Flop


PokerStars Hand #145675552622:  Hold'em Limit ($3/$6 USD) - 2015/12/21 3:31:40 ET
Table 'Pariana' 2-max Seat #1 is the button
Seat 1: kaputnikoff ($114.76 in chips)
Seat 2: aremom4e ($161.04 in chips)
kaputnikoff: posts small blind $1
aremom4e: posts big blind $3
*** HOLE CARDS ***
kaputnikoff: folds
Uncalled bet ($2) returned to aremom4e
aremom4e collected $2 from pot
aremom4e: doesn't show hand
*** SUMMARY ***
Total pot $2 | Rake $0
Seat 1: kaputnikoff (button) (small blind) folded before Flop
Seat 2: aremom4e (big blind) collected ($2)


PokerStars Hand #145675547039:  Hold'em Limit ($3/$6 USD) - 2015/12/21 3:31:21 ET
Table 'Pariana' 2-max Seat #2 is the button
Seat 1: kaputnikoff ($106.12 in chips)
Seat 2: aremom4e ($170.04 in chips)
aremom4e: posts small blind $1
kaputnikoff: posts big blind $3
*** HOLE CARDS ***
aremom4e: raises $3 to $6
kaputnikoff: calls $3
*** FLOP *** [2d Th Kd]
kaputnikoff: checks
aremom4e: bets $3
kaputnikoff: raises $3 to $6
aremom4e: folds
Uncalled bet ($3) returned to kaputnikoff
kaputnikoff collected $17.64 from pot
kaputnikoff: doesn't show hand
*** SUMMARY ***
Total pot $18 | Rake $0.36
Board [2d Th Kd]
Seat 1: kaputnikoff (big blind) collected ($17.64)
Seat 2: aremom4e (button) (small blind) folded on the Flop


PokerStars Hand #145675533733:  Hold'em Limit ($3/$6 USD) - 2015/12/21 3:30:36 ET
Table 'Pariana' 2-max Seat #1 is the button
Seat 1: kaputnikoff ($121.12 in chips)
Seat 2: aremom4e ($155.54 in chips)
kaputnikoff: posts small blind $1
aremom4e: posts big blind $3
*** HOLE CARDS ***
kaputnikoff: raises $3 to $6
aremom4e: calls $3
*** FLOP *** [4d 5c Th]
aremom4e: checks
kaputnikoff: bets $3
aremom4e: calls $3
*** TURN *** [4d 5c Th] [Ts]
aremom4e: checks
kaputnikoff: bets $6
aremom4e: calls $6
*** RIVER *** [4d 5c Th Ts] [Ah]
aremom4e: checks
kaputnikoff: checks
*** SHOW DOWN ***
aremom4e: shows [Qh 4h] (two pair, Tens and Fours)
kaputnikoff: mucks hand
aremom4e collected $29.50 from pot
*** SUMMARY ***
Total pot $30 | Rake $0.50
Board [4d 5c Th Ts Ah]
Seat 1: kaputnikoff (button) (small blind) mucked
Seat 2: aremom4e (big blind) showed [Qh 4h] and won ($29.50) with two pair, Tens and Fours


PokerStars Hand #145675567958:  Hold'em Limit ($3/$6 USD) - 2015/12/21 3:32:30 ET
Table 'Pariana' 2-max Seat #2 is the button
Seat 1: kaputnikoff ($129.26 in chips)
Seat 2: aremom4e ($146.04 in chips)
aremom4e: posts small blind $1
kaputnikoff: posts big blind $3
*** HOLE CARDS ***
aremom4e: raises $3 to $6
kaputnikoff: calls $3
*** FLOP *** [2h 5s Qd]
kaputnikoff: checks
aremom4e: bets $3
kaputnikoff: calls $3
*** TURN *** [2h 5s Qd] [9d]
kaputnikoff: bets $6
aremom4e: folds
Uncalled bet ($6) returned to kaputnikoff
kaputnikoff collected $17.64 from pot
kaputnikoff: doesn't show hand
*** SUMMARY ***
Total pot $18 | Rake $0.36
Board [2h 5s Qd 9d]
Seat 1: kaputnikoff (big blind) collected ($17.64)
Seat 2: aremom4e (button) (small blind) folded on the Turn


PokerStars Hand #145675559361:  Hold'em Limit ($3/$6 USD) - 2015/12/21 3:32:02 ET
Table 'Pariana' 2-max Seat #1 is the button
Seat 1: kaputnikoff ($114.76 in chips)
Seat 2: aremom4e ($161.04 in chips)
kaputnikoff: posts small blind $1
aremom4e: posts big blind $3
*** HOLE CARDS ***
kaputnikoff: raises $3 to $6
aremom4e: calls $3
*** FLOP *** [8h 4c Td]
aremom4e: checks
kaputnikoff: bets $3
aremom4e: calls $3
*** TURN *** [8h 4c Td] [2h]
aremom4e: checks
kaputnikoff: bets $6
aremom4e: calls $6
*** RIVER *** [8h 4c Td 2h] [6h]
aremom4e: checks
kaputnikoff: bets $6
aremom4e: folds
Uncalled bet ($6) returned to kaputnikoff
kaputnikoff collected $29.50 from pot
kaputnikoff: doesn't show hand
*** SUMMARY ***
Total pot $30 | Rake $0.50
Board [8h 4c Td 2h 6h]
Seat 1: kaputnikoff (button) (small blind) collected ($29.50)
Seat 2: aremom4e (big blind) folded on the River


PokerStars Hand #145675585069:  Hold'em Limit ($3/$6 USD) - 2015/12/21 3:33:28 ET
Table 'Pariana' 2-max Seat #2 is the button
Seat 1: kaputnikoff ($152.40 in chips)
Seat 2: aremom4e ($122.04 in chips)
aremom4e: posts small blind $1
kaputnikoff: posts big blind $3
*** HOLE CARDS ***
aremom4e: raises $3 to $6
kaputnikoff: calls $3
*** FLOP *** [4d 7h 6s]
kaputnikoff: checks
aremom4e: bets $3
kaputnikoff: calls $3
*** TURN *** [4d 7h 6s] [Kd]
kaputnikoff: checks
aremom4e: checks
*** RIVER *** [4d 7h 6s Kd] [6c]
kaputnikoff: bets $6
aremom4e: folds
Uncalled bet ($6) returned to kaputnikoff
kaputnikoff collected $17.64 from pot
kaputnikoff: doesn't show hand
*** SUMMARY ***
Total pot $18 | Rake $0.36
Board [4d 7h 6s Kd 6c]
Seat 1: kaputnikoff (big blind) collected ($17.64)
Seat 2: aremom4e (button) (small blind) folded on the River


PokerStars Hand #145675575232:  Hold'em Limit ($3/$6 USD) - 2015/12/21 3:32:55 ET
Table 'Pariana' 2-max Seat #1 is the button
Seat 1: kaputnikoff ($137.90 in chips)
Seat 2: aremom4e ($137.04 in chips)
kaputnikoff: posts small blind $1
aremom4e: posts big blind $3
*** HOLE CARDS ***
kaputnikoff: raises $3 to $6
aremom4e: calls $3
*** FLOP *** [Kh 7c 6c]
aremom4e: checks
kaputnikoff: bets $3
aremom4e: calls $3
*** TURN *** [Kh 7c 6c] [As]
aremom4e: checks
kaputnikoff: checks
*** RIVER *** [Kh 7c 6c As] [4s]
aremom4e: bets $6
kaputnikoff: calls $6
*** SHOW DOWN ***
aremom4e: shows [4d 8d] (a pair of Fours)
kaputnikoff: shows [2s Kd] (a pair of Kings)
kaputnikoff collected $29.50 from pot
*** SUMMARY ***
Total pot $30 | Rake $0.50
Board [Kh 7c 6c As 4s]
Seat 1: kaputnikoff (button) (small blind) showed [2s Kd] and won ($29.50) with a pair of Kings
Seat 2: aremom4e (big blind) showed [4d 8d] and lost with a pair of Fours


PokerStars Hand #145675598109:  Hold'em Limit ($3/$6 USD) - 2015/12/21 3:34:11 ET
Table 'Pariana' 2-max Seat #2 is the button
Seat 1: kaputnikoff ($149.04 in chips)
Seat 2: aremom4e ($124.56 in chips)
aremom4e: posts small blind $1
kaputnikoff: posts big blind $3
*** HOLE CARDS ***
aremom4e: raises $3 to $6
kaputnikoff: calls $3
*** FLOP *** [Tc Jh 7s]
kaputnikoff: checks
aremom4e: bets $3
kaputnikoff: calls $3
*** TURN *** [Tc Jh 7s] [4h]
kaputnikoff: checks
aremom4e: checks
*** RIVER *** [Tc Jh 7s 4h] [Ad]
kaputnikoff: bets $6
aremom4e: folds
Uncalled bet ($6) returned to kaputnikoff
kaputnikoff collected $17.64 from pot
kaputnikoff: doesn't show hand
*** SUMMARY ***
Total pot $18 | Rake $0.36
Board [Tc Jh 7s 4h Ad]
Seat 1: kaputnikoff (big blind) collected ($17.64)
Seat 2: aremom4e (button) (small blind) folded on the River


PokerStars Hand #145675592056:  Hold'em Limit ($3/$6 USD) - 2015/12/21 3:33:51 ET
Table 'Pariana' 2-max Seat #1 is the button
Seat 1: kaputnikoff ($161.04 in chips)
Seat 2: aremom4e ($113.04 in chips)
kaputnikoff: posts small blind $1
aremom4e: posts big blind $3
*** HOLE CARDS ***
kaputnikoff: raises $3 to $6
aremom4e: calls $3
*** FLOP *** [5h 8h 9d]
aremom4e: checks
kaputnikoff: bets $3
aremom4e: raises $3 to $6
kaputnikoff: calls $3
*** TURN *** [5h 8h 9d] [6c]
aremom4e: bets $6
kaputnikoff: folds
Uncalled bet ($6) returned to aremom4e
aremom4e collected $23.52 from pot
aremom4e: doesn't show hand
*** SUMMARY ***
Total pot $24 | Rake $0.48
Board [5h 8h 9d 6c]
Seat 1: kaputnikoff (button) (small blind) folded on the Turn
Seat 2: aremom4e (big blind) collected ($23.52)


PokerStars Hand #145675614443:  Hold'em Limit ($3/$6 USD) - 2015/12/21 3:35:05 ET
Table 'Pariana' 2-max Seat #2 is the button
Seat 1: kaputnikoff ($163.44 in chips)
Seat 2: aremom4e ($109.56 in chips)
aremom4e: posts small blind $1
kaputnikoff: posts big blind $3
*** HOLE CARDS ***
aremom4e: raises $3 to $6
kaputnikoff: calls $3
*** FLOP *** [7s 9d 4c]
kaputnikoff: checks
aremom4e: bets $3
kaputnikoff: raises $3 to $6
aremom4e: calls $3
*** TURN *** [7s 9d 4c] [Ah]
kaputnikoff: bets $6
aremom4e: calls $6
*** RIVER *** [7s 9d 4c Ah] [2s]
kaputnikoff: checks
aremom4e: checks
*** SHOW DOWN ***
kaputnikoff: shows [Ts Jh] (high card Ace)
aremom4e: shows [9c Jd] (a pair of Nines)
aremom4e collected $35.50 from pot
*** SUMMARY ***
Total pot $36 | Rake $0.50
Board [7s 9d 4c Ah 2s]
Seat 1: kaputnikoff (big blind) showed [Ts Jh] and lost with high card Ace
Seat 2: aremom4e (button) (small blind) showed [9c Jd] and won ($35.50) with a pair of Nines


PokerStars Hand #145675609242:  Hold'em Limit ($3/$6 USD) - 2015/12/21 3:34:48 ET
Table 'Pariana' 2-max Seat #1 is the button
Seat 1: kaputnikoff ($157.68 in chips)
Seat 2: aremom4e ($115.56 in chips)
kaputnikoff: posts small blind $1
aremom4e: posts big blind $3
*** HOLE CARDS ***
kaputnikoff: raises $3 to $6
aremom4e: calls $3
*** FLOP *** [4h 4c Td]
aremom4e: checks
kaputnikoff: bets $3
aremom4e: folds
Uncalled bet ($3) returned to kaputnikoff
kaputnikoff collected $11.76 from pot
kaputnikoff: doesn't show hand
*** SUMMARY ***
Total pot $12 | Rake $0.24
Board [4h 4c Td]
Seat 1: kaputnikoff (button) (small blind) collected ($11.76)
Seat 2: aremom4e (big blind) folded on the Flop


PokerStars Hand #145675640239:  Hold'em Limit ($3/$6 USD) - 2015/12/21 3:36:31 ET
Table 'Pariana' 2-max Seat #2 is the button
Seat 1: kaputnikoff ($141.94 in chips)
Seat 2: aremom4e ($129.56 in chips)
aremom4e: posts small blind $1
kaputnikoff: posts big blind $3
*** HOLE CARDS ***
aremom4e: folds
Uncalled bet ($2) returned to kaputnikoff
kaputnikoff collected $2 from pot
kaputnikoff: doesn't show hand
*** SUMMARY ***
Total pot $2 | Rake $0
Seat 1: kaputnikoff (big blind) collected ($2)
Seat 2: aremom4e (button) (small blind) folded before Flop


PokerStars Hand #145675633920:  Hold'em Limit ($3/$6 USD) - 2015/12/21 3:36:10 ET
Table 'Pariana' 2-max Seat #1 is the button
Seat 1: kaputnikoff ($165.94 in chips)
Seat 2: aremom4e ($106.06 in chips)
kaputnikoff: posts small blind $1
aremom4e: posts big blind $3
*** HOLE CARDS ***
kaputnikoff: raises $3 to $6
aremom4e: calls $3
*** FLOP *** [4d 3h Kh]
aremom4e: checks
kaputnikoff: checks
*** TURN *** [4d 3h Kh] [7h]
aremom4e: bets $6
kaputnikoff: raises $6 to $12
aremom4e: calls $6
*** RIVER *** [4d 3h Kh 7h] [5d]
aremom4e: checks
kaputnikoff: bets $6
aremom4e: calls $6
*** SHOW DOWN ***
kaputnikoff: shows [Kd Ks] (three of a kind, Kings)
aremom4e: shows [3s 6s] (a straight, Three to Seven)
aremom4e collected $47.50 from pot
*** SUMMARY ***
Total pot $48 | Rake $0.50
Board [4d 3h Kh 7h 5d]
Seat 1: kaputnikoff (button) (small blind) showed [Kd Ks] and lost with three of a kind, Kings
Seat 2: aremom4e (big blind) showed [3s 6s] and won ($47.50) with a straight, Three to Seven


PokerStars Hand #145675631449:  Hold'em Limit ($3/$6 USD) - 2015/12/21 3:36:02 ET
Table 'Pariana' 2-max Seat #2 is the button
Seat 1: kaputnikoff ($168.94 in chips)
Seat 2: aremom4e ($103.06 in chips)
aremom4e: posts small blind $1
kaputnikoff: posts big blind $3
*** HOLE CARDS ***
aremom4e: raises $3 to $6
kaputnikoff: folds
Uncalled bet ($3) returned to aremom4e
aremom4e collected $6 from pot
aremom4e: doesn't show hand
*** SUMMARY ***
Total pot $6 | Rake $0
Seat 1: kaputnikoff (big blind) folded before Flop
Seat 2: aremom4e (button) (small blind) collected ($6)


PokerStars Hand #145675622694:  Hold'em Limit ($3/$6 USD) - 2015/12/21 3:35:33 ET
Table 'Pariana' 2-max Seat #1 is the button
Seat 1: kaputnikoff ($145.44 in chips)
Seat 2: aremom4e ($127.06 in chips)
kaputnikoff: posts small blind $1
aremom4e: posts big blind $3
*** HOLE CARDS ***
kaputnikoff: raises $3 to $6
aremom4e: raises $3 to $9
kaputnikoff: calls $3
*** FLOP *** [Jh Jc Jd]
aremom4e: bets $3
kaputnikoff: calls $3
*** TURN *** [Jh Jc Jd] [3h]
aremom4e: bets $6
kaputnikoff: calls $6
*** RIVER *** [Jh Jc Jd 3h] [Qd]
aremom4e: bets $6
kaputnikoff: calls $6
*** SHOW DOWN ***
aremom4e: shows [Kc 9s] (three of a kind, Jacks)
kaputnikoff: shows [7c Ah] (three of a kind, Jacks - Ace kicker)
kaputnikoff collected $47.50 from pot
*** SUMMARY ***
Total pot $48 | Rake $0.50
Board [Jh Jc Jd 3h Qd]
Seat 1: kaputnikoff (button) (small blind) showed [7c Ah] and won ($47.50) with three of a kind, Jacks
Seat 2: aremom4e (big blind) showed [Kc 9s] and lost with three of a kind, Jacks


PokerStars Hand #145675661624:  Hold'em Limit ($3/$6 USD) - 2015/12/21 3:37:42 ET
Table 'Pariana' 2-max Seat #2 is the button
Seat 1: kaputnikoff ($127.58 in chips)
Seat 2: aremom4e ($142.82 in chips)
aremom4e: posts small blind $1
kaputnikoff: posts big blind $3
*** HOLE CARDS ***
aremom4e: folds
Uncalled bet ($2) returned to kaputnikoff
kaputnikoff collected $2 from pot
kaputnikoff: doesn't show hand
*** SUMMARY ***
Total pot $2 | Rake $0
Seat 1: kaputnikoff (big blind) collected ($2)
Seat 2: aremom4e (button) (small blind) folded before Flop


PokerStars Hand #145675656925:  Hold'em Limit ($3/$6 USD) - 2015/12/21 3:37:26 ET
Table 'Pariana' 2-max Seat #1 is the button
Seat 1: kaputnikoff ($118.94 in chips)
Seat 2: aremom4e ($151.82 in chips)
kaputnikoff: posts small blind $1
aremom4e: posts big blind $3
*** HOLE CARDS ***
kaputnikoff: raises $3 to $6
aremom4e: calls $3
*** FLOP *** [Kd 7s 8d]
aremom4e: checks
kaputnikoff: bets $3
aremom4e: calls $3
*** TURN *** [Kd 7s 8d] [9s]
aremom4e: checks
kaputnikoff: bets $6
aremom4e: folds
Uncalled bet ($6) returned to kaputnikoff
kaputnikoff collected $17.64 from pot
kaputnikoff: doesn't show hand
*** SUMMARY ***
Total pot $18 | Rake $0.36
Board [Kd 7s 8d 9s]
Seat 1: kaputnikoff (button) (small blind) collected ($17.64)
Seat 2: aremom4e (big blind) folded on the Turn


PokerStars Hand #145675649625:  Hold'em Limit ($3/$6 USD) - 2015/12/21 3:37:02 ET
Table 'Pariana' 2-max Seat #2 is the button
Seat 1: kaputnikoff ($124.94 in chips)
Seat 2: aremom4e ($146.06 in chips)
aremom4e: posts small blind $1
kaputnikoff: posts big blind $3
*** HOLE CARDS ***
aremom4e: raises $3 to $6
kaputnikoff: calls $3
*** FLOP *** [6d 9s Qc]
kaputnikoff: checks
aremom4e: bets $3
kaputnikoff: folds
Uncalled bet ($3) returned to aremom4e
aremom4e collected $11.76 from pot
aremom4e: doesn't show hand
*** SUMMARY ***
Total pot $12 | Rake $0.24
Board [6d 9s Qc]
Seat 1: kaputnikoff (big blind) folded on the Flop
Seat 2: aremom4e (button) (small blind) collected ($11.76)


PokerStars Hand #145675641909:  Hold'em Limit ($3/$6 USD) - 2015/12/21 3:36:36 ET
Table 'Pariana' 2-max Seat #1 is the button
Seat 1: kaputnikoff ($142.94 in chips)
Seat 2: aremom4e ($128.56 in chips)
kaputnikoff: posts small blind $1
aremom4e: posts big blind $3
*** HOLE CARDS ***
kaputnikoff: raises $3 to $6
aremom4e: raises $3 to $9
kaputnikoff: calls $3
*** FLOP *** [7s 5c Kh]
aremom4e: bets $3
kaputnikoff: calls $3
*** TURN *** [7s 5c Kh] [4d]
aremom4e: bets $6
kaputnikoff: calls $6
*** RIVER *** [7s 5c Kh 4d] [Kd]
aremom4e: bets $6
kaputnikoff: folds
Uncalled bet ($6) returned to aremom4e
aremom4e collected $35.50 from pot
aremom4e: doesn't show hand
*** SUMMARY ***
Total pot $36 | Rake $0.50
Board [7s 5c Kh 4d Kd]
Seat 1: kaputnikoff (button) (small blind) folded on the River
Seat 2: aremom4e (big blind) collected ($35.50)


PokerStars Hand #145675675373:  Hold'em Limit ($3/$6 USD) - 2015/12/21 3:38:27 ET
Table 'Pariana' 2-max Seat #2 is the button
Seat 1: kaputnikoff ($137.22 in chips)
Seat 2: aremom4e ($132.82 in chips)
aremom4e: posts small blind $1
kaputnikoff: posts big blind $3
*** HOLE CARDS ***
aremom4e: raises $3 to $6
kaputnikoff: calls $3
*** FLOP *** [Jd 9h 7s]
kaputnikoff: checks
aremom4e: bets $3
kaputnikoff: calls $3
*** TURN *** [Jd 9h 7s] [Th]
kaputnikoff: checks
aremom4e: checks
*** RIVER *** [Jd 9h 7s Th] [Ah]
kaputnikoff: checks
aremom4e: bets $6
kaputnikoff: folds
Uncalled bet ($6) returned to aremom4e
aremom4e collected $17.64 from pot
aremom4e: doesn't show hand
*** SUMMARY ***
Total pot $18 | Rake $0.36
Board [Jd 9h 7s Th Ah]
Seat 1: kaputnikoff (big blind) folded on the River
Seat 2: aremom4e (button) (small blind) collected ($17.64)


PokerStars Hand #145675667380:  Hold'em Limit ($3/$6 USD) - 2015/12/21 3:38:00 ET
Table 'Pariana' 2-max Seat #1 is the button
Seat 1: kaputnikoff ($128.58 in chips)
Seat 2: aremom4e ($141.82 in chips)
kaputnikoff: posts small blind $1
aremom4e: posts big blind $3
*** HOLE CARDS ***
kaputnikoff: raises $3 to $6
aremom4e: calls $3
*** FLOP *** [4h 4d 3c]
aremom4e: checks
kaputnikoff: bets $3
aremom4e: calls $3
*** TURN *** [4h 4d 3c] [As]
aremom4e: checks
kaputnikoff: checks
*** RIVER *** [4h 4d 3c As] [Jd]
aremom4e: checks
kaputnikoff: bets $6
aremom4e: folds
Uncalled bet ($6) returned to kaputnikoff
kaputnikoff collected $17.64 from pot
kaputnikoff: doesn't show hand
*** SUMMARY ***
Total pot $18 | Rake $0.36
Board [4h 4d 3c As Jd]
Seat 1: kaputnikoff (button) (small blind) collected ($17.64)
Seat 2: aremom4e (big blind) folded on the River


PokerStars Hand #145675665784:  Hold'em Limit ($3/$6 USD) - 2015/12/21 3:37:55 ET
Table 'Pariana' 2-max Seat #2 is the button
Seat 1: kaputnikoff ($127.58 in chips)
Seat 2: aremom4e ($142.82 in chips)
aremom4e: posts small blind $1
kaputnikoff: posts big blind $3
*** HOLE CARDS ***
aremom4e: folds
Uncalled bet ($2) returned to kaputnikoff
kaputnikoff collected $2 from pot
kaputnikoff: doesn't show hand
*** SUMMARY ***
Total pot $2 | Rake $0
Seat 1: kaputnikoff (big blind) collected ($2)
Seat 2: aremom4e (button) (small blind) folded before Flop


PokerStars Hand #145675663112:  Hold'em Limit ($3/$6 USD) - 2015/12/21 3:37:46 ET
Table 'Pariana' 2-max Seat #1 is the button
Seat 1: kaputnikoff ($128.58 in chips)
Seat 2: aremom4e ($141.82 in chips)
kaputnikoff: posts small blind $1
aremom4e: posts big blind $3
*** HOLE CARDS ***
kaputnikoff: folds
Uncalled bet ($2) returned to aremom4e
aremom4e collected $2 from pot
aremom4e: doesn't show hand
*** SUMMARY ***
Total pot $2 | Rake $0
Seat 1: kaputnikoff (button) (small blind) folded before Flop
Seat 2: aremom4e (big blind) collected ($2)


PokerStars Hand #145675686790:  Hold'em Limit ($3/$6 USD) - 2015/12/21 3:39:05 ET
Table 'Pariana' 2-max Seat #2 is the button
Seat 1: kaputnikoff ($133.98 in chips)
Seat 2: aremom4e ($135.46 in chips)
aremom4e: posts small blind $1
kaputnikoff: posts big blind $3
*** HOLE CARDS ***
aremom4e: raises $3 to $6
kaputnikoff: calls $3
*** FLOP *** [5h Ah 4d]
kaputnikoff: checks
aremom4e: bets $3
kaputnikoff: calls $3
*** TURN *** [5h Ah 4d] [Qc]
kaputnikoff: checks
aremom4e: bets $6
kaputnikoff: calls $6
*** RIVER *** [5h Ah 4d Qc] [Ks]
kaputnikoff: checks
aremom4e: checks
*** SHOW DOWN ***
kaputnikoff: shows [Td Kh] (a pair of Kings)
aremom4e: shows [8s Ad] (a pair of Aces)
aremom4e collected $29.50 from pot
*** SUMMARY ***
Total pot $30 | Rake $0.50
Board [5h Ah 4d Qc Ks]
Seat 1: kaputnikoff (big blind) showed [Td Kh] and lost with a pair of Kings
Seat 2: aremom4e (button) (small blind) showed [8s Ad] and won ($29.50) with a pair of Aces


PokerStars Hand #145675683280:  Hold'em Limit ($3/$6 USD) - 2015/12/21 3:38:53 ET
Table 'Pariana' 2-max Seat #1 is the button
Seat 1: kaputnikoff ($128.22 in chips)
Seat 2: aremom4e ($141.46 in chips)
kaputnikoff: posts small blind $1
aremom4e: posts big blind $3
*** HOLE CARDS ***
kaputnikoff: raises $3 to $6
aremom4e: calls $3
*** FLOP *** [7c 4s 6d]
aremom4e: checks
kaputnikoff: bets $3
aremom4e: folds
Uncalled bet ($3) returned to kaputnikoff
kaputnikoff collected $11.76 from pot
kaputnikoff: doesn't show hand
*** SUMMARY ***
Total pot $12 | Rake $0.24
Board [7c 4s 6d]
Seat 1: kaputnikoff (button) (small blind) collected ($11.76)
Seat 2: aremom4e (big blind) folded on the Flop


PokerStars Hand #145675713690:  Hold'em Limit ($3/$6 USD) - 2015/12/21 3:40:34 ET
Table 'Pariana' 2-max Seat #1 is the button
Seat 1: kaputnikoff ($128.48 in chips)
Seat 2: aremom4e ($139.12 in chips)
kaputnikoff: posts small blind $1
aremom4e: posts big blind $3
*** HOLE CARDS ***
kaputnikoff: raises $3 to $6
aremom4e: folds
Uncalled bet ($3) returned to kaputnikoff
kaputnikoff collected $6 from pot
kaputnikoff: doesn't show hand
*** SUMMARY ***
Total pot $6 | Rake $0
Seat 1: kaputnikoff (button) (small blind) collected ($6)
Seat 2: aremom4e (big blind) folded before Flop


PokerStars Hand #145675712151:  Hold'em Limit ($3/$6 USD) - 2015/12/21 3:40:29 ET
Table 'Pariana' 2-max Seat #2 is the button
Seat 1: kaputnikoff ($127.48 in chips)
Seat 2: aremom4e ($140.12 in chips)
aremom4e: posts small blind $1
kaputnikoff: posts big blind $3
*** HOLE CARDS ***
aremom4e: folds
Uncalled bet ($2) returned to kaputnikoff
kaputnikoff collected $2 from pot
kaputnikoff: doesn't show hand
*** SUMMARY ***
Total pot $2 | Rake $0
Seat 1: kaputnikoff (big blind) collected ($2)
Seat 2: aremom4e (button) (small blind) folded before Flop


PokerStars Hand #145675708778:  Hold'em Limit ($3/$6 USD) - 2015/12/21 3:40:18 ET
Table 'Pariana' 2-max Seat #1 is the button
Seat 1: kaputnikoff ($136.48 in chips)
Seat 2: aremom4e ($131.48 in chips)
kaputnikoff: posts small blind $1
aremom4e: posts big blind $3
*** HOLE CARDS ***
kaputnikoff: raises $3 to $6
aremom4e: raises $3 to $9
kaputnikoff: calls $3
*** FLOP *** [2s Ad Jc]
aremom4e: bets $3
kaputnikoff: folds
Uncalled bet ($3) returned to aremom4e
aremom4e collected $17.64 from pot
aremom4e: doesn't show hand
*** SUMMARY ***
Total pot $18 | Rake $0.36
Board [2s Ad Jc]
Seat 1: kaputnikoff (button) (small blind) folded on the Flop
Seat 2: aremom4e (big blind) collected ($17.64)


PokerStars Hand #145675702409:  Hold'em Limit ($3/$6 USD) - 2015/12/21 3:39:57 ET
Table 'Pariana' 2-max Seat #2 is the button
Seat 1: kaputnikoff ($106.98 in chips)
Seat 2: aremom4e ($161.48 in chips)
aremom4e: posts small blind $1
kaputnikoff: posts big blind $3
*** HOLE CARDS ***
aremom4e: raises $3 to $6
kaputnikoff: raises $3 to $9
aremom4e: calls $3
*** FLOP *** [3c 5s 3s]
kaputnikoff: bets $3
aremom4e: calls $3
*** TURN *** [3c 5s 3s] [4c]
kaputnikoff: bets $6
aremom4e: raises $6 to $12
kaputnikoff: calls $6
*** RIVER *** [3c 5s 3s 4c] [7s]
kaputnikoff: bets $6
aremom4e: calls $6
*** SHOW DOWN ***
kaputnikoff: shows [8h 6h] (a straight, Four to Eight)
aremom4e: mucks hand
kaputnikoff collected $59.50 from pot
*** SUMMARY ***
Total pot $60 | Rake $0.50
Board [3c 5s 3s 4c 7s]
Seat 1: kaputnikoff (big blind) showed [8h 6h] and won ($59.50) with a straight, Four to Eight
Seat 2: aremom4e (button) (small blind) mucked


PokerStars Hand #145675696579:  Hold'em Limit ($3/$6 USD) - 2015/12/21 3:39:38 ET
Table 'Pariana' 2-max Seat #1 is the button
Seat 1: kaputnikoff ($118.98 in chips)
Seat 2: aremom4e ($149.96 in chips)
kaputnikoff: posts small blind $1
aremom4e: posts big blind $3
*** HOLE CARDS ***
kaputnikoff: raises $3 to $6
aremom4e: raises $3 to $9
kaputnikoff: calls $3
*** FLOP *** [4d 8c Kc]
aremom4e: bets $3
kaputnikoff: calls $3
*** TURN *** [4d 8c Kc] [Ah]
aremom4e: bets $6
kaputnikoff: folds
Uncalled bet ($6) returned to aremom4e
aremom4e collected $23.52 from pot
aremom4e: doesn't show hand
*** SUMMARY ***
Total pot $24 | Rake $0.48
Board [4d 8c Kc Ah]
Seat 1: kaputnikoff (button) (small blind) folded on the Turn
Seat 2: aremom4e (big blind) collected ($23.52)


PokerStars Hand #145675719072:  Hold'em Limit ($3/$6 USD) - 2015/12/21 3:40:51 ET
Table 'Pariana' 2-max Seat #2 is the button
Seat 1: kaputnikoff ($131.48 in chips)
Seat 2: aremom4e ($136.12 in chips)
aremom4e: posts small blind $1
kaputnikoff: posts big blind $3
*** HOLE CARDS ***
aremom4e: raises $3 to $6
kaputnikoff: calls $3
*** FLOP *** [Qd 9s 4s]
kaputnikoff: checks
aremom4e: bets $3
kaputnikoff: calls $3
*** TURN *** [Qd 9s 4s] [6c]
kaputnikoff: checks
aremom4e: bets $6
kaputnikoff: calls $6
*** RIVER *** [Qd 9s 4s 6c] [Ts]
kaputnikoff: checks
aremom4e: checks
*** SHOW DOWN ***
kaputnikoff: shows [4h 3h] (a pair of Fours)
aremom4e: shows [9c 2c] (a pair of Nines)
aremom4e collected $29.50 from pot
*** SUMMARY ***
Total pot $30 | Rake $0.50
Board [Qd 9s 4s 6c Ts]
Seat 1: kaputnikoff (big blind) showed [4h 3h] and lost with a pair of Fours
Seat 2: aremom4e (button) (small blind) showed [9c 2c] and won ($29.50) with a pair of Nines


PokerStars Hand #145675733603:  Hold'em Limit ($3/$6 USD) - 2015/12/21 3:41:39 ET
Table 'Pariana' 2-max Seat #1 is the button
Seat 1: kaputnikoff ($116.48 in chips)
Seat 2: aremom4e ($150.62 in chips)
kaputnikoff: posts small blind $1
aremom4e: posts big blind $3
*** HOLE CARDS ***
kaputnikoff: raises $3 to $6
aremom4e: calls $3
*** FLOP *** [Qc 5s Ks]
aremom4e: checks
kaputnikoff: checks
*** TURN *** [Qc 5s Ks] [Kh]
aremom4e: checks
kaputnikoff: bets $6
aremom4e: calls $6
*** RIVER *** [Qc 5s Ks Kh] [7d]
aremom4e: checks
kaputnikoff: bets $6
aremom4e: calls $6
*** SHOW DOWN ***
kaputnikoff: shows [3d Qs] (two pair, Kings and Queens)
aremom4e: mucks hand
kaputnikoff collected $35.50 from pot
*** SUMMARY ***
Total pot $36 | Rake $0.50
Board [Qc 5s Ks Kh 7d]
Seat 1: kaputnikoff (button) (small blind) showed [3d Qs] and won ($35.50) with two pair, Kings and Queens
Seat 2: aremom4e (big blind) mucked


PokerStars Hand #145675741836:  Hold'em Limit ($3/$6 USD) - 2015/12/21 3:42:05 ET
Table 'Pariana' 2-max Seat #2 is the button
Seat 1: kaputnikoff ($133.98 in chips)
Seat 2: aremom4e ($132.62 in chips)
aremom4e: posts small blind $1
kaputnikoff: posts big blind $3
*** HOLE CARDS ***
aremom4e: folds
Uncalled bet ($2) returned to kaputnikoff
kaputnikoff collected $2 from pot
kaputnikoff: doesn't show hand
*** SUMMARY ***
Total pot $2 | Rake $0
Seat 1: kaputnikoff (big blind) collected ($2)
Seat 2: aremom4e (button) (small blind) folded before Flop


PokerStars Hand #145675743290:  Hold'em Limit ($3/$6 USD) - 2015/12/21 3:42:10 ET
Table 'Pariana' 2-max Seat #1 is the button
Seat 1: kaputnikoff ($134.98 in chips)
Seat 2: aremom4e ($131.62 in chips)
kaputnikoff: posts small blind $1
aremom4e: posts big blind $3
*** HOLE CARDS ***
kaputnikoff: raises $3 to $6
aremom4e: raises $3 to $9
kaputnikoff: calls $3
*** FLOP *** [Qh 8c Jc]
aremom4e: bets $3
kaputnikoff: calls $3
*** TURN *** [Qh 8c Jc] [5s]
aremom4e: bets $6
kaputnikoff: raises $6 to $12
aremom4e: calls $6
*** RIVER *** [Qh 8c Jc 5s] [2h]
aremom4e: checks
kaputnikoff: bets $6
aremom4e: folds
Uncalled bet ($6) returned to kaputnikoff
kaputnikoff collected $47.50 from pot
kaputnikoff: doesn't show hand
*** SUMMARY ***
Total pot $48 | Rake $0.50
Board [Qh 8c Jc 5s 2h]
Seat 1: kaputnikoff (button) (small blind) collected ($47.50)
Seat 2: aremom4e (big blind) folded on the River


PokerStars Hand #145675750689:  Hold'em Limit ($3/$6 USD) - 2015/12/21 3:42:34 ET
Table 'Pariana' 2-max Seat #2 is the button
Seat 1: kaputnikoff ($158.48 in chips)
Seat 2: aremom4e ($107.62 in chips)
aremom4e: posts small blind $1
kaputnikoff: posts big blind $3
*** HOLE CARDS ***
aremom4e: raises $3 to $6
kaputnikoff: folds
Uncalled bet ($3) returned to aremom4e
aremom4e collected $6 from pot
aremom4e: doesn't show hand
*** SUMMARY ***
Total pot $6 | Rake $0
Seat 1: kaputnikoff (big blind) folded before Flop
Seat 2: aremom4e (button) (small blind) collected ($6)


PokerStars Hand #145675753542:  Hold'em Limit ($3/$6 USD) - 2015/12/21 3:42:43 ET
Table 'Pariana' 2-max Seat #1 is the button
Seat 1: kaputnikoff ($155.48 in chips)
Seat 2: aremom4e ($110.62 in chips)
kaputnikoff: posts small blind $1
aremom4e: posts big blind $3
*** HOLE CARDS ***
kaputnikoff: raises $3 to $6
aremom4e: raises $3 to $9
kaputnikoff: calls $3
*** FLOP *** [3c Ad 8d]
aremom4e: bets $3
kaputnikoff: calls $3
*** TURN *** [3c Ad 8d] [4h]
aremom4e: bets $6
kaputnikoff: raises $6 to $12
aremom4e: folds
Uncalled bet ($6) returned to kaputnikoff
kaputnikoff collected $35.50 from pot
kaputnikoff: doesn't show hand
*** SUMMARY ***
Total pot $36 | Rake $0.50
Board [3c Ad 8d 4h]
Seat 1: kaputnikoff (button) (small blind) collected ($35.50)
Seat 2: aremom4e (big blind) folded on the Turn


PokerStars Hand #145675764223:  Hold'em Limit ($3/$6 USD) - 2015/12/21 3:43:18 ET
Table 'Pariana' 2-max Seat #1 is the button
Seat 1: kaputnikoff ($173.98 in chips)
Seat 2: aremom4e ($91.62 in chips)
kaputnikoff: posts small blind $1
aremom4e: posts big blind $3
*** HOLE CARDS ***
kaputnikoff: raises $3 to $6
aremom4e: folds
Uncalled bet ($3) returned to kaputnikoff
kaputnikoff collected $6 from pot
kaputnikoff: doesn't show hand
*** SUMMARY ***
Total pot $6 | Rake $0
Seat 1: kaputnikoff (button) (small blind) collected ($6)
Seat 2: aremom4e (big blind) folded before Flop


PokerStars Hand #145675762826:  Hold'em Limit ($3/$6 USD) - 2015/12/21 3:43:13 ET
Table 'Pariana' 2-max Seat #2 is the button
Seat 1: kaputnikoff ($172.98 in chips)
Seat 2: aremom4e ($92.62 in chips)
aremom4e: posts small blind $1
kaputnikoff: posts big blind $3
*** HOLE CARDS ***
aremom4e: folds
Uncalled bet ($2) returned to kaputnikoff
kaputnikoff collected $2 from pot
kaputnikoff: doesn't show hand
*** SUMMARY ***
Total pot $2 | Rake $0
Seat 1: kaputnikoff (big blind) collected ($2)
Seat 2: aremom4e (button) (small blind) folded before Flop


PokerStars Hand #145675766111:  Hold'em Limit ($3/$6 USD) - 2015/12/21 3:43:24 ET
Table 'Pariana' 2-max Seat #2 is the button
Seat 1: kaputnikoff ($176.98 in chips)
Seat 2: aremom4e ($88.62 in chips)
aremom4e: posts small blind $1
kaputnikoff: posts big blind $3
*** HOLE CARDS ***
aremom4e: raises $3 to $6
kaputnikoff: calls $3
*** FLOP *** [Kh Qd 8h]
kaputnikoff: checks
aremom4e: bets $3
kaputnikoff: calls $3
*** TURN *** [Kh Qd 8h] [Qc]
kaputnikoff: checks
aremom4e: checks
*** RIVER *** [Kh Qd 8h Qc] [3c]
kaputnikoff: checks
aremom4e: checks
*** SHOW DOWN ***
kaputnikoff: shows [2s Ah] (a pair of Queens)
aremom4e: shows [8c 9s] (two pair, Queens and Eights)
aremom4e collected $17.64 from pot
*** SUMMARY ***
Total pot $18 | Rake $0.36
Board [Kh Qd 8h Qc 3c]
Seat 1: kaputnikoff (big blind) showed [2s Ah] and lost with a pair of Queens
Seat 2: aremom4e (button) (small blind) showed [8c 9s] and won ($17.64) with two pair, Queens and Eights


PokerStars Hand #145675773358:  Hold'em Limit ($3/$6 USD) - 2015/12/21 3:43:47 ET
Table 'Pariana' 2-max Seat #1 is the button
Seat 1: kaputnikoff ($167.98 in chips)
Seat 2: aremom4e ($97.26 in chips)
kaputnikoff: posts small blind $1
aremom4e: posts big blind $3
*** HOLE CARDS ***
kaputnikoff: raises $3 to $6
aremom4e: calls $3
*** FLOP *** [Th Ad Kh]
aremom4e: checks
kaputnikoff: bets $3
aremom4e: folds
Uncalled bet ($3) returned to kaputnikoff
kaputnikoff collected $11.76 from pot
kaputnikoff: doesn't show hand
*** SUMMARY ***
Total pot $12 | Rake $0.24
Board [Th Ad Kh]
Seat 1: kaputnikoff (button) (small blind) collected ($11.76)
Seat 2: aremom4e (big blind) folded on the Flop


PokerStars Hand #145675777098:  Hold'em Limit ($3/$6 USD) - 2015/12/21 3:43:59 ET
Table 'Pariana' 2-max Seat #2 is the button
Seat 1: kaputnikoff ($173.74 in chips)
Seat 2: aremom4e ($91.26 in chips)
aremom4e: posts small blind $1
kaputnikoff: posts big blind $3
*** HOLE CARDS ***
aremom4e: calls $2
kaputnikoff: checks
*** FLOP *** [Js Ad 7h]
kaputnikoff: checks
aremom4e: bets $3
kaputnikoff: folds
Uncalled bet ($3) returned to aremom4e
aremom4e collected $5.88 from pot
aremom4e: doesn't show hand
*** SUMMARY ***
Total pot $6 | Rake $0.12
Board [Js Ad 7h]
Seat 1: kaputnikoff (big blind) folded on the Flop
Seat 2: aremom4e (button) (small blind) collected ($5.88)


PokerStars Hand #145675782122:  Hold'em Limit ($3/$6 USD) - 2015/12/21 3:44:15 ET
Table 'Pariana' 2-max Seat #1 is the button
Seat 1: kaputnikoff ($170.74 in chips)
Seat 2: aremom4e ($94.14 in chips)
kaputnikoff: posts small blind $1
aremom4e: posts big blind $3
*** HOLE CARDS ***
kaputnikoff: raises $3 to $6
aremom4e: calls $3
*** FLOP *** [3h 2c 3d]
aremom4e: checks
kaputnikoff: bets $3
aremom4e: folds
Uncalled bet ($3) returned to kaputnikoff
kaputnikoff collected $11.76 from pot
kaputnikoff: doesn't show hand
*** SUMMARY ***
Total pot $12 | Rake $0.24
Board [3h 2c 3d]
Seat 1: kaputnikoff (button) (small blind) collected ($11.76)
Seat 2: aremom4e (big blind) folded on the Flop


PokerStars Hand #145675787943:  Hold'em Limit ($3/$6 USD) - 2015/12/21 3:44:34 ET
Table 'Pariana' 2-max Seat #2 is the button
Seat 1: kaputnikoff ($176.50 in chips)
Seat 2: aremom4e ($88.14 in chips)
aremom4e: posts small blind $1
kaputnikoff: posts big blind $3
*** HOLE CARDS ***
aremom4e: raises $3 to $6
kaputnikoff: calls $3
*** FLOP *** [5d 5s 6d]
kaputnikoff: checks
aremom4e: bets $3
kaputnikoff: raises $3 to $6
aremom4e: calls $3
*** TURN *** [5d 5s 6d] [Ad]
kaputnikoff: bets $6
aremom4e: calls $6
*** RIVER *** [5d 5s 6d Ad] [2d]
kaputnikoff: checks
aremom4e: checks
*** SHOW DOWN ***
kaputnikoff: shows [7h 4d] (a flush, Ace high)
aremom4e: mucks hand
kaputnikoff collected $35.50 from pot
*** SUMMARY ***
Total pot $36 | Rake $0.50
Board [5d 5s 6d Ad 2d]
Seat 1: kaputnikoff (big blind) showed [7h 4d] and won ($35.50) with a flush, Ace high
Seat 2: aremom4e (button) (small blind) mucked


PokerStars Hand #145675802742:  Hold'em Limit ($3/$6 USD) - 2015/12/21 3:45:21 ET
Table 'Pariana' 2-max Seat #2 is the button
Seat 1: kaputnikoff ($205.52 in chips)
Seat 2: aremom4e ($58.14 in chips)
aremom4e: posts small blind $1
kaputnikoff: posts big blind $3
*** HOLE CARDS ***
aremom4e: folds
Uncalled bet ($2) returned to kaputnikoff
kaputnikoff collected $2 from pot
kaputnikoff: doesn't show hand
*** SUMMARY ***
Total pot $2 | Rake $0
Seat 1: kaputnikoff (big blind) collected ($2)
Seat 2: aremom4e (button) (small blind) folded before Flop


PokerStars Hand #145675796612:  Hold'em Limit ($3/$6 USD) - 2015/12/21 3:45:01 ET
Table 'Pariana' 2-max Seat #1 is the button
Seat 1: kaputnikoff ($194 in chips)
Seat 2: aremom4e ($70.14 in chips)
kaputnikoff: posts small blind $1
aremom4e: posts big blind $3
*** HOLE CARDS ***
kaputnikoff: raises $3 to $6
aremom4e: raises $3 to $9
kaputnikoff: calls $3
*** FLOP *** [7s 4c Kd]
aremom4e: bets $3
kaputnikoff: calls $3
*** TURN *** [7s 4c Kd] [9c]
aremom4e: checks
kaputnikoff: bets $6
aremom4e: folds
Uncalled bet ($6) returned to kaputnikoff
kaputnikoff collected $23.52 from pot
kaputnikoff: doesn't show hand
*** SUMMARY ***
Total pot $24 | Rake $0.48
Board [7s 4c Kd 9c]
Seat 1: kaputnikoff (button) (small blind) collected ($23.52)
Seat 2: aremom4e (big blind) folded on the Turn


PokerStars Hand #145675804261:  Hold'em Limit ($3/$6 USD) - 2015/12/21 3:45:26 ET
Table 'Pariana' 2-max Seat #1 is the button
Seat 1: kaputnikoff ($206.52 in chips)
Seat 2: aremom4e ($57.14 in chips)
kaputnikoff: posts small blind $1
aremom4e: posts big blind $3
*** HOLE CARDS ***
kaputnikoff: raises $3 to $6
aremom4e: raises $3 to $9
kaputnikoff: calls $3
*** FLOP *** [4h 5c 9c]
aremom4e: bets $3
kaputnikoff: calls $3
*** TURN *** [4h 5c 9c] [Kc]
aremom4e: bets $6
kaputnikoff: calls $6
*** RIVER *** [4h 5c 9c Kc] [2s]
aremom4e: bets $6
kaputnikoff: folds
Uncalled bet ($6) returned to aremom4e
aremom4e collected $35.50 from pot
aremom4e: doesn't show hand
*** SUMMARY ***
Total pot $36 | Rake $0.50
Board [4h 5c 9c Kc 2s]
Seat 1: kaputnikoff (button) (small blind) folded on the River
Seat 2: aremom4e (big blind) collected ($35.50)


PokerStars Hand #145675812588:  Hold'em Limit ($3/$6 USD) - 2015/12/21 3:45:52 ET
Table 'Pariana' 2-max Seat #2 is the button
Seat 1: kaputnikoff ($188.52 in chips)
Seat 2: aremom4e ($74.64 in chips)
aremom4e: posts small blind $1
kaputnikoff: posts big blind $3
*** HOLE CARDS ***
aremom4e: raises $3 to $6
kaputnikoff: calls $3
*** FLOP *** [Ks 3s Jh]
kaputnikoff: checks
aremom4e: bets $3
kaputnikoff: calls $3
*** TURN *** [Ks 3s Jh] [6c]
kaputnikoff: checks
aremom4e: bets $6
kaputnikoff: calls $6
*** RIVER *** [Ks 3s Jh 6c] [2c]
kaputnikoff: checks
aremom4e: bets $6
kaputnikoff: calls $6
*** SHOW DOWN ***
aremom4e: shows [Ts Kd] (a pair of Kings)
kaputnikoff: mucks hand
aremom4e collected $41.50 from pot
*** SUMMARY ***
Total pot $42 | Rake $0.50
Board [Ks 3s Jh 6c 2c]
Seat 1: kaputnikoff (big blind) mucked
Seat 2: aremom4e (button) (small blind) showed [Ts Kd] and won ($41.50) with a pair of Kings


PokerStars Hand #145675821493:  Hold'em Limit ($3/$6 USD) - 2015/12/21 3:46:20 ET
Table 'Pariana' 2-max Seat #1 is the button
Seat 1: kaputnikoff ($167.52 in chips)
Seat 2: aremom4e ($95.14 in chips)
kaputnikoff: posts small blind $1
aremom4e: posts big blind $3
*** HOLE CARDS ***
kaputnikoff: folds
Uncalled bet ($2) returned to aremom4e
aremom4e collected $2 from pot
aremom4e: doesn't show hand
*** SUMMARY ***
Total pot $2 | Rake $0
Seat 1: kaputnikoff (button) (small blind) folded before Flop
Seat 2: aremom4e (big blind) collected ($2)


PokerStars Hand #145675823682:  Hold'em Limit ($3/$6 USD) - 2015/12/21 3:46:27 ET
Table 'Pariana' 2-max Seat #2 is the button
Seat 1: kaputnikoff ($166.52 in chips)
Seat 2: aremom4e ($96.14 in chips)
aremom4e: posts small blind $1
kaputnikoff: posts big blind $3
*** HOLE CARDS ***
aremom4e: raises $3 to $6
kaputnikoff: calls $3
*** FLOP *** [7d Kd 3s]
kaputnikoff: checks
aremom4e: bets $3
kaputnikoff: raises $3 to $6
aremom4e: calls $3
*** TURN *** [7d Kd 3s] [8s]
kaputnikoff: bets $6
aremom4e: calls $6
*** RIVER *** [7d Kd 3s 8s] [Qh]
kaputnikoff: checks
aremom4e: checks
*** SHOW DOWN ***
kaputnikoff: shows [4d Jc] (high card King)
aremom4e: shows [7c 9c] (a pair of Sevens)
aremom4e collected $35.50 from pot
*** SUMMARY ***
Total pot $36 | Rake $0.50
Board [7d Kd 3s 8s Qh]
Seat 1: kaputnikoff (big blind) showed [4d Jc] and lost with high card King
Seat 2: aremom4e (button) (small blind) showed [7c 9c] and won ($35.50) with a pair of Sevens


PokerStars Hand #145675831023:  Hold'em Limit ($3/$6 USD) - 2015/12/21 3:46:51 ET
Table 'Pariana' 2-max Seat #1 is the button
Seat 1: kaputnikoff ($148.52 in chips)
Seat 2: aremom4e ($113.64 in chips)
kaputnikoff: posts small blind $1
aremom4e: posts big blind $3
*** HOLE CARDS ***
kaputnikoff: raises $3 to $6
aremom4e: calls $3
*** FLOP *** [6s Qd 9s]
aremom4e: checks
kaputnikoff: bets $3
aremom4e: raises $3 to $6
kaputnikoff: folds
Uncalled bet ($3) returned to aremom4e
aremom4e collected $17.64 from pot
aremom4e: doesn't show hand
*** SUMMARY ***
Total pot $18 | Rake $0.36
Board [6s Qd 9s]
Seat 1: kaputnikoff (button) (small blind) folded on the Flop
Seat 2: aremom4e (big blind) collected ($17.64)


PokerStars Hand #145675834819:  Hold'em Limit ($3/$6 USD) - 2015/12/21 3:47:03 ET
Table 'Pariana' 2-max Seat #2 is the button
Seat 1: kaputnikoff ($139.52 in chips)
Seat 2: aremom4e ($122.28 in chips)
aremom4e: posts small blind $1
kaputnikoff: posts big blind $3
*** HOLE CARDS ***
aremom4e: raises $3 to $6
kaputnikoff: raises $3 to $9
aremom4e: calls $3
*** FLOP *** [9c Jh 8c]
kaputnikoff: bets $3
aremom4e: folds
Uncalled bet ($3) returned to kaputnikoff
kaputnikoff collected $17.64 from pot
kaputnikoff: doesn't show hand
*** SUMMARY ***
Total pot $18 | Rake $0.36
Board [9c Jh 8c]
Seat 1: kaputnikoff (big blind) collected ($17.64)
Seat 2: aremom4e (button) (small blind) folded on the Flop


PokerStars Hand #145675838025:  Hold'em Limit ($3/$6 USD) - 2015/12/21 3:47:13 ET
Table 'Pariana' 2-max Seat #1 is the button
Seat 1: kaputnikoff ($148.16 in chips)
Seat 2: aremom4e ($113.28 in chips)
kaputnikoff: posts small blind $1
aremom4e: posts big blind $3
*** HOLE CARDS ***
kaputnikoff: raises $3 to $6
aremom4e: calls $3
*** FLOP *** [4s 4c 7c]
aremom4e: checks
kaputnikoff: bets $3
aremom4e: folds
Uncalled bet ($3) returned to kaputnikoff
kaputnikoff collected $11.76 from pot
kaputnikoff: doesn't show hand
*** SUMMARY ***
Total pot $12 | Rake $0.24
Board [4s 4c 7c]
Seat 1: kaputnikoff (button) (small blind) collected ($11.76)
Seat 2: aremom4e (big blind) folded on the Flop


PokerStars Hand #145675841989:  Hold'em Limit ($3/$6 USD) - 2015/12/21 3:47:26 ET
Table 'Pariana' 2-max Seat #2 is the button
Seat 1: kaputnikoff ($153.92 in chips)
Seat 2: aremom4e ($107.28 in chips)
aremom4e: posts small blind $1
kaputnikoff: posts big blind $3
*** HOLE CARDS ***
aremom4e: raises $3 to $6
kaputnikoff: calls $3
*** FLOP *** [6d 2c Qs]
kaputnikoff: checks
aremom4e: bets $3
kaputnikoff: calls $3
*** TURN *** [6d 2c Qs] [Ah]
kaputnikoff: checks
aremom4e: checks
*** RIVER *** [6d 2c Qs Ah] [7c]
kaputnikoff: checks
aremom4e: checks
*** SHOW DOWN ***
kaputnikoff: shows [8s Kh] (high card Ace)
aremom4e: shows [7s Jh] (a pair of Sevens)
aremom4e collected $17.64 from pot
*** SUMMARY ***
Total pot $18 | Rake $0.36
Board [6d 2c Qs Ah 7c]
Seat 1: kaputnikoff (big blind) showed [8s Kh] and lost with high card Ace
Seat 2: aremom4e (button) (small blind) showed [7s Jh] and won ($17.64) with a pair of Sevens


PokerStars Hand #145675847763:  Hold'em Limit ($3/$6 USD) - 2015/12/21 3:47:44 ET
Table 'Pariana' 2-max Seat #1 is the button
Seat 1: kaputnikoff ($144.92 in chips)
Seat 2: aremom4e ($115.92 in chips)
kaputnikoff: posts small blind $1
aremom4e: posts big blind $3
*** HOLE CARDS ***
kaputnikoff: raises $3 to $6
aremom4e: calls $3
*** FLOP *** [9d 7h 9s]
aremom4e: checks
kaputnikoff: bets $3
aremom4e: folds
Uncalled bet ($3) returned to kaputnikoff
kaputnikoff collected $11.76 from pot
kaputnikoff: doesn't show hand
*** SUMMARY ***
Total pot $12 | Rake $0.24
Board [9d 7h 9s]
Seat 1: kaputnikoff (button) (small blind) collected ($11.76)
Seat 2: aremom4e (big blind) folded on the Flop


PokerStars Hand #145675851016:  Hold'em Limit ($3/$6 USD) - 2015/12/21 3:47:55 ET
Table 'Pariana' 2-max Seat #2 is the button
Seat 1: kaputnikoff ($150.68 in chips)
Seat 2: aremom4e ($109.92 in chips)
aremom4e: posts small blind $1
kaputnikoff: posts big blind $3
*** HOLE CARDS ***
aremom4e: raises $3 to $6
kaputnikoff: calls $3
*** FLOP *** [Js Kc 6h]
kaputnikoff: checks
aremom4e: bets $3
kaputnikoff: folds
Uncalled bet ($3) returned to aremom4e
aremom4e collected $11.76 from pot
aremom4e: doesn't show hand
*** SUMMARY ***
Total pot $12 | Rake $0.24
Board [Js Kc 6h]
Seat 1: kaputnikoff (big blind) folded on the Flop
Seat 2: aremom4e (button) (small blind) collected ($11.76)


PokerStars Hand #145675856300:  Hold'em Limit ($3/$6 USD) - 2015/12/21 3:48:11 ET
Table 'Pariana' 2-max Seat #1 is the button
Seat 1: kaputnikoff ($144.68 in chips)
Seat 2: aremom4e ($115.68 in chips)
kaputnikoff: posts small blind $1
aremom4e: posts big blind $3
*** HOLE CARDS ***
kaputnikoff: folds
Uncalled bet ($2) returned to aremom4e
aremom4e collected $2 from pot
aremom4e: doesn't show hand
*** SUMMARY ***
Total pot $2 | Rake $0
Seat 1: kaputnikoff (button) (small blind) folded before Flop
Seat 2: aremom4e (big blind) collected ($2)


PokerStars Hand #145675858485:  Hold'em Limit ($3/$6 USD) - 2015/12/21 3:48:18 ET
Table 'Pariana' 2-max Seat #2 is the button
Seat 1: kaputnikoff ($143.68 in chips)
Seat 2: aremom4e ($116.68 in chips)
aremom4e: posts small blind $1
kaputnikoff: posts big blind $3
*** HOLE CARDS ***
aremom4e: raises $3 to $6
kaputnikoff: calls $3
*** FLOP *** [6d 3c Jc]
kaputnikoff: checks
aremom4e: checks
*** TURN *** [6d 3c Jc] [4c]
kaputnikoff: checks
aremom4e: checks
*** RIVER *** [6d 3c Jc 4c] [Qc]
kaputnikoff: bets $6
aremom4e: folds
Uncalled bet ($6) returned to kaputnikoff
kaputnikoff collected $11.76 from pot
kaputnikoff: doesn't show hand
*** SUMMARY ***
Total pot $12 | Rake $0.24
Board [6d 3c Jc 4c Qc]
Seat 1: kaputnikoff (big blind) collected ($11.76)
Seat 2: aremom4e (button) (small blind) folded on the River


PokerStars Hand #145675872595:  Hold'em Limit ($3/$6 USD) - 2015/12/21 3:49:03 ET
Table 'Pariana' 2-max Seat #2 is the button
Seat 1: kaputnikoff ($134.44 in chips)
Seat 2: aremom4e ($125.18 in chips)
aremom4e: posts small blind $1
kaputnikoff: posts big blind $3
*** HOLE CARDS ***
aremom4e: folds
Uncalled bet ($2) returned to kaputnikoff
kaputnikoff collected $2 from pot
kaputnikoff: doesn't show hand
*** SUMMARY ***
Total pot $2 | Rake $0
Seat 1: kaputnikoff (big blind) collected ($2)
Seat 2: aremom4e (button) (small blind) folded before Flop


PokerStars Hand #145675874159:  Hold'em Limit ($3/$6 USD) - 2015/12/21 3:49:08 ET
Table 'Pariana' 2-max Seat #1 is the button
Seat 1: kaputnikoff ($135.44 in chips)
Seat 2: aremom4e ($124.18 in chips)
kaputnikoff: posts small blind $1
aremom4e: posts big blind $3
*** HOLE CARDS ***
kaputnikoff: raises $3 to $6
aremom4e: calls $3
*** FLOP *** [2h Qc 6c]
aremom4e: checks
kaputnikoff: bets $3
aremom4e: raises $3 to $6
kaputnikoff: folds
Uncalled bet ($3) returned to aremom4e
aremom4e collected $17.64 from pot
aremom4e: doesn't show hand
*** SUMMARY ***
Total pot $18 | Rake $0.36
Board [2h Qc 6c]
Seat 1: kaputnikoff (button) (small blind) folded on the Flop
Seat 2: aremom4e (big blind) collected ($17.64)


PokerStars Hand #145675879490:  Hold'em Limit ($3/$6 USD) - 2015/12/21 3:49:25 ET
Table 'Pariana' 2-max Seat #2 is the button
Seat 1: kaputnikoff ($126.44 in chips)
Seat 2: aremom4e ($132.82 in chips)
aremom4e: posts small blind $1
kaputnikoff: posts big blind $3
*** HOLE CARDS ***
aremom4e: folds
Uncalled bet ($2) returned to kaputnikoff
kaputnikoff collected $2 from pot
kaputnikoff: doesn't show hand
*** SUMMARY ***
Total pot $2 | Rake $0
Seat 1: kaputnikoff (big blind) collected ($2)
Seat 2: aremom4e (button) (small blind) folded before Flop


PokerStars Hand #145675881149:  Hold'em Limit ($3/$6 USD) - 2015/12/21 3:49:31 ET
Table 'Pariana' 2-max Seat #1 is the button
Seat 1: kaputnikoff ($127.44 in chips)
Seat 2: aremom4e ($131.82 in chips)
kaputnikoff: posts small blind $1
aremom4e: posts big blind $3
*** HOLE CARDS ***
kaputnikoff: raises $3 to $6
aremom4e: calls $3
*** FLOP *** [3d 5s Qc]
aremom4e: checks
kaputnikoff: bets $3
aremom4e: folds
Uncalled bet ($3) returned to kaputnikoff
kaputnikoff collected $11.76 from pot
kaputnikoff: doesn't show hand
*** SUMMARY ***
Total pot $12 | Rake $0.24
Board [3d 5s Qc]
Seat 1: kaputnikoff (button) (small blind) collected ($11.76)
Seat 2: aremom4e (big blind) folded on the Flop


PokerStars Hand #145675885026:  Hold'em Limit ($3/$6 USD) - 2015/12/21 3:49:43 ET
Table 'Pariana' 2-max Seat #2 is the button
Seat 1: kaputnikoff ($133.20 in chips)
Seat 2: aremom4e ($125.82 in chips)
aremom4e: posts small blind $1
kaputnikoff: posts big blind $3
*** HOLE CARDS ***
aremom4e: raises $3 to $6
kaputnikoff: folds
Uncalled bet ($3) returned to aremom4e
aremom4e collected $6 from pot
aremom4e: doesn't show hand
*** SUMMARY ***
Total pot $6 | Rake $0
Seat 1: kaputnikoff (big blind) folded before Flop
Seat 2: aremom4e (button) (small blind) collected ($6)


PokerStars Hand #145675864791:  Hold'em Limit ($3/$6 USD) - 2015/12/21 3:48:39 ET
Table 'Pariana' 2-max Seat #1 is the button
Seat 1: kaputnikoff ($149.44 in chips)
Seat 2: aremom4e ($110.68 in chips)
kaputnikoff: posts small blind $1
aremom4e: posts big blind $3
*** HOLE CARDS ***
kaputnikoff: raises $3 to $6
aremom4e: calls $3
*** FLOP *** [Js Jc 3d]
aremom4e: checks
kaputnikoff: bets $3
aremom4e: calls $3
*** TURN *** [Js Jc 3d] [9d]
aremom4e: checks
kaputnikoff: bets $6
aremom4e: calls $6
*** RIVER *** [Js Jc 3d 9d] [Kh]
aremom4e: checks
kaputnikoff: checks
*** SHOW DOWN ***
aremom4e: shows [3h 5h] (two pair, Jacks and Threes)
kaputnikoff: mucks hand
aremom4e collected $29.50 from pot
*** SUMMARY ***
Total pot $30 | Rake $0.50
Board [Js Jc 3d 9d Kh]
Seat 1: kaputnikoff (button) (small blind) mucked
Seat 2: aremom4e (big blind) showed [3h 5h] and won ($29.50) with two pair, Jacks and Threes


PokerStars Hand #145675888678:  Hold'em Limit ($3/$6 USD) - 2015/12/21 3:49:55 ET
Table 'Pariana' 2-max Seat #1 is the button
Seat 1: kaputnikoff ($130.20 in chips)
Seat 2: aremom4e ($128.82 in chips)
kaputnikoff: posts small blind $1
aremom4e: posts big blind $3
*** HOLE CARDS ***
kaputnikoff: raises $3 to $6
aremom4e: calls $3
*** FLOP *** [4c Qs 6h]
aremom4e: checks
kaputnikoff: checks
*** TURN *** [4c Qs 6h] [7s]
aremom4e: bets $6
kaputnikoff: raises $6 to $12
aremom4e: calls $6
*** RIVER *** [4c Qs 6h 7s] [9c]
aremom4e: checks
kaputnikoff: bets $6
aremom4e: calls $6
*** SHOW DOWN ***
kaputnikoff: shows [Qd 2d] (a pair of Queens)
aremom4e: shows [5s Qh] (a pair of Queens)
aremom4e collected $23.75 from pot
kaputnikoff collected $23.75 from pot
*** SUMMARY ***
Total pot $48 | Rake $0.50
Board [4c Qs 6h 7s 9c]
Seat 1: kaputnikoff (button) (small blind) showed [Qd 2d] and won ($23.75) with a pair of Queens
Seat 2: aremom4e (big blind) showed [5s Qh] and won ($23.75) with a pair of Queens


PokerStars Hand #145675894479:  Hold'em Limit ($3/$6 USD) - 2015/12/21 3:50:13 ET
Table 'Pariana' 2-max Seat #2 is the button
Seat 1: kaputnikoff ($129.95 in chips)
Seat 2: aremom4e ($128.57 in chips)
aremom4e: posts small blind $1
kaputnikoff: posts big blind $3
*** HOLE CARDS ***
aremom4e: raises $3 to $6
kaputnikoff: raises $3 to $9
aremom4e: calls $3
*** FLOP *** [6h 6s Qh]
kaputnikoff: bets $3
aremom4e: calls $3
*** TURN *** [6h 6s Qh] [8s]
kaputnikoff: bets $6
aremom4e: calls $6
*** RIVER *** [6h 6s Qh 8s] [Tc]
kaputnikoff: checks
aremom4e: bets $6
kaputnikoff: folds
Uncalled bet ($6) returned to aremom4e
aremom4e collected $35.50 from pot
aremom4e: doesn't show hand
*** SUMMARY ***
Total pot $36 | Rake $0.50
Board [6h 6s Qh 8s Tc]
Seat 1: kaputnikoff (big blind) folded on the River
Seat 2: aremom4e (button) (small blind) collected ($35.50)


PokerStars Hand #145675903072:  Hold'em Limit ($3/$6 USD) - 2015/12/21 3:50:41 ET
Table 'Pariana' 2-max Seat #1 is the button
Seat 1: kaputnikoff ($111.95 in chips)
Seat 2: aremom4e ($146.07 in chips)
kaputnikoff: posts small blind $1
aremom4e: posts big blind $3
*** HOLE CARDS ***
kaputnikoff: raises $3 to $6
aremom4e: calls $3
*** FLOP *** [8h As 8d]
aremom4e: checks
kaputnikoff: bets $3
aremom4e: folds
Uncalled bet ($3) returned to kaputnikoff
kaputnikoff collected $11.76 from pot
kaputnikoff: doesn't show hand
*** SUMMARY ***
Total pot $12 | Rake $0.24
Board [8h As 8d]
Seat 1: kaputnikoff (button) (small blind) collected ($11.76)
Seat 2: aremom4e (big blind) folded on the Flop


PokerStars Hand #145675911955:  Hold'em Limit ($3/$6 USD) - 2015/12/21 3:51:09 ET
Table 'Pariana' 2-max Seat #1 is the button
Seat 1: kaputnikoff ($126.35 in chips)
Seat 2: aremom4e ($131.07 in chips)
kaputnikoff: posts small blind $1
aremom4e: posts big blind $3
*** HOLE CARDS ***
kaputnikoff: folds
Uncalled bet ($2) returned to aremom4e
aremom4e collected $2 from pot
aremom4e: doesn't show hand
*** SUMMARY ***
Total pot $2 | Rake $0
Seat 1: kaputnikoff (button) (small blind) folded before Flop
Seat 2: aremom4e (big blind) collected ($2)


PokerStars Hand #145675906974:  Hold'em Limit ($3/$6 USD) - 2015/12/21 3:50:53 ET
Table 'Pariana' 2-max Seat #2 is the button
Seat 1: kaputnikoff ($117.71 in chips)
Seat 2: aremom4e ($140.07 in chips)
aremom4e: posts small blind $1
kaputnikoff: posts big blind $3
*** HOLE CARDS ***
aremom4e: raises $3 to $6
kaputnikoff: calls $3
*** FLOP *** [Qc 8d 4h]
kaputnikoff: checks
aremom4e: bets $3
kaputnikoff: raises $3 to $6
aremom4e: folds
Uncalled bet ($3) returned to kaputnikoff
kaputnikoff collected $17.64 from pot
kaputnikoff: doesn't show hand
*** SUMMARY ***
Total pot $18 | Rake $0.36
Board [Qc 8d 4h]
Seat 1: kaputnikoff (big blind) collected ($17.64)
Seat 2: aremom4e (button) (small blind) folded on the Flop


PokerStars Hand #145675914335:  Hold'em Limit ($3/$6 USD) - 2015/12/21 3:51:17 ET
Table 'Pariana' 2-max Seat #2 is the button
Seat 1: kaputnikoff ($125.35 in chips)
Seat 2: aremom4e ($132.07 in chips)
aremom4e: posts small blind $1
kaputnikoff: posts big blind $3
*** HOLE CARDS ***
aremom4e: folds
Uncalled bet ($2) returned to kaputnikoff
kaputnikoff collected $2 from pot
kaputnikoff: doesn't show hand
*** SUMMARY ***
Total pot $2 | Rake $0
Seat 1: kaputnikoff (big blind) collected ($2)
Seat 2: aremom4e (button) (small blind) folded before Flop


PokerStars Hand #145675916081:  Hold'em Limit ($3/$6 USD) - 2015/12/21 3:51:22 ET
Table 'Pariana' 2-max Seat #1 is the button
Seat 1: kaputnikoff ($126.35 in chips)
Seat 2: aremom4e ($131.07 in chips)
kaputnikoff: posts small blind $1
aremom4e: posts big blind $3
*** HOLE CARDS ***
kaputnikoff: raises $3 to $6
aremom4e: raises $3 to $9
kaputnikoff: calls $3
*** FLOP *** [Kh 8s Th]
aremom4e: bets $3
kaputnikoff: folds
Uncalled bet ($3) returned to aremom4e
aremom4e collected $17.64 from pot
aremom4e: doesn't show hand
*** SUMMARY ***
Total pot $18 | Rake $0.36
Board [Kh 8s Th]
Seat 1: kaputnikoff (button) (small blind) folded on the Flop
Seat 2: aremom4e (big blind) collected ($17.64)


PokerStars Hand #145675949073:  Hold'em Limit ($3/$6 USD) - 2015/12/21 3:53:07 ET
Table 'Pariana' 2-max Seat #1 is the button
Seat 1: BugerDV ($69 in chips)
Seat 2: aremom4e ($142.71 in chips)
BugerDV: posts small blind $1
aremom4e: posts big blind $3
*** HOLE CARDS ***
BugerDV: raises $3 to $6
aremom4e: calls $3
*** FLOP *** [Js Qc 2d]
aremom4e: checks
BugerDV: bets $3
aremom4e: folds
Uncalled bet ($3) returned to BugerDV
BugerDV collected $11.76 from pot
BugerDV: doesn't show hand
*** SUMMARY ***
Total pot $12 | Rake $0.24
Board [Js Qc 2d]
Seat 1: BugerDV (button) (small blind) collected ($11.76)
Seat 2: aremom4e (big blind) folded on the Flop


PokerStars Hand #145675952462:  Hold'em Limit ($3/$6 USD) - 2015/12/21 3:53:18 ET
Table 'Pariana' 2-max Seat #2 is the button
Seat 1: BugerDV ($74.76 in chips)
Seat 2: aremom4e ($136.71 in chips)
aremom4e: posts small blind $1
BugerDV: posts big blind $3
*** HOLE CARDS ***
aremom4e: raises $3 to $6
BugerDV: calls $3
*** FLOP *** [3s 7c 8d]
BugerDV: checks
aremom4e: bets $3
BugerDV: raises $3 to $6
aremom4e: calls $3
*** TURN *** [3s 7c 8d] [3h]
BugerDV: bets $6
aremom4e: calls $6
*** RIVER *** [3s 7c 8d 3h] [Th]
BugerDV: bets $6
aremom4e: calls $6
*** SHOW DOWN ***
BugerDV: shows [Tc 7d] (two pair, Tens and Sevens)
aremom4e: mucks hand
BugerDV collected $47.50 from pot
*** SUMMARY ***
Total pot $48 | Rake $0.50
Board [3s 7c 8d 3h Th]
Seat 1: BugerDV (big blind) showed [Tc 7d] and won ($47.50) with two pair, Tens and Sevens
Seat 2: aremom4e (button) (small blind) mucked


PokerStars Hand #145675963732:  Hold'em Limit ($3/$6 USD) - 2015/12/21 3:53:54 ET
Table 'Pariana' 2-max Seat #2 is the button
Seat 1: BugerDV ($104.02 in chips)
Seat 2: aremom4e ($106.71 in chips)
aremom4e: posts small blind $1
BugerDV: posts big blind $3
*** HOLE CARDS ***
aremom4e: folds
Uncalled bet ($2) returned to BugerDV
BugerDV collected $2 from pot
BugerDV: doesn't show hand
*** SUMMARY ***
Total pot $2 | Rake $0
Seat 1: BugerDV (big blind) collected ($2)
Seat 2: aremom4e (button) (small blind) folded before Flop


PokerStars Hand #145675958936:  Hold'em Limit ($3/$6 USD) - 2015/12/21 3:53:38 ET
Table 'Pariana' 2-max Seat #1 is the button
Seat 1: BugerDV ($98.26 in chips)
Seat 2: aremom4e ($112.71 in chips)
BugerDV: posts small blind $1
aremom4e: posts big blind $3
*** HOLE CARDS ***
BugerDV: raises $3 to $6
aremom4e: calls $3
*** FLOP *** [8d 8h Ac]
aremom4e: checks
BugerDV: bets $3
aremom4e: folds
Uncalled bet ($3) returned to BugerDV
BugerDV collected $11.76 from pot
BugerDV: doesn't show hand
*** SUMMARY ***
Total pot $12 | Rake $0.24
Board [8d 8h Ac]
Seat 1: BugerDV (button) (small blind) collected ($11.76)
Seat 2: aremom4e (big blind) folded on the Flop


PokerStars Hand #145675945026:  Hold'em Limit ($3/$6 USD) - 2015/12/21 3:52:54 ET
Table 'Pariana' 2-max Seat #2 is the button
Seat 1: BugerDV ($72 in chips)
Seat 2: aremom4e ($139.71 in chips)
aremom4e: posts small blind $1
BugerDV: posts big blind $3
*** HOLE CARDS ***
aremom4e: raises $3 to $6
BugerDV: folds
Uncalled bet ($3) returned to aremom4e
aremom4e collected $6 from pot
aremom4e: doesn't show hand
*** SUMMARY ***
Total pot $6 | Rake $0
Seat 1: BugerDV (big blind) folded before Flop
Seat 2: aremom4e (button) (small blind) collected ($6)


PokerStars Hand #145675965217:  Hold'em Limit ($3/$6 USD) - 2015/12/21 3:53:58 ET
Table 'Pariana' 2-max Seat #1 is the button
Seat 1: BugerDV ($105.02 in chips)
Seat 2: aremom4e ($105.71 in chips)
BugerDV: posts small blind $1
aremom4e: posts big blind $3
*** HOLE CARDS ***
BugerDV: raises $3 to $6
aremom4e: calls $3
*** FLOP *** [8d 7d 4h]
aremom4e: checks
BugerDV: bets $3
aremom4e: calls $3
*** TURN *** [8d 7d 4h] [Jh]
aremom4e: checks
BugerDV: bets $6
aremom4e: raises $6 to $12
BugerDV: raises $6 to $18
aremom4e: calls $6
*** RIVER *** [8d 7d 4h Jh] [9d]
aremom4e: checks
BugerDV: checks
*** SHOW DOWN ***
aremom4e: shows [9s Jc] (two pair, Jacks and Nines)
BugerDV: mucks hand
aremom4e collected $53.50 from pot
*** SUMMARY ***
Total pot $54 | Rake $0.50
Board [8d 7d 4h Jh 9d]
Seat 1: BugerDV (button) (small blind) mucked
Seat 2: aremom4e (big blind) showed [9s Jc] and won ($53.50) with two pair, Jacks and Nines


PokerStars Hand #145675986765:  Hold'em Limit ($3/$6 USD) - 2015/12/21 3:55:07 ET
Table 'Pariana' 2-max Seat #1 is the button
Seat 1: BugerDV ($98.52 in chips)
Seat 2: aremom4e ($111.21 in chips)
BugerDV: posts small blind $1
aremom4e: posts big blind $3
*** HOLE CARDS ***
BugerDV: folds
Uncalled bet ($2) returned to aremom4e
aremom4e collected $2 from pot
aremom4e: doesn't show hand
*** SUMMARY ***
Total pot $2 | Rake $0
Seat 1: BugerDV (button) (small blind) folded before Flop
Seat 2: aremom4e (big blind) collected ($2)


PokerStars Hand #145675976554:  Hold'em Limit ($3/$6 USD) - 2015/12/21 3:54:34 ET
Table 'Pariana' 2-max Seat #2 is the button
Seat 1: BugerDV ($78.02 in chips)
Seat 2: aremom4e ($132.21 in chips)
aremom4e: posts small blind $1
BugerDV: posts big blind $3
*** HOLE CARDS ***
aremom4e: raises $3 to $6
BugerDV: calls $3
*** FLOP *** [Ac 4d 4h]
BugerDV: checks
aremom4e: bets $3
BugerDV: calls $3
*** TURN *** [Ac 4d 4h] [Ks]
BugerDV: checks
aremom4e: bets $6
BugerDV: calls $6
*** RIVER *** [Ac 4d 4h Ks] [Ts]
BugerDV: checks
aremom4e: bets $6
BugerDV: calls $6
*** SHOW DOWN ***
aremom4e: shows [Jc 9h] (a pair of Fours)
BugerDV: shows [2d Kh] (two pair, Kings and Fours)
BugerDV collected $41.50 from pot
*** SUMMARY ***
Total pot $42 | Rake $0.50
Board [Ac 4d 4h Ks Ts]
Seat 1: BugerDV (big blind) showed [2d Kh] and won ($41.50) with two pair, Kings and Fours
Seat 2: aremom4e (button) (small blind) showed [Jc 9h] and lost with a pair of Fours


PokerStars Hand #145675988043:  Hold'em Limit ($3/$6 USD) - 2015/12/21 3:55:11 ET
Table 'Pariana' 2-max Seat #2 is the button
Seat 1: BugerDV ($97.52 in chips)
Seat 2: aremom4e ($112.21 in chips)
aremom4e: posts small blind $1
BugerDV: posts big blind $3
*** HOLE CARDS ***
aremom4e: raises $3 to $6
BugerDV: calls $3
*** FLOP *** [Ac Th 9s]
BugerDV: checks
aremom4e: bets $3
BugerDV: raises $3 to $6
aremom4e: calls $3
*** TURN *** [Ac Th 9s] [3d]
BugerDV: bets $6
aremom4e: calls $6
*** RIVER *** [Ac Th 9s 3d] [Js]
BugerDV: bets $6
aremom4e: calls $6
*** SHOW DOWN ***
BugerDV: shows [As 8c] (a pair of Aces)
aremom4e: mucks hand
BugerDV collected $47.50 from pot
*** SUMMARY ***
Total pot $48 | Rake $0.50
Board [Ac Th 9s 3d Js]
Seat 1: BugerDV (big blind) showed [As 8c] and won ($47.50) with a pair of Aces
Seat 2: aremom4e (button) (small blind) mucked


PokerStars Hand #145675995657:  Hold'em Limit ($3/$6 USD) - 2015/12/21 3:55:40 ET
Table 'Pariana' 2-max Seat #1 is the button
Seat 1: BugerDV ($121.02 in chips)
Seat 2: aremom4e ($88.21 in chips)
BugerDV: posts small blind $1
aremom4e: posts big blind $3
*** HOLE CARDS ***
BugerDV: raises $3 to $6
aremom4e: folds
Uncalled bet ($3) returned to BugerDV
BugerDV collected $6 from pot
BugerDV: doesn't show hand
*** SUMMARY ***
Total pot $6 | Rake $0
Seat 1: BugerDV (button) (small blind) collected ($6)
Seat 2: aremom4e (big blind) folded before Flop


PokerStars Hand #145675998103:  Hold'em Limit ($3/$6 USD) - 2015/12/21 3:55:49 ET
Table 'Pariana' 2-max Seat #2 is the button
Seat 1: BugerDV ($124.02 in chips)
Seat 2: aremom4e ($85.21 in chips)
aremom4e: posts small blind $1
BugerDV: posts big blind $3
*** HOLE CARDS ***
aremom4e: folds
Uncalled bet ($2) returned to BugerDV
BugerDV collected $2 from pot
BugerDV: doesn't show hand
*** SUMMARY ***
Total pot $2 | Rake $0
Seat 1: BugerDV (big blind) collected ($2)
Seat 2: aremom4e (button) (small blind) folded before Flop


PokerStars Hand #145676002874:  Hold'em Limit ($3/$6 USD) - 2015/12/21 3:56:06 ET
Table 'Pariana' 2-max Seat #2 is the button
Seat 1: BugerDV ($116.02 in chips)
Seat 2: aremom4e ($92.85 in chips)
aremom4e: posts small blind $1
BugerDV: posts big blind $3
*** HOLE CARDS ***
aremom4e: raises $3 to $6
BugerDV: calls $3
*** FLOP *** [7c Jh Kd]
BugerDV: checks
aremom4e: bets $3
BugerDV: raises $3 to $6
aremom4e: calls $3
*** TURN *** [7c Jh Kd] [3d]
BugerDV: bets $6
aremom4e: calls $6
*** RIVER *** [7c Jh Kd 3d] [7h]
BugerDV: checks
aremom4e: checks
*** SHOW DOWN ***
BugerDV: shows [5h Qc] (a pair of Sevens)
aremom4e: shows [9h Qd] (a pair of Sevens)
BugerDV collected $17.75 from pot
aremom4e collected $17.75 from pot
*** SUMMARY ***
Total pot $36 | Rake $0.50
Board [7c Jh Kd 3d 7h]
Seat 1: BugerDV (big blind) showed [5h Qc] and won ($17.75) with a pair of Sevens
Seat 2: aremom4e (button) (small blind) showed [9h Qd] and won ($17.75) with a pair of Sevens


PokerStars Hand #145676009185:  Hold'em Limit ($3/$6 USD) - 2015/12/21 3:56:29 ET
Table 'Pariana' 2-max Seat #1 is the button
Seat 1: BugerDV ($115.77 in chips)
Seat 2: aremom4e ($92.60 in chips)
BugerDV: posts small blind $1
aremom4e: posts big blind $3
*** HOLE CARDS ***
BugerDV: raises $3 to $6
aremom4e: raises $3 to $9
BugerDV: calls $3
*** FLOP *** [7s Qh Js]
aremom4e: bets $3
BugerDV: folds
Uncalled bet ($3) returned to aremom4e
aremom4e collected $17.64 from pot
aremom4e: doesn't show hand
*** SUMMARY ***
Total pot $18 | Rake $0.36
Board [7s Qh Js]
Seat 1: BugerDV (button) (small blind) folded on the Flop
Seat 2: aremom4e (big blind) collected ($17.64)


PokerStars Hand #145675999581:  Hold'em Limit ($3/$6 USD) - 2015/12/21 3:55:54 ET
Table 'Pariana' 2-max Seat #1 is the button
Seat 1: BugerDV ($125.02 in chips)
Seat 2: aremom4e ($84.21 in chips)
BugerDV: posts small blind $1
aremom4e: posts big blind $3
*** HOLE CARDS ***
BugerDV: raises $3 to $6
aremom4e: raises $3 to $9
BugerDV: calls $3
*** FLOP *** [Kh 7s Jc]
aremom4e: bets $3
BugerDV: folds
Uncalled bet ($3) returned to aremom4e
aremom4e collected $17.64 from pot
aremom4e: doesn't show hand
*** SUMMARY ***
Total pot $18 | Rake $0.36
Board [Kh 7s Jc]
Seat 1: BugerDV (button) (small blind) folded on the Flop
Seat 2: aremom4e (big blind) collected ($17.64)


PokerStars Hand #145676025837:  Hold'em Limit ($3/$6 USD) - 2015/12/21 3:57:29 ET
Table 'Pariana' 2-max Seat #2 is the button
Seat 1: BugerDV ($115.27 in chips)
Seat 2: aremom4e ($91.74 in chips)
aremom4e: posts small blind $1
BugerDV: posts big blind $3
*** HOLE CARDS ***
aremom4e: raises $3 to $6
BugerDV: calls $3
*** FLOP *** [6c 6d 2d]
BugerDV: checks
aremom4e: checks
*** TURN *** [6c 6d 2d] [3s]
BugerDV: bets $6
aremom4e: folds
Uncalled bet ($6) returned to BugerDV
BugerDV collected $11.76 from pot
BugerDV: doesn't show hand
*** SUMMARY ***
Total pot $12 | Rake $0.24
Board [6c 6d 2d 3s]
Seat 1: BugerDV (big blind) collected ($11.76)
Seat 2: aremom4e (button) (small blind) folded on the Turn


PokerStars Hand #145676018980:  Hold'em Limit ($3/$6 USD) - 2015/12/21 3:57:04 ET
Table 'Pariana' 2-max Seat #1 is the button
Seat 1: BugerDV ($130.27 in chips)
Seat 2: aremom4e ($77.24 in chips)
BugerDV: posts small blind $1
aremom4e: posts big blind $3
*** HOLE CARDS ***
BugerDV: raises $3 to $6
aremom4e: calls $3
*** FLOP *** [6d 2c 2s]
aremom4e: checks
BugerDV: bets $3
aremom4e: calls $3
*** TURN *** [6d 2c 2s] [Kc]
aremom4e: checks
BugerDV: bets $6
aremom4e: calls $6
*** RIVER *** [6d 2c 2s Kc] [9d]
aremom4e: checks
BugerDV: checks
*** SHOW DOWN ***
aremom4e: shows [Kh 7s] (two pair, Kings and Deuces)
BugerDV: mucks hand
aremom4e collected $29.50 from pot
*** SUMMARY ***
Total pot $30 | Rake $0.50
Board [6d 2c 2s Kc 9d]
Seat 1: BugerDV (button) (small blind) mucked
Seat 2: aremom4e (big blind) showed [Kh 7s] and won ($29.50) with two pair, Kings and Deuces


PokerStars Hand #145676013670:  Hold'em Limit ($3/$6 USD) - 2015/12/21 3:56:45 ET
Table 'Pariana' 2-max Seat #2 is the button
Seat 1: BugerDV ($106.77 in chips)
Seat 2: aremom4e ($101.24 in chips)
aremom4e: posts small blind $1
BugerDV: posts big blind $3
*** HOLE CARDS ***
aremom4e: raises $3 to $6
BugerDV: calls $3
*** FLOP *** [Jc 6c Jh]
BugerDV: checks
aremom4e: bets $3
BugerDV: raises $3 to $6
aremom4e: calls $3
*** TURN *** [Jc 6c Jh] [9h]
BugerDV: bets $6
aremom4e: calls $6
*** RIVER *** [Jc 6c Jh 9h] [Qs]
BugerDV: bets $6
aremom4e: calls $6
*** SHOW DOWN ***
BugerDV: shows [4h Js] (three of a kind, Jacks)
aremom4e: mucks hand
BugerDV collected $47.50 from pot
*** SUMMARY ***
Total pot $48 | Rake $0.50
Board [Jc 6c Jh 9h Qs]
Seat 1: BugerDV (big blind) showed [4h Js] and won ($47.50) with three of a kind, Jacks
Seat 2: aremom4e (button) (small blind) mucked


PokerStars Hand #145676041466:  Hold'em Limit ($3/$6 USD) - 2015/12/21 3:58:25 ET
Table 'Pariana' 2-max Seat #1 is the button
Seat 1: BugerDV ($135.43 in chips)
Seat 2: aremom4e ($70.74 in chips)
BugerDV: posts small blind $1
aremom4e: posts big blind $3
*** HOLE CARDS ***
BugerDV: raises $3 to $6
aremom4e: calls $3
*** FLOP *** [4h 9h Tc]
aremom4e: checks
BugerDV: checks
*** TURN *** [4h 9h Tc] [3h]
aremom4e: bets $6
BugerDV: folds
Uncalled bet ($6) returned to aremom4e
aremom4e collected $11.76 from pot
aremom4e: doesn't show hand
*** SUMMARY ***
Total pot $12 | Rake $0.24
Board [4h 9h Tc 3h]
Seat 1: BugerDV (button) (small blind) folded on the Turn
Seat 2: aremom4e (big blind) collected ($11.76)


PokerStars Hand #145676035672:  Hold'em Limit ($3/$6 USD) - 2015/12/21 3:58:04 ET
Table 'Pariana' 2-max Seat #2 is the button
Seat 1: BugerDV ($126.79 in chips)
Seat 2: aremom4e ($79.74 in chips)
aremom4e: posts small blind $1
BugerDV: posts big blind $3
*** HOLE CARDS ***
aremom4e: raises $3 to $6
BugerDV: calls $3
*** FLOP *** [9h 3h Js]
BugerDV: bets $3
aremom4e: calls $3
*** TURN *** [9h 3h Js] [Qd]
BugerDV: bets $6
aremom4e: folds
Uncalled bet ($6) returned to BugerDV
BugerDV collected $17.64 from pot
BugerDV: doesn't show hand
*** SUMMARY ***
Total pot $18 | Rake $0.36
Board [9h 3h Js Qd]
Seat 1: BugerDV (big blind) collected ($17.64)
Seat 2: aremom4e (button) (small blind) folded on the Turn


PokerStars Hand #145676030618:  Hold'em Limit ($3/$6 USD) - 2015/12/21 3:57:46 ET
Table 'Pariana' 2-max Seat #1 is the button
Seat 1: BugerDV ($121.03 in chips)
Seat 2: aremom4e ($85.74 in chips)
BugerDV: posts small blind $1
aremom4e: posts big blind $3
*** HOLE CARDS ***
BugerDV: raises $3 to $6
aremom4e: calls $3
*** FLOP *** [9d 5h Ks]
aremom4e: checks
BugerDV: bets $3
aremom4e: folds
Uncalled bet ($3) returned to BugerDV
BugerDV collected $11.76 from pot
BugerDV: doesn't show hand
*** SUMMARY ***
Total pot $12 | Rake $0.24
Board [9d 5h Ks]
Seat 1: BugerDV (button) (small blind) collected ($11.76)
Seat 2: aremom4e (big blind) folded on the Flop


