PokerStars Hand #158488340279:  Hold'em Limit ($3/$6 USD) - 2016/09/11 21:09:23 ET
Table 'Pariana' 6-max Seat #3 is the button
Seat 3: happyyak ($62.88 in chips)
Seat 4: BuzovaPro ($94.92 in chips)
happyyak: posts small blind $1
BuzovaPro: posts big blind $3
*** HOLE CARDS ***
happyyak: folds
Uncalled bet ($2) returned to BuzovaPro
BuzovaPro collected $2 from pot
BuzovaPro: doesn't show hand
*** SUMMARY ***
Total pot $2 | Rake $0
Seat 3: happyyak (button) (small blind) folded before Flop
Seat 4: BuzovaPro (big blind) collected ($2)


PokerStars Hand #158488333116:  Hold'em Limit ($3/$6 USD) - 2016/09/11 21:09:06 ET
Table 'Pariana' 6-max Seat #4 is the button
Seat 3: happyyak ($71.88 in chips)
Seat 4: BuzovaPro ($86.28 in chips)
BuzovaPro: posts small blind $1
happyyak: posts big blind $3
*** HOLE CARDS ***
BuzovaPro: raises $3 to $6
happyyak: calls $3
*** FLOP *** [Ts 2c 6c]
happyyak: bets $3
BuzovaPro: calls $3
*** TURN *** [Ts 2c 6c] [9d]
happyyak: checks
BuzovaPro: bets $6
happyyak: folds
Uncalled bet ($6) returned to BuzovaPro
BuzovaPro collected $17.64 from pot
BuzovaPro: doesn't show hand
*** SUMMARY ***
Total pot $18 | Rake $0.36
Board [Ts 2c 6c 9d]
Seat 3: happyyak (big blind) folded on the Turn
Seat 4: BuzovaPro (button) (small blind) collected ($17.64)


PokerStars Hand #158488318408:  Hold'em Limit ($3/$6 USD) - 2016/09/11 21:08:32 ET
Table 'Pariana' 6-max Seat #3 is the button
Seat 3: happyyak ($72 in chips)
Seat 4: BuzovaPro ($86.40 in chips)
happyyak: posts small blind $1
BuzovaPro: posts big blind $3
*** HOLE CARDS ***
happyyak: raises $3 to $6
BuzovaPro: calls $3
*** FLOP *** [9h Tc 2s]
BuzovaPro: checks
happyyak: checks
*** TURN *** [9h Tc 2s] [Th]
BuzovaPro: checks
happyyak: checks
*** RIVER *** [9h Tc 2s Th] [Kh]
BuzovaPro: checks
happyyak: checks
*** SHOW DOWN ***
BuzovaPro: shows [5c Qc] (a pair of Tens)
happyyak: shows [8d Qd] (a pair of Tens)
BuzovaPro collected $5.88 from pot
happyyak collected $5.88 from pot
*** SUMMARY ***
Total pot $12 | Rake $0.24
Board [9h Tc 2s Th Kh]
Seat 3: happyyak (button) (small blind) showed [8d Qd] and won ($5.88) with a pair of Tens
Seat 4: BuzovaPro (big blind) showed [5c Qc] and won ($5.88) with a pair of Tens


