PokerStars Hand #158902279358:  Hold'em Limit ($3/$6 USD) - 2016/09/21 12:09:39 ET
Table 'Pariana' 6-max Seat #3 is the button
Seat 3: simper11 ($120 in chips)
Seat 4: llmaiconll ($55.63 in chips)
simper11: posts small blind $1
llmaiconll: posts big blind $3
*** HOLE CARDS ***
simper11: raises $3 to $6
llmaiconll: folds
Uncalled bet ($3) returned to simper11
simper11 collected $6 from pot
simper11: doesn't show hand
*** SUMMARY ***
Total pot $6 | Rake $0
Seat 3: simper11 (button) (small blind) collected ($6)
Seat 4: llmaiconll (big blind) folded before Flop


PokerStars Hand #158902294387:  Hold'em Limit ($3/$6 USD) - 2016/09/21 12:10:01 ET
Table 'Pariana' 6-max Seat #3 is the button
Seat 3: simper11 ($120 in chips)
Seat 4: llmaiconll ($58.39 in chips)
simper11: posts small blind $1
llmaiconll: posts big blind $3
*** HOLE CARDS ***
simper11: folds
Uncalled bet ($2) returned to llmaiconll
llmaiconll collected $2 from pot
llmaiconll: doesn't show hand
*** SUMMARY ***
Total pot $2 | Rake $0
Seat 3: simper11 (button) (small blind) folded before Flop
Seat 4: llmaiconll (big blind) collected ($2)


PokerStars Hand #158902285513:  Hold'em Limit ($3/$6 USD) - 2016/09/21 12:09:48 ET
Table 'Pariana' 6-max Seat #4 is the button
Seat 3: simper11 ($123 in chips)
Seat 4: llmaiconll ($52.63 in chips)
llmaiconll: posts small blind $1
simper11: posts big blind $3
*** HOLE CARDS ***
llmaiconll: raises $3 to $6
simper11: calls $3
*** FLOP *** [Tc Ac 3d]
simper11: checks
llmaiconll: bets $3
simper11: folds
Uncalled bet ($3) returned to llmaiconll
llmaiconll collected $11.76 from pot
llmaiconll: doesn't show hand
*** SUMMARY ***
Total pot $12 | Rake $0.24
Board [Tc Ac 3d]
Seat 3: simper11 (big blind) folded on the Flop
Seat 4: llmaiconll (button) (small blind) collected ($11.76)


PokerStars Hand #158902297738:  Hold'em Limit ($3/$6 USD) - 2016/09/21 12:10:06 ET
Table 'Pariana' 6-max Seat #4 is the button
Seat 3: simper11 ($120 in chips)
Seat 4: llmaiconll ($59.39 in chips)
llmaiconll: posts small blind $1
simper11: posts big blind $3
*** HOLE CARDS ***
llmaiconll: raises $3 to $6
simper11: calls $3
*** FLOP *** [5h As Th]
simper11: checks
llmaiconll: bets $3
simper11: folds
Uncalled bet ($3) returned to llmaiconll
llmaiconll collected $11.76 from pot
llmaiconll: doesn't show hand
*** SUMMARY ***
Total pot $12 | Rake $0.24
Board [5h As Th]
Seat 3: simper11 (big blind) folded on the Flop
Seat 4: llmaiconll (button) (small blind) collected ($11.76)


PokerStars Hand #158902304015:  Hold'em Limit ($3/$6 USD) - 2016/09/21 12:10:15 ET
Table 'Pariana' 6-max Seat #3 is the button
Seat 3: simper11 ($120 in chips)
Seat 4: llmaiconll ($65.15 in chips)
simper11: posts small blind $1
llmaiconll: posts big blind $3
*** HOLE CARDS ***
simper11: raises $3 to $6
llmaiconll: folds
Uncalled bet ($3) returned to simper11
simper11 collected $6 from pot
simper11: doesn't show hand
*** SUMMARY ***
Total pot $6 | Rake $0
Seat 3: simper11 (button) (small blind) collected ($6)
Seat 4: llmaiconll (big blind) folded before Flop


PokerStars Hand #158902309718:  Hold'em Limit ($3/$6 USD) - 2016/09/21 12:10:24 ET
Table 'Pariana' 6-max Seat #4 is the button
Seat 3: simper11 ($123 in chips)
Seat 4: llmaiconll ($62.15 in chips)
llmaiconll: posts small blind $1
simper11: posts big blind $3
*** HOLE CARDS ***
llmaiconll: folds
Uncalled bet ($2) returned to simper11
simper11 collected $2 from pot
simper11: doesn't show hand
*** SUMMARY ***
Total pot $2 | Rake $0
Seat 3: simper11 (big blind) collected ($2)
Seat 4: llmaiconll (button) (small blind) folded before Flop


PokerStars Hand #158902312868:  Hold'em Limit ($3/$6 USD) - 2016/09/21 12:10:29 ET
Table 'Pariana' 6-max Seat #3 is the button
Seat 3: simper11 ($124 in chips)
Seat 4: llmaiconll ($61.15 in chips)
simper11: posts small blind $1
llmaiconll: posts big blind $3
*** HOLE CARDS ***
simper11: raises $3 to $6
llmaiconll: calls $3
*** FLOP *** [7c 5s 9s]
llmaiconll: checks
simper11: checks
*** TURN *** [7c 5s 9s] [9h]
llmaiconll: checks
simper11: checks
*** RIVER *** [7c 5s 9s 9h] [9d]
llmaiconll: checks
simper11: checks
*** SHOW DOWN ***
llmaiconll: shows [Kc 6h] (three of a kind, Nines)
simper11: shows [Kh 4d] (three of a kind, Nines)
llmaiconll collected $5.88 from pot
simper11 collected $5.88 from pot
*** SUMMARY ***
Total pot $12 | Rake $0.24
Board [7c 5s 9s 9h 9d]
Seat 3: simper11 (button) (small blind) showed [Kh 4d] and won ($5.88) with three of a kind, Nines
Seat 4: llmaiconll (big blind) showed [Kc 6h] and won ($5.88) with three of a kind, Nines


PokerStars Hand #158902335124:  Hold'em Limit ($3/$6 USD) - 2016/09/21 12:11:02 ET
Table 'Pariana' 6-max Seat #4 is the button
Seat 3: simper11 ($127.88 in chips)
Seat 4: llmaiconll ($57.03 in chips)
llmaiconll: posts small blind $1
simper11: posts big blind $3
*** HOLE CARDS ***
llmaiconll: calls $2
simper11: raises $3 to $6
llmaiconll: calls $3
*** FLOP *** [9s Qs 5h]
simper11: bets $3
llmaiconll: calls $3
*** TURN *** [9s Qs 5h] [8c]
simper11: bets $6
llmaiconll: calls $6
*** RIVER *** [9s Qs 5h 8c] [Kc]
simper11: bets $6
llmaiconll: calls $6
*** SHOW DOWN ***
simper11: shows [Ad 9c] (a pair of Nines)
llmaiconll: shows [2h Qh] (a pair of Queens)
llmaiconll collected $41.50 from pot
*** SUMMARY ***
Total pot $42 | Rake $0.50
Board [9s Qs 5h 8c Kc]
Seat 3: simper11 (big blind) showed [Ad 9c] and lost with a pair of Nines
Seat 4: llmaiconll (button) (small blind) showed [2h Qh] and won ($41.50) with a pair of Queens


PokerStars Hand #158902328518:  Hold'em Limit ($3/$6 USD) - 2016/09/21 12:10:52 ET
Table 'Pariana' 6-max Seat #3 is the button
Seat 3: simper11 ($124.88 in chips)
Seat 4: llmaiconll ($60.03 in chips)
simper11: posts small blind $1
llmaiconll: posts big blind $3
*** HOLE CARDS ***
simper11: raises $3 to $6
llmaiconll: folds
Uncalled bet ($3) returned to simper11
simper11 collected $6 from pot
simper11: doesn't show hand
*** SUMMARY ***
Total pot $6 | Rake $0
Seat 3: simper11 (button) (small blind) collected ($6)
Seat 4: llmaiconll (big blind) folded before Flop


PokerStars Hand #158902324132:  Hold'em Limit ($3/$6 USD) - 2016/09/21 12:10:46 ET
Table 'Pariana' 6-max Seat #4 is the button
Seat 3: simper11 ($123.88 in chips)
Seat 4: llmaiconll ($61.03 in chips)
llmaiconll: posts small blind $1
simper11: posts big blind $3
*** HOLE CARDS ***
llmaiconll: folds
Uncalled bet ($2) returned to simper11
simper11 collected $2 from pot
simper11: doesn't show hand
*** SUMMARY ***
Total pot $2 | Rake $0
Seat 3: simper11 (big blind) collected ($2)
Seat 4: llmaiconll (button) (small blind) folded before Flop


PokerStars Hand #158902376284:  Hold'em Limit ($3/$6 USD) - 2016/09/21 12:12:04 ET
Table 'Pariana' 6-max Seat #3 is the button
Seat 3: simper11 ($120 in chips)
Seat 4: llmaiconll ($89.03 in chips)
simper11: posts small blind $1
llmaiconll: posts big blind $3
*** HOLE CARDS ***
simper11: raises $3 to $6
llmaiconll: calls $3
*** FLOP *** [6c Qd Ah]
llmaiconll: checks
simper11: bets $3
llmaiconll: folds
Uncalled bet ($3) returned to simper11
simper11 collected $11.76 from pot
simper11: doesn't show hand
*** SUMMARY ***
Total pot $12 | Rake $0.24
Board [6c Qd Ah]
Seat 3: simper11 (button) (small blind) collected ($11.76)
Seat 4: llmaiconll (big blind) folded on the Flop


PokerStars Hand #158902351360:  Hold'em Limit ($3/$6 USD) - 2016/09/21 12:11:27 ET
Table 'Pariana' 6-max Seat #3 is the button
Seat 3: simper11 ($120 in chips)
Seat 4: llmaiconll ($77.53 in chips)
simper11: posts small blind $1
llmaiconll: posts big blind $3
*** HOLE CARDS ***
simper11: raises $3 to $6
llmaiconll: folds
Uncalled bet ($3) returned to simper11
simper11 collected $6 from pot
simper11: doesn't show hand
*** SUMMARY ***
Total pot $6 | Rake $0
Seat 3: simper11 (button) (small blind) collected ($6)
Seat 4: llmaiconll (big blind) folded before Flop


PokerStars Hand #158902359690:  Hold'em Limit ($3/$6 USD) - 2016/09/21 12:11:39 ET
Table 'Pariana' 6-max Seat #4 is the button
Seat 3: simper11 ($123 in chips)
Seat 4: llmaiconll ($74.53 in chips)
llmaiconll: posts small blind $1
simper11: posts big blind $3
*** HOLE CARDS ***
llmaiconll: raises $3 to $6
simper11: calls $3
*** FLOP *** [5c Th 4s]
simper11: checks
Chessnok joins the table at seat #5
llmaiconll: bets $3
simper11: calls $3
*** TURN *** [5c Th 4s] [9h]
simper11: checks
llmaiconll: bets $6
simper11: calls $6
*** RIVER *** [5c Th 4s 9h] [4d]
simper11: checks
llmaiconll: bets $6
simper11: folds
Uncalled bet ($6) returned to llmaiconll
llmaiconll collected $29.50 from pot
*** SUMMARY ***
Total pot $30 | Rake $0.50
Board [5c Th 4s 9h 4d]
Seat 3: simper11 (big blind) folded on the River
Seat 4: llmaiconll (button) (small blind) collected ($29.50)


PokerStars Hand #158902622339:  Hold'em Limit ($3/$6 USD) - 2016/09/21 12:18:13 ET
Table 'Pariana' 6-max Seat #4 is the button
Seat 4: llmaiconll ($8.20 in chips)
Seat 5: Chessnok ($117.90 in chips)
llmaiconll: posts small blind $1
Chessnok: posts big blind $3
*** HOLE CARDS ***
llmaiconll: folds
Uncalled bet ($2) returned to Chessnok
Chessnok collected $2 from pot
Chessnok: doesn't show hand
*** SUMMARY ***
Total pot $2 | Rake $0
Seat 4: llmaiconll (button) (small blind) folded before Flop
Seat 5: Chessnok (big blind) collected ($2)


PokerStars Hand #158902615820:  Hold'em Limit ($3/$6 USD) - 2016/09/21 12:18:03 ET
Table 'Pariana' 6-max Seat #5 is the button
Seat 4: llmaiconll ($11.20 in chips)
Seat 5: Chessnok ($114.90 in chips)
Chessnok: posts small blind $1
llmaiconll: posts big blind $3
*** HOLE CARDS ***
simper11 leaves the table
Chessnok: raises $3 to $6
llmaiconll: folds
Uncalled bet ($3) returned to Chessnok
Chessnok collected $6 from pot
Chessnok: doesn't show hand
*** SUMMARY ***
Total pot $6 | Rake $0
Seat 4: llmaiconll (big blind) folded before Flop
Seat 5: Chessnok (button) (small blind) collected ($6)


PokerStars Hand #158902663344:  Hold'em Limit ($3/$6 USD) - 2016/09/21 12:19:14 ET
Table 'Pariana' 6-max Seat #5 is the button
Seat 4: llmaiconll ($136.70 in chips)
Seat 5: Chessnok ($118.40 in chips)
Chessnok: posts small blind $1
llmaiconll: posts big blind $3
*** HOLE CARDS ***
Chessnok: raises $3 to $6
llmaiconll: folds
Uncalled bet ($3) returned to Chessnok
Chessnok collected $6 from pot
Chessnok: doesn't show hand
*** SUMMARY ***
Total pot $6 | Rake $0
Seat 4: llmaiconll (big blind) folded before Flop
Seat 5: Chessnok (button) (small blind) collected ($6)


PokerStars Hand #158902644090:  Hold'em Limit ($3/$6 USD) - 2016/09/21 12:18:45 ET
Table 'Pariana' 6-max Seat #4 is the button
Seat 4: llmaiconll ($163.70 in chips)
Seat 5: Chessnok ($91.90 in chips)
llmaiconll: posts small blind $1
Chessnok: posts big blind $3
*** HOLE CARDS ***
llmaiconll: raises $3 to $6
Chessnok: raises $3 to $9
llmaiconll: raises $3 to $12
Betting is capped
Chessnok: calls $3
*** FLOP *** [5s Js 5h]
Chessnok: bets $3
llmaiconll: calls $3
*** TURN *** [5s Js 5h] [7c]
Chessnok: bets $6
llmaiconll: calls $6
*** RIVER *** [5s Js 5h 7c] [9s]
Chessnok: bets $6
llmaiconll: calls $6
*** SHOW DOWN ***
Chessnok: shows [9h 8h] (two pair, Nines and Fives)
llmaiconll: mucks hand
Chessnok collected $53.50 from pot
*** SUMMARY ***
Total pot $54 | Rake $0.50
Board [5s Js 5h 7c 9s]
Seat 4: llmaiconll (button) (small blind) mucked
Seat 5: Chessnok (big blind) showed [9h 8h] and won ($53.50) with two pair, Nines and Fives


PokerStars Hand #158902668972:  Hold'em Limit ($3/$6 USD) - 2016/09/21 12:19:22 ET
Table 'Pariana' 6-max Seat #4 is the button
Seat 4: llmaiconll ($133.70 in chips)
Seat 5: Chessnok ($121.40 in chips)
llmaiconll: posts small blind $1
Chessnok: posts big blind $3
*** HOLE CARDS ***
filemon_swe joins the table at seat #3
llmaiconll: raises $3 to $6
Chessnok: folds
Uncalled bet ($3) returned to llmaiconll
llmaiconll collected $6 from pot
*** SUMMARY ***
Total pot $6 | Rake $0
Seat 4: llmaiconll (button) (small blind) collected ($6)
Seat 5: Chessnok (big blind) folded before Flop


PokerStars Hand #158902630663:  Hold'em Limit ($3/$6 USD) - 2016/09/21 12:18:25 ET
Table 'Pariana' 6-max Seat #5 is the button
Seat 4: llmaiconll ($137.20 in chips)
Seat 5: Chessnok ($118.90 in chips)
Chessnok: posts small blind $1
llmaiconll: posts big blind $3
*** HOLE CARDS ***
Chessnok: raises $3 to $6
llmaiconll: raises $3 to $9
Chessnok: raises $3 to $12
Betting is capped
llmaiconll: calls $3
*** FLOP *** [2c 8c 6d]
llmaiconll: bets $3
Chessnok: calls $3
*** TURN *** [2c 8c 6d] [Ts]
llmaiconll: bets $6
Chessnok: calls $6
*** RIVER *** [2c 8c 6d Ts] [7d]
llmaiconll: bets $6
Chessnok: calls $6
*** SHOW DOWN ***
llmaiconll: shows [7h 7c] (three of a kind, Sevens)
Chessnok: mucks hand
llmaiconll collected $53.50 from pot
*** SUMMARY ***
Total pot $54 | Rake $0.50
Board [2c 8c 6d Ts 7d]
Seat 4: llmaiconll (big blind) showed [7h 7c] and won ($53.50) with three of a kind, Sevens
Seat 5: Chessnok (button) (small blind) mucked


PokerStars Hand #158903067185:  Hold'em Limit ($3/$6 USD) - 2016/09/21 12:29:13 ET
Table 'Pariana' 6-max Seat #3 is the button
Seat 3: filemon_swe ($658.26 in chips)
Seat 5: Chessnok ($218.79 in chips)
filemon_swe: posts small blind $1
Chessnok: posts big blind $3
*** HOLE CARDS ***
filemon_swe: folds
Uncalled bet ($2) returned to Chessnok
Chessnok collected $2 from pot
Chessnok: doesn't show hand
*** SUMMARY ***
Total pot $2 | Rake $0
Seat 3: filemon_swe (button) (small blind) folded before Flop
Seat 5: Chessnok (big blind) collected ($2)


PokerStars Hand #158903081909:  Hold'em Limit ($3/$6 USD) - 2016/09/21 12:29:35 ET
Table 'Pariana' 6-max Seat #3 is the button
Seat 3: filemon_swe ($674.76 in chips)
Seat 5: Chessnok ($201.79 in chips)
filemon_swe: posts small blind $1
Chessnok: posts big blind $3
*** HOLE CARDS ***
filemon_swe: folds
Uncalled bet ($2) returned to Chessnok
Chessnok collected $2 from pot
Chessnok: doesn't show hand
*** SUMMARY ***
Total pot $2 | Rake $0
Seat 3: filemon_swe (button) (small blind) folded before Flop
Seat 5: Chessnok (big blind) collected ($2)


PokerStars Hand #158903070410:  Hold'em Limit ($3/$6 USD) - 2016/09/21 12:29:18 ET
Table 'Pariana' 6-max Seat #5 is the button
Seat 3: filemon_swe ($657.26 in chips)
Seat 5: Chessnok ($219.79 in chips)
Chessnok: posts small blind $1
filemon_swe: posts big blind $3
*** HOLE CARDS ***
llmaiconll leaves the table
Chessnok: raises $3 to $6
filemon_swe: raises $3 to $9
Chessnok: calls $3
*** FLOP *** [Ks 9s Jc]
filemon_swe: bets $3
Chessnok: calls $3
*** TURN *** [Ks 9s Jc] [8s]
filemon_swe: bets $6
Chessnok: calls $6
*** RIVER *** [Ks 9s Jc 8s] [6s]
filemon_swe: bets $6
Chessnok: folds
Uncalled bet ($6) returned to filemon_swe
filemon_swe collected $35.50 from pot
filemon_swe: doesn't show hand
*** SUMMARY ***
Total pot $36 | Rake $0.50
Board [Ks 9s Jc 8s 6s]
Seat 3: filemon_swe (big blind) collected ($35.50)
Seat 5: Chessnok (button) (small blind) folded on the River


PokerStars Hand #158903085114:  Hold'em Limit ($3/$6 USD) - 2016/09/21 12:29:40 ET
Table 'Pariana' 6-max Seat #5 is the button
Seat 3: filemon_swe ($673.76 in chips)
Seat 5: Chessnok ($202.79 in chips)
Chessnok: posts small blind $1
filemon_swe: posts big blind $3
*** HOLE CARDS ***
Chessnok: folds
Uncalled bet ($2) returned to filemon_swe
filemon_swe collected $2 from pot
filemon_swe: doesn't show hand
*** SUMMARY ***
Total pot $2 | Rake $0
Seat 3: filemon_swe (big blind) collected ($2)
Seat 5: Chessnok (button) (small blind) folded before Flop


PokerStars Hand #158903087769:  Hold'em Limit ($3/$6 USD) - 2016/09/21 12:29:43 ET
Table 'Pariana' 6-max Seat #3 is the button
Seat 3: filemon_swe ($674.76 in chips)
Seat 5: Chessnok ($201.79 in chips)
filemon_swe: posts small blind $1
Chessnok: posts big blind $3
*** HOLE CARDS ***
filemon_swe: raises $3 to $6
Chessnok: raises $3 to $9
filemon_swe: raises $3 to $12
Betting is capped
Chessnok: calls $3
*** FLOP *** [7c 8c 8s]
Chessnok: checks
filemon_swe: checks
*** TURN *** [7c 8c 8s] [5h]
Chessnok: bets $6
filemon_swe: calls $6
*** RIVER *** [7c 8c 8s 5h] [As]
Chessnok: bets $6
filemon_swe: calls $6
*** SHOW DOWN ***
Chessnok: shows [Jd 9h] (a pair of Eights)
filemon_swe: shows [Qs Kh] (a pair of Eights - Ace+King kicker)
filemon_swe collected $47.50 from pot
*** SUMMARY ***
Total pot $48 | Rake $0.50
Board [7c 8c 8s 5h As]
Seat 3: filemon_swe (button) (small blind) showed [Qs Kh] and won ($47.50) with a pair of Eights
Seat 5: Chessnok (big blind) showed [Jd 9h] and lost with a pair of Eights


PokerStars Hand #158903109909:  Hold'em Limit ($3/$6 USD) - 2016/09/21 12:30:15 ET
Table 'Pariana' 6-max Seat #3 is the button
Seat 3: filemon_swe ($709.78 in chips)
Seat 5: Chessnok ($165.79 in chips)
filemon_swe: posts small blind $1
Chessnok: posts big blind $3
*** HOLE CARDS ***
filemon_swe: raises $3 to $6
Chessnok: folds
Uncalled bet ($3) returned to filemon_swe
filemon_swe collected $6 from pot
filemon_swe: doesn't show hand
*** SUMMARY ***
Total pot $6 | Rake $0
Seat 3: filemon_swe (button) (small blind) collected ($6)
Seat 5: Chessnok (big blind) folded before Flop


PokerStars Hand #158903098750:  Hold'em Limit ($3/$6 USD) - 2016/09/21 12:29:59 ET
Table 'Pariana' 6-max Seat #5 is the button
Seat 3: filemon_swe ($698.26 in chips)
Seat 5: Chessnok ($177.79 in chips)
Chessnok: posts small blind $1
filemon_swe: posts big blind $3
*** HOLE CARDS ***
Chessnok: raises $3 to $6
filemon_swe: calls $3
*** FLOP *** [2d 8h Qc]
filemon_swe: bets $3
Chessnok: raises $3 to $6
filemon_swe: calls $3
*** TURN *** [2d 8h Qc] [Jd]
filemon_swe: checks
Chessnok: checks
*** RIVER *** [2d 8h Qc Jd] [Qh]
filemon_swe: bets $6
Chessnok: folds
Uncalled bet ($6) returned to filemon_swe
filemon_swe collected $23.52 from pot
filemon_swe: doesn't show hand
*** SUMMARY ***
Total pot $24 | Rake $0.48
Board [2d 8h Qc Jd Qh]
Seat 3: filemon_swe (big blind) collected ($23.52)
Seat 5: Chessnok (button) (small blind) folded on the River


PokerStars Hand #158903114439:  Hold'em Limit ($3/$6 USD) - 2016/09/21 12:30:22 ET
Table 'Pariana' 6-max Seat #5 is the button
Seat 3: filemon_swe ($712.78 in chips)
Seat 5: Chessnok ($162.79 in chips)
Chessnok: posts small blind $1
filemon_swe: posts big blind $3
*** HOLE CARDS ***
Chessnok: raises $3 to $6
filemon_swe: calls $3
*** FLOP *** [4c 6h Tc]
filemon_swe: bets $3
Chessnok: calls $3
*** TURN *** [4c 6h Tc] [Jd]
filemon_swe: checks
Chessnok: checks
*** RIVER *** [4c 6h Tc Jd] [4d]
filemon_swe: bets $6
Chessnok: calls $6
*** SHOW DOWN ***
filemon_swe: shows [4s 5s] (three of a kind, Fours)
Chessnok: mucks hand
filemon_swe collected $29.50 from pot
*** SUMMARY ***
Total pot $30 | Rake $0.50
Board [4c 6h Tc Jd 4d]
Seat 3: filemon_swe (big blind) showed [4s 5s] and won ($29.50) with three of a kind, Fours
Seat 5: Chessnok (button) (small blind) mucked


PokerStars Hand #158903127471:  Hold'em Limit ($3/$6 USD) - 2016/09/21 12:30:41 ET
Table 'Pariana' 6-max Seat #3 is the button
Seat 3: filemon_swe ($727.28 in chips)
Seat 5: Chessnok ($147.79 in chips)
filemon_swe: posts small blind $1
Chessnok: posts big blind $3
*** HOLE CARDS ***
filemon_swe: folds
Uncalled bet ($2) returned to Chessnok
Chessnok collected $2 from pot
Chessnok: doesn't show hand
*** SUMMARY ***
Total pot $2 | Rake $0
Seat 3: filemon_swe (button) (small blind) folded before Flop
Seat 5: Chessnok (big blind) collected ($2)


PokerStars Hand #158903131323:  Hold'em Limit ($3/$6 USD) - 2016/09/21 12:30:46 ET
Table 'Pariana' 6-max Seat #5 is the button
Seat 3: filemon_swe ($726.28 in chips)
Seat 5: Chessnok ($148.79 in chips)
Chessnok: posts small blind $1
filemon_swe: posts big blind $3
*** HOLE CARDS ***
Chessnok: raises $3 to $6
filemon_swe: calls $3
*** FLOP *** [9h Kc 4h]
filemon_swe: bets $3
Chessnok: raises $3 to $6
filemon_swe: folds
Uncalled bet ($3) returned to Chessnok
Chessnok collected $17.64 from pot
Chessnok: doesn't show hand
*** SUMMARY ***
Total pot $18 | Rake $0.36
Board [9h Kc 4h]
Seat 3: filemon_swe (big blind) folded on the Flop
Seat 5: Chessnok (button) (small blind) collected ($17.64)


PokerStars Hand #158903138684:  Hold'em Limit ($3/$6 USD) - 2016/09/21 12:30:57 ET
Table 'Pariana' 6-max Seat #3 is the button
Seat 3: filemon_swe ($717.28 in chips)
Seat 5: Chessnok ($157.43 in chips)
filemon_swe: posts small blind $1
Chessnok: posts big blind $3
*** HOLE CARDS ***
filemon_swe: calls $2
Chessnok: raises $3 to $6
filemon_swe: calls $3
*** FLOP *** [2s 7c Qc]
Chessnok: bets $3
filemon_swe: folds
Uncalled bet ($3) returned to Chessnok
Chessnok collected $11.76 from pot
Chessnok: doesn't show hand
*** SUMMARY ***
Total pot $12 | Rake $0.24
Board [2s 7c Qc]
Seat 3: filemon_swe (button) (small blind) folded on the Flop
Seat 5: Chessnok (big blind) collected ($11.76)


PokerStars Hand #158903149857:  Hold'em Limit ($3/$6 USD) - 2016/09/21 12:31:13 ET
Table 'Pariana' 6-max Seat #3 is the button
Seat 3: filemon_swe ($708.28 in chips)
Seat 5: Chessnok ($166.19 in chips)
filemon_swe: posts small blind $1
Chessnok: posts big blind $3
*** HOLE CARDS ***
filemon_swe: folds
Uncalled bet ($2) returned to Chessnok
Chessnok collected $2 from pot
Chessnok: doesn't show hand
*** SUMMARY ***
Total pot $2 | Rake $0
Seat 3: filemon_swe (button) (small blind) folded before Flop
Seat 5: Chessnok (big blind) collected ($2)


PokerStars Hand #158903144593:  Hold'em Limit ($3/$6 USD) - 2016/09/21 12:31:06 ET
Table 'Pariana' 6-max Seat #5 is the button
Seat 3: filemon_swe ($711.28 in chips)
Seat 5: Chessnok ($163.19 in chips)
Chessnok: posts small blind $1
filemon_swe: posts big blind $3
*** HOLE CARDS ***
Chessnok: raises $3 to $6
filemon_swe: folds
Uncalled bet ($3) returned to Chessnok
Chessnok collected $6 from pot
Chessnok: doesn't show hand
*** SUMMARY ***
Total pot $6 | Rake $0
Seat 3: filemon_swe (big blind) folded before Flop
Seat 5: Chessnok (button) (small blind) collected ($6)


PokerStars Hand #158903157288:  Hold'em Limit ($3/$6 USD) - 2016/09/21 12:31:24 ET
Table 'Pariana' 6-max Seat #3 is the button
Seat 3: filemon_swe ($704.28 in chips)
Seat 5: Chessnok ($170.19 in chips)
filemon_swe: posts small blind $1
Chessnok: posts big blind $3
*** HOLE CARDS ***
filemon_swe: raises $3 to $6
Chessnok: folds
Uncalled bet ($3) returned to filemon_swe
filemon_swe collected $6 from pot
filemon_swe: doesn't show hand
*** SUMMARY ***
Total pot $6 | Rake $0
Seat 3: filemon_swe (button) (small blind) collected ($6)
Seat 5: Chessnok (big blind) folded before Flop


PokerStars Hand #158903153497:  Hold'em Limit ($3/$6 USD) - 2016/09/21 12:31:19 ET
Table 'Pariana' 6-max Seat #5 is the button
Seat 3: filemon_swe ($707.28 in chips)
Seat 5: Chessnok ($167.19 in chips)
Chessnok: posts small blind $1
filemon_swe: posts big blind $3
*** HOLE CARDS ***
Chessnok: raises $3 to $6
filemon_swe: folds
Uncalled bet ($3) returned to Chessnok
Chessnok collected $6 from pot
Chessnok: doesn't show hand
*** SUMMARY ***
Total pot $6 | Rake $0
Seat 3: filemon_swe (big blind) folded before Flop
Seat 5: Chessnok (button) (small blind) collected ($6)


PokerStars Hand #158903161158:  Hold'em Limit ($3/$6 USD) - 2016/09/21 12:31:30 ET
Table 'Pariana' 6-max Seat #5 is the button
Seat 3: filemon_swe ($707.28 in chips)
Seat 5: Chessnok ($167.19 in chips)
Chessnok: posts small blind $1
filemon_swe: posts big blind $3
*** HOLE CARDS ***
Chessnok: raises $3 to $6
filemon_swe: raises $3 to $9
Chessnok: calls $3
*** FLOP *** [3s 2c 7s]
filemon_swe: bets $3
Chessnok: raises $3 to $6
filemon_swe: calls $3
*** TURN *** [3s 2c 7s] [Jc]
filemon_swe: checks
Chessnok: checks
*** RIVER *** [3s 2c 7s Jc] [As]
filemon_swe: bets $6
Chessnok: raises $6 to $12
filemon_swe: calls $6
*** SHOW DOWN ***
Chessnok: shows [4c 5h] (a straight, Ace to Five)
filemon_swe: mucks hand
Chessnok collected $53.50 from pot
*** SUMMARY ***
Total pot $54 | Rake $0.50
Board [3s 2c 7s Jc As]
Seat 3: filemon_swe (big blind) mucked
Seat 5: Chessnok (button) (small blind) showed [4c 5h] and won ($53.50) with a straight, Ace to Five


PokerStars Hand #158903172781:  Hold'em Limit ($3/$6 USD) - 2016/09/21 12:31:47 ET
Table 'Pariana' 6-max Seat #3 is the button
Seat 3: filemon_swe ($680.28 in chips)
Seat 5: Chessnok ($193.69 in chips)
filemon_swe: posts small blind $1
Chessnok: posts big blind $3
*** HOLE CARDS ***
filemon_swe: calls $2
Chessnok: raises $3 to $6
filemon_swe: calls $3
*** FLOP *** [6h 4s 2s]
Chessnok: bets $3
filemon_swe: calls $3
*** TURN *** [6h 4s 2s] [4h]
Chessnok: bets $6
filemon_swe: calls $6
*** RIVER *** [6h 4s 2s 4h] [Ah]
Chessnok: bets $6
filemon_swe: folds
Uncalled bet ($6) returned to Chessnok
Chessnok collected $29.50 from pot
Chessnok: doesn't show hand
*** SUMMARY ***
Total pot $30 | Rake $0.50
Board [6h 4s 2s 4h Ah]
Seat 3: filemon_swe (button) (small blind) folded on the River
Seat 5: Chessnok (big blind) collected ($29.50)


PokerStars Hand #158903184366:  Hold'em Limit ($3/$6 USD) - 2016/09/21 12:32:03 ET
Table 'Pariana' 6-max Seat #5 is the button
Seat 3: filemon_swe ($665.28 in chips)
Seat 5: Chessnok ($208.19 in chips)
Chessnok: posts small blind $1
filemon_swe: posts big blind $3
*** HOLE CARDS ***
Chessnok: raises $3 to $6
filemon_swe: raises $3 to $9
Chessnok: calls $3
*** FLOP *** [Qd 2d 4h]
filemon_swe: bets $3
Chessnok: calls $3
*** TURN *** [Qd 2d 4h] [5d]
filemon_swe: bets $6
Chessnok: raises $6 to $12
filemon_swe: calls $6
*** RIVER *** [Qd 2d 4h 5d] [Qc]
filemon_swe: checks
Chessnok: bets $6
filemon_swe: calls $6
*** SHOW DOWN ***
Chessnok: shows [8d Td] (a flush, Queen high)
filemon_swe: mucks hand
Chessnok collected $59.50 from pot
*** SUMMARY ***
Total pot $60 | Rake $0.50
Board [Qd 2d 4h 5d Qc]
Seat 3: filemon_swe (big blind) mucked
Seat 5: Chessnok (button) (small blind) showed [8d Td] and won ($59.50) with a flush, Queen high


PokerStars Hand #158903197494:  Hold'em Limit ($3/$6 USD) - 2016/09/21 12:32:22 ET
Table 'Pariana' 6-max Seat #3 is the button
Seat 3: filemon_swe ($635.28 in chips)
Seat 5: Chessnok ($237.69 in chips)
filemon_swe: posts small blind $1
Chessnok: posts big blind $3
*** HOLE CARDS ***
filemon_swe: folds
Uncalled bet ($2) returned to Chessnok
Chessnok collected $2 from pot
Chessnok: doesn't show hand
*** SUMMARY ***
Total pot $2 | Rake $0
Seat 3: filemon_swe (button) (small blind) folded before Flop
Seat 5: Chessnok (big blind) collected ($2)


PokerStars Hand #158903218244:  Hold'em Limit ($3/$6 USD) - 2016/09/21 12:32:52 ET
Table 'Pariana' 6-max Seat #5 is the button
Seat 3: filemon_swe ($619.04 in chips)
Seat 5: Chessnok ($253.19 in chips)
Chessnok: posts small blind $1
filemon_swe: posts big blind $3
*** HOLE CARDS ***
Chessnok: raises $3 to $6
filemon_swe: calls $3
*** FLOP *** [Kc Ks 4c]
filemon_swe: bets $3
Chessnok: calls $3
*** TURN *** [Kc Ks 4c] [5s]
filemon_swe: bets $6
Chessnok: raises $6 to $12
filemon_swe: calls $6
*** RIVER *** [Kc Ks 4c 5s] [Js]
filemon_swe: checks
Chessnok: bets $6
filemon_swe: calls $6
*** SHOW DOWN ***
Chessnok: shows [Qc Qd] (two pair, Kings and Queens)
filemon_swe: mucks hand
Chessnok collected $53.50 from pot
*** SUMMARY ***
Total pot $54 | Rake $0.50
Board [Kc Ks 4c 5s Js]
Seat 3: filemon_swe (big blind) mucked
Seat 5: Chessnok (button) (small blind) showed [Qc Qd] and won ($53.50) with two pair, Kings and Queens


PokerStars Hand #158903229563:  Hold'em Limit ($3/$6 USD) - 2016/09/21 12:33:09 ET
Table 'Pariana' 6-max Seat #3 is the button
Seat 3: filemon_swe ($592.04 in chips)
Seat 5: Chessnok ($279.69 in chips)
filemon_swe: posts small blind $1
Chessnok: posts big blind $3
*** HOLE CARDS ***
filemon_swe: raises $3 to $6
Chessnok: raises $3 to $9
filemon_swe: calls $3
*** FLOP *** [Tc Js 3c]
Chessnok: bets $3
filemon_swe: folds
Uncalled bet ($3) returned to Chessnok
Chessnok collected $17.64 from pot
Chessnok: doesn't show hand
*** SUMMARY ***
Total pot $18 | Rake $0.36
Board [Tc Js 3c]
Seat 3: filemon_swe (button) (small blind) folded on the Flop
Seat 5: Chessnok (big blind) collected ($17.64)


PokerStars Hand #158903241902:  Hold'em Limit ($3/$6 USD) - 2016/09/21 12:33:27 ET
Table 'Pariana' 6-max Seat #3 is the button
Seat 3: filemon_swe ($584.04 in chips)
Seat 5: Chessnok ($287.33 in chips)
filemon_swe: posts small blind $1
Chessnok: posts big blind $3
*** HOLE CARDS ***
filemon_swe: raises $3 to $6
Chessnok: folds
Uncalled bet ($3) returned to filemon_swe
filemon_swe collected $6 from pot
filemon_swe: doesn't show hand
*** SUMMARY ***
Total pot $6 | Rake $0
Seat 3: filemon_swe (button) (small blind) collected ($6)
Seat 5: Chessnok (big blind) folded before Flop


PokerStars Hand #158903237297:  Hold'em Limit ($3/$6 USD) - 2016/09/21 12:33:20 ET
Table 'Pariana' 6-max Seat #5 is the button
Seat 3: filemon_swe ($583.04 in chips)
Seat 5: Chessnok ($288.33 in chips)
Chessnok: posts small blind $1
filemon_swe: posts big blind $3
*** HOLE CARDS ***
Chessnok: folds
Uncalled bet ($2) returned to filemon_swe
filemon_swe collected $2 from pot
filemon_swe: doesn't show hand
*** SUMMARY ***
Total pot $2 | Rake $0
Seat 3: filemon_swe (big blind) collected ($2)
Seat 5: Chessnok (button) (small blind) folded before Flop


PokerStars Hand #158903251973:  Hold'em Limit ($3/$6 USD) - 2016/09/21 12:33:41 ET
Table 'Pariana' 6-max Seat #3 is the button
Seat 3: filemon_swe ($581.04 in chips)
Seat 5: Chessnok ($290.09 in chips)
filemon_swe: posts small blind $1
Chessnok: posts big blind $3
*** HOLE CARDS ***
filemon_swe: calls $2
Chessnok: checks
*** FLOP *** [3s 5c 9c]
Chessnok: bets $3
filemon_swe: calls $3
*** TURN *** [3s 5c 9c] [Jd]
Chessnok: bets $6
filemon_swe: calls $6
*** RIVER *** [3s 5c 9c Jd] [2c]
Chessnok: bets $6
filemon_swe: raises $6 to $12
Chessnok: calls $6
*** SHOW DOWN ***
filemon_swe: shows [Ac Jc] (a flush, Ace high)
Chessnok: mucks hand
filemon_swe collected $47.50 from pot
*** SUMMARY ***
Total pot $48 | Rake $0.50
Board [3s 5c 9c Jd 2c]
Seat 3: filemon_swe (button) (small blind) showed [Ac Jc] and won ($47.50) with a flush, Ace high
Seat 5: Chessnok (big blind) mucked


PokerStars Hand #158903261877:  Hold'em Limit ($3/$6 USD) - 2016/09/21 12:33:56 ET
Table 'Pariana' 6-max Seat #5 is the button
Seat 3: filemon_swe ($604.54 in chips)
Seat 5: Chessnok ($266.09 in chips)
Chessnok: posts small blind $1
filemon_swe: posts big blind $3
*** HOLE CARDS ***
Chessnok: raises $3 to $6
filemon_swe: raises $3 to $9
Chessnok: calls $3
*** FLOP *** [2c Qh Td]
filemon_swe: bets $3
Chessnok: calls $3
*** TURN *** [2c Qh Td] [3s]
filemon_swe: bets $6
Chessnok: raises $6 to $12
filemon_swe: calls $6
*** RIVER *** [2c Qh Td 3s] [8d]
filemon_swe: checks
Chessnok: bets $6
filemon_swe: calls $6
*** SHOW DOWN ***
Chessnok: shows [Jh Ks] (high card King)
filemon_swe: shows [9s Ah] (high card Ace)
filemon_swe collected $59.50 from pot
*** SUMMARY ***
Total pot $60 | Rake $0.50
Board [2c Qh Td 3s 8d]
Seat 3: filemon_swe (big blind) showed [9s Ah] and won ($59.50) with high card Ace
Seat 5: Chessnok (button) (small blind) showed [Jh Ks] and lost with high card King


PokerStars Hand #158903273186:  Hold'em Limit ($3/$6 USD) - 2016/09/21 12:34:12 ET
Table 'Pariana' 6-max Seat #3 is the button
Seat 3: filemon_swe ($634.04 in chips)
Seat 5: Chessnok ($236.09 in chips)
filemon_swe: posts small blind $1
Chessnok: posts big blind $3
*** HOLE CARDS ***
filemon_swe: raises $3 to $6
Chessnok: folds
Uncalled bet ($3) returned to filemon_swe
filemon_swe collected $6 from pot
filemon_swe: doesn't show hand
*** SUMMARY ***
Total pot $6 | Rake $0
Seat 3: filemon_swe (button) (small blind) collected ($6)
Seat 5: Chessnok (big blind) folded before Flop


PokerStars Hand #158903245841:  Hold'em Limit ($3/$6 USD) - 2016/09/21 12:33:33 ET
Table 'Pariana' 6-max Seat #5 is the button
Seat 3: filemon_swe ($587.04 in chips)
Seat 5: Chessnok ($284.33 in chips)
Chessnok: posts small blind $1
filemon_swe: posts big blind $3
*** HOLE CARDS ***
Chessnok: raises $3 to $6
filemon_swe: calls $3
*** FLOP *** [4h Ad Ah]
filemon_swe: checks
Chessnok: bets $3
filemon_swe: folds
Uncalled bet ($3) returned to Chessnok
Chessnok collected $11.76 from pot
Chessnok: doesn't show hand
*** SUMMARY ***
Total pot $12 | Rake $0.24
Board [4h Ad Ah]
Seat 3: filemon_swe (big blind) folded on the Flop
Seat 5: Chessnok (button) (small blind) collected ($11.76)


PokerStars Hand #158903298587:  Hold'em Limit ($3/$6 USD) - 2016/09/21 12:34:49 ET
Table 'Pariana' 6-max Seat #5 is the button
Seat 3: filemon_swe ($621.54 in chips)
Seat 5: Chessnok ($247.59 in chips)
Chessnok: posts small blind $1
filemon_swe: posts big blind $3
*** HOLE CARDS ***
Chessnok: raises $3 to $6
filemon_swe: raises $3 to $9
Chessnok: calls $3
*** FLOP *** [8d 2d Ad]
filemon_swe: bets $3
Chessnok: raises $3 to $6
filemon_swe: folds
Uncalled bet ($3) returned to Chessnok
Chessnok collected $23.52 from pot
Chessnok: doesn't show hand
*** SUMMARY ***
Total pot $24 | Rake $0.48
Board [8d 2d Ad]
Seat 3: filemon_swe (big blind) folded on the Flop
Seat 5: Chessnok (button) (small blind) collected ($23.52)


PokerStars Hand #158903307962:  Hold'em Limit ($3/$6 USD) - 2016/09/21 12:35:03 ET
Table 'Pariana' 6-max Seat #3 is the button
Seat 3: filemon_swe ($609.54 in chips)
Seat 5: Chessnok ($259.11 in chips)
filemon_swe: posts small blind $1
Chessnok: posts big blind $3
*** HOLE CARDS ***
filemon_swe: calls $2
Chessnok: raises $3 to $6
filemon_swe: calls $3
*** FLOP *** [8s 5d Jd]
Chessnok: bets $3
filemon_swe: folds
Uncalled bet ($3) returned to Chessnok
Chessnok collected $11.76 from pot
Chessnok: doesn't show hand
*** SUMMARY ***
Total pot $12 | Rake $0.24
Board [8s 5d Jd]
Seat 3: filemon_swe (button) (small blind) folded on the Flop
Seat 5: Chessnok (big blind) collected ($11.76)


PokerStars Hand #158903313883:  Hold'em Limit ($3/$6 USD) - 2016/09/21 12:35:11 ET
Table 'Pariana' 6-max Seat #5 is the button
Seat 3: filemon_swe ($603.54 in chips)
Seat 5: Chessnok ($264.87 in chips)
Chessnok: posts small blind $1
filemon_swe: posts big blind $3
*** HOLE CARDS ***
Chessnok: raises $3 to $6
filemon_swe: folds
Uncalled bet ($3) returned to Chessnok
Chessnok collected $6 from pot
Chessnok: doesn't show hand
*** SUMMARY ***
Total pot $6 | Rake $0
Seat 3: filemon_swe (big blind) folded before Flop
Seat 5: Chessnok (button) (small blind) collected ($6)


PokerStars Hand #158903288611:  Hold'em Limit ($3/$6 USD) - 2016/09/21 12:34:35 ET
Table 'Pariana' 6-max Seat #3 is the button
Seat 3: filemon_swe ($651.54 in chips)
Seat 5: Chessnok ($218.09 in chips)
filemon_swe: posts small blind $1
Chessnok: posts big blind $3
*** HOLE CARDS ***
filemon_swe: raises $3 to $6
Chessnok: calls $3
*** FLOP *** [7d 6s 6h]
Chessnok: checks
filemon_swe: bets $3
Chessnok: raises $3 to $6
filemon_swe: calls $3
*** TURN *** [7d 6s 6h] [Ad]
Chessnok: bets $6
filemon_swe: calls $6
*** RIVER *** [7d 6s 6h Ad] [Qh]
Chessnok: bets $6
filemon_swe: raises $6 to $12
Chessnok: calls $6
*** SHOW DOWN ***
filemon_swe: shows [5c 9h] (a pair of Sixes)
Chessnok: shows [7h Qc] (two pair, Queens and Sevens)
Chessnok collected $59.50 from pot
*** SUMMARY ***
Total pot $60 | Rake $0.50
Board [7d 6s 6h Ad Qh]
Seat 3: filemon_swe (button) (small blind) showed [5c 9h] and lost with a pair of Sixes
Seat 5: Chessnok (big blind) showed [7h Qc] and won ($59.50) with two pair, Queens and Sevens


PokerStars Hand #158903277953:  Hold'em Limit ($3/$6 USD) - 2016/09/21 12:34:19 ET
Table 'Pariana' 6-max Seat #5 is the button
Seat 3: filemon_swe ($637.04 in chips)
Seat 5: Chessnok ($233.09 in chips)
Chessnok: posts small blind $1
filemon_swe: posts big blind $3
*** HOLE CARDS ***
Chessnok: raises $3 to $6
filemon_swe: raises $3 to $9
Chessnok: calls $3
*** FLOP *** [Td 7s 7d]
filemon_swe: bets $3
Chessnok: raises $3 to $6
filemon_swe: calls $3
*** TURN *** [Td 7s 7d] [5c]
filemon_swe: checks
Chessnok: checks
*** RIVER *** [Td 7s 7d 5c] [6h]
filemon_swe: checks
Chessnok: checks
*** SHOW DOWN ***
filemon_swe: shows [Qs Ks] (a pair of Sevens)
Chessnok: mucks hand
filemon_swe collected $29.50 from pot
*** SUMMARY ***
Total pot $30 | Rake $0.50
Board [Td 7s 7d 5c 6h]
Seat 3: filemon_swe (big blind) showed [Qs Ks] and won ($29.50) with a pair of Sevens
Seat 5: Chessnok (button) (small blind) mucked


PokerStars Hand #158903329733:  Hold'em Limit ($3/$6 USD) - 2016/09/21 12:35:34 ET
Table 'Pariana' 6-max Seat #5 is the button
Seat 3: filemon_swe ($579.54 in chips)
Seat 5: Chessnok ($288.37 in chips)
Chessnok: posts small blind $1
filemon_swe: posts big blind $3
*** HOLE CARDS ***
Chessnok: folds
Uncalled bet ($2) returned to filemon_swe
filemon_swe collected $2 from pot
filemon_swe: doesn't show hand
*** SUMMARY ***
Total pot $2 | Rake $0
Seat 3: filemon_swe (big blind) collected ($2)
Seat 5: Chessnok (button) (small blind) folded before Flop


PokerStars Hand #158903342456:  Hold'em Limit ($3/$6 USD) - 2016/09/21 12:35:52 ET
Table 'Pariana' 6-max Seat #5 is the button
Seat 3: filemon_swe ($562.54 in chips)
Seat 5: Chessnok ($304.87 in chips)
Chessnok: posts small blind $1
filemon_swe: posts big blind $3
*** HOLE CARDS ***
Chessnok: raises $3 to $6
filemon_swe: folds
Uncalled bet ($3) returned to Chessnok
Chessnok collected $6 from pot
Chessnok: doesn't show hand
*** SUMMARY ***
Total pot $6 | Rake $0
Seat 3: filemon_swe (big blind) folded before Flop
Seat 5: Chessnok (button) (small blind) collected ($6)


PokerStars Hand #158903346054:  Hold'em Limit ($3/$6 USD) - 2016/09/21 12:35:57 ET
Table 'Pariana' 6-max Seat #3 is the button
Seat 3: filemon_swe ($559.54 in chips)
Seat 5: Chessnok ($307.87 in chips)
filemon_swe: posts small blind $1
Chessnok: posts big blind $3
*** HOLE CARDS ***
filemon_swe: calls $2
Chessnok: checks
*** FLOP *** [3h Kd 6h]
Chessnok: bets $3
filemon_swe: raises $3 to $6
Chessnok: calls $3
*** TURN *** [3h Kd 6h] [9d]
Chessnok: checks
filemon_swe: bets $6
Chessnok: calls $6
*** RIVER *** [3h Kd 6h 9d] [As]
Chessnok: checks
filemon_swe: bets $6
Chessnok: folds
Uncalled bet ($6) returned to filemon_swe
filemon_swe collected $29.50 from pot
filemon_swe: doesn't show hand
*** SUMMARY ***
Total pot $30 | Rake $0.50
Board [3h Kd 6h 9d As]
Seat 3: filemon_swe (button) (small blind) collected ($29.50)
Seat 5: Chessnok (big blind) folded on the River


PokerStars Hand #158903332936:  Hold'em Limit ($3/$6 USD) - 2016/09/21 12:35:39 ET
Table 'Pariana' 6-max Seat #3 is the button
Seat 3: filemon_swe ($580.54 in chips)
Seat 5: Chessnok ($287.37 in chips)
filemon_swe: posts small blind $1
Chessnok: posts big blind $3
*** HOLE CARDS ***
filemon_swe: raises $3 to $6
Chessnok: raises $3 to $9
filemon_swe: calls $3
*** FLOP *** [As 7c 4h]
Chessnok: bets $3
filemon_swe: calls $3
*** TURN *** [As 7c 4h] [5s]
Chessnok: bets $6
filemon_swe: calls $6
*** RIVER *** [As 7c 4h 5s] [9d]
Chessnok: bets $6
filemon_swe: folds
Uncalled bet ($6) returned to Chessnok
Chessnok collected $35.50 from pot
Chessnok: doesn't show hand
*** SUMMARY ***
Total pot $36 | Rake $0.50
Board [As 7c 4h 5s 9d]
Seat 3: filemon_swe (button) (small blind) folded on the River
Seat 5: Chessnok (big blind) collected ($35.50)


PokerStars Hand #158903384860:  Hold'em Limit ($3/$6 USD) - 2016/09/21 12:36:53 ET
Table 'Pariana' 6-max Seat #5 is the button
Seat 3: filemon_swe ($584.56 in chips)
Seat 5: Chessnok ($281.87 in chips)
Chessnok: posts small blind $1
filemon_swe: posts big blind $3
*** HOLE CARDS ***
Chessnok: raises $3 to $6
filemon_swe: calls $3
*** FLOP *** [Kd Tc 8d]
filemon_swe: bets $3
Chessnok: calls $3
*** TURN *** [Kd Tc 8d] [9c]
filemon_swe: checks
Chessnok: bets $6
filemon_swe: calls $6
*** RIVER *** [Kd Tc 8d 9c] [4c]
filemon_swe: checks
Chessnok: checks
*** SHOW DOWN ***
filemon_swe: shows [8c 3d] (a pair of Eights)
Chessnok: shows [8s 7h] (a pair of Eights)
filemon_swe collected $14.75 from pot
Chessnok collected $14.75 from pot
*** SUMMARY ***
Total pot $30 | Rake $0.50
Board [Kd Tc 8d 9c 4c]
Seat 3: filemon_swe (big blind) showed [8c 3d] and won ($14.75) with a pair of Eights
Seat 5: Chessnok (button) (small blind) showed [8s 7h] and won ($14.75) with a pair of Eights


PokerStars Hand #158903396441:  Hold'em Limit ($3/$6 USD) - 2016/09/21 12:37:10 ET
Table 'Pariana' 6-max Seat #3 is the button
Seat 3: filemon_swe ($584.31 in chips)
Seat 5: Chessnok ($281.62 in chips)
filemon_swe: posts small blind $1
Chessnok: posts big blind $3
*** HOLE CARDS ***
filemon_swe: raises $3 to $6
Chessnok: calls $3
*** FLOP *** [7s Jc Js]
Chessnok: checks
filemon_swe: bets $3
Chessnok: calls $3
*** TURN *** [7s Jc Js] [Qc]
Chessnok: checks
filemon_swe: bets $6
Chessnok: calls $6
*** RIVER *** [7s Jc Js Qc] [4s]
Chessnok: checks
filemon_swe: bets $6
Chessnok: calls $6
*** SHOW DOWN ***
filemon_swe: shows [Qs 4d] (two pair, Queens and Jacks)
Chessnok: mucks hand
filemon_swe collected $41.50 from pot
*** SUMMARY ***
Total pot $42 | Rake $0.50
Board [7s Jc Js Qc 4s]
Seat 3: filemon_swe (button) (small blind) showed [Qs 4d] and won ($41.50) with two pair, Queens and Jacks
Seat 5: Chessnok (big blind) mucked


PokerStars Hand #158903373461:  Hold'em Limit ($3/$6 USD) - 2016/09/21 12:36:37 ET
Table 'Pariana' 6-max Seat #3 is the button
Seat 3: filemon_swe ($585.56 in chips)
Seat 5: Chessnok ($280.87 in chips)
filemon_swe: posts small blind $1
Chessnok: posts big blind $3
*** HOLE CARDS ***
filemon_swe: folds
Uncalled bet ($2) returned to Chessnok
Chessnok collected $2 from pot
Chessnok: doesn't show hand
*** SUMMARY ***
Total pot $2 | Rake $0
Seat 3: filemon_swe (button) (small blind) folded before Flop
Seat 5: Chessnok (big blind) collected ($2)


PokerStars Hand #158903360878:  Hold'em Limit ($3/$6 USD) - 2016/09/21 12:36:19 ET
Table 'Pariana' 6-max Seat #5 is the button
Seat 3: filemon_swe ($574.04 in chips)
Seat 5: Chessnok ($292.87 in chips)
Chessnok: posts small blind $1
filemon_swe: posts big blind $3
*** HOLE CARDS ***
Chessnok: raises $3 to $6
filemon_swe: raises $3 to $9
Chessnok: calls $3
*** FLOP *** [2c Td 3h]
filemon_swe: bets $3
Chessnok: calls $3
*** TURN *** [2c Td 3h] [2s]
filemon_swe: checks
Chessnok: checks
*** RIVER *** [2c Td 3h 2s] [7h]
filemon_swe: bets $6
Chessnok: folds
Uncalled bet ($6) returned to filemon_swe
filemon_swe collected $23.52 from pot
filemon_swe: doesn't show hand
*** SUMMARY ***
Total pot $24 | Rake $0.48
Board [2c Td 3h 2s 7h]
Seat 3: filemon_swe (big blind) collected ($23.52)
Seat 5: Chessnok (button) (small blind) folded on the River


PokerStars Hand #158903380467:  Hold'em Limit ($3/$6 USD) - 2016/09/21 12:36:47 ET
Table 'Pariana' 6-max Seat #3 is the button
Seat 3: filemon_swe ($585.56 in chips)
Seat 5: Chessnok ($280.87 in chips)
filemon_swe: posts small blind $1
Chessnok: posts big blind $3
*** HOLE CARDS ***
filemon_swe: folds
Uncalled bet ($2) returned to Chessnok
Chessnok collected $2 from pot
Chessnok: doesn't show hand
*** SUMMARY ***
Total pot $2 | Rake $0
Seat 3: filemon_swe (button) (small blind) folded before Flop
Seat 5: Chessnok (big blind) collected ($2)


PokerStars Hand #158903377520:  Hold'em Limit ($3/$6 USD) - 2016/09/21 12:36:43 ET
Table 'Pariana' 6-max Seat #5 is the button
Seat 3: filemon_swe ($584.56 in chips)
Seat 5: Chessnok ($281.87 in chips)
Chessnok: posts small blind $1
filemon_swe: posts big blind $3
*** HOLE CARDS ***
Chessnok: folds
Uncalled bet ($2) returned to filemon_swe
filemon_swe collected $2 from pot
filemon_swe: doesn't show hand
*** SUMMARY ***
Total pot $2 | Rake $0
Seat 3: filemon_swe (big blind) collected ($2)
Seat 5: Chessnok (button) (small blind) folded before Flop


PokerStars Hand #158903420268:  Hold'em Limit ($3/$6 USD) - 2016/09/21 12:37:44 ET
Table 'Pariana' 6-max Seat #3 is the button
Seat 3: filemon_swe ($613.45 in chips)
Seat 5: Chessnok ($251.62 in chips)
filemon_swe: posts small blind $1
Chessnok: posts big blind $3
*** HOLE CARDS ***
filemon_swe: raises $3 to $6
Chessnok: raises $3 to $9
filemon_swe: calls $3
*** FLOP *** [Ad 8s Jh]
Chessnok: bets $3
filemon_swe: calls $3
*** TURN *** [Ad 8s Jh] [9h]
Chessnok: bets $6
filemon_swe: calls $6
*** RIVER *** [Ad 8s Jh 9h] [3d]
Chessnok: bets $6
filemon_swe: folds
Uncalled bet ($6) returned to Chessnok
Chessnok collected $35.50 from pot
Chessnok: doesn't show hand
*** SUMMARY ***
Total pot $36 | Rake $0.50
Board [Ad 8s Jh 9h 3d]
Seat 3: filemon_swe (button) (small blind) folded on the River
Seat 5: Chessnok (big blind) collected ($35.50)


PokerStars Hand #158903408920:  Hold'em Limit ($3/$6 USD) - 2016/09/21 12:37:28 ET
Table 'Pariana' 6-max Seat #5 is the button
Seat 3: filemon_swe ($604.81 in chips)
Seat 5: Chessnok ($260.62 in chips)
Chessnok: posts small blind $1
filemon_swe: posts big blind $3
*** HOLE CARDS ***
Chessnok: raises $3 to $6
filemon_swe: calls $3
*** FLOP *** [Kh 6c 2h]
filemon_swe: bets $3
Chessnok: calls $3
*** TURN *** [Kh 6c 2h] [9s]
filemon_swe: bets $6
Chessnok: folds
Uncalled bet ($6) returned to filemon_swe
filemon_swe collected $17.64 from pot
filemon_swe: doesn't show hand
*** SUMMARY ***
Total pot $18 | Rake $0.36
Board [Kh 6c 2h 9s]
Seat 3: filemon_swe (big blind) collected ($17.64)
Seat 5: Chessnok (button) (small blind) folded on the Turn


PokerStars Hand #158903432053:  Hold'em Limit ($3/$6 USD) - 2016/09/21 12:38:01 ET
Table 'Pariana' 6-max Seat #5 is the button
Seat 3: filemon_swe ($595.45 in chips)
Seat 5: Chessnok ($269.12 in chips)
Chessnok: posts small blind $1
filemon_swe: posts big blind $3
*** HOLE CARDS ***
Chessnok: raises $3 to $6
filemon_swe: raises $3 to $9
Chessnok: calls $3
*** FLOP *** [4h 3c 3d]
filemon_swe: bets $3
Chessnok: calls $3
*** TURN *** [4h 3c 3d] [Js]
filemon_swe: checks
Chessnok: bets $6
filemon_swe: calls $6
*** RIVER *** [4h 3c 3d Js] [As]
filemon_swe: checks
Chessnok: checks
*** SHOW DOWN ***
filemon_swe: shows [7h Ks] (a pair of Threes)
Chessnok: shows [Qs Kd] (a pair of Threes - Ace+King+Queen kicker)
Chessnok collected $35.50 from pot
*** SUMMARY ***
Total pot $36 | Rake $0.50
Board [4h 3c 3d Js As]
Seat 3: filemon_swe (big blind) showed [7h Ks] and lost with a pair of Threes
Seat 5: Chessnok (button) (small blind) showed [Qs Kd] and won ($35.50) with a pair of Threes


PokerStars Hand #158903443398:  Hold'em Limit ($3/$6 USD) - 2016/09/21 12:38:18 ET
Table 'Pariana' 6-max Seat #3 is the button
Seat 3: filemon_swe ($577.45 in chips)
Seat 5: Chessnok ($286.62 in chips)
filemon_swe: posts small blind $1
Chessnok: posts big blind $3
*** HOLE CARDS ***
filemon_swe: raises $3 to $6
Chessnok: raises $3 to $9
filemon_swe: calls $3
*** FLOP *** [Td 8c 2s]
Chessnok: bets $3
filemon_swe: folds
Uncalled bet ($3) returned to Chessnok
Chessnok collected $17.64 from pot
Chessnok: doesn't show hand
*** SUMMARY ***
Total pot $18 | Rake $0.36
Board [Td 8c 2s]
Seat 3: filemon_swe (button) (small blind) folded on the Flop
Seat 5: Chessnok (big blind) collected ($17.64)


PokerStars Hand #158903461902:  Hold'em Limit ($3/$6 USD) - 2016/09/21 12:38:44 ET
Table 'Pariana' 6-max Seat #3 is the button
Seat 3: filemon_swe ($582.95 in chips)
Seat 5: Chessnok ($280.26 in chips)
filemon_swe: posts small blind $1
Chessnok: posts big blind $3
*** HOLE CARDS ***
filemon_swe: raises $3 to $6
Chessnok: raises $3 to $9
filemon_swe: raises $3 to $12
Betting is capped
Chessnok: calls $3
*** FLOP *** [9s 8c Ts]
Chessnok: checks
filemon_swe: bets $3
Chessnok: raises $3 to $6
filemon_swe: calls $3
*** TURN *** [9s 8c Ts] [2s]
Chessnok: bets $6
filemon_swe: calls $6
*** RIVER *** [9s 8c Ts 2s] [9d]
Chessnok: bets $6
filemon_swe: calls $6
*** SHOW DOWN ***
Chessnok: shows [8h 8d] (a full house, Eights full of Nines)
filemon_swe: mucks hand
Chessnok collected $59.50 from pot
*** SUMMARY ***
Total pot $60 | Rake $0.50
Board [9s 8c Ts 2s 9d]
Seat 3: filemon_swe (button) (small blind) mucked
Seat 5: Chessnok (big blind) showed [8h 8d] and won ($59.50) with a full house, Eights full of Nines


PokerStars Hand #158903475762:  Hold'em Limit ($3/$6 USD) - 2016/09/21 12:39:04 ET
Table 'Pariana' 6-max Seat #5 is the button
Seat 3: filemon_swe ($552.95 in chips)
Seat 5: Chessnok ($309.76 in chips)
Chessnok: posts small blind $1
filemon_swe: posts big blind $3
*** HOLE CARDS ***
Chessnok: raises $3 to $6
filemon_swe: raises $3 to $9
Chessnok: calls $3
*** FLOP *** [9s 7h Jc]
filemon_swe: bets $3
Chessnok: calls $3
*** TURN *** [9s 7h Jc] [6c]
filemon_swe: checks
Chessnok: bets $6
filemon_swe: calls $6
*** RIVER *** [9s 7h Jc 6c] [Kh]
filemon_swe: bets $6
Chessnok: folds
Uncalled bet ($6) returned to filemon_swe
filemon_swe collected $35.50 from pot
filemon_swe: doesn't show hand
*** SUMMARY ***
Total pot $36 | Rake $0.50
Board [9s 7h Jc 6c Kh]
Seat 3: filemon_swe (big blind) collected ($35.50)
Seat 5: Chessnok (button) (small blind) folded on the River


PokerStars Hand #158903451539:  Hold'em Limit ($3/$6 USD) - 2016/09/21 12:38:29 ET
Table 'Pariana' 6-max Seat #5 is the button
Seat 3: filemon_swe ($568.45 in chips)
Seat 5: Chessnok ($295.26 in chips)
Chessnok: posts small blind $1
filemon_swe: posts big blind $3
*** HOLE CARDS ***
Chessnok: raises $3 to $6
filemon_swe: calls $3
*** FLOP *** [Tc 3h Kh]
filemon_swe: checks
Chessnok: bets $3
filemon_swe: calls $3
*** TURN *** [Tc 3h Kh] [7d]
filemon_swe: checks
Chessnok: checks
*** RIVER *** [Tc 3h Kh 7d] [Qs]
filemon_swe: bets $6
Chessnok: calls $6
*** SHOW DOWN ***
filemon_swe: shows [Kd 3d] (two pair, Kings and Threes)
Chessnok: mucks hand
filemon_swe collected $29.50 from pot
*** SUMMARY ***
Total pot $30 | Rake $0.50
Board [Tc 3h Kh 7d Qs]
Seat 3: filemon_swe (big blind) showed [Kd 3d] and won ($29.50) with two pair, Kings and Threes
Seat 5: Chessnok (button) (small blind) mucked


PokerStars Hand #158903497782:  Hold'em Limit ($3/$6 USD) - 2016/09/21 12:39:36 ET
Table 'Pariana' 6-max Seat #5 is the button
Seat 3: filemon_swe ($549.45 in chips)
Seat 5: Chessnok ($312.26 in chips)
Chessnok: posts small blind $1
filemon_swe: posts big blind $3
*** HOLE CARDS ***
Chessnok: raises $3 to $6
filemon_swe: raises $3 to $9
Chessnok: calls $3
*** FLOP *** [2s Jc Ts]
filemon_swe: bets $3
Chessnok: calls $3
*** TURN *** [2s Jc Ts] [Js]
filemon_swe: bets $6
Chessnok: calls $6
*** RIVER *** [2s Jc Ts Js] [Jh]
filemon_swe: bets $6
Chessnok: calls $6
*** SHOW DOWN ***
filemon_swe: shows [Th As] (a full house, Jacks full of Tens)
Chessnok: mucks hand
filemon_swe collected $47.50 from pot
*** SUMMARY ***
Total pot $48 | Rake $0.50
Board [2s Jc Ts Js Jh]
Seat 3: filemon_swe (big blind) showed [Th As] and won ($47.50) with a full house, Jacks full of Tens
Seat 5: Chessnok (button) (small blind) mucked


PokerStars Hand #158903510490:  Hold'em Limit ($3/$6 USD) - 2016/09/21 12:39:55 ET
Table 'Pariana' 6-max Seat #3 is the button
Seat 3: filemon_swe ($572.95 in chips)
Seat 5: Chessnok ($288.26 in chips)
filemon_swe: posts small blind $1
Chessnok: posts big blind $3
*** HOLE CARDS ***
filemon_swe: raises $3 to $6
Chessnok: calls $3
*** FLOP *** [Th Ks 9c]
Chessnok: checks
filemon_swe: bets $3
Chessnok: calls $3
*** TURN *** [Th Ks 9c] [4c]
Chessnok: checks
filemon_swe: bets $6
Chessnok: calls $6
*** RIVER *** [Th Ks 9c 4c] [Kc]
Chessnok: checks
filemon_swe: bets $6
Chessnok: calls $6
*** SHOW DOWN ***
filemon_swe: shows [9h 4s] (two pair, Kings and Nines)
Chessnok: mucks hand
filemon_swe collected $41.50 from pot
*** SUMMARY ***
Total pot $42 | Rake $0.50
Board [Th Ks 9c 4c Kc]
Seat 3: filemon_swe (button) (small blind) showed [9h 4s] and won ($41.50) with two pair, Kings and Nines
Seat 5: Chessnok (big blind) mucked


PokerStars Hand #158903524794:  Hold'em Limit ($3/$6 USD) - 2016/09/21 12:40:15 ET
Table 'Pariana' 6-max Seat #5 is the button
Seat 3: filemon_swe ($593.45 in chips)
Seat 5: Chessnok ($267.26 in chips)
Chessnok: posts small blind $1
filemon_swe: posts big blind $3
*** HOLE CARDS ***
Chessnok: raises $3 to $6
filemon_swe: calls $3
*** FLOP *** [3s Qd 6s]
filemon_swe: bets $3
Chessnok: calls $3
*** TURN *** [3s Qd 6s] [4s]
filemon_swe: bets $6
Chessnok: calls $6
*** RIVER *** [3s Qd 6s 4s] [4h]
filemon_swe: bets $6
Chessnok: raises $6 to $12
filemon_swe: calls $6
*** SHOW DOWN ***
Chessnok: shows [5c Jc] (a pair of Fours)
filemon_swe: shows [6d 2d] (two pair, Sixes and Fours)
filemon_swe collected $53.50 from pot
*** SUMMARY ***
Total pot $54 | Rake $0.50
Board [3s Qd 6s 4s 4h]
Seat 3: filemon_swe (big blind) showed [6d 2d] and won ($53.50) with two pair, Sixes and Fours
Seat 5: Chessnok (button) (small blind) showed [5c Jc] and lost with a pair of Fours


PokerStars Hand #158903486850:  Hold'em Limit ($3/$6 USD) - 2016/09/21 12:39:20 ET
Table 'Pariana' 6-max Seat #3 is the button
Seat 3: filemon_swe ($570.45 in chips)
Seat 5: Chessnok ($291.76 in chips)
filemon_swe: posts small blind $1
Chessnok: posts big blind $3
*** HOLE CARDS ***
filemon_swe: raises $3 to $6
Chessnok: calls $3
*** FLOP *** [7d 2s Ts]
Chessnok: bets $3
filemon_swe: calls $3
*** TURN *** [7d 2s Ts] [Ah]
Chessnok: bets $6
filemon_swe: calls $6
*** RIVER *** [7d 2s Ts Ah] [2h]
Chessnok: bets $6
filemon_swe: calls $6
*** SHOW DOWN ***
Chessnok: shows [Td 8h] (two pair, Tens and Deuces)
filemon_swe: mucks hand
Chessnok collected $41.50 from pot
*** SUMMARY ***
Total pot $42 | Rake $0.50
Board [7d 2s Ts Ah 2h]
Seat 3: filemon_swe (button) (small blind) mucked
Seat 5: Chessnok (big blind) showed [Td 8h] and won ($41.50) with two pair, Tens and Deuces


PokerStars Hand #158903536634:  Hold'em Limit ($3/$6 USD) - 2016/09/21 12:40:32 ET
Table 'Pariana' 6-max Seat #3 is the button
Seat 3: filemon_swe ($619.95 in chips)
Seat 5: Chessnok ($240.26 in chips)
filemon_swe: posts small blind $1
Chessnok: posts big blind $3
*** HOLE CARDS ***
simper11 joins the table at seat #4
filemon_swe: raises $3 to $6
Chessnok: calls $3
*** FLOP *** [5s Kc Qh]
Chessnok: checks
filemon_swe: bets $3
Chessnok: raises $3 to $6
filemon_swe: calls $3
*** TURN *** [5s Kc Qh] [6h]
Chessnok: checks
filemon_swe: checks
*** RIVER *** [5s Kc Qh 6h] [3h]
Chessnok: bets $6
filemon_swe: calls $6
*** SHOW DOWN ***
Chessnok: shows [4d Jc] (high card King)
filemon_swe: shows [Jh 5c] (a pair of Fives)
filemon_swe collected $35.50 from pot
*** SUMMARY ***
Total pot $36 | Rake $0.50
Board [5s Kc Qh 6h 3h]
Seat 3: filemon_swe (button) (small blind) showed [Jh 5c] and won ($35.50) with a pair of Fives
Seat 5: Chessnok (big blind) showed [4d Jc] and lost with high card King


PokerStars Hand #158903546840:  Hold'em Limit ($3/$6 USD) - 2016/09/21 12:40:47 ET
Table 'Pariana' 6-max Seat #5 is the button
Seat 3: filemon_swe ($637.45 in chips)
Seat 5: Chessnok ($222.26 in chips)
Chessnok: posts small blind $1
filemon_swe: posts big blind $3
*** HOLE CARDS ***
Chessnok: raises $3 to $6
filemon_swe: raises $3 to $9
Chessnok: calls $3
*** FLOP *** [5h 3d 7d]
filemon_swe: checks
Chessnok: bets $3
filemon_swe: calls $3
*** TURN *** [5h 3d 7d] [4c]
filemon_swe: checks
Chessnok: bets $6
filemon_swe: calls $6
*** RIVER *** [5h 3d 7d 4c] [Qd]
filemon_swe: checks
Chessnok: bets $6
filemon_swe: calls $6
*** SHOW DOWN ***
Chessnok: shows [4d 5d] (a flush, Queen high)
filemon_swe: mucks hand
Chessnok collected $47.50 from pot
*** SUMMARY ***
Total pot $48 | Rake $0.50
Board [5h 3d 7d 4c Qd]
Seat 3: filemon_swe (big blind) mucked
Seat 5: Chessnok (button) (small blind) showed [4d 5d] and won ($47.50) with a flush, Queen high


PokerStars Hand #158909479337:  Hold'em Limit ($3/$6 USD) - 2016/09/21 14:53:16 ET
Table 'Pariana' 6-max Seat #2 is the button
Seat 2: komornik ($129.23 in chips)
Seat 3: Hannibal2211 ($147.22 in chips)
komornik: posts small blind $1
Hannibal2211: posts big blind $3
*** HOLE CARDS ***
komornik: folds
Uncalled bet ($2) returned to Hannibal2211
Hannibal2211 collected $2 from pot
*** SUMMARY ***
Total pot $2 | Rake $0
Seat 2: komornik (button) (small blind) folded before Flop
Seat 3: Hannibal2211 (big blind) collected ($2)


PokerStars Hand #158909472966:  Hold'em Limit ($3/$6 USD) - 2016/09/21 14:53:08 ET
Table 'Pariana' 6-max Seat #3 is the button
Seat 2: komornik ($132.23 in chips)
Seat 3: Hannibal2211 ($144.22 in chips)
Hannibal2211: posts small blind $1
eldanis: is sitting out
komornik: posts big blind $3
*** HOLE CARDS ***
Hannibal2211: raises $3 to $6
eldanis leaves the table
komornik: folds
Uncalled bet ($3) returned to Hannibal2211
Hannibal2211 collected $6 from pot
diRon1980 joins the table at seat #6
*** SUMMARY ***
Total pot $6 | Rake $0
Seat 2: komornik (big blind) folded before Flop
Seat 3: Hannibal2211 (button) (small blind) collected ($6)


