PokerStars Hand #147971771884:  Hold'em Limit ($3/$6 USD) - 2016/01/30 22:50:32 ET
Table 'Pariana' 6-max Seat #6 is the button
Seat 3: cvillegurl ($43.73 in chips)
Seat 6: SmellyToes4u ($102.36 in chips)
SmellyToes4u: posts small blind $1
cvillegurl: posts big blind $3
*** HOLE CARDS ***
SmellyToes4u: folds
Uncalled bet ($2) returned to cvillegurl
cvillegurl collected $2 from pot
*** SUMMARY ***
Total pot $2 | Rake $0
Seat 3: cvillegurl (big blind) collected ($2)
Seat 6: SmellyToes4u (button) (small blind) folded before Flop


PokerStars Hand #147971776896:  Hold'em Limit ($3/$6 USD) - 2016/01/30 22:50:46 ET
Table 'Pariana' 6-max Seat #3 is the button
Seat 3: cvillegurl ($44.73 in chips)
Seat 6: SmellyToes4u ($101.36 in chips)
cvillegurl: posts small blind $1
SmellyToes4u: posts big blind $3
*** HOLE CARDS ***
cvillegurl: calls $2
SmellyToes4u: checks
*** FLOP *** [Tc 5d 6h]
SmellyToes4u: checks
cvillegurl: checks
*** TURN *** [Tc 5d 6h] [6s]
SmellyToes4u: bets $6
cvillegurl: folds
Uncalled bet ($6) returned to SmellyToes4u
SmellyToes4u collected $5.88 from pot
SmellyToes4u: doesn't show hand
*** SUMMARY ***
Total pot $6 | Rake $0.12
Board [Tc 5d 6h 6s]
Seat 3: cvillegurl (button) (small blind) folded on the Turn
Seat 6: SmellyToes4u (big blind) collected ($5.88)


PokerStars Hand #147971783967:  Hold'em Limit ($3/$6 USD) - 2016/01/30 22:51:05 ET
Table 'Pariana' 6-max Seat #6 is the button
Seat 3: cvillegurl ($41.73 in chips)
Seat 6: SmellyToes4u ($104.24 in chips)
SmellyToes4u: posts small blind $1
cvillegurl: posts big blind $3
*** HOLE CARDS ***
SmellyToes4u: raises $3 to $6
cvillegurl: calls $3
*** FLOP *** [7h 6d Kc]
cvillegurl: bets $3
SmellyToes4u: calls $3
*** TURN *** [7h 6d Kc] [4d]
cvillegurl: bets $6
SmellyToes4u: raises $6 to $12
cvillegurl: calls $6
*** RIVER *** [7h 6d Kc 4d] [Qd]
cvillegurl: bets $6
SmellyToes4u: calls $6
*** SHOW DOWN ***
cvillegurl: shows [Td 8d] (a flush, Queen high)
SmellyToes4u: mucks hand
cvillegurl collected $53.50 from pot
*** SUMMARY ***
Total pot $54 | Rake $0.50
Board [7h 6d Kc 4d Qd]
Seat 3: cvillegurl (big blind) showed [Td 8d] and won ($53.50) with a flush, Queen high
Seat 6: SmellyToes4u (button) (small blind) mucked


PokerStars Hand #147971794697:  Hold'em Limit ($3/$6 USD) - 2016/01/30 22:51:34 ET
Table 'Pariana' 6-max Seat #3 is the button
Seat 3: cvillegurl ($68.23 in chips)
Seat 6: SmellyToes4u ($77.24 in chips)
cvillegurl: posts small blind $1
SmellyToes4u: posts big blind $3
*** HOLE CARDS ***
cvillegurl: folds
Uncalled bet ($2) returned to SmellyToes4u
SmellyToes4u collected $2 from pot
SmellyToes4u: doesn't show hand
*** SUMMARY ***
Total pot $2 | Rake $0
Seat 3: cvillegurl (button) (small blind) folded before Flop
Seat 6: SmellyToes4u (big blind) collected ($2)


PokerStars Hand #147971797070:  Hold'em Limit ($3/$6 USD) - 2016/01/30 22:51:40 ET
Table 'Pariana' 6-max Seat #6 is the button
Seat 3: cvillegurl ($67.23 in chips)
Seat 6: SmellyToes4u ($78.24 in chips)
SmellyToes4u: posts small blind $1
cvillegurl: posts big blind $3
*** HOLE CARDS ***
SmellyToes4u: raises $3 to $6
cvillegurl: raises $3 to $9
SmellyToes4u: calls $3
*** FLOP *** [Js Td 9c]
cvillegurl: bets $3
SmellyToes4u: calls $3
*** TURN *** [Js Td 9c] [8c]
cvillegurl: bets $6
SmellyToes4u: calls $6
*** RIVER *** [Js Td 9c 8c] [6h]
cvillegurl: bets $6
SmellyToes4u: calls $6
*** SHOW DOWN ***
cvillegurl: shows [Qs Jh] (a straight, Eight to Queen)
SmellyToes4u: mucks hand
cvillegurl collected $47.50 from pot
*** SUMMARY ***
Total pot $48 | Rake $0.50
Board [Js Td 9c 8c 6h]
Seat 3: cvillegurl (big blind) showed [Qs Jh] and won ($47.50) with a straight, Eight to Queen
Seat 6: SmellyToes4u (button) (small blind) mucked


PokerStars Hand #147971804433:  Hold'em Limit ($3/$6 USD) - 2016/01/30 22:52:00 ET
Table 'Pariana' 6-max Seat #3 is the button
Seat 3: cvillegurl ($90.73 in chips)
Seat 6: SmellyToes4u ($102.36 in chips)
cvillegurl: posts small blind $1
SmellyToes4u: posts big blind $3
*** HOLE CARDS ***
cvillegurl: calls $2
SmellyToes4u: checks
*** FLOP *** [Jc 3d 5s]
SmellyToes4u: bets $3
cvillegurl: calls $3
*** TURN *** [Jc 3d 5s] [Tc]
SmellyToes4u: bets $6
cvillegurl: calls $6
*** RIVER *** [Jc 3d 5s Tc] [7s]
SmellyToes4u: bets $6
cvillegurl: calls $6
*** SHOW DOWN ***
SmellyToes4u: shows [Qs 5d] (a pair of Fives)
cvillegurl: shows [Qc 5c] (a pair of Fives)
SmellyToes4u collected $17.75 from pot
cvillegurl collected $17.75 from pot
*** SUMMARY ***
Total pot $36 | Rake $0.50
Board [Jc 3d 5s Tc 7s]
Seat 3: cvillegurl (button) (small blind) showed [Qc 5c] and won ($17.75) with a pair of Fives
Seat 6: SmellyToes4u (big blind) showed [Qs 5d] and won ($17.75) with a pair of Fives


PokerStars Hand #147971811778:  Hold'em Limit ($3/$6 USD) - 2016/01/30 22:52:20 ET
Table 'Pariana' 6-max Seat #6 is the button
Seat 3: cvillegurl ($90.48 in chips)
Seat 6: SmellyToes4u ($102.11 in chips)
SmellyToes4u: posts small blind $1
cvillegurl: posts big blind $3
*** HOLE CARDS ***
SmellyToes4u: raises $3 to $6
cvillegurl: calls $3
*** FLOP *** [Ad Qd 7h]
cvillegurl: bets $3
SmellyToes4u: calls $3
*** TURN *** [Ad Qd 7h] [Qc]
cvillegurl: bets $6
SmellyToes4u: folds
Uncalled bet ($6) returned to cvillegurl
cvillegurl collected $17.64 from pot
*** SUMMARY ***
Total pot $18 | Rake $0.36
Board [Ad Qd 7h Qc]
Seat 3: cvillegurl (big blind) collected ($17.64)
Seat 6: SmellyToes4u (button) (small blind) folded on the Turn


PokerStars Hand #147971818140:  Hold'em Limit ($3/$6 USD) - 2016/01/30 22:52:37 ET
Table 'Pariana' 6-max Seat #3 is the button
Seat 3: cvillegurl ($99.12 in chips)
Seat 6: SmellyToes4u ($93.11 in chips)
cvillegurl: posts small blind $1
SmellyToes4u: posts big blind $3
*** HOLE CARDS ***
cvillegurl: calls $2
SmellyToes4u: raises $3 to $6
cvillegurl: calls $3
*** FLOP *** [Th Td 3c]
SmellyToes4u: bets $3
cvillegurl: calls $3
*** TURN *** [Th Td 3c] [Jc]
SmellyToes4u: bets $6
cvillegurl: folds
Uncalled bet ($6) returned to SmellyToes4u
SmellyToes4u collected $17.64 from pot
SmellyToes4u: doesn't show hand
*** SUMMARY ***
Total pot $18 | Rake $0.36
Board [Th Td 3c Jc]
Seat 3: cvillegurl (button) (small blind) folded on the Turn
Seat 6: SmellyToes4u (big blind) collected ($17.64)


PokerStars Hand #147971827134:  Hold'em Limit ($3/$6 USD) - 2016/01/30 22:53:02 ET
Table 'Pariana' 6-max Seat #6 is the button
Seat 3: cvillegurl ($90.12 in chips)
Seat 6: SmellyToes4u ($101.75 in chips)
SmellyToes4u: posts small blind $1
cvillegurl: posts big blind $3
*** HOLE CARDS ***
SmellyToes4u: raises $3 to $6
cvillegurl: raises $3 to $9
SmellyToes4u: calls $3
*** FLOP *** [Js 4h 5h]
cvillegurl: bets $3
SmellyToes4u: calls $3
*** TURN *** [Js 4h 5h] [3s]
cvillegurl: bets $6
SmellyToes4u: calls $6
*** RIVER *** [Js 4h 5h 3s] [3d]
cvillegurl: bets $6
SmellyToes4u: calls $6
*** SHOW DOWN ***
cvillegurl: shows [Qh As] (a pair of Threes)
SmellyToes4u: mucks hand
cvillegurl collected $47.50 from pot
*** SUMMARY ***
Total pot $48 | Rake $0.50
Board [Js 4h 5h 3s 3d]
Seat 3: cvillegurl (big blind) showed [Qh As] and won ($47.50) with a pair of Threes
Seat 6: SmellyToes4u (button) (small blind) mucked


PokerStars Hand #147971839089:  Hold'em Limit ($3/$6 USD) - 2016/01/30 22:53:34 ET
Table 'Pariana' 6-max Seat #3 is the button
Seat 3: cvillegurl ($113.62 in chips)
Seat 6: SmellyToes4u ($77.75 in chips)
cvillegurl: posts small blind $1
SmellyToes4u: posts big blind $3
*** HOLE CARDS ***
cvillegurl: folds
Uncalled bet ($2) returned to SmellyToes4u
SmellyToes4u collected $2 from pot
SmellyToes4u: doesn't show hand
*** SUMMARY ***
Total pot $2 | Rake $0
Seat 3: cvillegurl (button) (small blind) folded before Flop
Seat 6: SmellyToes4u (big blind) collected ($2)


PokerStars Hand #147971859404:  Hold'em Limit ($3/$6 USD) - 2016/01/30 22:54:29 ET
Table 'Pariana' 6-max Seat #3 is the button
Seat 3: cvillegurl ($84.62 in chips)
Seat 6: SmellyToes4u ($106.25 in chips)
cvillegurl: posts small blind $1
SmellyToes4u: posts big blind $3
*** HOLE CARDS ***
cvillegurl: raises $3 to $6
SmellyToes4u: calls $3
*** FLOP *** [Qh Qc 5d]
SmellyToes4u: checks
cvillegurl: checks
*** TURN *** [Qh Qc 5d] [3d]
SmellyToes4u: checks
cvillegurl: checks
*** RIVER *** [Qh Qc 5d 3d] [Kc]
SmellyToes4u: bets $6
cvillegurl: folds
Uncalled bet ($6) returned to SmellyToes4u
SmellyToes4u collected $11.76 from pot
SmellyToes4u: doesn't show hand
*** SUMMARY ***
Total pot $12 | Rake $0.24
Board [Qh Qc 5d 3d Kc]
Seat 3: cvillegurl (button) (small blind) folded on the River
Seat 6: SmellyToes4u (big blind) collected ($11.76)


PokerStars Hand #147971856100:  Hold'em Limit ($3/$6 USD) - 2016/01/30 22:54:20 ET
Table 'Pariana' 6-max Seat #6 is the button
Seat 3: cvillegurl ($87.62 in chips)
Seat 6: SmellyToes4u ($103.25 in chips)
SmellyToes4u: posts small blind $1
cvillegurl: posts big blind $3
*** HOLE CARDS ***
SmellyToes4u: raises $3 to $6
cvillegurl: folds
Uncalled bet ($3) returned to SmellyToes4u
SmellyToes4u collected $6 from pot
SmellyToes4u: doesn't show hand
*** SUMMARY ***
Total pot $6 | Rake $0
Seat 3: cvillegurl (big blind) folded before Flop
Seat 6: SmellyToes4u (button) (small blind) collected ($6)


PokerStars Hand #147971853768:  Hold'em Limit ($3/$6 USD) - 2016/01/30 22:54:14 ET
Table 'Pariana' 6-max Seat #3 is the button
Seat 3: cvillegurl ($88.62 in chips)
Seat 6: SmellyToes4u ($102.25 in chips)
cvillegurl: posts small blind $1
SmellyToes4u: posts big blind $3
*** HOLE CARDS ***
cvillegurl: folds
Uncalled bet ($2) returned to SmellyToes4u
SmellyToes4u collected $2 from pot
SmellyToes4u: doesn't show hand
*** SUMMARY ***
Total pot $2 | Rake $0
Seat 3: cvillegurl (button) (small blind) folded before Flop
Seat 6: SmellyToes4u (big blind) collected ($2)


PokerStars Hand #147971841520:  Hold'em Limit ($3/$6 USD) - 2016/01/30 22:53:41 ET
Table 'Pariana' 6-max Seat #6 is the button
Seat 3: cvillegurl ($112.62 in chips)
Seat 6: SmellyToes4u ($78.75 in chips)
SmellyToes4u: posts small blind $1
cvillegurl: posts big blind $3
*** HOLE CARDS ***
SmellyToes4u: raises $3 to $6
cvillegurl: raises $3 to $9
SmellyToes4u: calls $3
*** FLOP *** [5s 9d Ks]
cvillegurl: bets $3
SmellyToes4u: calls $3
*** TURN *** [5s 9d Ks] [8h]
cvillegurl: checks
SmellyToes4u: bets $6
cvillegurl: calls $6
*** RIVER *** [5s 9d Ks 8h] [Qh]
cvillegurl: bets $6
SmellyToes4u: calls $6
*** SHOW DOWN ***
cvillegurl: shows [Ts Ac] (high card Ace)
SmellyToes4u: shows [9c 7s] (a pair of Nines)
SmellyToes4u collected $47.50 from pot
*** SUMMARY ***
Total pot $48 | Rake $0.50
Board [5s 9d Ks 8h Qh]
Seat 3: cvillegurl (big blind) showed [Ts Ac] and lost with high card Ace
Seat 6: SmellyToes4u (button) (small blind) showed [9c 7s] and won ($47.50) with a pair of Nines


PokerStars Hand #147971873399:  Hold'em Limit ($3/$6 USD) - 2016/01/30 22:55:07 ET
Table 'Pariana' 6-max Seat #6 is the button
Seat 3: cvillegurl ($78.62 in chips)
Seat 6: SmellyToes4u ($112.01 in chips)
SmellyToes4u: posts small blind $1
cvillegurl: posts big blind $3
*** HOLE CARDS ***
SmellyToes4u: raises $3 to $6
cvillegurl: calls $3
*** FLOP *** [2d 2c Ks]
cvillegurl: checks
SmellyToes4u: bets $3
cvillegurl: folds
Uncalled bet ($3) returned to SmellyToes4u
SmellyToes4u collected $11.76 from pot
SmellyToes4u: doesn't show hand
*** SUMMARY ***
Total pot $12 | Rake $0.24
Board [2d 2c Ks]
Seat 3: cvillegurl (big blind) folded on the Flop
Seat 6: SmellyToes4u (button) (small blind) collected ($11.76)


PokerStars Hand #147971877703:  Hold'em Limit ($3/$6 USD) - 2016/01/30 22:55:20 ET
Table 'Pariana' 6-max Seat #3 is the button
Seat 3: cvillegurl ($72.62 in chips)
Seat 6: SmellyToes4u ($117.77 in chips)
cvillegurl: posts small blind $1
SmellyToes4u: posts big blind $3
*** HOLE CARDS ***
cvillegurl: raises $3 to $6
SmellyToes4u: calls $3
*** FLOP *** [As 6s 5s]
SmellyToes4u: checks
cvillegurl: bets $3
SmellyToes4u: raises $3 to $6
cvillegurl: raises $3 to $9
SmellyToes4u: raises $3 to $12
Betting is capped
cvillegurl: calls $3
*** TURN *** [As 6s 5s] [6h]
SmellyToes4u: bets $6
cvillegurl: calls $6
*** RIVER *** [As 6s 5s 6h] [7d]
SmellyToes4u: bets $6
cvillegurl: calls $6
*** SHOW DOWN ***
SmellyToes4u: shows [6d Qs] (three of a kind, Sixes)
cvillegurl: mucks hand
SmellyToes4u collected $59.50 from pot
*** SUMMARY ***
Total pot $60 | Rake $0.50
Board [As 6s 5s 6h 7d]
Seat 3: cvillegurl (button) (small blind) mucked
Seat 6: SmellyToes4u (big blind) showed [6d Qs] and won ($59.50) with three of a kind, Sixes


PokerStars Hand #147971888695:  Hold'em Limit ($3/$6 USD) - 2016/01/30 22:55:55 ET
Table 'Pariana' 6-max Seat #6 is the button
Seat 3: cvillegurl ($42.62 in chips)
Seat 6: SmellyToes4u ($147.27 in chips)
SmellyToes4u: posts small blind $1
cvillegurl: posts big blind $3
*** HOLE CARDS ***
SmellyToes4u: folds
Uncalled bet ($2) returned to cvillegurl
cvillegurl collected $2 from pot
*** SUMMARY ***
Total pot $2 | Rake $0
Seat 3: cvillegurl (big blind) collected ($2)
Seat 6: SmellyToes4u (button) (small blind) folded before Flop


PokerStars Hand #147971897582:  Hold'em Limit ($3/$6 USD) - 2016/01/30 22:56:22 ET
Table 'Pariana' 6-max Seat #6 is the button
Seat 3: cvillegurl ($19.62 in chips)
Seat 6: SmellyToes4u ($169.77 in chips)
SmellyToes4u: posts small blind $1
cvillegurl: posts big blind $3
*** HOLE CARDS ***
SmellyToes4u: folds
Uncalled bet ($2) returned to cvillegurl
cvillegurl collected $2 from pot
*** SUMMARY ***
Total pot $2 | Rake $0
Seat 3: cvillegurl (big blind) collected ($2)
Seat 6: SmellyToes4u (button) (small blind) folded before Flop


PokerStars Hand #147971890582:  Hold'em Limit ($3/$6 USD) - 2016/01/30 22:56:00 ET
Table 'Pariana' 6-max Seat #3 is the button
Seat 3: cvillegurl ($43.62 in chips)
Seat 6: SmellyToes4u ($146.27 in chips)
cvillegurl: posts small blind $1
SmellyToes4u: posts big blind $3
*** HOLE CARDS ***
cvillegurl: raises $3 to $6
SmellyToes4u: calls $3
*** FLOP *** [Kd 4d 2s]
SmellyToes4u: checks
cvillegurl: checks
*** TURN *** [Kd 4d 2s] [3s]
SmellyToes4u: bets $6
cvillegurl: calls $6
*** RIVER *** [Kd 4d 2s 3s] [5s]
SmellyToes4u: bets $6
cvillegurl: raises $6 to $12
SmellyToes4u: calls $6
*** SHOW DOWN ***
cvillegurl: shows [Ts Ah] (a straight, Ace to Five)
SmellyToes4u: shows [2d 6d] (a straight, Deuce to Six)
SmellyToes4u collected $47.50 from pot
*** SUMMARY ***
Total pot $48 | Rake $0.50
Board [Kd 4d 2s 3s 5s]
Seat 3: cvillegurl (button) (small blind) showed [Ts Ah] and lost with a straight, Ace to Five
Seat 6: SmellyToes4u (big blind) showed [2d 6d] and won ($47.50) with a straight, Deuce to Six


PokerStars Hand #147971903895:  Hold'em Limit ($3/$6 USD) - 2016/01/30 22:56:42 ET
Table 'Pariana' 6-max Seat #6 is the button
Seat 3: cvillegurl ($26.38 in chips)
Seat 6: SmellyToes4u ($162.77 in chips)
SmellyToes4u: posts small blind $1
cvillegurl: posts big blind $3
*** HOLE CARDS ***
SmellyToes4u: folds
Uncalled bet ($2) returned to cvillegurl
cvillegurl collected $2 from pot
cvillegurl: doesn't show hand
*** SUMMARY ***
Total pot $2 | Rake $0
Seat 3: cvillegurl (big blind) collected ($2)
Seat 6: SmellyToes4u (button) (small blind) folded before Flop


PokerStars Hand #147971899551:  Hold'em Limit ($3/$6 USD) - 2016/01/30 22:56:28 ET
Table 'Pariana' 6-max Seat #3 is the button
Seat 3: cvillegurl ($20.62 in chips)
Seat 6: SmellyToes4u ($168.77 in chips)
cvillegurl: posts small blind $1
SmellyToes4u: posts big blind $3
*** HOLE CARDS ***
cvillegurl: raises $3 to $6
SmellyToes4u: calls $3
*** FLOP *** [3s Jc 4h]
SmellyToes4u: checks
cvillegurl: bets $3
SmellyToes4u: folds
Uncalled bet ($3) returned to cvillegurl
cvillegurl collected $11.76 from pot
*** SUMMARY ***
Total pot $12 | Rake $0.24
Board [3s Jc 4h]
Seat 3: cvillegurl (button) (small blind) collected ($11.76)
Seat 6: SmellyToes4u (big blind) folded on the Flop


PokerStars Hand #147971905592:  Hold'em Limit ($3/$6 USD) - 2016/01/30 22:56:47 ET
Table 'Pariana' 6-max Seat #3 is the button
Seat 3: cvillegurl ($27.38 in chips)
Seat 6: SmellyToes4u ($161.77 in chips)
cvillegurl: posts small blind $1
SmellyToes4u: posts big blind $3
*** HOLE CARDS ***
cvillegurl: folds
Uncalled bet ($2) returned to SmellyToes4u
SmellyToes4u collected $2 from pot
SmellyToes4u: doesn't show hand
*** SUMMARY ***
Total pot $2 | Rake $0
Seat 3: cvillegurl (button) (small blind) folded before Flop
Seat 6: SmellyToes4u (big blind) collected ($2)


PokerStars Hand #147971920487:  Hold'em Limit ($3/$6 USD) - 2016/01/30 22:57:33 ET
Table 'Pariana' 6-max Seat #6 is the button
Seat 3: cvillegurl ($17.13 in chips)
Seat 6: SmellyToes4u ($171.16 in chips)
SmellyToes4u: posts small blind $1
cvillegurl: posts big blind $3
*** HOLE CARDS ***
SmellyToes4u: folds
Uncalled bet ($2) returned to cvillegurl
cvillegurl collected $2 from pot
*** SUMMARY ***
Total pot $2 | Rake $0
Seat 3: cvillegurl (big blind) collected ($2)
Seat 6: SmellyToes4u (button) (small blind) folded before Flop


PokerStars Hand #147971913208:  Hold'em Limit ($3/$6 USD) - 2016/01/30 22:57:11 ET
Table 'Pariana' 6-max Seat #3 is the button
Seat 3: cvillegurl ($17.38 in chips)
Seat 6: SmellyToes4u ($171.41 in chips)
cvillegurl: posts small blind $1
SmellyToes4u: posts big blind $3
*** HOLE CARDS ***
cvillegurl: raises $3 to $6
SmellyToes4u: calls $3
*** FLOP *** [Qd Jc Jd]
SmellyToes4u: checks
cvillegurl: bets $3
SmellyToes4u: raises $3 to $6
cvillegurl: raises $3 to $9
SmellyToes4u: calls $3
*** TURN *** [Qd Jc Jd] [Js]
SmellyToes4u: bets $6
cvillegurl: calls $2.38 and is all-in
Uncalled bet ($3.62) returned to SmellyToes4u
*** RIVER *** [Qd Jc Jd Js] [Tc]
*** SHOW DOWN ***
SmellyToes4u: shows [Ac 2d] (three of a kind, Jacks)
cvillegurl: shows [Ah 6h] (three of a kind, Jacks)
SmellyToes4u collected $17.13 from pot
cvillegurl collected $17.13 from pot
*** SUMMARY ***
Total pot $34.76 | Rake $0.50
Board [Qd Jc Jd Js Tc]
Seat 3: cvillegurl (button) (small blind) showed [Ah 6h] and won ($17.13) with three of a kind, Jacks
Seat 6: SmellyToes4u (big blind) showed [Ac 2d] and won ($17.13) with three of a kind, Jacks


PokerStars Hand #147971922245:  Hold'em Limit ($3/$6 USD) - 2016/01/30 22:57:39 ET
Table 'Pariana' 6-max Seat #3 is the button
Seat 3: cvillegurl ($18.13 in chips)
Seat 6: SmellyToes4u ($170.16 in chips)
cvillegurl: posts small blind $1
SmellyToes4u: posts big blind $3
*** HOLE CARDS ***
cvillegurl: raises $3 to $6
SmellyToes4u: folds
Uncalled bet ($3) returned to cvillegurl
cvillegurl collected $6 from pot
cvillegurl: doesn't show hand
*** SUMMARY ***
Total pot $6 | Rake $0
Seat 3: cvillegurl (button) (small blind) collected ($6)
Seat 6: SmellyToes4u (big blind) folded before Flop


PokerStars Hand #147971925609:  Hold'em Limit ($3/$6 USD) - 2016/01/30 22:57:49 ET
Table 'Pariana' 6-max Seat #6 is the button
Seat 3: cvillegurl ($21.13 in chips)
Seat 6: SmellyToes4u ($167.16 in chips)
SmellyToes4u: posts small blind $1
cvillegurl: posts big blind $3
*** HOLE CARDS ***
SmellyToes4u: folds
Uncalled bet ($2) returned to cvillegurl
cvillegurl collected $2 from pot
cvillegurl: doesn't show hand
*** SUMMARY ***
Total pot $2 | Rake $0
Seat 3: cvillegurl (big blind) collected ($2)
Seat 6: SmellyToes4u (button) (small blind) folded before Flop


PokerStars Hand #147971907728:  Hold'em Limit ($3/$6 USD) - 2016/01/30 22:56:54 ET
Table 'Pariana' 6-max Seat #6 is the button
Seat 3: cvillegurl ($26.38 in chips)
Seat 6: SmellyToes4u ($162.77 in chips)
SmellyToes4u: posts small blind $1
cvillegurl: posts big blind $3
*** HOLE CARDS ***
SmellyToes4u: raises $3 to $6
cvillegurl: raises $3 to $9
SmellyToes4u: calls $3
*** FLOP *** [Ad 3c 9h]
cvillegurl: checks
SmellyToes4u: bets $3
cvillegurl: folds
Uncalled bet ($3) returned to SmellyToes4u
SmellyToes4u collected $17.64 from pot
SmellyToes4u: doesn't show hand
*** SUMMARY ***
Total pot $18 | Rake $0.36
Board [Ad 3c 9h]
Seat 3: cvillegurl (big blind) folded on the Flop
Seat 6: SmellyToes4u (button) (small blind) collected ($17.64)


PokerStars Hand #147971928410:  Hold'em Limit ($3/$6 USD) - 2016/01/30 22:57:58 ET
Table 'Pariana' 6-max Seat #3 is the button
Seat 3: cvillegurl ($22.13 in chips)
Seat 6: SmellyToes4u ($166.16 in chips)
cvillegurl: posts small blind $1
SmellyToes4u: posts big blind $3
*** HOLE CARDS ***
cvillegurl: raises $3 to $6
SmellyToes4u: calls $3
*** FLOP *** [6h 4s Kc]
SmellyToes4u: checks
cvillegurl: bets $3
dimistav11 joins the table at seat #4
SmellyToes4u: folds
Uncalled bet ($3) returned to cvillegurl
cvillegurl collected $11.76 from pot
*** SUMMARY ***
Total pot $12 | Rake $0.24
Board [6h 4s Kc]
Seat 3: cvillegurl (button) (small blind) collected ($11.76)
Seat 6: SmellyToes4u (big blind) folded on the Flop


PokerStars Hand #147971937891:  Hold'em Limit ($3/$6 USD) - 2016/01/30 22:58:15 ET
Table 'Pariana' 6-max Seat #6 is the button
Seat 3: cvillegurl ($27.89 in chips)
Seat 6: SmellyToes4u ($160.16 in chips)
SmellyToes4u: posts small blind $1
cvillegurl: posts big blind $3
*** HOLE CARDS ***
SmellyToes4u: raises $3 to $6
cvillegurl: calls $3
*** FLOP *** [Jc 5s Ac]
cvillegurl: bets $3
SmellyToes4u: calls $3
*** TURN *** [Jc 5s Ac] [3h]
cvillegurl: bets $6
SmellyToes4u: calls $6
*** RIVER *** [Jc 5s Ac 3h] [Qd]
cvillegurl: bets $6
SmellyToes4u: calls $6
*** SHOW DOWN ***
cvillegurl: shows [Js 6c] (a pair of Jacks)
SmellyToes4u: mucks hand
cvillegurl collected $41.50 from pot
*** SUMMARY ***
Total pot $42 | Rake $0.50
Board [Jc 5s Ac 3h Qd]
Seat 3: cvillegurl (big blind) showed [Js 6c] and won ($41.50) with a pair of Jacks
Seat 6: SmellyToes4u (button) (small blind) mucked


PokerStars Hand #147971962303:  Hold'em Limit ($3/$6 USD) - 2016/01/30 22:59:26 ET
Table 'Pariana' 6-max Seat #4 is the button
Seat 3: cvillegurl ($27.39 in chips)
Seat 4: dimistav11 ($419.29 in chips)
dimistav11: posts small blind $1
SmellyToes4u: is sitting out
cvillegurl: posts big blind $3
*** HOLE CARDS ***
dimistav11: calls $2
cvillegurl: raises $3 to $6
dimistav11: calls $3
*** FLOP *** [Th 6h 2h]
cvillegurl: bets $3
dimistav11: folds
Uncalled bet ($3) returned to cvillegurl
cvillegurl collected $11.76 from pot
cvillegurl: doesn't show hand
*** SUMMARY ***
Total pot $12 | Rake $0.24
Board [Th 6h 2h]
Seat 3: cvillegurl (big blind) collected ($11.76)
Seat 4: dimistav11 (button) (small blind) folded on the Flop


PokerStars Hand #147971965767:  Hold'em Limit ($3/$6 USD) - 2016/01/30 22:59:37 ET
Table 'Pariana' 6-max Seat #3 is the button
Seat 3: cvillegurl ($33.15 in chips)
Seat 4: dimistav11 ($413.29 in chips)
cvillegurl: posts small blind $1
dimistav11: posts big blind $3
*** HOLE CARDS ***
cvillegurl: raises $3 to $6
dimistav11: calls $3
*** FLOP *** [6h 7s Ac]
dimistav11: checks
cvillegurl: checks
*** TURN *** [6h 7s Ac] [9c]
dimistav11: checks
cvillegurl: checks
*** RIVER *** [6h 7s Ac 9c] [Kc]
dimistav11: bets $6
cvillegurl: calls $6
*** SHOW DOWN ***
dimistav11: shows [Jd Ks] (a pair of Kings)
cvillegurl: mucks hand
dimistav11 collected $23.52 from pot
*** SUMMARY ***
Total pot $24 | Rake $0.48
Board [6h 7s Ac 9c Kc]
Seat 3: cvillegurl (button) (small blind) mucked
Seat 4: dimistav11 (big blind) showed [Jd Ks] and won ($23.52) with a pair of Kings


PokerStars Hand #147971971713:  Hold'em Limit ($3/$6 USD) - 2016/01/30 22:59:55 ET
Table 'Pariana' 6-max Seat #4 is the button
Seat 3: cvillegurl ($21.15 in chips)
Seat 4: dimistav11 ($424.81 in chips)
dimistav11: posts small blind $1
cvillegurl: posts big blind $3
*** HOLE CARDS ***
dimistav11: calls $2
cvillegurl: raises $3 to $6
dimistav11: calls $3
*** FLOP *** [2h 2d 8h]
cvillegurl: bets $3
dimistav11: folds
Uncalled bet ($3) returned to cvillegurl
cvillegurl collected $11.76 from pot
*** SUMMARY ***
Total pot $12 | Rake $0.24
Board [2h 2d 8h]
Seat 3: cvillegurl (big blind) collected ($11.76)
Seat 4: dimistav11 (button) (small blind) folded on the Flop


PokerStars Hand #147971975272:  Hold'em Limit ($3/$6 USD) - 2016/01/30 23:00:06 ET
Table 'Pariana' 6-max Seat #3 is the button
Seat 3: cvillegurl ($26.91 in chips)
Seat 4: dimistav11 ($418.81 in chips)
cvillegurl: posts small blind $1
dimistav11: posts big blind $3
*** HOLE CARDS ***
cvillegurl: raises $3 to $6
dimistav11: calls $3
*** FLOP *** [5c 4d Kd]
dimistav11: checks
cvillegurl: bets $3
dimistav11: raises $3 to $6
cvillegurl: calls $3
*** TURN *** [5c 4d Kd] [5s]
dimistav11: bets $6
cvillegurl: calls $6
*** RIVER *** [5c 4d Kd 5s] [5d]
dimistav11: bets $6
cvillegurl: calls $6
*** SHOW DOWN ***
dimistav11: shows [Kc Qc] (a full house, Fives full of Kings)
cvillegurl: mucks hand
dimistav11 collected $47.50 from pot
*** SUMMARY ***
Total pot $48 | Rake $0.50
Board [5c 4d Kd 5s 5d]
Seat 3: cvillegurl (button) (small blind) mucked
Seat 4: dimistav11 (big blind) showed [Kc Qc] and won ($47.50) with a full house, Fives full of Kings


PokerStars Hand #147972652348:  Hold'em Limit ($3/$6 USD) - 2016/01/30 23:32:03 ET
Table 'Pariana' 6-max Seat #6 is the button
Seat 4: dkoluk ($125.64 in chips)
Seat 6: SmellyToes4u ($118.04 in chips)
SmellyToes4u: posts small blind $1
dkoluk: posts big blind $3
*** HOLE CARDS ***
SmellyToes4u: raises $3 to $6
dkoluk: calls $3
*** FLOP *** [6c 8s Ad]
dkoluk: checks
SmellyToes4u: bets $3
dkoluk: folds
Uncalled bet ($3) returned to SmellyToes4u
SmellyToes4u collected $11.76 from pot
SmellyToes4u: doesn't show hand
*** SUMMARY ***
Total pot $12 | Rake $0.24
Board [6c 8s Ad]
Seat 4: dkoluk (big blind) folded on the Flop
Seat 6: SmellyToes4u (button) (small blind) collected ($11.76)


PokerStars Hand #147972642464:  Hold'em Limit ($3/$6 USD) - 2016/01/30 23:31:34 ET
Table 'Pariana' 6-max Seat #4 is the button
Seat 4: dkoluk ($128.64 in chips)
Seat 6: SmellyToes4u ($115.16 in chips)
dkoluk: posts small blind $1
SmellyToes4u: posts big blind $3
*** HOLE CARDS ***
dkoluk: calls $2
SmellyToes4u: checks
*** FLOP *** [9s 7c 3c]
SmellyToes4u: checks
dkoluk: checks
*** TURN *** [9s 7c 3c] [Tc]
SmellyToes4u: checks
dkoluk: checks
*** RIVER *** [9s 7c 3c Tc] [7s]
SmellyToes4u: bets $6
dkoluk: folds
Uncalled bet ($6) returned to SmellyToes4u
SmellyToes4u collected $5.88 from pot
SmellyToes4u: doesn't show hand
*** SUMMARY ***
Total pot $6 | Rake $0.12
Board [9s 7c 3c Tc 7s]
Seat 4: dkoluk (button) (small blind) folded on the River
Seat 6: SmellyToes4u (big blind) collected ($5.88)


PokerStars Hand #147972634174:  Hold'em Limit ($3/$6 USD) - 2016/01/30 23:31:09 ET
Table 'Pariana' 6-max Seat #6 is the button
Seat 4: dkoluk ($120 in chips)
Seat 6: SmellyToes4u ($124.16 in chips)
SmellyToes4u: posts small blind $1
dkoluk: posts big blind $3
*** HOLE CARDS ***
SmellyToes4u: raises $3 to $6
dkoluk: calls $3
*** FLOP *** [5c Qc Ts]
dkoluk: checks
SmellyToes4u: bets $3
dkoluk: calls $3
*** TURN *** [5c Qc Ts] [Jh]
dkoluk: checks
SmellyToes4u: checks
*** RIVER *** [5c Qc Ts Jh] [Ad]
dkoluk: checks
SmellyToes4u: checks
*** SHOW DOWN ***
dkoluk: shows [3h Td] (a pair of Tens)
SmellyToes4u: mucks hand
dkoluk collected $17.64 from pot
*** SUMMARY ***
Total pot $18 | Rake $0.36
Board [5c Qc Ts Jh Ad]
Seat 4: dkoluk (big blind) showed [3h Td] and won ($17.64) with a pair of Tens
Seat 6: SmellyToes4u (button) (small blind) mucked


PokerStars Hand #147972664441:  Hold'em Limit ($3/$6 USD) - 2016/01/30 23:32:39 ET
Table 'Pariana' 6-max Seat #6 is the button
Seat 4: dkoluk ($125.40 in chips)
Seat 6: SmellyToes4u ($117.80 in chips)
SmellyToes4u: posts small blind $1
dkoluk: posts big blind $3
*** HOLE CARDS ***
SmellyToes4u: raises $3 to $6
dkoluk: calls $3
*** FLOP *** [5s Kc Jd]
dkoluk: checks
SmellyToes4u: bets $3
dkoluk: calls $3
*** TURN *** [5s Kc Jd] [3s]
dkoluk: checks
SmellyToes4u: checks
*** RIVER *** [5s Kc Jd 3s] [9d]
dkoluk: bets $6
SmellyToes4u: calls $6
*** SHOW DOWN ***
dkoluk: shows [Jc 5h] (two pair, Jacks and Fives)
SmellyToes4u: mucks hand
dkoluk collected $29.50 from pot
*** SUMMARY ***
Total pot $30 | Rake $0.50
Board [5s Kc Jd 3s 9d]
Seat 4: dkoluk (big blind) showed [Jc 5h] and won ($29.50) with two pair, Jacks and Fives
Seat 6: SmellyToes4u (button) (small blind) mucked


PokerStars Hand #147972657969:  Hold'em Limit ($3/$6 USD) - 2016/01/30 23:32:20 ET
Table 'Pariana' 6-max Seat #4 is the button
Seat 4: dkoluk ($119.64 in chips)
Seat 6: SmellyToes4u ($123.80 in chips)
dkoluk: posts small blind $1
SmellyToes4u: posts big blind $3
*** HOLE CARDS ***
dkoluk: raises $3 to $6
SmellyToes4u: calls $3
*** FLOP *** [Ah 4s 7c]
SmellyToes4u: checks
dkoluk: bets $3
SmellyToes4u: folds
Uncalled bet ($3) returned to dkoluk
dkoluk collected $11.76 from pot
*** SUMMARY ***
Total pot $12 | Rake $0.24
Board [Ah 4s 7c]
Seat 4: dkoluk (button) (small blind) collected ($11.76)
Seat 6: SmellyToes4u (big blind) folded on the Flop


PokerStars Hand #147972712069:  Hold'em Limit ($3/$6 USD) - 2016/01/30 23:35:00 ET
Table 'Pariana' 6-max Seat #3 is the button
Seat 3: AAdeninAA ($100 in chips)
Seat 6: SmellyToes4u ($102.80 in chips)
AAdeninAA: posts small blind $1
SmellyToes4u: posts big blind $3
*** HOLE CARDS ***
AAdeninAA: raises $3 to $6
SmellyToes4u: calls $3
*** FLOP *** [6c Jh Js]
SmellyToes4u: checks
AAdeninAA: bets $3
SmellyToes4u: raises $3 to $6
AAdeninAA: calls $3
*** TURN *** [6c Jh Js] [7c]
SmellyToes4u: bets $6
AAdeninAA: calls $6
*** RIVER *** [6c Jh Js 7c] [Ks]
SmellyToes4u: bets $6
AAdeninAA: folds
Uncalled bet ($6) returned to SmellyToes4u
SmellyToes4u collected $35.50 from pot
SmellyToes4u: doesn't show hand
*** SUMMARY ***
Total pot $36 | Rake $0.50
Board [6c Jh Js 7c Ks]
Seat 3: AAdeninAA (button) (small blind) folded on the River
Seat 6: SmellyToes4u (big blind) collected ($35.50)


PokerStars Hand #147972734477:  Hold'em Limit ($3/$6 USD) - 2016/01/30 23:36:07 ET
Table 'Pariana' 6-max Seat #3 is the button
Seat 3: AAdeninAA ($117.26 in chips)
Seat 6: SmellyToes4u ($84.30 in chips)
AAdeninAA: posts small blind $1
SmellyToes4u: posts big blind $3
*** HOLE CARDS ***
AAdeninAA: raises $3 to $6
SmellyToes4u: calls $3
*** FLOP *** [8c Jc 9h]
SmellyToes4u: checks
AAdeninAA: bets $3
SmellyToes4u: calls $3
*** TURN *** [8c Jc 9h] [Js]
SmellyToes4u: checks
AAdeninAA: bets $6
SmellyToes4u: calls $6
*** RIVER *** [8c Jc 9h Js] [3s]
SmellyToes4u: checks
AAdeninAA: bets $6
SmellyToes4u: calls $6
*** SHOW DOWN ***
AAdeninAA: shows [Td Qd] (a straight, Eight to Queen)
SmellyToes4u: mucks hand
AAdeninAA collected $41.50 from pot
*** SUMMARY ***
Total pot $42 | Rake $0.50
Board [8c Jc 9h Js 3s]
Seat 3: AAdeninAA (button) (small blind) showed [Td Qd] and won ($41.50) with a straight, Eight to Queen
Seat 6: SmellyToes4u (big blind) mucked


PokerStars Hand #147972733093:  Hold'em Limit ($3/$6 USD) - 2016/01/30 23:36:03 ET
Table 'Pariana' 6-max Seat #6 is the button
Seat 3: AAdeninAA ($116.26 in chips)
Seat 6: SmellyToes4u ($85.30 in chips)
SmellyToes4u: posts small blind $1
AAdeninAA: posts big blind $3
*** HOLE CARDS ***
SmellyToes4u: folds
Uncalled bet ($2) returned to AAdeninAA
AAdeninAA collected $2 from pot
AAdeninAA: doesn't show hand
*** SUMMARY ***
Total pot $2 | Rake $0
Seat 3: AAdeninAA (big blind) collected ($2)
Seat 6: SmellyToes4u (button) (small blind) folded before Flop


PokerStars Hand #147972719728:  Hold'em Limit ($3/$6 USD) - 2016/01/30 23:35:23 ET
Table 'Pariana' 6-max Seat #6 is the button
Seat 3: AAdeninAA ($82 in chips)
Seat 6: SmellyToes4u ($120.30 in chips)
SmellyToes4u: posts small blind $1
AAdeninAA: posts big blind $3
*** HOLE CARDS ***
SmellyToes4u: raises $3 to $6
AAdeninAA: calls $3
*** FLOP *** [Js Ts 9s]
AAdeninAA: checks
SmellyToes4u: checks
*** TURN *** [Js Ts 9s] [Qc]
AAdeninAA: checks
SmellyToes4u: checks
*** RIVER *** [Js Ts 9s Qc] [6c]
AAdeninAA: checks
SmellyToes4u: checks
*** SHOW DOWN ***
AAdeninAA: shows [7d Jd] (a pair of Jacks)
SmellyToes4u: mucks hand
AAdeninAA collected $11.76 from pot
*** SUMMARY ***
Total pot $12 | Rake $0.24
Board [Js Ts 9s Qc 6c]
Seat 3: AAdeninAA (big blind) showed [7d Jd] and won ($11.76) with a pair of Jacks
Seat 6: SmellyToes4u (button) (small blind) mucked


PokerStars Hand #147972724738:  Hold'em Limit ($3/$6 USD) - 2016/01/30 23:35:38 ET
Table 'Pariana' 6-max Seat #3 is the button
Seat 3: AAdeninAA ($87.76 in chips)
Seat 6: SmellyToes4u ($114.30 in chips)
AAdeninAA: posts small blind $1
SmellyToes4u: posts big blind $3
*** HOLE CARDS ***
AAdeninAA: raises $3 to $6
SmellyToes4u: folds
Uncalled bet ($3) returned to AAdeninAA
AAdeninAA collected $6 from pot
AAdeninAA: doesn't show hand
*** SUMMARY ***
Total pot $6 | Rake $0
Seat 3: AAdeninAA (button) (small blind) collected ($6)
Seat 6: SmellyToes4u (big blind) folded before Flop


PokerStars Hand #147972731876:  Hold'em Limit ($3/$6 USD) - 2016/01/30 23:35:59 ET
Table 'Pariana' 6-max Seat #3 is the button
Seat 3: AAdeninAA ($117.26 in chips)
Seat 6: SmellyToes4u ($84.30 in chips)
AAdeninAA: posts small blind $1
SmellyToes4u: posts big blind $3
*** HOLE CARDS ***
AAdeninAA: folds
Uncalled bet ($2) returned to SmellyToes4u
SmellyToes4u collected $2 from pot
SmellyToes4u: doesn't show hand
*** SUMMARY ***
Total pot $2 | Rake $0
Seat 3: AAdeninAA (button) (small blind) folded before Flop
Seat 6: SmellyToes4u (big blind) collected ($2)


PokerStars Hand #147972727401:  Hold'em Limit ($3/$6 USD) - 2016/01/30 23:35:46 ET
Table 'Pariana' 6-max Seat #6 is the button
Seat 3: AAdeninAA ($90.76 in chips)
Seat 6: SmellyToes4u ($111.30 in chips)
SmellyToes4u: posts small blind $1
AAdeninAA: posts big blind $3
*** HOLE CARDS ***
SmellyToes4u: raises $3 to $6
AAdeninAA: calls $3
*** FLOP *** [Jd 9h Ks]
AAdeninAA: checks
SmellyToes4u: bets $3
AAdeninAA: calls $3
*** TURN *** [Jd 9h Ks] [4c]
AAdeninAA: checks
SmellyToes4u: bets $6
AAdeninAA: raises $6 to $12
SmellyToes4u: calls $6
*** RIVER *** [Jd 9h Ks 4c] [4s]
AAdeninAA: bets $6
SmellyToes4u: calls $6
*** SHOW DOWN ***
AAdeninAA: shows [Kd 6d] (two pair, Kings and Fours)
SmellyToes4u: mucks hand
AAdeninAA collected $53.50 from pot
*** SUMMARY ***
Total pot $54 | Rake $0.50
Board [Jd 9h Ks 4c 4s]
Seat 3: AAdeninAA (big blind) showed [Kd 6d] and won ($53.50) with two pair, Kings and Fours
Seat 6: SmellyToes4u (button) (small blind) mucked


PokerStars Hand #147972745007:  Hold'em Limit ($3/$6 USD) - 2016/01/30 23:36:39 ET
Table 'Pariana' 6-max Seat #3 is the button
Seat 3: AAdeninAA ($128.76 in chips)
Seat 6: SmellyToes4u ($71.94 in chips)
AAdeninAA: posts small blind $1
SmellyToes4u: posts big blind $3
*** HOLE CARDS ***
AAdeninAA: folds
Uncalled bet ($2) returned to SmellyToes4u
SmellyToes4u collected $2 from pot
SmellyToes4u: doesn't show hand
*** SUMMARY ***
Total pot $2 | Rake $0
Seat 3: AAdeninAA (button) (small blind) folded before Flop
Seat 6: SmellyToes4u (big blind) collected ($2)


PokerStars Hand #147972739135:  Hold'em Limit ($3/$6 USD) - 2016/01/30 23:36:21 ET
Table 'Pariana' 6-max Seat #6 is the button
Seat 3: AAdeninAA ($137.76 in chips)
Seat 6: SmellyToes4u ($63.30 in chips)
SmellyToes4u: posts small blind $1
AAdeninAA: posts big blind $3
*** HOLE CARDS ***
SmellyToes4u: raises $3 to $6
AAdeninAA: calls $3
*** FLOP *** [7s 2h 8h]
AAdeninAA: checks
SmellyToes4u: bets $3
AAdeninAA: calls $3
*** TURN *** [7s 2h 8h] [2s]
AAdeninAA: checks
SmellyToes4u: bets $6
AAdeninAA: folds
Uncalled bet ($6) returned to SmellyToes4u
SmellyToes4u collected $17.64 from pot
SmellyToes4u: doesn't show hand
*** SUMMARY ***
Total pot $18 | Rake $0.36
Board [7s 2h 8h 2s]
Seat 3: AAdeninAA (big blind) folded on the Turn
Seat 6: SmellyToes4u (button) (small blind) collected ($17.64)


PokerStars Hand #147972748500:  Hold'em Limit ($3/$6 USD) - 2016/01/30 23:36:49 ET
Table 'Pariana' 6-max Seat #3 is the button
Seat 3: AAdeninAA ($124.76 in chips)
Seat 6: SmellyToes4u ($75.94 in chips)
AAdeninAA: posts small blind $1
SmellyToes4u: posts big blind $3
*** HOLE CARDS ***
AAdeninAA: folds
Uncalled bet ($2) returned to SmellyToes4u
SmellyToes4u collected $2 from pot
SmellyToes4u: doesn't show hand
*** SUMMARY ***
Total pot $2 | Rake $0
Seat 3: AAdeninAA (button) (small blind) folded before Flop
Seat 6: SmellyToes4u (big blind) collected ($2)


PokerStars Hand #147972746284:  Hold'em Limit ($3/$6 USD) - 2016/01/30 23:36:42 ET
Table 'Pariana' 6-max Seat #6 is the button
Seat 3: AAdeninAA ($127.76 in chips)
Seat 6: SmellyToes4u ($72.94 in chips)
SmellyToes4u: posts small blind $1
AAdeninAA: posts big blind $3
*** HOLE CARDS ***
SmellyToes4u: raises $3 to $6
AAdeninAA: folds
Uncalled bet ($3) returned to SmellyToes4u
zkarpis joins the table at seat #1
SmellyToes4u collected $6 from pot
SmellyToes4u: doesn't show hand
*** SUMMARY ***
Total pot $6 | Rake $0
Seat 3: AAdeninAA (big blind) folded before Flop
Seat 6: SmellyToes4u (button) (small blind) collected ($6)


PokerStars Hand #147973439238:  Hold'em Limit ($3/$6 USD) - 2016/01/31 0:13:16 ET
Table 'Pariana' 6-max Seat #5 is the button
Seat 4: qu1cks1lv3r7 ($92.33 in chips)
Seat 5: lelala ($68.01 in chips)
lelala: posts small blind $1
qu1cks1lv3r7: posts big blind $3
*** HOLE CARDS ***
lelala: raises $3 to $6
qu1cks1lv3r7: calls $3
*** FLOP *** [Jd 5d 8c]
qu1cks1lv3r7: bets $3
lelala: raises $3 to $6
qu1cks1lv3r7: folds
Uncalled bet ($3) returned to lelala
lelala collected $17.64 from pot
*** SUMMARY ***
Total pot $18 | Rake $0.36
Board [Jd 5d 8c]
Seat 4: qu1cks1lv3r7 (big blind) folded on the Flop
Seat 5: lelala (button) (small blind) collected ($17.64)


PokerStars Hand #147973429128:  Hold'em Limit ($3/$6 USD) - 2016/01/31 0:12:43 ET
Table 'Pariana' 6-max Seat #5 is the button
Seat 4: qu1cks1lv3r7 ($68.83 in chips)
Seat 5: lelala ($92.01 in chips)
lelala: posts small blind $1
SmellyToes4u: is sitting out
qu1cks1lv3r7: posts big blind $3
*** HOLE CARDS ***
lelala: raises $3 to $6
SmellyToes4u leaves the table
qu1cks1lv3r7: folds
Uncalled bet ($3) returned to lelala
lelala collected $6 from pot
*** SUMMARY ***
Total pot $6 | Rake $0
Seat 4: qu1cks1lv3r7 (big blind) folded before Flop
Seat 5: lelala (button) (small blind) collected ($6)


PokerStars Hand #147973432399:  Hold'em Limit ($3/$6 USD) - 2016/01/31 0:12:54 ET
Table 'Pariana' 6-max Seat #4 is the button
Seat 4: qu1cks1lv3r7 ($65.83 in chips)
Seat 5: lelala ($95.01 in chips)
qu1cks1lv3r7: posts small blind $1
lelala: posts big blind $3
*** HOLE CARDS ***
qu1cks1lv3r7: raises $3 to $6
lelala: calls $3
*** FLOP *** [6d Th Jh]
lelala: checks
qu1cks1lv3r7: bets $3
lelala: raises $3 to $6
qu1cks1lv3r7: raises $3 to $9
lelala: calls $3
*** TURN *** [6d Th Jh] [5d]
lelala: checks
qu1cks1lv3r7: bets $6
lelala: calls $6
*** RIVER *** [6d Th Jh 5d] [As]
lelala: checks
qu1cks1lv3r7: bets $6
lelala: calls $6
*** SHOW DOWN ***
qu1cks1lv3r7: shows [Jc Ts] (two pair, Jacks and Tens)
lelala: mucks hand
qu1cks1lv3r7 collected $53.50 from pot
*** SUMMARY ***
Total pot $54 | Rake $0.50
Board [6d Th Jh 5d As]
Seat 4: qu1cks1lv3r7 (button) (small blind) showed [Jc Ts] and won ($53.50) with two pair, Jacks and Tens
Seat 5: lelala (big blind) mucked


PokerStars Hand #147973443720:  Hold'em Limit ($3/$6 USD) - 2016/01/31 0:13:30 ET
Table 'Pariana' 6-max Seat #4 is the button
Seat 4: qu1cks1lv3r7 ($83.33 in chips)
Seat 5: lelala ($76.65 in chips)
qu1cks1lv3r7: posts small blind $1
lelala: posts big blind $3
*** HOLE CARDS ***
qu1cks1lv3r7: raises $3 to $6
lelala: folds
Uncalled bet ($3) returned to qu1cks1lv3r7
qu1cks1lv3r7 collected $6 from pot
*** SUMMARY ***
Total pot $6 | Rake $0
Seat 4: qu1cks1lv3r7 (button) (small blind) collected ($6)
Seat 5: lelala (big blind) folded before Flop


PokerStars Hand #147973454971:  Hold'em Limit ($3/$6 USD) - 2016/01/31 0:14:06 ET
Table 'Pariana' 6-max Seat #4 is the button
Seat 4: qu1cks1lv3r7 ($68.33 in chips)
Seat 5: lelala ($91.15 in chips)
qu1cks1lv3r7: posts small blind $1
lelala: posts big blind $3
*** HOLE CARDS ***
qu1cks1lv3r7: folds
Uncalled bet ($2) returned to lelala
lelala collected $2 from pot
*** SUMMARY ***
Total pot $2 | Rake $0
Seat 4: qu1cks1lv3r7 (button) (small blind) folded before Flop
Seat 5: lelala (big blind) collected ($2)


PokerStars Hand #147973446682:  Hold'em Limit ($3/$6 USD) - 2016/01/31 0:13:40 ET
Table 'Pariana' 6-max Seat #5 is the button
Seat 4: qu1cks1lv3r7 ($86.33 in chips)
Seat 5: lelala ($73.65 in chips)
lelala: posts small blind $1
qu1cks1lv3r7: posts big blind $3
*** HOLE CARDS ***
lelala: raises $3 to $6
qu1cks1lv3r7: calls $3
*** FLOP *** [Ac 2h 9s]
qu1cks1lv3r7: bets $3
lelala: raises $3 to $6
qu1cks1lv3r7: calls $3
*** TURN *** [Ac 2h 9s] [4s]
qu1cks1lv3r7: bets $6
lelala: calls $6
*** RIVER *** [Ac 2h 9s 4s] [7h]
qu1cks1lv3r7: checks
lelala: checks
*** SHOW DOWN ***
qu1cks1lv3r7: shows [Qh Jc] (high card Ace)
lelala: shows [8s 8h] (a pair of Eights)
lelala collected $35.50 from pot
*** SUMMARY ***
Total pot $36 | Rake $0.50
Board [Ac 2h 9s 4s 7h]
Seat 4: qu1cks1lv3r7 (big blind) showed [Qh Jc] and lost with high card Ace
Seat 5: lelala (button) (small blind) showed [8s 8h] and won ($35.50) with a pair of Eights


PokerStars Hand #147973456568:  Hold'em Limit ($3/$6 USD) - 2016/01/31 0:14:12 ET
Table 'Pariana' 6-max Seat #5 is the button
Seat 4: qu1cks1lv3r7 ($67.33 in chips)
Seat 5: lelala ($92.15 in chips)
lelala: posts small blind $1
qu1cks1lv3r7: posts big blind $3
*** HOLE CARDS ***
lelala: raises $3 to $6
qu1cks1lv3r7: folds
Uncalled bet ($3) returned to lelala
lelala collected $6 from pot
*** SUMMARY ***
Total pot $6 | Rake $0
Seat 4: qu1cks1lv3r7 (big blind) folded before Flop
Seat 5: lelala (button) (small blind) collected ($6)


PokerStars Hand #147973460622:  Hold'em Limit ($3/$6 USD) - 2016/01/31 0:14:25 ET
Table 'Pariana' 6-max Seat #4 is the button
Seat 4: qu1cks1lv3r7 ($64.33 in chips)
Seat 5: lelala ($95.15 in chips)
qu1cks1lv3r7: posts small blind $1
lelala: posts big blind $3
*** HOLE CARDS ***
qu1cks1lv3r7: raises $3 to $6
lelala: calls $3
*** FLOP *** [5s 4h 7d]
lelala: checks
qu1cks1lv3r7: bets $3
lelala: raises $3 to $6
qu1cks1lv3r7: calls $3
*** TURN *** [5s 4h 7d] [9h]
lelala: bets $6
qu1cks1lv3r7: calls $6
*** RIVER *** [5s 4h 7d 9h] [8s]
gracetime joins the table at seat #6
lelala: bets $6
qu1cks1lv3r7: calls $6
*** SHOW DOWN ***
lelala: shows [Kc 7s] (a pair of Sevens)
qu1cks1lv3r7: mucks hand
lelala collected $47.50 from pot
*** SUMMARY ***
Total pot $48 | Rake $0.50
Board [5s 4h 7d 9h 8s]
Seat 4: qu1cks1lv3r7 (button) (small blind) mucked
Seat 5: lelala (big blind) showed [Kc 7s] and won ($47.50) with a pair of Sevens


PokerStars Hand #147973923924:  Hold'em Limit ($3/$6 USD) - 2016/01/31 0:39:32 ET
Table 'Pariana' 6-max Seat #2 is the button
Seat 2: 40 ft cliff ($120 in chips)
Seat 6: zkarpis ($41.64 in chips)
40 ft cliff: posts small blind $1
zkarpis: posts big blind $3
*** HOLE CARDS ***
40 ft cliff: raises $3 to $6
zkarpis: calls $3
*** FLOP *** [6h 3s Kc]
zkarpis: checks
40 ft cliff: bets $3
zkarpis: raises $3 to $6
40 ft cliff: folds
Uncalled bet ($3) returned to zkarpis
zkarpis collected $17.64 from pot
zkarpis: doesn't show hand
*** SUMMARY ***
Total pot $18 | Rake $0.36
Board [6h 3s Kc]
Seat 2: 40 ft cliff (button) (small blind) folded on the Flop
Seat 6: zkarpis (big blind) collected ($17.64)


PokerStars Hand #147973939385:  Hold'em Limit ($3/$6 USD) - 2016/01/31 0:40:23 ET
Table 'Pariana' 6-max Seat #2 is the button
Seat 2: 40 ft cliff ($122.52 in chips)
Seat 6: zkarpis ($38.28 in chips)
40 ft cliff: posts small blind $1
zkarpis: posts big blind $3
*** HOLE CARDS ***
40 ft cliff: raises $3 to $6
zkarpis: calls $3
*** FLOP *** [6c Jh 7s]
zkarpis: bets $3
40 ft cliff: calls $3
*** TURN *** [6c Jh 7s] [4s]
zkarpis: bets $6
40 ft cliff: folds
Uncalled bet ($6) returned to zkarpis
zkarpis collected $17.64 from pot
zkarpis: doesn't show hand
*** SUMMARY ***
Total pot $18 | Rake $0.36
Board [6c Jh 7s 4s]
Seat 2: 40 ft cliff (button) (small blind) folded on the Turn
Seat 6: zkarpis (big blind) collected ($17.64)


PokerStars Hand #147973931493:  Hold'em Limit ($3/$6 USD) - 2016/01/31 0:39:57 ET
Table 'Pariana' 6-max Seat #6 is the button
Seat 2: 40 ft cliff ($111 in chips)
Seat 6: zkarpis ($50.28 in chips)
zkarpis: posts small blind $1
40 ft cliff: posts big blind $3
*** HOLE CARDS ***
zkarpis: calls $2
40 ft cliff: checks
*** FLOP *** [5c 7s Qh]
40 ft cliff: checks
zkarpis: bets $3
40 ft cliff: calls $3
*** TURN *** [5c 7s Qh] [2d]
40 ft cliff: checks
zkarpis: bets $6
40 ft cliff: calls $6
*** RIVER *** [5c 7s Qh 2d] [2h]
40 ft cliff: checks
zkarpis: checks
*** SHOW DOWN ***
40 ft cliff: shows [Kh Jd] (a pair of Deuces)
zkarpis: mucks hand
40 ft cliff collected $23.52 from pot
*** SUMMARY ***
Total pot $24 | Rake $0.48
Board [5c 7s Qh 2d 2h]
Seat 2: 40 ft cliff (big blind) showed [Kh Jd] and won ($23.52) with a pair of Deuces
Seat 6: zkarpis (button) (small blind) mucked


PokerStars Hand #147973956342:  Hold'em Limit ($3/$6 USD) - 2016/01/31 0:41:19 ET
Table 'Pariana' 6-max Seat #2 is the button
Seat 2: 40 ft cliff ($93.52 in chips)
Seat 6: zkarpis ($66.30 in chips)
40 ft cliff: posts small blind $1
zkarpis: posts big blind $3
*** HOLE CARDS ***
40 ft cliff: raises $3 to $6
zkarpis: calls $3
*** FLOP *** [9d 7d Jh]
zkarpis: checks
40 ft cliff: bets $3
zkarpis: folds
Uncalled bet ($3) returned to 40 ft cliff
40 ft cliff collected $11.76 from pot
40 ft cliff: doesn't show hand
*** SUMMARY ***
Total pot $12 | Rake $0.24
Board [9d 7d Jh]
Seat 2: 40 ft cliff (button) (small blind) collected ($11.76)
Seat 6: zkarpis (big blind) folded on the Flop


PokerStars Hand #147973954694:  Hold'em Limit ($3/$6 USD) - 2016/01/31 0:41:13 ET
Table 'Pariana' 6-max Seat #6 is the button
Seat 2: 40 ft cliff ($92.52 in chips)
Seat 6: zkarpis ($67.30 in chips)
zkarpis: posts small blind $1
40 ft cliff: posts big blind $3
*** HOLE CARDS ***
zkarpis: folds
Uncalled bet ($2) returned to 40 ft cliff
40 ft cliff collected $2 from pot
40 ft cliff: doesn't show hand
*** SUMMARY ***
Total pot $2 | Rake $0
Seat 2: 40 ft cliff (big blind) collected ($2)
Seat 6: zkarpis (button) (small blind) folded before Flop


PokerStars Hand #147973949131:  Hold'em Limit ($3/$6 USD) - 2016/01/31 0:40:55 ET
Table 'Pariana' 6-max Seat #2 is the button
Seat 2: 40 ft cliff ($110.52 in chips)
Seat 6: zkarpis ($49.80 in chips)
40 ft cliff: posts small blind $1
zkarpis: posts big blind $3
*** HOLE CARDS ***
40 ft cliff: raises $3 to $6
zkarpis: calls $3
*** FLOP *** [5s 4c Js]
zkarpis: checks
40 ft cliff: checks
*** TURN *** [5s 4c Js] [Jd]
zkarpis: bets $6
40 ft cliff: calls $6
*** RIVER *** [5s 4c Js Jd] [3c]
zkarpis: bets $6
40 ft cliff: calls $6
*** SHOW DOWN ***
zkarpis: shows [Jc 3d] (a full house, Jacks full of Threes)
40 ft cliff: mucks hand
zkarpis collected $35.50 from pot
*** SUMMARY ***
Total pot $36 | Rake $0.50
Board [5s 4c Js Jd 3c]
Seat 2: 40 ft cliff (button) (small blind) mucked
Seat 6: zkarpis (big blind) showed [Jc 3d] and won ($35.50) with a full house, Jacks full of Threes


PokerStars Hand #147973944659:  Hold'em Limit ($3/$6 USD) - 2016/01/31 0:40:40 ET
Table 'Pariana' 6-max Seat #6 is the button
Seat 2: 40 ft cliff ($113.52 in chips)
Seat 6: zkarpis ($46.92 in chips)
zkarpis: posts small blind $1
40 ft cliff: posts big blind $3
*** HOLE CARDS ***
zkarpis: calls $2
40 ft cliff: checks
*** FLOP *** [Ks Kh 5h]
40 ft cliff: checks
zkarpis: bets $3
40 ft cliff: folds
Uncalled bet ($3) returned to zkarpis
zkarpis collected $5.88 from pot
zkarpis: doesn't show hand
*** SUMMARY ***
Total pot $6 | Rake $0.12
Board [Ks Kh 5h]
Seat 2: 40 ft cliff (big blind) folded on the Flop
Seat 6: zkarpis (button) (small blind) collected ($5.88)


PokerStars Hand #147973962738:  Hold'em Limit ($3/$6 USD) - 2016/01/31 0:41:39 ET
Table 'Pariana' 6-max Seat #6 is the button
Seat 2: 40 ft cliff ($99.28 in chips)
Seat 6: zkarpis ($60.30 in chips)
zkarpis: posts small blind $1
40 ft cliff: posts big blind $3
*** HOLE CARDS ***
zkarpis: raises $3 to $6
40 ft cliff: calls $3
*** FLOP *** [Td Ts 6d]
Masqb joins the table at seat #3
40 ft cliff: checks
zkarpis: bets $3
40 ft cliff: calls $3
*** TURN *** [Td Ts 6d] [8h]
40 ft cliff: checks
zkarpis: bets $6
40 ft cliff: calls $6
*** RIVER *** [Td Ts 6d 8h] [Ah]
40 ft cliff: checks
zkarpis: checks
*** SHOW DOWN ***
40 ft cliff: shows [Kd Qc] (a pair of Tens)
zkarpis: shows [8s 7c] (two pair, Tens and Eights)
zkarpis collected $29.50 from pot
*** SUMMARY ***
Total pot $30 | Rake $0.50
Board [Td Ts 6d 8h Ah]
Seat 2: 40 ft cliff (big blind) showed [Kd Qc] and lost with a pair of Tens
Seat 6: zkarpis (button) (small blind) showed [8s 7c] and won ($29.50) with two pair, Tens and Eights


PokerStars Hand #147974379681:  Hold'em Limit ($3/$6 USD) - 2016/01/31 1:04:15 ET
Table 'Pariana' 6-max Seat #3 is the button
Seat 2: 40 ft cliff ($125.05 in chips)
Seat 3: Masqb ($178.11 in chips)
Masqb: posts small blind $1
liveonce111: is sitting out
40 ft cliff: posts big blind $3
*** HOLE CARDS ***
Masqb: raises $3 to $6
40 ft cliff: folds
Uncalled bet ($3) returned to Masqb
Masqb collected $6 from pot
Masqb: doesn't show hand
*** SUMMARY ***
Total pot $6 | Rake $0
Seat 2: 40 ft cliff (big blind) folded before Flop
Seat 3: Masqb (button) (small blind) collected ($6)


PokerStars Hand #147974392983:  Hold'em Limit ($3/$6 USD) - 2016/01/31 1:04:58 ET
Table 'Pariana' 6-max Seat #3 is the button
Seat 2: 40 ft cliff ($142.55 in chips)
Seat 3: Masqb ($160.11 in chips)
Masqb: posts small blind $1
40 ft cliff: posts big blind $3
*** HOLE CARDS ***
Masqb: folds
Uncalled bet ($2) returned to 40 ft cliff
40 ft cliff collected $2 from pot
40 ft cliff: doesn't show hand
*** SUMMARY ***
Total pot $2 | Rake $0
Seat 2: 40 ft cliff (big blind) collected ($2)
Seat 3: Masqb (button) (small blind) folded before Flop


PokerStars Hand #147974382923:  Hold'em Limit ($3/$6 USD) - 2016/01/31 1:04:26 ET
Table 'Pariana' 6-max Seat #2 is the button
Seat 2: 40 ft cliff ($122.05 in chips)
Seat 3: Masqb ($181.11 in chips)
40 ft cliff: posts small blind $1
Masqb: posts big blind $3
*** HOLE CARDS ***
40 ft cliff: raises $3 to $6
Masqb: raises $3 to $9
40 ft cliff: calls $3
*** FLOP *** [6s 7d 6h]
Masqb: bets $3
40 ft cliff: raises $3 to $6
liveonce111 leaves the table
Masqb: calls $3
*** TURN *** [6s 7d 6h] [3c]
Masqb: checks
40 ft cliff: bets $6
Masqb: calls $6
*** RIVER *** [6s 7d 6h 3c] [Ad]
Masqb: checks
40 ft cliff: checks
*** SHOW DOWN ***
Masqb: shows [Td 9d] (a pair of Sixes)
40 ft cliff: shows [2s 2d] (two pair, Sixes and Deuces)
40 ft cliff collected $41.50 from pot
*** SUMMARY ***
Total pot $42 | Rake $0.50
Board [6s 7d 6h 3c Ad]
Seat 2: 40 ft cliff (button) (small blind) showed [2s 2d] and won ($41.50) with two pair, Sixes and Deuces
Seat 3: Masqb (big blind) showed [Td 9d] and lost with a pair of Sixes


PokerStars Hand #147974394491:  Hold'em Limit ($3/$6 USD) - 2016/01/31 1:05:03 ET
Table 'Pariana' 6-max Seat #2 is the button
Seat 2: 40 ft cliff ($143.55 in chips)
Seat 3: Masqb ($159.11 in chips)
40 ft cliff: posts small blind $1
Masqb: posts big blind $3
*** HOLE CARDS ***
40 ft cliff: raises $3 to $6
Masqb: calls $3
*** FLOP *** [4d 5h Th]
Masqb: checks
40 ft cliff: checks
*** TURN *** [4d 5h Th] [2h]
Masqb: checks
40 ft cliff: checks
*** RIVER *** [4d 5h Th 2h] [3h]
Masqb: checks
40 ft cliff: checks
*** SHOW DOWN ***
Masqb: shows [3s 2s] (two pair, Threes and Deuces)
40 ft cliff: mucks hand
Masqb collected $11.76 from pot
*** SUMMARY ***
Total pot $12 | Rake $0.24
Board [4d 5h Th 2h 3h]
Seat 2: 40 ft cliff (button) (small blind) mucked
Seat 3: Masqb (big blind) showed [3s 2s] and won ($11.76) with two pair, Threes and Deuces


PokerStars Hand #147974401213:  Hold'em Limit ($3/$6 USD) - 2016/01/31 1:05:23 ET
Table 'Pariana' 6-max Seat #3 is the button
Seat 2: 40 ft cliff ($137.55 in chips)
Seat 3: Masqb ($164.87 in chips)
Masqb: posts small blind $1
40 ft cliff: posts big blind $3
*** HOLE CARDS ***
Masqb: folds
Uncalled bet ($2) returned to 40 ft cliff
40 ft cliff collected $2 from pot
40 ft cliff: doesn't show hand
*** SUMMARY ***
Total pot $2 | Rake $0
Seat 2: 40 ft cliff (big blind) collected ($2)
Seat 3: Masqb (button) (small blind) folded before Flop


PokerStars Hand #147974412418:  Hold'em Limit ($3/$6 USD) - 2016/01/31 1:05:58 ET
Table 'Pariana' 6-max Seat #3 is the button
Seat 2: 40 ft cliff ($147.19 in chips)
Seat 3: Masqb ($154.87 in chips)
Masqb: posts small blind $1
40 ft cliff: posts big blind $3
*** HOLE CARDS ***
Masqb: raises $3 to $6
40 ft cliff: folds
Uncalled bet ($3) returned to Masqb
Masqb collected $6 from pot
Masqb: doesn't show hand
*** SUMMARY ***
Total pot $6 | Rake $0
Seat 2: 40 ft cliff (big blind) folded before Flop
Seat 3: Masqb (button) (small blind) collected ($6)


PokerStars Hand #147974403153:  Hold'em Limit ($3/$6 USD) - 2016/01/31 1:05:29 ET
Table 'Pariana' 6-max Seat #2 is the button
Seat 2: 40 ft cliff ($138.55 in chips)
Seat 3: Masqb ($163.87 in chips)
40 ft cliff: posts small blind $1
Masqb: posts big blind $3
*** HOLE CARDS ***
40 ft cliff: raises $3 to $6
Masqb: calls $3
*** FLOP *** [5c 9s 5h]
Masqb: checks
40 ft cliff: bets $3
Masqb: calls $3
*** TURN *** [5c 9s 5h] [Ts]
Masqb: checks
40 ft cliff: checks
*** RIVER *** [5c 9s 5h Ts] [8d]
Masqb: checks
40 ft cliff: bets $6
Masqb: folds
Uncalled bet ($6) returned to 40 ft cliff
40 ft cliff collected $17.64 from pot
40 ft cliff: doesn't show hand
*** SUMMARY ***
Total pot $18 | Rake $0.36
Board [5c 9s 5h Ts 8d]
Seat 2: 40 ft cliff (button) (small blind) collected ($17.64)
Seat 3: Masqb (big blind) folded on the River


PokerStars Hand #147974414591:  Hold'em Limit ($3/$6 USD) - 2016/01/31 1:06:05 ET
Table 'Pariana' 6-max Seat #2 is the button
Seat 2: 40 ft cliff ($144.19 in chips)
Seat 3: Masqb ($157.87 in chips)
40 ft cliff: posts small blind $1
Masqb: posts big blind $3
*** HOLE CARDS ***
40 ft cliff: raises $3 to $6
Masqb: raises $3 to $9
40 ft cliff: calls $3
*** FLOP *** [Ts Qd 2c]
Masqb: bets $3
40 ft cliff: calls $3
*** TURN *** [Ts Qd 2c] [8s]
Masqb: bets $6
40 ft cliff: raises $6 to $12
Masqb: calls $6
*** RIVER *** [Ts Qd 2c 8s] [3c]
Masqb: checks
40 ft cliff: bets $6
Masqb: calls $6
*** SHOW DOWN ***
40 ft cliff: shows [Qh Jc] (a pair of Queens)
Masqb: mucks hand
40 ft cliff collected $59.50 from pot
*** SUMMARY ***
Total pot $60 | Rake $0.50
Board [Ts Qd 2c 8s 3c]
Seat 2: 40 ft cliff (button) (small blind) showed [Qh Jc] and won ($59.50) with a pair of Queens
Seat 3: Masqb (big blind) mucked


PokerStars Hand #147974424993:  Hold'em Limit ($3/$6 USD) - 2016/01/31 1:06:38 ET
Table 'Pariana' 6-max Seat #3 is the button
Seat 2: 40 ft cliff ($173.69 in chips)
Seat 3: Masqb ($127.87 in chips)
Masqb: posts small blind $1
40 ft cliff: posts big blind $3
*** HOLE CARDS ***
Masqb: raises $3 to $6
40 ft cliff: calls $3
*** FLOP *** [9h 9s 2s]
40 ft cliff: checks
Masqb: bets $3
40 ft cliff: folds
Uncalled bet ($3) returned to Masqb
Masqb collected $11.76 from pot
Masqb: doesn't show hand
*** SUMMARY ***
Total pot $12 | Rake $0.24
Board [9h 9s 2s]
Seat 2: 40 ft cliff (big blind) folded on the Flop
Seat 3: Masqb (button) (small blind) collected ($11.76)


PokerStars Hand #147974432675:  Hold'em Limit ($3/$6 USD) - 2016/01/31 1:07:02 ET
Table 'Pariana' 6-max Seat #2 is the button
Seat 2: 40 ft cliff ($167.69 in chips)
Seat 3: Masqb ($133.63 in chips)
40 ft cliff: posts small blind $1
Masqb: posts big blind $3
*** HOLE CARDS ***
40 ft cliff: raises $3 to $6
Masqb: raises $3 to $9
40 ft cliff: calls $3
*** FLOP *** [Jc 9s As]
Masqb: bets $3
40 ft cliff: calls $3
*** TURN *** [Jc 9s As] [3s]
Masqb: bets $6
40 ft cliff: calls $6
*** RIVER *** [Jc 9s As 3s] [3d]
Masqb: bets $6
40 ft cliff: calls $6
*** SHOW DOWN ***
Masqb: shows [8s Qs] (a flush, Ace high)
40 ft cliff: mucks hand
Masqb collected $47.50 from pot
*** SUMMARY ***
Total pot $48 | Rake $0.50
Board [Jc 9s As 3s 3d]
Seat 2: 40 ft cliff (button) (small blind) mucked
Seat 3: Masqb (big blind) showed [8s Qs] and won ($47.50) with a flush, Ace high


PokerStars Hand #147974442015:  Hold'em Limit ($3/$6 USD) - 2016/01/31 1:07:32 ET
Table 'Pariana' 6-max Seat #3 is the button
Seat 2: 40 ft cliff ($143.69 in chips)
Seat 3: Masqb ($157.13 in chips)
Masqb: posts small blind $1
40 ft cliff: posts big blind $3
*** HOLE CARDS ***
Masqb: raises $3 to $6
40 ft cliff: calls $3
*** FLOP *** [8s 4c 2s]
40 ft cliff: bets $3
Masqb: calls $3
*** TURN *** [8s 4c 2s] [9s]
40 ft cliff: bets $6
Masqb: calls $6
*** RIVER *** [8s 4c 2s 9s] [4d]
40 ft cliff: bets $6
Masqb: folds
Uncalled bet ($6) returned to 40 ft cliff
40 ft cliff collected $29.50 from pot
40 ft cliff: doesn't show hand
*** SUMMARY ***
Total pot $30 | Rake $0.50
Board [8s 4c 2s 9s 4d]
Seat 2: 40 ft cliff (big blind) collected ($29.50)
Seat 3: Masqb (button) (small blind) folded on the River


PokerStars Hand #147974455276:  Hold'em Limit ($3/$6 USD) - 2016/01/31 1:08:14 ET
Table 'Pariana' 6-max Seat #2 is the button
Seat 2: 40 ft cliff ($158.19 in chips)
Seat 3: Masqb ($142.13 in chips)
40 ft cliff: posts small blind $1
Masqb: posts big blind $3
*** HOLE CARDS ***
40 ft cliff: raises $3 to $6
Masqb: calls $3
*** FLOP *** [5c 4h 6c]
Masqb: checks
40 ft cliff: bets $3
Masqb: folds
Uncalled bet ($3) returned to 40 ft cliff
40 ft cliff collected $11.76 from pot
40 ft cliff: doesn't show hand
*** SUMMARY ***
Total pot $12 | Rake $0.24
Board [5c 4h 6c]
Seat 2: 40 ft cliff (button) (small blind) collected ($11.76)
Seat 3: Masqb (big blind) folded on the Flop


PokerStars Hand #147974483334:  Hold'em Limit ($3/$6 USD) - 2016/01/31 1:09:43 ET
Table 'Pariana' 6-max Seat #2 is the button
Seat 2: 40 ft cliff ($171.45 in chips)
Seat 3: Masqb ($127.63 in chips)
40 ft cliff: posts small blind $1
Masqb: posts big blind $3
*** HOLE CARDS ***
40 ft cliff: folds
Uncalled bet ($2) returned to Masqb
Nirelle joins the table at seat #6
Masqb collected $2 from pot
Masqb: doesn't show hand
*** SUMMARY ***
Total pot $2 | Rake $0
Seat 2: 40 ft cliff (button) (small blind) folded before Flop
Seat 3: Masqb (big blind) collected ($2)


PokerStars Hand #147974471419:  Hold'em Limit ($3/$6 USD) - 2016/01/31 1:09:05 ET
Table 'Pariana' 6-max Seat #2 is the button
Seat 2: 40 ft cliff ($187.45 in chips)
Seat 3: Masqb ($112.13 in chips)
40 ft cliff: posts small blind $1
Masqb: posts big blind $3
*** HOLE CARDS ***
40 ft cliff: folds
Uncalled bet ($2) returned to Masqb
Masqb collected $2 from pot
Masqb: doesn't show hand
*** SUMMARY ***
Total pot $2 | Rake $0
Seat 2: 40 ft cliff (button) (small blind) folded before Flop
Seat 3: Masqb (big blind) collected ($2)


PokerStars Hand #147974461415:  Hold'em Limit ($3/$6 USD) - 2016/01/31 1:08:34 ET
Table 'Pariana' 6-max Seat #3 is the button
Seat 2: 40 ft cliff ($163.95 in chips)
Seat 3: Masqb ($136.13 in chips)
Masqb: posts small blind $1
40 ft cliff: posts big blind $3
*** HOLE CARDS ***
Masqb: raises $3 to $6
40 ft cliff: raises $3 to $9
Masqb: calls $3
*** FLOP *** [3c 4c 8c]
40 ft cliff: bets $3
Masqb: calls $3
*** TURN *** [3c 4c 8c] [8h]
40 ft cliff: bets $6
Masqb: calls $6
*** RIVER *** [3c 4c 8c 8h] [Ah]
40 ft cliff: bets $6
Masqb: calls $6
*** SHOW DOWN ***
40 ft cliff: shows [Js As] (two pair, Aces and Eights)
Masqb: mucks hand
40 ft cliff collected $47.50 from pot
*** SUMMARY ***
Total pot $48 | Rake $0.50
Board [3c 4c 8c 8h Ah]
Seat 2: 40 ft cliff (big blind) showed [Js As] and won ($47.50) with two pair, Aces and Eights
Seat 3: Masqb (button) (small blind) mucked


PokerStars Hand #147974473198:  Hold'em Limit ($3/$6 USD) - 2016/01/31 1:09:11 ET
Table 'Pariana' 6-max Seat #3 is the button
Seat 2: 40 ft cliff ($186.45 in chips)
Seat 3: Masqb ($113.13 in chips)
Masqb: posts small blind $1
40 ft cliff: posts big blind $3
*** HOLE CARDS ***
Masqb: raises $3 to $6
40 ft cliff: calls $3
*** FLOP *** [Jh Qc Kc]
40 ft cliff: checks
Masqb: bets $3
40 ft cliff: calls $3
*** TURN *** [Jh Qc Kc] [Th]
40 ft cliff: checks
Masqb: bets $6
40 ft cliff: calls $6
*** RIVER *** [Jh Qc Kc Th] [6s]
40 ft cliff: checks
Masqb: checks
*** SHOW DOWN ***
40 ft cliff: shows [2c 6c] (a pair of Sixes)
Masqb: shows [5s 9s] (a straight, Nine to King)
Masqb collected $29.50 from pot
*** SUMMARY ***
Total pot $30 | Rake $0.50
Board [Jh Qc Kc Th 6s]
Seat 2: 40 ft cliff (big blind) showed [2c 6c] and lost with a pair of Sixes
Seat 3: Masqb (button) (small blind) showed [5s 9s] and won ($29.50) with a straight, Nine to King


PokerStars Hand #147974615037:  Hold'em Limit ($3/$6 USD) - 2016/01/31 1:16:42 ET
Table 'Pariana' 6-max Seat #2 is the button
Seat 1: jaydublu13 ($167.75 in chips)
Seat 2: 40 ft cliff ($147.63 in chips)
40 ft cliff: posts small blind $1
Nirelle: is sitting out
jaydublu13: posts big blind $3
*** HOLE CARDS ***
Nirelle leaves the table
40 ft cliff: folds
Uncalled bet ($2) returned to jaydublu13
jaydublu13 collected $2 from pot
jaydublu13: doesn't show hand
*** SUMMARY ***
Total pot $2 | Rake $0
Seat 1: jaydublu13 (big blind) collected ($2)
Seat 2: 40 ft cliff (button) (small blind) folded before Flop


PokerStars Hand #147974623602:  Hold'em Limit ($3/$6 USD) - 2016/01/31 1:17:09 ET
Table 'Pariana' 6-max Seat #1 is the button
Seat 1: jaydublu13 ($168.75 in chips)
Seat 2: 40 ft cliff ($146.63 in chips)
jaydublu13: posts small blind $1
40 ft cliff: posts big blind $3
*** HOLE CARDS ***
jaydublu13: folds
Uncalled bet ($2) returned to 40 ft cliff
40 ft cliff collected $2 from pot
40 ft cliff: doesn't show hand
*** SUMMARY ***
Total pot $2 | Rake $0
Seat 1: jaydublu13 (button) (small blind) folded before Flop
Seat 2: 40 ft cliff (big blind) collected ($2)


PokerStars Hand #147974621530:  Hold'em Limit ($3/$6 USD) - 2016/01/31 1:17:03 ET
Table 'Pariana' 6-max Seat #2 is the button
Seat 1: jaydublu13 ($167.75 in chips)
Seat 2: 40 ft cliff ($147.63 in chips)
docter_lock joins the table at seat #4
40 ft cliff: posts small blind $1
jaydublu13: posts big blind $3
*** HOLE CARDS ***
40 ft cliff: folds
Uncalled bet ($2) returned to jaydublu13
jaydublu13 collected $2 from pot
*** SUMMARY ***
Total pot $2 | Rake $0
Seat 1: jaydublu13 (big blind) collected ($2)
Seat 2: 40 ft cliff (button) (small blind) folded before Flop


PokerStars Hand #147974619635:  Hold'em Limit ($3/$6 USD) - 2016/01/31 1:16:57 ET
Table 'Pariana' 6-max Seat #1 is the button
Seat 1: jaydublu13 ($168.75 in chips)
Seat 2: 40 ft cliff ($146.63 in chips)
jaydublu13: posts small blind $1
40 ft cliff: posts big blind $3
*** HOLE CARDS ***
jaydublu13: folds
Uncalled bet ($2) returned to 40 ft cliff
40 ft cliff collected $2 from pot
40 ft cliff: doesn't show hand
*** SUMMARY ***
Total pot $2 | Rake $0
Seat 1: jaydublu13 (button) (small blind) folded before Flop
Seat 2: 40 ft cliff (big blind) collected ($2)


PokerStars Hand #147976593667:  Hold'em Limit ($3/$6 USD) - 2016/01/31 2:59:45 ET
Table 'Pariana' 6-max Seat #2 is the button
Seat 2: krossguard ($166.74 in chips)
Seat 5: radnesh007 ($49.88 in chips)
krossguard: posts small blind $1
radnesh007: posts big blind $3
*** HOLE CARDS ***
krossguard: raises $3 to $6
radnesh007: calls $3
*** FLOP *** [8d Ah As]
radnesh007: checks
krossguard: bets $3
radnesh007: calls $3
*** TURN *** [8d Ah As] [Ks]
hsnew2012 joins the table at seat #3
radnesh007: checks
krossguard: bets $6
radnesh007: calls $6
*** RIVER *** [8d Ah As Ks] [Jd]
radnesh007: checks
krossguard: checks
*** SHOW DOWN ***
radnesh007: shows [5s Ts] (a pair of Aces)
krossguard: mucks hand
radnesh007 collected $29.50 from pot
*** SUMMARY ***
Total pot $30 | Rake $0.50
Board [8d Ah As Ks Jd]
Seat 2: krossguard (button) (small blind) mucked
Seat 5: radnesh007 (big blind) showed [5s Ts] and won ($29.50) with a pair of Aces


PokerStars Hand #147976591991:  Hold'em Limit ($3/$6 USD) - 2016/01/31 2:59:39 ET
Table 'Pariana' 6-max Seat #5 is the button
Seat 2: krossguard ($165.74 in chips)
Seat 5: radnesh007 ($50.88 in chips)
radnesh007: posts small blind $1
0214for-life: is sitting out
krossguard: posts big blind $3
*** HOLE CARDS ***
radnesh007: folds
Uncalled bet ($2) returned to krossguard
krossguard collected $2 from pot
krossguard: doesn't show hand
*** SUMMARY ***
Total pot $2 | Rake $0
Seat 2: krossguard (big blind) collected ($2)
Seat 5: radnesh007 (button) (small blind) folded before Flop


PokerStars Hand #147976600130:  Hold'em Limit ($3/$6 USD) - 2016/01/31 3:00:06 ET
Table 'Pariana' 6-max Seat #5 is the button
Seat 2: krossguard ($151.74 in chips)
Seat 5: radnesh007 ($64.38 in chips)
radnesh007: posts small blind $1
krossguard: posts big blind $3
*** HOLE CARDS ***
radnesh007: folds
Uncalled bet ($2) returned to krossguard
krossguard collected $2 from pot
krossguard: doesn't show hand
*** SUMMARY ***
Total pot $2 | Rake $0
Seat 2: krossguard (big blind) collected ($2)
Seat 5: radnesh007 (button) (small blind) folded before Flop


PokerStars Hand #147976603007:  Hold'em Limit ($3/$6 USD) - 2016/01/31 3:00:15 ET
Table 'Pariana' 6-max Seat #2 is the button
Seat 2: krossguard ($152.74 in chips)
Seat 3: hsnew2012 ($120 in chips)
krossguard: posts small blind $1
hsnew2012: posts big blind $3
*** HOLE CARDS ***
krossguard: raises $3 to $6
hsnew2012: calls $3
*** FLOP *** [5c Th 5h]
hsnew2012: checks
krossguard: bets $3
hsnew2012: folds
Uncalled bet ($3) returned to krossguard
krossguard collected $11.76 from pot
krossguard: doesn't show hand
*** SUMMARY ***
Total pot $12 | Rake $0.24
Board [5c Th 5h]
Seat 2: krossguard (button) (small blind) collected ($11.76)
Seat 3: hsnew2012 (big blind) folded on the Flop


PokerStars Hand #147976721017:  Hold'em Limit ($3/$6 USD) - 2016/01/31 3:05:56 ET
Table 'Pariana' 6-max Seat #3 is the button
Seat 2: krossguard ($144.15 in chips)
Seat 3: hsnew2012 ($118.45 in chips)
hsnew2012: posts small blind $1
0214for-life: is sitting out
krossguard: posts big blind $3
*** HOLE CARDS ***
hsnew2012: folds
Uncalled bet ($2) returned to krossguard
krossguard collected $2 from pot
krossguard: doesn't show hand
*** SUMMARY ***
Total pot $2 | Rake $0
Seat 2: krossguard (big blind) collected ($2)
Seat 3: hsnew2012 (button) (small blind) folded before Flop


PokerStars Hand #147976724691:  Hold'em Limit ($3/$6 USD) - 2016/01/31 3:06:06 ET
Table 'Pariana' 6-max Seat #2 is the button
Seat 2: krossguard ($145.15 in chips)
Seat 3: hsnew2012 ($117.45 in chips)
krossguard: posts small blind $1
hsnew2012: posts big blind $3
*** HOLE CARDS ***
krossguard: raises $3 to $6
hsnew2012: calls $3
*** FLOP *** [Jc 5h Ks]
hsnew2012: checks
krossguard: bets $3
hsnew2012: folds
Uncalled bet ($3) returned to krossguard
krossguard collected $11.76 from pot
krossguard: doesn't show hand
*** SUMMARY ***
Total pot $12 | Rake $0.24
Board [Jc 5h Ks]
Seat 2: krossguard (button) (small blind) collected ($11.76)
Seat 3: hsnew2012 (big blind) folded on the Flop


PokerStars Hand #147976829163:  Hold'em Limit ($3/$6 USD) - 2016/01/31 3:10:54 ET
Table 'Pariana' 6-max Seat #2 is the button
Seat 2: krossguard ($200.77 in chips)
Seat 3: hsnew2012 ($90.45 in chips)
krossguard: posts small blind $1
hsnew2012: posts big blind $3
*** HOLE CARDS ***
krossguard: raises $3 to $6
hsnew2012: calls $3
*** FLOP *** [8h Th Kc]
hsnew2012: checks
krossguard: bets $3
hsnew2012: folds
Uncalled bet ($3) returned to krossguard
krossguard collected $11.76 from pot
krossguard: doesn't show hand
*** SUMMARY ***
Total pot $12 | Rake $0.24
Board [8h Th Kc]
Seat 2: krossguard (button) (small blind) collected ($11.76)
Seat 3: hsnew2012 (big blind) folded on the Flop


PokerStars Hand #147976821230:  Hold'em Limit ($3/$6 USD) - 2016/01/31 3:10:32 ET
Table 'Pariana' 6-max Seat #3 is the button
Seat 2: krossguard ($192.13 in chips)
Seat 3: hsnew2012 ($99.45 in chips)
hsnew2012: posts small blind $1
krossguard: posts big blind $3
*** HOLE CARDS ***
hsnew2012: calls $2
krossguard: raises $3 to $6
hsnew2012: calls $3
*** FLOP *** [Kh 9d 2s]
krossguard: bets $3
hsnew2012: calls $3
*** TURN *** [Kh 9d 2s] [9c]
krossguard: bets $6
hsnew2012: folds
Uncalled bet ($6) returned to krossguard
krossguard collected $17.64 from pot
krossguard: doesn't show hand
*** SUMMARY ***
Total pot $18 | Rake $0.36
Board [Kh 9d 2s 9c]
Seat 2: krossguard (big blind) collected ($17.64)
Seat 3: hsnew2012 (button) (small blind) folded on the Turn


