PokerStars Hand #155599397179:  Hold'em Limit ($3/$6 USD) - 2016/07/05 13:41:30 ET
Table 'Paris II' 6-max Seat #6 is the button
Seat 1: TbIP-TbIP 88 ($72 in chips)
Seat 6: NAV1 ($120 in chips)
NAV1: posts small blind $1
TbIP-TbIP 88: posts big blind $3
*** HOLE CARDS ***
NAV1: folds
Uncalled bet ($2) returned to TbIP-TbIP 88
TbIP-TbIP 88 collected $2 from pot
TbIP-TbIP 88: doesn't show hand
*** SUMMARY ***
Total pot $2 | Rake $0
Seat 1: TbIP-TbIP 88 (big blind) collected ($2)
Seat 6: NAV1 (button) (small blind) folded before Flop


PokerStars Hand #155599432103:  Hold'em Limit ($3/$6 USD) - 2016/07/05 13:42:19 ET
Table 'Paris II' 6-max Seat #6 is the button
Seat 1: TbIP-TbIP 88 ($72 in chips)
Seat 6: NAV1 ($127.64 in chips)
NAV1: posts small blind $1
TbIP-TbIP 88: posts big blind $3
*** HOLE CARDS ***
NAV1: raises $3 to $6
TbIP-TbIP 88: calls $3
*** FLOP *** [2c 6d 3d]
TbIP-TbIP 88: checks
NAV1: bets $3
TbIP-TbIP 88: folds
Uncalled bet ($3) returned to NAV1
NAV1 collected $11.76 from pot
*** SUMMARY ***
Total pot $12 | Rake $0.24
Board [2c 6d 3d]
Seat 1: TbIP-TbIP 88 (big blind) folded on the Flop
Seat 6: NAV1 (button) (small blind) collected ($11.76)


PokerStars Hand #155599403739:  Hold'em Limit ($3/$6 USD) - 2016/07/05 13:41:39 ET
Table 'Paris II' 6-max Seat #1 is the button
Seat 1: TbIP-TbIP 88 ($73 in chips)
Seat 6: NAV1 ($119 in chips)
TbIP-TbIP 88: posts small blind $1
NAV1: posts big blind $3
*** HOLE CARDS ***
RockKillerTY joins the table at seat #2
TbIP-TbIP 88: raises $3 to $6
NAV1: calls $3
*** FLOP *** [Ad 3s 6s]
NAV1: checks
TbIP-TbIP 88: bets $3
NAV1: calls $3
*** TURN *** [Ad 3s 6s] [3d]
NAV1: checks
TbIP-TbIP 88: checks
*** RIVER *** [Ad 3s 6s 3d] [Th]
NAV1: bets $6
TbIP-TbIP 88: folds
Uncalled bet ($6) returned to NAV1
NAV1 collected $17.64 from pot
*** SUMMARY ***
Total pot $18 | Rake $0.36
Board [Ad 3s 6s 3d Th]
Seat 1: TbIP-TbIP 88 (button) (small blind) folded on the River
Seat 6: NAV1 (big blind) collected ($17.64)


PokerStars Hand #155604501070:  Hold'em Limit ($3/$6 USD) - 2016/07/05 15:34:06 ET
Table 'Paris II' 6-max Seat #1 is the button
Seat 1: jackRizzar ($347.73 in chips)
Seat 4: sokol-max-PS ($159.23 in chips)
jackRizzar: posts small blind $1
sokol-max-PS: posts big blind $3
*** HOLE CARDS ***
jackRizzar: raises $3 to $6
sokol-max-PS: folds
Uncalled bet ($3) returned to jackRizzar
jackRizzar collected $6 from pot
*** SUMMARY ***
Total pot $6 | Rake $0
Seat 1: jackRizzar (button) (small blind) collected ($6)
Seat 4: sokol-max-PS (big blind) folded before Flop


PokerStars Hand #155604478547:  Hold'em Limit ($3/$6 USD) - 2016/07/05 15:33:39 ET
Table 'Paris II' 6-max Seat #4 is the button
Seat 1: jackRizzar ($339.09 in chips)
Seat 4: sokol-max-PS ($168.23 in chips)
sokol-max-PS: posts small blind $1
krossguard: is sitting out
playergains: is sitting out
jackRizzar: posts big blind $3
*** HOLE CARDS ***
sokol-max-PS: raises $3 to $6
krossguard leaves the table
playergains leaves the table
jackRizzar: calls $3
*** FLOP *** [5d Qh 9s]
jackRizzar: checks
sokol-max-PS: bets $3
jackRizzar: calls $3
*** TURN *** [5d Qh 9s] [7c]
jackRizzar: checks
sokol-max-PS: checks
*** RIVER *** [5d Qh 9s 7c] [4h]
jackRizzar: bets $6
sokol-max-PS: folds
Uncalled bet ($6) returned to jackRizzar
jackRizzar collected $17.64 from pot
*** SUMMARY ***
Total pot $18 | Rake $0.36
Board [5d Qh 9s 7c 4h]
Seat 1: jackRizzar (big blind) collected ($17.64)
Seat 4: sokol-max-PS (button) (small blind) folded on the River


PokerStars Hand #155604506905:  Hold'em Limit ($3/$6 USD) - 2016/07/05 15:34:14 ET
Table 'Paris II' 6-max Seat #4 is the button
Seat 1: jackRizzar ($350.73 in chips)
Seat 4: sokol-max-PS ($156.23 in chips)
sokol-max-PS: posts small blind $1
jackRizzar: posts big blind $3
*** HOLE CARDS ***
sokol-max-PS: raises $3 to $6
jackRizzar: raises $3 to $9
sokol-max-PS: calls $3
*** FLOP *** [7h 8d Kh]
jackRizzar: bets $3
sokol-max-PS: calls $3
*** TURN *** [7h 8d Kh] [Td]
jackRizzar: checks
sokol-max-PS: checks
*** RIVER *** [7h 8d Kh Td] [2d]
jackRizzar: checks
sokol-max-PS: bets $6
jackRizzar: raises $6 to $12
sokol-max-PS: calls $6
*** SHOW DOWN ***
jackRizzar: shows [Jd Jh] (a pair of Jacks)
sokol-max-PS: mucks hand
jackRizzar collected $47.50 from pot
*** SUMMARY ***
Total pot $48 | Rake $0.50
Board [7h 8d Kh Td 2d]
Seat 1: jackRizzar (big blind) showed [Jd Jh] and won ($47.50) with a pair of Jacks
Seat 4: sokol-max-PS (button) (small blind) mucked


PokerStars Hand #155604559764:  Hold'em Limit ($3/$6 USD) - 2016/07/05 15:35:18 ET
Table 'Paris II' 6-max Seat #4 is the button
Seat 1: jackRizzar ($394.73 in chips)
Seat 4: sokol-max-PS ($111.23 in chips)
sokol-max-PS: posts small blind $1
jackRizzar: posts big blind $3
*** HOLE CARDS ***
sokol-max-PS: folds
Uncalled bet ($2) returned to jackRizzar
jackRizzar collected $2 from pot
*** SUMMARY ***
Total pot $2 | Rake $0
Seat 1: jackRizzar (big blind) collected ($2)
Seat 4: sokol-max-PS (button) (small blind) folded before Flop


PokerStars Hand #155604536737:  Hold'em Limit ($3/$6 USD) - 2016/07/05 15:34:50 ET
Table 'Paris II' 6-max Seat #1 is the button
Seat 1: jackRizzar ($374.23 in chips)
Seat 4: sokol-max-PS ($132.23 in chips)
jackRizzar: posts small blind $1
sokol-max-PS: posts big blind $3
*** HOLE CARDS ***
jackRizzar: raises $3 to $6
sokol-max-PS: calls $3
*** FLOP *** [Ad 9c 4h]
sokol-max-PS: checks
jackRizzar: bets $3
sokol-max-PS: calls $3
*** TURN *** [Ad 9c 4h] [9s]
sokol-max-PS: checks
jackRizzar: bets $6
sokol-max-PS: calls $6
*** RIVER *** [Ad 9c 4h 9s] [Jd]
sokol-max-PS: checks
jackRizzar: bets $6
sokol-max-PS: calls $6
*** SHOW DOWN ***
jackRizzar: shows [Qs 4d] (two pair, Nines and Fours)
sokol-max-PS: mucks hand
jackRizzar collected $41.50 from pot
*** SUMMARY ***
Total pot $42 | Rake $0.50
Board [Ad 9c 4h 9s Jd]
Seat 1: jackRizzar (button) (small blind) showed [Qs 4d] and won ($41.50) with two pair, Nines and Fours
Seat 4: sokol-max-PS (big blind) mucked


PokerStars Hand #155604563261:  Hold'em Limit ($3/$6 USD) - 2016/07/05 15:35:22 ET
Table 'Paris II' 6-max Seat #1 is the button
Seat 1: jackRizzar ($395.73 in chips)
Seat 4: sokol-max-PS ($110.23 in chips)
jackRizzar: posts small blind $1
sokol-max-PS: posts big blind $3
*** HOLE CARDS ***
jackRizzar: raises $3 to $6
sokol-max-PS: calls $3
*** FLOP *** [3c 5d 8h]
sokol-max-PS: checks
jackRizzar: checks
*** TURN *** [3c 5d 8h] [4d]
sokol-max-PS: checks
jackRizzar: bets $6
sokol-max-PS: raises $6 to $12
jackRizzar: folds
Uncalled bet ($6) returned to sokol-max-PS
sokol-max-PS collected $23.52 from pot
sokol-max-PS: doesn't show hand
*** SUMMARY ***
Total pot $24 | Rake $0.48
Board [3c 5d 8h 4d]
Seat 1: jackRizzar (button) (small blind) folded on the Turn
Seat 4: sokol-max-PS (big blind) collected ($23.52)


PokerStars Hand #155604590214:  Hold'em Limit ($3/$6 USD) - 2016/07/05 15:35:55 ET
Table 'Paris II' 6-max Seat #4 is the button
Seat 1: jackRizzar ($383.73 in chips)
Seat 4: sokol-max-PS ($121.75 in chips)
sokol-max-PS: posts small blind $1
jackRizzar: posts big blind $3
*** HOLE CARDS ***
sokol-max-PS: raises $3 to $6
jackRizzar: calls $3
*** FLOP *** [6s 7h Kh]
jackRizzar: checks
sokol-max-PS: bets $3
jackRizzar: folds
Uncalled bet ($3) returned to sokol-max-PS
sokol-max-PS collected $11.76 from pot
sokol-max-PS: doesn't show hand
*** SUMMARY ***
Total pot $12 | Rake $0.24
Board [6s 7h Kh]
Seat 1: jackRizzar (big blind) folded on the Flop
Seat 4: sokol-max-PS (button) (small blind) collected ($11.76)


PokerStars Hand #155604621474:  Hold'em Limit ($3/$6 USD) - 2016/07/05 15:36:33 ET
Table 'Paris II' 6-max Seat #4 is the button
Seat 1: jackRizzar ($389.25 in chips)
Seat 4: sokol-max-PS ($115.51 in chips)
sokol-max-PS: posts small blind $1
jackRizzar: posts big blind $3
*** HOLE CARDS ***
sokol-max-PS: calls $2
jackRizzar: raises $3 to $6
sokol-max-PS: raises $3 to $9
jackRizzar: calls $3
*** FLOP *** [8h 7s 5d]
jackRizzar: checks
sokol-max-PS: bets $3
jackRizzar: calls $3
*** TURN *** [8h 7s 5d] [7d]
jackRizzar: checks
sokol-max-PS: checks
*** RIVER *** [8h 7s 5d 7d] [Kc]
jackRizzar: checks
sokol-max-PS: checks
*** SHOW DOWN ***
jackRizzar: shows [4d Ac] (a pair of Sevens)
sokol-max-PS: mucks hand
jackRizzar collected $23.52 from pot
*** SUMMARY ***
Total pot $24 | Rake $0.48
Board [8h 7s 5d 7d Kc]
Seat 1: jackRizzar (big blind) showed [4d Ac] and won ($23.52) with a pair of Sevens
Seat 4: sokol-max-PS (button) (small blind) mucked


PokerStars Hand #155604645083:  Hold'em Limit ($3/$6 USD) - 2016/07/05 15:37:01 ET
Table 'Paris II' 6-max Seat #1 is the button
Seat 1: jackRizzar ($400.77 in chips)
Seat 4: sokol-max-PS ($103.51 in chips)
jackRizzar: posts small blind $1
sokol-max-PS: posts big blind $3
*** HOLE CARDS ***
jackRizzar: raises $3 to $6
sokol-max-PS: raises $3 to $9
jackRizzar: calls $3
*** FLOP *** [Ac 6c 5s]
sokol-max-PS: bets $3
jackRizzar: calls $3
*** TURN *** [Ac 6c 5s] [Kd]
sokol-max-PS: bets $6
jackRizzar: folds
Uncalled bet ($6) returned to sokol-max-PS
sokol-max-PS collected $23.52 from pot
sokol-max-PS: doesn't show hand
*** SUMMARY ***
Total pot $24 | Rake $0.48
Board [Ac 6c 5s Kd]
Seat 1: jackRizzar (button) (small blind) folded on the Turn
Seat 4: sokol-max-PS (big blind) collected ($23.52)


PokerStars Hand #155604599942:  Hold'em Limit ($3/$6 USD) - 2016/07/05 15:36:07 ET
Table 'Paris II' 6-max Seat #1 is the button
Seat 1: jackRizzar ($377.73 in chips)
Seat 4: sokol-max-PS ($127.51 in chips)
jackRizzar: posts small blind $1
sokol-max-PS: posts big blind $3
*** HOLE CARDS ***
jackRizzar: raises $3 to $6
sokol-max-PS: calls $3
*** FLOP *** [Qh 7d 6h]
sokol-max-PS: checks
jackRizzar: checks
*** TURN *** [Qh 7d 6h] [4c]
sokol-max-PS: bets $6
jackRizzar: calls $6
*** RIVER *** [Qh 7d 6h 4c] [Kd]
sokol-max-PS: checks
jackRizzar: bets $6
sokol-max-PS: folds
Uncalled bet ($6) returned to jackRizzar
jackRizzar collected $23.52 from pot
*** SUMMARY ***
Total pot $24 | Rake $0.48
Board [Qh 7d 6h 4c Kd]
Seat 1: jackRizzar (button) (small blind) collected ($23.52)
Seat 4: sokol-max-PS (big blind) folded on the River


PokerStars Hand #155604687744:  Hold'em Limit ($3/$6 USD) - 2016/07/05 15:37:53 ET
Table 'Paris II' 6-max Seat #4 is the button
Seat 1: jackRizzar ($418.27 in chips)
Seat 4: sokol-max-PS ($85.03 in chips)
sokol-max-PS: posts small blind $1
jackRizzar: posts big blind $3
*** HOLE CARDS ***
sokol-max-PS: folds
Uncalled bet ($2) returned to jackRizzar
jackRizzar collected $2 from pot
*** SUMMARY ***
Total pot $2 | Rake $0
Seat 1: jackRizzar (big blind) collected ($2)
Seat 4: sokol-max-PS (button) (small blind) folded before Flop


PokerStars Hand #155604683278:  Hold'em Limit ($3/$6 USD) - 2016/07/05 15:37:48 ET
Table 'Paris II' 6-max Seat #1 is the button
Seat 1: jackRizzar ($415.27 in chips)
Seat 4: sokol-max-PS ($88.03 in chips)
jackRizzar: posts small blind $1
sokol-max-PS: posts big blind $3
*** HOLE CARDS ***
jackRizzar: raises $3 to $6
sokol-max-PS: folds
Uncalled bet ($3) returned to jackRizzar
jackRizzar collected $6 from pot
*** SUMMARY ***
Total pot $6 | Rake $0
Seat 1: jackRizzar (button) (small blind) collected ($6)
Seat 4: sokol-max-PS (big blind) folded before Flop


PokerStars Hand #155604691663:  Hold'em Limit ($3/$6 USD) - 2016/07/05 15:37:58 ET
Table 'Paris II' 6-max Seat #1 is the button
Seat 1: jackRizzar ($419.27 in chips)
Seat 4: sokol-max-PS ($84.03 in chips)
jackRizzar: posts small blind $1
sokol-max-PS: posts big blind $3
*** HOLE CARDS ***
jackRizzar: raises $3 to $6
sokol-max-PS: folds
Uncalled bet ($3) returned to jackRizzar
jackRizzar collected $6 from pot
*** SUMMARY ***
Total pot $6 | Rake $0
Seat 1: jackRizzar (button) (small blind) collected ($6)
Seat 4: sokol-max-PS (big blind) folded before Flop


PokerStars Hand #155604728263:  Hold'em Limit ($3/$6 USD) - 2016/07/05 15:38:43 ET
Table 'Paris II' 6-max Seat #4 is the button
Seat 1: jackRizzar ($394.27 in chips)
Seat 4: sokol-max-PS ($108.53 in chips)
sokol-max-PS: posts small blind $1
jackRizzar: posts big blind $3
*** HOLE CARDS ***
sokol-max-PS: raises $3 to $6
jackRizzar: calls $3
*** FLOP *** [8c 3c Qh]
jackRizzar: checks
sokol-max-PS: bets $3
jackRizzar: folds
Uncalled bet ($3) returned to sokol-max-PS
sokol-max-PS collected $11.76 from pot
sokol-max-PS: doesn't show hand
*** SUMMARY ***
Total pot $12 | Rake $0.24
Board [8c 3c Qh]
Seat 1: jackRizzar (big blind) folded on the Flop
Seat 4: sokol-max-PS (button) (small blind) collected ($11.76)


PokerStars Hand #155604695663:  Hold'em Limit ($3/$6 USD) - 2016/07/05 15:38:03 ET
Table 'Paris II' 6-max Seat #4 is the button
Seat 1: jackRizzar ($422.27 in chips)
Seat 4: sokol-max-PS ($81.03 in chips)
sokol-max-PS: posts small blind $1
jackRizzar: posts big blind $3
*** HOLE CARDS ***
sokol-max-PS: raises $3 to $6
jackRizzar: calls $3
*** FLOP *** [4h Qd Ah]
Grieserix joins the table at seat #2
jackRizzar: checks
sokol-max-PS: bets $3
jackRizzar: calls $3
*** TURN *** [4h Qd Ah] [7h]
jackRizzar: checks
sokol-max-PS: bets $6
jackRizzar: raises $6 to $12
sokol-max-PS: calls $6
*** RIVER *** [4h Qd Ah 7h] [2d]
jackRizzar: checks
sokol-max-PS: bets $6
jackRizzar: calls $6
*** SHOW DOWN ***
sokol-max-PS: shows [9c Qc] (a pair of Queens)
jackRizzar: mucks hand
sokol-max-PS collected $53.50 from pot
*** SUMMARY ***
Total pot $54 | Rake $0.50
Board [4h Qd Ah 7h 2d]
Seat 1: jackRizzar (big blind) mucked
Seat 4: sokol-max-PS (button) (small blind) showed [9c Qc] and won ($53.50) with a pair of Queens


PokerStars Hand #155604723775:  Hold'em Limit ($3/$6 USD) - 2016/07/05 15:38:37 ET
Table 'Paris II' 6-max Seat #1 is the button
Seat 1: jackRizzar ($395.27 in chips)
Seat 4: sokol-max-PS ($107.53 in chips)
jackRizzar: posts small blind $1
sokol-max-PS: posts big blind $3
*** HOLE CARDS ***
jackRizzar: folds
Uncalled bet ($2) returned to sokol-max-PS
sokol-max-PS collected $2 from pot
sokol-max-PS: doesn't show hand
*** SUMMARY ***
Total pot $2 | Rake $0
Seat 1: jackRizzar (button) (small blind) folded before Flop
Seat 4: sokol-max-PS (big blind) collected ($2)


PokerStars Hand #155604771412:  Hold'em Limit ($3/$6 USD) - 2016/07/05 15:39:35 ET
Table 'Paris II' 6-max Seat #1 is the button
Seat 1: jackRizzar ($417.77 in chips)
Seat 4: sokol-max-PS ($83.93 in chips)
jackRizzar: posts small blind $1
sokol-max-PS: posts big blind $3
*** HOLE CARDS ***
gaensehaut joins the table at seat #3
jackRizzar: raises $3 to $6
sokol-max-PS: calls $3
*** FLOP *** [Jc Qh Ac]
sokol-max-PS: checks
jackRizzar: bets $3
sokol-max-PS: calls $3
*** TURN *** [Jc Qh Ac] [7d]
sokol-max-PS: checks
jackRizzar: bets $6
sokol-max-PS: calls $6
*** RIVER *** [Jc Qh Ac 7d] [As]
sokol-max-PS: checks
jackRizzar: checks
*** SHOW DOWN ***
sokol-max-PS: shows [6d Ts] (a pair of Aces)
jackRizzar: shows [7c 6h] (two pair, Aces and Sevens)
jackRizzar collected $29.50 from pot
*** SUMMARY ***
Total pot $30 | Rake $0.50
Board [Jc Qh Ac 7d As]
Seat 1: jackRizzar (button) (small blind) showed [7c 6h] and won ($29.50) with two pair, Aces and Sevens
Seat 4: sokol-max-PS (big blind) showed [6d Ts] and lost with a pair of Aces


PokerStars Hand #155604748564:  Hold'em Limit ($3/$6 USD) - 2016/07/05 15:39:07 ET
Table 'Paris II' 6-max Seat #4 is the button
Seat 1: jackRizzar ($379.27 in chips)
Seat 4: sokol-max-PS ($122.93 in chips)
sokol-max-PS: posts small blind $1
jackRizzar: posts big blind $3
*** HOLE CARDS ***
sokol-max-PS: raises $3 to $6
jackRizzar: calls $3
*** FLOP *** [Ts 6s 4c]
jackRizzar: checks
sokol-max-PS: bets $3
jackRizzar: calls $3
*** TURN *** [Ts 6s 4c] [5s]
jackRizzar: checks
sokol-max-PS: bets $6
jackRizzar: raises $6 to $12
sokol-max-PS: raises $6 to $18
jackRizzar: raises $6 to $24
Betting is capped
sokol-max-PS: calls $6
*** RIVER *** [Ts 6s 4c 5s] [8d]
jackRizzar: bets $6
sokol-max-PS: calls $6
*** SHOW DOWN ***
jackRizzar: shows [3s As] (a flush, Ace high)
sokol-max-PS: mucks hand
jackRizzar collected $77.50 from pot
*** SUMMARY ***
Total pot $78 | Rake $0.50
Board [Ts 6s 4c 5s 8d]
Seat 1: jackRizzar (big blind) showed [3s As] and won ($77.50) with a flush, Ace high
Seat 4: sokol-max-PS (button) (small blind) mucked


PokerStars Hand #155604787925:  Hold'em Limit ($3/$6 USD) - 2016/07/05 15:39:55 ET
Table 'Paris II' 6-max Seat #4 is the button
Seat 1: jackRizzar ($432.27 in chips)
Seat 4: sokol-max-PS ($68.93 in chips)
sokol-max-PS: posts small blind $1
jackRizzar: posts big blind $3
*** HOLE CARDS ***
sokol-max-PS: raises $3 to $6
joken09 joins the table at seat #5
jackRizzar: raises $3 to $9
sokol-max-PS: raises $3 to $12
Betting is capped
jackRizzar: calls $3
*** FLOP *** [3h Jh 5d]
jackRizzar: checks
sokol-max-PS: bets $3
jackRizzar: calls $3
*** TURN *** [3h Jh 5d] [Qd]
jackRizzar: checks
sokol-max-PS: bets $6
jackRizzar: calls $6
*** RIVER *** [3h Jh 5d Qd] [Jc]
jackRizzar: checks
sokol-max-PS: bets $6
jackRizzar: calls $6
*** SHOW DOWN ***
sokol-max-PS: shows [7s 7c] (two pair, Jacks and Sevens)
jackRizzar: mucks hand
sokol-max-PS collected $53.50 from pot
*** SUMMARY ***
Total pot $54 | Rake $0.50
Board [3h Jh 5d Qd Jc]
Seat 1: jackRizzar (big blind) mucked
Seat 4: sokol-max-PS (button) (small blind) showed [7s 7c] and won ($53.50) with two pair, Jacks and Sevens


