PokerStars Hand #153137051569:  Hold'em Limit ($3/$6 USD) - 2016/05/10 18:42:46 ET
Table 'Parthenope' 6-max Seat #3 is the button
Seat 3: markbeny ($39.50 in chips)
Seat 4: Actionni13 ($154 in chips)
markbeny: posts small blind $1
Actionni13: posts big blind $3
*** HOLE CARDS ***
markbeny: calls $2
Actionni13: checks
*** FLOP *** [2c 5c As]
Actionni13: bets $3
markbeny: raises $3 to $6
Actionni13: calls $3
*** TURN *** [2c 5c As] [Js]
Actionni13: checks
markbeny: bets $6
Actionni13: calls $6
*** RIVER *** [2c 5c As Js] [2s]
Actionni13: checks
markbeny: bets $6
Actionni13: raises $6 to $12
markbeny: raises $6 to $18
Actionni13: raises $6 to $24
Betting is capped
markbeny: calls $6
*** SHOW DOWN ***
Actionni13: shows [2d 4s] (three of a kind, Deuces)
markbeny: shows [9s 3s] (a flush, Ace high)
markbeny collected $77.50 from pot
*** SUMMARY ***
Total pot $78 | Rake $0.50
Board [2c 5c As Js 2s]
Seat 3: markbeny (button) (small blind) showed [9s 3s] and won ($77.50) with a flush, Ace high
Seat 4: Actionni13 (big blind) showed [2d 4s] and lost with three of a kind, Deuces


PokerStars Hand #153137043863:  Hold'em Limit ($3/$6 USD) - 2016/05/10 18:42:35 ET
Table 'Parthenope' 6-max Seat #4 is the button
Seat 3: markbeny ($42.50 in chips)
Seat 4: Actionni13 ($151 in chips)
Actionni13: posts small blind $1
markbeny: posts big blind $3
*** HOLE CARDS ***
Actionni13: raises $3 to $6
markbeny: folds
Uncalled bet ($3) returned to Actionni13
Actionni13 collected $6 from pot
Actionni13: doesn't show hand
*** SUMMARY ***
Total pot $6 | Rake $0
Seat 3: markbeny (big blind) folded before Flop
Seat 4: Actionni13 (button) (small blind) collected ($6)


PokerStars Hand #153137083046:  Hold'em Limit ($3/$6 USD) - 2016/05/10 18:43:29 ET
Table 'Parthenope' 6-max Seat #4 is the button
Seat 3: markbeny ($78 in chips)
Seat 4: Actionni13 ($150 in chips)
Actionni13: posts small blind $1
markbeny: posts big blind $3
*** HOLE CARDS ***
Actionni13: raises $3 to $6
markbeny: calls $3
*** FLOP *** [As 3c 2c]
markbeny: checks
Actionni13: checks
*** TURN *** [As 3c 2c] [Kc]
markbeny: checks
Actionni13: checks
*** RIVER *** [As 3c 2c Kc] [2s]
markbeny: checks
Actionni13: checks
*** SHOW DOWN ***
markbeny: shows [Js 8s] (a pair of Deuces)
Actionni13: mucks hand
markbeny collected $11.76 from pot
*** SUMMARY ***
Total pot $12 | Rake $0.24
Board [As 3c 2c Kc 2s]
Seat 3: markbeny (big blind) showed [Js 8s] and won ($11.76) with a pair of Deuces
Seat 4: Actionni13 (button) (small blind) mucked


PokerStars Hand #153137099048:  Hold'em Limit ($3/$6 USD) - 2016/05/10 18:43:52 ET
Table 'Parthenope' 6-max Seat #3 is the button
Seat 3: markbeny ($83.76 in chips)
Seat 4: Actionni13 ($150 in chips)
markbeny: posts small blind $1
Actionni13: posts big blind $3
*** HOLE CARDS ***
markbeny: folds
Uncalled bet ($2) returned to Actionni13
Actionni13 collected $2 from pot
Actionni13: doesn't show hand
*** SUMMARY ***
Total pot $2 | Rake $0
Seat 3: markbeny (button) (small blind) folded before Flop
Seat 4: Actionni13 (big blind) collected ($2)


PokerStars Hand #153137102725:  Hold'em Limit ($3/$6 USD) - 2016/05/10 18:43:57 ET
Table 'Parthenope' 6-max Seat #4 is the button
Seat 3: markbeny ($82.76 in chips)
Seat 4: Actionni13 ($151 in chips)
Actionni13: posts small blind $1
markbeny: posts big blind $3
*** HOLE CARDS ***
Actionni13: raises $3 to $6
markbeny: calls $3
*** FLOP *** [6s 8s 3c]
markbeny: bets $3
Actionni13: calls $3
*** TURN *** [6s 8s 3c] [Ad]
markbeny: bets $6
Actionni13: folds
Uncalled bet ($6) returned to markbeny
markbeny collected $17.64 from pot
markbeny: doesn't show hand
*** SUMMARY ***
Total pot $18 | Rake $0.36
Board [6s 8s 3c Ad]
Seat 3: markbeny (big blind) collected ($17.64)
Seat 4: Actionni13 (button) (small blind) folded on the Turn


PokerStars Hand #153137113689:  Hold'em Limit ($3/$6 USD) - 2016/05/10 18:44:12 ET
Table 'Parthenope' 6-max Seat #3 is the button
Seat 3: markbeny ($91.40 in chips)
Seat 4: Actionni13 ($150 in chips)
markbeny: posts small blind $1
Actionni13: posts big blind $3
*** HOLE CARDS ***
markbeny: calls $2
Actionni13: checks
*** FLOP *** [2s 7s 9s]
Actionni13: bets $3
markbeny: folds
Uncalled bet ($3) returned to Actionni13
Zubasa07 joins the table at seat #5
Actionni13 collected $5.88 from pot
Actionni13: doesn't show hand
*** SUMMARY ***
Total pot $6 | Rake $0.12
Board [2s 7s 9s]
Seat 3: markbeny (button) (small blind) folded on the Flop
Seat 4: Actionni13 (big blind) collected ($5.88)


