PokerStars Hand #162311916164:  Hold'em Limit ($3/$6 USD) - 2016/12/02 17:13:14 ET
Table 'Parthenope' 10-max Seat #1 is the button
Seat 1: backooa ($9.49 in chips)
Seat 5: ganuba ($185.80 in chips)
backooa: posts small blind $1
ganuba: posts big blind $3
*** HOLE CARDS ***
backooa: raises $3 to $6
ganuba: folds
Uncalled bet ($3) returned to backooa
backooa collected $6 from pot
backooa: doesn't show hand
*** SUMMARY ***
Total pot $6 | Rake $0
Seat 1: backooa (button) (small blind) collected ($6)
Seat 5: ganuba (big blind) folded before Flop


PokerStars Hand #162311940033:  Hold'em Limit ($3/$6 USD) - 2016/12/02 17:13:40 ET
Table 'Parthenope' 10-max Seat #4 is the button
Seat 4: lexishake ($132.24 in chips)
Seat 5: GRAILKO ($200 in chips)
lexishake: posts small blind $1
GRAILKO: posts big blind $3
*** HOLE CARDS ***
lexishake: folds
Uncalled bet ($2) returned to GRAILKO
GRAILKO collected $2 from pot
GRAILKO: doesn't show hand
*** SUMMARY ***
Total pot $2 | Rake $0
Seat 4: lexishake (button) (small blind) folded before Flop
Seat 5: GRAILKO (big blind) collected ($2)


PokerStars Hand #162311927016:  Hold'em Limit ($3/$6 USD) - 2016/12/02 17:13:26 ET
Table 'Parthenope' 10-max Seat #1 is the button
Seat 1: backooa ($13.49 in chips)
Seat 4: lexishake ($129.36 in chips)
backooa: posts small blind $1
lexishake: posts big blind $3
*** HOLE CARDS ***
GRAILKO joins the table at seat #5
backooa: calls $2
lexishake: checks
*** FLOP *** [8c Kh Kc]
lexishake: bets $3
backooa: folds
Uncalled bet ($3) returned to lexishake
lexishake collected $5.88 from pot
lexishake: doesn't show hand
backooa leaves the table
*** SUMMARY ***
Total pot $6 | Rake $0.12
Board [8c Kh Kc]
Seat 1: backooa (button) (small blind) folded on the Flop
Seat 4: lexishake (big blind) collected ($5.88)


PokerStars Hand #162311921629:  Hold'em Limit ($3/$6 USD) - 2016/12/02 17:13:20 ET
Table 'Parthenope' 10-max Seat #5 is the button
Seat 1: backooa ($12.49 in chips)
Seat 5: ganuba ($182.80 in chips)
ganuba: posts small blind $1
backooa: posts big blind $3
*** HOLE CARDS ***
ganuba: folds
Uncalled bet ($2) returned to backooa
lexishake joins the table at seat #4
backooa collected $2 from pot
backooa: doesn't show hand
ganuba leaves the table
*** SUMMARY ***
Total pot $2 | Rake $0
Seat 1: backooa (big blind) collected ($2)
Seat 5: ganuba (button) (small blind) folded before Flop


PokerStars Hand #162311964454:  Hold'em Limit ($3/$6 USD) - 2016/12/02 17:14:07 ET
Table 'Parthenope' 10-max Seat #4 is the button
Seat 4: lexishake ($116.24 in chips)
Seat 5: GRAILKO ($215.50 in chips)
lexishake: posts small blind $1
GRAILKO: posts big blind $3
*** HOLE CARDS ***
lexishake: calls $2
GRAILKO: raises $3 to $6
lexishake: calls $3
*** FLOP *** [7d Kc Ts]
GRAILKO: bets $3
lexishake: folds
Uncalled bet ($3) returned to GRAILKO
GRAILKO collected $11.76 from pot
GRAILKO: doesn't show hand
*** SUMMARY ***
Total pot $12 | Rake $0.24
Board [7d Kc Ts]
Seat 4: lexishake (button) (small blind) folded on the Flop
Seat 5: GRAILKO (big blind) collected ($11.76)


PokerStars Hand #162311944947:  Hold'em Limit ($3/$6 USD) - 2016/12/02 17:13:45 ET
Table 'Parthenope' 10-max Seat #5 is the button
Seat 4: lexishake ($131.24 in chips)
Seat 5: GRAILKO ($201 in chips)
GRAILKO: posts small blind $1
lexishake: posts big blind $3
*** HOLE CARDS ***
GRAILKO: raises $3 to $6
lexishake: calls $3
*** FLOP *** [2h Kc 6s]
lexishake: checks
GRAILKO: bets $3
lexishake: calls $3
*** TURN *** [2h Kc 6s] [5c]
lexishake: checks
GRAILKO: checks
*** RIVER *** [2h Kc 6s 5c] [3s]
lexishake: bets $6
GRAILKO: calls $6
*** SHOW DOWN ***
lexishake: shows [9d 8c] (high card King)
GRAILKO: shows [6c Jh] (a pair of Sixes)
GRAILKO collected $29.50 from pot
*** SUMMARY ***
Total pot $30 | Rake $0.50
Board [2h Kc 6s 5c 3s]
Seat 4: lexishake (big blind) showed [9d 8c] and lost with high card King
Seat 5: GRAILKO (button) (small blind) showed [6c Jh] and won ($29.50) with a pair of Sixes


PokerStars Hand #162311993551:  Hold'em Limit ($3/$6 USD) - 2016/12/02 17:14:39 ET
Table 'Parthenope' 10-max Seat #4 is the button
Seat 4: lexishake ($89.24 in chips)
Seat 5: GRAILKO ($241.76 in chips)
lexishake: posts small blind $1
GRAILKO: posts big blind $3
*** HOLE CARDS ***
lexishake: raises $3 to $6
GRAILKO: raises $3 to $9
lexishake: calls $3
*** FLOP *** [Tc Qc 4h]
GRAILKO: bets $3
lexishake: calls $3
*** TURN *** [Tc Qc 4h] [6h]
GRAILKO: bets $6
lexishake: calls $6
*** RIVER *** [Tc Qc 4h 6h] [7c]
GRAILKO: bets $6
lexishake: folds
Uncalled bet ($6) returned to GRAILKO
GRAILKO collected $35.50 from pot
GRAILKO: doesn't show hand
*** SUMMARY ***
Total pot $36 | Rake $0.50
Board [Tc Qc 4h 6h 7c]
Seat 4: lexishake (button) (small blind) folded on the River
Seat 5: GRAILKO (big blind) collected ($35.50)


PokerStars Hand #162311975255:  Hold'em Limit ($3/$6 USD) - 2016/12/02 17:14:19 ET
Table 'Parthenope' 10-max Seat #5 is the button
Seat 4: lexishake ($110.24 in chips)
Seat 5: GRAILKO ($221.26 in chips)
GRAILKO: posts small blind $1
lexishake: posts big blind $3
*** HOLE CARDS ***
GRAILKO: raises $3 to $6
lexishake: calls $3
*** FLOP *** [8d Td 8c]
lexishake: checks
GRAILKO: bets $3
lexishake: calls $3
*** TURN *** [8d Td 8c] [5s]
lexishake: checks
GRAILKO: bets $6
lexishake: calls $6
*** RIVER *** [8d Td 8c 5s] [Kh]
lexishake: checks
GRAILKO: bets $6
lexishake: calls $6
*** SHOW DOWN ***
GRAILKO: shows [Tc 8s] (a full house, Eights full of Tens)
lexishake: mucks hand
GRAILKO collected $41.50 from pot
*** SUMMARY ***
Total pot $42 | Rake $0.50
Board [8d Td 8c 5s Kh]
Seat 4: lexishake (big blind) mucked
Seat 5: GRAILKO (button) (small blind) showed [Tc 8s] and won ($41.50) with a full house, Eights full of Tens


