PokerStars Hand #170022207431:  Hold'em Limit ($3/$6 USD) - 2017/05/06 4:41:34 ET
Table 'Parthenope II' 6-max Seat #4 is the button
Seat 4: Agrotait ($73 in chips)
Seat 6: HAOYUN88888 ($119 in chips)
Agrotait: posts small blind $1
HAOYUN88888: posts big blind $3
*** HOLE CARDS ***
Agrotait: folds
Uncalled bet ($2) returned to HAOYUN88888
HAOYUN88888 collected $2 from pot
HAOYUN88888: doesn't show hand
*** SUMMARY ***
Total pot $2 | Rake $0
Seat 4: Agrotait (button) (small blind) folded before Flop
Seat 6: HAOYUN88888 (big blind) collected ($2)


PokerStars Hand #170022204727:  Hold'em Limit ($3/$6 USD) - 2017/05/06 4:41:26 ET
Table 'Parthenope II' 6-max Seat #6 is the button
Seat 4: Agrotait ($72 in chips)
Seat 6: HAOYUN88888 ($120 in chips)
HAOYUN88888: posts small blind $1
Agrotait: posts big blind $3
*** HOLE CARDS ***
HAOYUN88888: folds
Uncalled bet ($2) returned to Agrotait
Agrotait collected $2 from pot
Agrotait: doesn't show hand
*** SUMMARY ***
Total pot $2 | Rake $0
Seat 4: Agrotait (big blind) collected ($2)
Seat 6: HAOYUN88888 (button) (small blind) folded before Flop


PokerStars Hand #170022209427:  Hold'em Limit ($3/$6 USD) - 2017/05/06 4:41:39 ET
Table 'Parthenope II' 6-max Seat #6 is the button
Seat 4: Agrotait ($72 in chips)
Seat 6: HAOYUN88888 ($120 in chips)
HAOYUN88888: posts small blind $1
Agrotait: posts big blind $3
*** HOLE CARDS ***
HAOYUN88888: raises $3 to $6
Agrotait: calls $3
*** FLOP *** [6c 4h 2d]
Agrotait: checks
HAOYUN88888: bets $3
Agrotait: raises $3 to $6
HAOYUN88888: calls $3
*** TURN *** [6c 4h 2d] [Jh]
Agrotait: bets $6
HAOYUN88888: calls $6
*** RIVER *** [6c 4h 2d Jh] [3h]
Agrotait: bets $6
HAOYUN88888: folds
Uncalled bet ($6) returned to Agrotait
Agrotait collected $35.50 from pot
Agrotait: doesn't show hand
*** SUMMARY ***
Total pot $36 | Rake $0.50
Board [6c 4h 2d Jh 3h]
Seat 4: Agrotait (big blind) collected ($35.50)
Seat 6: HAOYUN88888 (button) (small blind) folded on the River


PokerStars Hand #170022222596:  Hold'em Limit ($3/$6 USD) - 2017/05/06 4:42:16 ET
Table 'Parthenope II' 6-max Seat #6 is the button
Seat 4: Agrotait ($65.50 in chips)
Seat 6: HAOYUN88888 ($125.50 in chips)
HAOYUN88888: posts small blind $1
Agrotait: posts big blind $3
*** HOLE CARDS ***
HAOYUN88888: raises $3 to $6
Agrotait: raises $3 to $9
HAOYUN88888: calls $3
*** FLOP *** [6h 3c 2c]
Agrotait: checks
HAOYUN88888: bets $3
Agrotait: calls $3
*** TURN *** [6h 3c 2c] [4c]
Agrotait: checks
HAOYUN88888: bets $6
Agrotait: folds
Uncalled bet ($6) returned to HAOYUN88888
HAOYUN88888 collected $23.52 from pot
*** SUMMARY ***
Total pot $24 | Rake $0.48
Board [6h 3c 2c 4c]
Seat 4: Agrotait (big blind) folded on the Turn
Seat 6: HAOYUN88888 (button) (small blind) collected ($23.52)


PokerStars Hand #170022228055:  Hold'em Limit ($3/$6 USD) - 2017/05/06 4:42:31 ET
Table 'Parthenope II' 6-max Seat #4 is the button
Seat 4: Agrotait ($72 in chips)
Seat 6: HAOYUN88888 ($137.02 in chips)
Agrotait: posts small blind $1
HAOYUN88888: posts big blind $3
*** HOLE CARDS ***
Agrotait: folds
Uncalled bet ($2) returned to HAOYUN88888
HAOYUN88888 collected $2 from pot
HAOYUN88888: doesn't show hand
*** SUMMARY ***
Total pot $2 | Rake $0
Seat 4: Agrotait (button) (small blind) folded before Flop
Seat 6: HAOYUN88888 (big blind) collected ($2)


PokerStars Hand #170022216023:  Hold'em Limit ($3/$6 USD) - 2017/05/06 4:41:58 ET
Table 'Parthenope II' 6-max Seat #4 is the button
Seat 4: Agrotait ($89.50 in chips)
Seat 6: HAOYUN88888 ($102 in chips)
Agrotait: posts small blind $1
HAOYUN88888: posts big blind $3
*** HOLE CARDS ***
Agrotait: raises $3 to $6
HAOYUN88888: calls $3
*** FLOP *** [9c 5d Jd]
HAOYUN88888: checks
Agrotait: bets $3
HAOYUN88888: raises $3 to $6
Agrotait: calls $3
*** TURN *** [9c 5d Jd] [Qc]
HAOYUN88888: bets $6
Agrotait: calls $6
*** RIVER *** [9c 5d Jd Qc] [4s]
HAOYUN88888: bets $6
Agrotait: calls $6
*** SHOW DOWN ***
HAOYUN88888: shows [Js 8c] (a pair of Jacks)
Agrotait: mucks hand
HAOYUN88888 collected $47.50 from pot
*** SUMMARY ***
Total pot $48 | Rake $0.50
Board [9c 5d Jd Qc 4s]
Seat 4: Agrotait (button) (small blind) mucked
Seat 6: HAOYUN88888 (big blind) showed [Js 8c] and won ($47.50) with a pair of Jacks


PokerStars Hand #170022229843:  Hold'em Limit ($3/$6 USD) - 2017/05/06 4:42:36 ET
Table 'Parthenope II' 6-max Seat #6 is the button
Seat 4: Agrotait ($71 in chips)
Seat 6: HAOYUN88888 ($138.02 in chips)
HAOYUN88888: posts small blind $1
Agrotait: posts big blind $3
*** HOLE CARDS ***
HAOYUN88888: raises $3 to $6
Agrotait: calls $3
*** FLOP *** [Tc 4s 9c]
Agrotait: checks
HAOYUN88888: bets $3
Agrotait: calls $3
*** TURN *** [Tc 4s 9c] [Td]
Agrotait: checks
HAOYUN88888: bets $6
Agrotait: folds
Uncalled bet ($6) returned to HAOYUN88888
HAOYUN88888 collected $17.64 from pot
HAOYUN88888: doesn't show hand
*** SUMMARY ***
Total pot $18 | Rake $0.36
Board [Tc 4s 9c Td]
Seat 4: Agrotait (big blind) folded on the Turn
Seat 6: HAOYUN88888 (button) (small blind) collected ($17.64)


PokerStars Hand #170022239543:  Hold'em Limit ($3/$6 USD) - 2017/05/06 4:43:03 ET
Table 'Parthenope II' 6-max Seat #4 is the button
Seat 4: Agrotait ($62 in chips)
Seat 6: HAOYUN88888 ($146.66 in chips)
Agrotait: posts small blind $1
HAOYUN88888: posts big blind $3
*** HOLE CARDS ***
Agrotait: folds
Uncalled bet ($2) returned to HAOYUN88888
HAOYUN88888 collected $2 from pot
HAOYUN88888: doesn't show hand
*** SUMMARY ***
Total pot $2 | Rake $0
Seat 4: Agrotait (button) (small blind) folded before Flop
Seat 6: HAOYUN88888 (big blind) collected ($2)


PokerStars Hand #170022242742:  Hold'em Limit ($3/$6 USD) - 2017/05/06 4:43:12 ET
Table 'Parthenope II' 6-max Seat #6 is the button
Seat 4: Agrotait ($61 in chips)
Seat 6: HAOYUN88888 ($147.66 in chips)
HAOYUN88888: posts small blind $1
Agrotait: posts big blind $3
*** HOLE CARDS ***
HAOYUN88888: raises $3 to $6
Agrotait: calls $3
*** FLOP *** [9c 3s 3c]
Agrotait: checks
HAOYUN88888: bets $3
Agrotait: folds
Uncalled bet ($3) returned to HAOYUN88888
HAOYUN88888 collected $11.76 from pot
HAOYUN88888: doesn't show hand
*** SUMMARY ***
Total pot $12 | Rake $0.24
Board [9c 3s 3c]
Seat 4: Agrotait (big blind) folded on the Flop
Seat 6: HAOYUN88888 (button) (small blind) collected ($11.76)


PokerStars Hand #170022246356:  Hold'em Limit ($3/$6 USD) - 2017/05/06 4:43:22 ET
Table 'Parthenope II' 6-max Seat #4 is the button
Seat 4: Agrotait ($72 in chips)
Seat 6: HAOYUN88888 ($153.42 in chips)
Agrotait: posts small blind $1
HAOYUN88888: posts big blind $3
*** HOLE CARDS ***
Agrotait: raises $3 to $6
HAOYUN88888: calls $3
*** FLOP *** [4s Th 6h]
hurtstopee joins the table at seat #5
HAOYUN88888: checks
Agrotait: checks
*** TURN *** [4s Th 6h] [4d]
HAOYUN88888: bets $6
Ale4o joins the table at seat #1
Agrotait: raises $6 to $12
HAOYUN88888: calls $6
*** RIVER *** [4s Th 6h 4d] [Kh]
HAOYUN88888: checks
Agrotait: checks
*** SHOW DOWN ***
HAOYUN88888: shows [6s Qs] (two pair, Sixes and Fours)
Agrotait: mucks hand
HAOYUN88888 collected $35.50 from pot
*** SUMMARY ***
Total pot $36 | Rake $0.50
Board [4s Th 6h 4d Kh]
Seat 4: Agrotait (button) (small blind) mucked
Seat 6: HAOYUN88888 (big blind) showed [6s Qs] and won ($35.50) with two pair, Sixes and Fours


PokerStars Hand #170023629225:  Hold'em Limit ($3/$6 USD) - 2017/05/06 5:43:02 ET
Table 'Parthenope II' 6-max Seat #5 is the button
Seat 3: Rus29APX ($208.98 in chips)
Seat 5: Krazy90 ($120 in chips)
Krazy90: posts small blind $1
Rus29APX: posts big blind $3
*** HOLE CARDS ***
Krazy90: raises $3 to $6
Rus29APX: raises $3 to $9
Krazy90: calls $3
*** FLOP *** [2s 2c 5s]
Rus29APX: bets $3
Krazy90: calls $3
*** TURN *** [2s 2c 5s] [Qd]
Rus29APX: checks
Krazy90: checks
*** RIVER *** [2s 2c 5s Qd] [8c]
Rus29APX: checks
Krazy90: bets $6
Rus29APX: calls $6
*** SHOW DOWN ***
Krazy90: shows [6d 8d] (two pair, Eights and Deuces)
Rus29APX: mucks hand
Krazy90 collected $35.50 from pot
*** SUMMARY ***
Total pot $36 | Rake $0.50
Board [2s 2c 5s Qd 8c]
Seat 3: Rus29APX (big blind) mucked
Seat 5: Krazy90 (button) (small blind) showed [6d 8d] and won ($35.50) with two pair, Eights and Deuces


PokerStars Hand #170023756375:  Hold'em Limit ($3/$6 USD) - 2017/05/06 5:48:13 ET
Table 'Parthenope II' 6-max Seat #3 is the button
Seat 3: Rus29APX ($190.98 in chips)
Seat 5: Krazy90 ($120 in chips)
Rus29APX: posts small blind $1
Krazy90: posts big blind $3
*** HOLE CARDS ***
Rus29APX: raises $3 to $6
Krazy90: calls $3
*** FLOP *** [Qc 3c 6h]
Krazy90: checks
Rus29APX: checks
*** TURN *** [Qc 3c 6h] [Kh]
Krazy90: checks
Rus29APX: checks
*** RIVER *** [Qc 3c 6h Kh] [5c]
Krazy90: checks
Rus29APX: checks
*** SHOW DOWN ***
Krazy90: shows [4s 5d] (a pair of Fives)
Rus29APX: mucks hand
Krazy90 collected $11.76 from pot
*** SUMMARY ***
Total pot $12 | Rake $0.24
Board [Qc 3c 6h Kh 5c]
Seat 3: Rus29APX (button) (small blind) mucked
Seat 5: Krazy90 (big blind) showed [4s 5d] and won ($11.76) with a pair of Fives


PokerStars Hand #170023798868:  Hold'em Limit ($3/$6 USD) - 2017/05/06 5:49:58 ET
Table 'Parthenope II' 6-max Seat #5 is the button
Seat 3: Rus29APX ($184.98 in chips)
Seat 5: Krazy90 ($125.76 in chips)
Krazy90: posts small blind $1
Rus29APX: posts big blind $3
*** HOLE CARDS ***
Krazy90: calls $2
Rus29APX: checks
*** FLOP *** [8d 3c 2s]
Rus29APX: checks
Krazy90: checks
*** TURN *** [8d 3c 2s] [3d]
Rus29APX: checks
Krazy90 has timed out
Krazy90: checks
*** RIVER *** [8d 3c 2s 3d] [7h]
Rus29APX: bets $6
Krazy90: folds
Uncalled bet ($6) returned to Rus29APX
Rus29APX collected $5.88 from pot
Rus29APX: doesn't show hand
*** SUMMARY ***
Total pot $6 | Rake $0.12
Board [8d 3c 2s 3d 7h]
Seat 3: Rus29APX (big blind) collected ($5.88)
Seat 5: Krazy90 (button) (small blind) folded on the River


