PokerStars Hand #157846817727:  Hold'em Limit ($3/$6 USD) - 2016/08/28 10:53:26 ET
Table 'Parvulesco' 6-max Seat #6 is the button
Seat 3: degal76 ($193.95 in chips)
Seat 6: Samace10 ($222.94 in chips)
Samace10: posts small blind $1
degal76: posts big blind $3
*** HOLE CARDS ***
Samace10: folds
Uncalled bet ($2) returned to degal76
degal76 collected $2 from pot
juustmuckit1 is disconnected
degal76: doesn't show hand
*** SUMMARY ***
Total pot $2 | Rake $0
Seat 3: degal76 (big blind) collected ($2)
Seat 6: Samace10 (button) (small blind) folded before Flop


PokerStars Hand #157846813760:  Hold'em Limit ($3/$6 USD) - 2016/08/28 10:53:21 ET
Table 'Parvulesco' 6-max Seat #3 is the button
Seat 3: degal76 ($194.95 in chips)
Seat 6: Samace10 ($221.94 in chips)
degal76: posts small blind $1
Samace10: posts big blind $3
*** HOLE CARDS ***
degal76: folds
Uncalled bet ($2) returned to Samace10
Samace10 collected $2 from pot
*** SUMMARY ***
Total pot $2 | Rake $0
Seat 3: degal76 (button) (small blind) folded before Flop
Seat 6: Samace10 (big blind) collected ($2)


