PokerStars Hand #163440792367:  Hold'em Limit ($3/$6 USD) - 2016/12/24 7:32:42 ET
Table 'Parysatis II' 6-max Seat #3 is the button
Seat 3: mujo90 ($56.38 in chips)
Seat 4: AzureCaper ($72 in chips)
mujo90: posts small blind $1
AzureCaper: posts big blind $3
*** HOLE CARDS ***
mujo90: raises $3 to $6
AzureCaper: calls $3
*** FLOP *** [Ac Ts 2d]
AzureCaper: checks
mujo90: bets $3
AzureCaper: folds
Uncalled bet ($3) returned to mujo90
mujo90 collected $11.76 from pot
mujo90: doesn't show hand
*** SUMMARY ***
Total pot $12 | Rake $0.24
Board [Ac Ts 2d]
Seat 3: mujo90 (button) (small blind) collected ($11.76)
Seat 4: AzureCaper (big blind) folded on the Flop


PokerStars Hand #163440783455:  Hold'em Limit ($3/$6 USD) - 2016/12/24 7:32:28 ET
Table 'Parysatis II' 6-max Seat #4 is the button
Seat 3: mujo90 ($55.38 in chips)
Seat 4: AzureCaper ($72 in chips)
AzureCaper: posts small blind $1
Chessnok: is sitting out
mujo90: posts big blind $3
*** HOLE CARDS ***
AzureCaper: folds
Uncalled bet ($2) returned to mujo90
mujo90 collected $2 from pot
mujo90: doesn't show hand
*** SUMMARY ***
Total pot $2 | Rake $0
Seat 3: mujo90 (big blind) collected ($2)
Seat 4: AzureCaper (button) (small blind) folded before Flop


PokerStars Hand #163440912986:  Hold'em Limit ($3/$6 USD) - 2016/12/24 7:36:02 ET
Table 'Parysatis II' 6-max Seat #4 is the button
Seat 1: Chessnok ($142.21 in chips)
Seat 4: AzureCaper ($103.06 in chips)
AzureCaper: posts small blind $1
Chessnok: posts big blind $3
*** HOLE CARDS ***
AzureCaper: raises $3 to $6
Chessnok: calls $3
*** FLOP *** [5d Kc Js]
Chessnok: checks
AzureCaper: bets $3
Chessnok: calls $3
*** TURN *** [5d Kc Js] [Tc]
Chessnok: checks
AzureCaper: checks
*** RIVER *** [5d Kc Js Tc] [5h]
Chessnok: checks
AzureCaper: checks
*** SHOW DOWN ***
Chessnok: shows [2c Ah] (a pair of Fives)
AzureCaper: shows [6d Ad] (a pair of Fives)
Chessnok collected $8.82 from pot
AzureCaper collected $8.82 from pot
*** SUMMARY ***
Total pot $18 | Rake $0.36
Board [5d Kc Js Tc 5h]
Seat 1: Chessnok (big blind) showed [2c Ah] and won ($8.82) with a pair of Fives
Seat 4: AzureCaper (button) (small blind) showed [6d Ad] and won ($8.82) with a pair of Fives


