PokerStars Hand #163646959132:  Hold'em Limit ($3/$6 USD) - 2016/12/28 3:23:42 ET
Table 'Parysatis' 6-max Seat #1 is the button
Seat 1: ToDaFelt ($120 in chips)
Seat 2: Fantomet ($158.73 in chips)
ToDaFelt: posts small blind $1
Fantomet: posts big blind $3
*** HOLE CARDS ***
ToDaFelt: folds
Uncalled bet ($2) returned to Fantomet
Fantomet collected $2 from pot
*** SUMMARY ***
Total pot $2 | Rake $0
Seat 1: ToDaFelt (button) (small blind) folded before Flop
Seat 2: Fantomet (big blind) collected ($2)


PokerStars Hand #163646967831:  Hold'em Limit ($3/$6 USD) - 2016/12/28 3:24:10 ET
Table 'Parysatis' 6-max Seat #2 is the button
Seat 1: ToDaFelt ($119 in chips)
Seat 2: Fantomet ($159.73 in chips)
Fantomet: posts small blind $1
ToDaFelt: posts big blind $3
*** HOLE CARDS ***
Fantomet: raises $3 to $6
ToDaFelt: folds
Uncalled bet ($3) returned to Fantomet
Fantomet collected $6 from pot
*** SUMMARY ***
Total pot $6 | Rake $0
Seat 1: ToDaFelt (big blind) folded before Flop
Seat 2: Fantomet (button) (small blind) collected ($6)


PokerStars Hand #163646971508:  Hold'em Limit ($3/$6 USD) - 2016/12/28 3:24:22 ET
Table 'Parysatis' 6-max Seat #1 is the button
Seat 1: ToDaFelt ($116 in chips)
Seat 2: Fantomet ($162.73 in chips)
ToDaFelt: posts small blind $1
Fantomet: posts big blind $3
*** HOLE CARDS ***
ToDaFelt: raises $3 to $6
Fantomet: raises $3 to $9
ToDaFelt: calls $3
*** FLOP *** [6h 9h Kc]
Fantomet: bets $3
ToDaFelt: folds
Uncalled bet ($3) returned to Fantomet
Fantomet collected $17.64 from pot
*** SUMMARY ***
Total pot $18 | Rake $0.36
Board [6h 9h Kc]
Seat 1: ToDaFelt (button) (small blind) folded on the Flop
Seat 2: Fantomet (big blind) collected ($17.64)


PokerStars Hand #163646980912:  Hold'em Limit ($3/$6 USD) - 2016/12/28 3:24:51 ET
Table 'Parysatis' 6-max Seat #2 is the button
Seat 1: ToDaFelt ($107 in chips)
Seat 2: Fantomet ($171.37 in chips)
Fantomet: posts small blind $1
ToDaFelt: posts big blind $3
*** HOLE CARDS ***
Fantomet: raises $3 to $6
ToDaFelt: raises $3 to $9
Fantomet: calls $3
*** FLOP *** [4c 6d 9c]
ToDaFelt: bets $3
Fantomet: calls $3
*** TURN *** [4c 6d 9c] [9d]
ToDaFelt: bets $6
Fantomet: folds
Uncalled bet ($6) returned to ToDaFelt
ToDaFelt collected $23.52 from pot
ToDaFelt: doesn't show hand
*** SUMMARY ***
Total pot $24 | Rake $0.48
Board [4c 6d 9c 9d]
Seat 1: ToDaFelt (big blind) collected ($23.52)
Seat 2: Fantomet (button) (small blind) folded on the Turn


PokerStars Hand #163646991562:  Hold'em Limit ($3/$6 USD) - 2016/12/28 3:25:24 ET
Table 'Parysatis' 6-max Seat #1 is the button
Seat 1: ToDaFelt ($118.52 in chips)
Seat 2: Fantomet ($159.37 in chips)
ToDaFelt: posts small blind $1
Fantomet: posts big blind $3
*** HOLE CARDS ***
ToDaFelt: raises $3 to $6
Fantomet: calls $3
*** FLOP *** [Jd 9h 8d]
Fantomet: checks
ToDaFelt: bets $3
Fantomet: calls $3
*** TURN *** [Jd 9h 8d] [2c]
Fantomet: checks
ToDaFelt: bets $6
Fantomet: calls $6
*** RIVER *** [Jd 9h 8d 2c] [Qd]
Fantomet: checks
ToDaFelt: checks
*** SHOW DOWN ***
Fantomet: shows [6s 7h] (high card Queen)
ToDaFelt: shows [9c 8c] (two pair, Nines and Eights)
ToDaFelt collected $29.50 from pot
*** SUMMARY ***
Total pot $30 | Rake $0.50
Board [Jd 9h 8d 2c Qd]
Seat 1: ToDaFelt (button) (small blind) showed [9c 8c] and won ($29.50) with two pair, Nines and Eights
Seat 2: Fantomet (big blind) showed [6s 7h] and lost with high card Queen


PokerStars Hand #163647005330:  Hold'em Limit ($3/$6 USD) - 2016/12/28 3:26:08 ET
Table 'Parysatis' 6-max Seat #2 is the button
Seat 1: ToDaFelt ($133.02 in chips)
Seat 2: Fantomet ($144.37 in chips)
Fantomet: posts small blind $1
ToDaFelt: posts big blind $3
*** HOLE CARDS ***
Fantomet: raises $3 to $6
ToDaFelt: calls $3
*** FLOP *** [6s 5s Kd]
ToDaFelt: checks
Fantomet: checks
*** TURN *** [6s 5s Kd] [9d]
ToDaFelt: bets $6
Fantomet: folds
Uncalled bet ($6) returned to ToDaFelt
ToDaFelt collected $11.76 from pot
ToDaFelt: doesn't show hand
*** SUMMARY ***
Total pot $12 | Rake $0.24
Board [6s 5s Kd 9d]
Seat 1: ToDaFelt (big blind) collected ($11.76)
Seat 2: Fantomet (button) (small blind) folded on the Turn


PokerStars Hand #163647016524:  Hold'em Limit ($3/$6 USD) - 2016/12/28 3:26:43 ET
Table 'Parysatis' 6-max Seat #1 is the button
Seat 1: ToDaFelt ($138.78 in chips)
Seat 2: Fantomet ($138.37 in chips)
ToDaFelt: posts small blind $1
Fantomet: posts big blind $3
*** HOLE CARDS ***
RainBoVan joins the table at seat #4
ToDaFelt: raises $3 to $6
Fantomet: raises $3 to $9
ToDaFelt: calls $3
*** FLOP *** [9s 2s 3c]
Fantomet: bets $3
ToDaFelt: calls $3
*** TURN *** [9s 2s 3c] [2d]
Fantomet: bets $6
ToDaFelt: calls $6
*** RIVER *** [9s 2s 3c 2d] [6h]
Fantomet: bets $6
ToDaFelt: calls $6
*** SHOW DOWN ***
Fantomet: shows [Jh As] (a pair of Deuces)
ToDaFelt: mucks hand
Fantomet collected $47.50 from pot
*** SUMMARY ***
Total pot $48 | Rake $0.50
Board [9s 2s 3c 2d 6h]
Seat 1: ToDaFelt (button) (small blind) mucked
Seat 2: Fantomet (big blind) showed [Jh As] and won ($47.50) with a pair of Deuces


PokerStars Hand #163650148643:  Hold'em Limit ($3/$6 USD) - 2016/12/28 5:41:47 ET
Table 'Parysatis' 6-max Seat #6 is the button
Seat 4: knas4 ($87.47 in chips)
Seat 6: ToDaFelt ($293.12 in chips)
ToDaFelt: posts small blind $1
Actionni13: is sitting out
knas4: posts big blind $3
*** HOLE CARDS ***
Actionni13 leaves the table
ToDaFelt: raises $3 to $6
knas4: calls $3
*** FLOP *** [3s 5s 2s]
knas4: checks
ToDaFelt: bets $3
knas4: folds
Uncalled bet ($3) returned to ToDaFelt
knas4 leaves the table
ToDaFelt collected $11.76 from pot
ToDaFelt: doesn't show hand
*** SUMMARY ***
Total pot $12 | Rake $0.24
Board [3s 5s 2s]
Seat 4: knas4 (big blind) folded on the Flop
Seat 6: ToDaFelt (button) (small blind) collected ($11.76)


