PokerStars Hand #162332432722:  Hold'em Limit ($3/$6 USD) - 2016/12/03 5:02:12 ET
Table 'Parysatis' 6-max Seat #4 is the button
Seat 3: old_col ($69 in chips)
Seat 4: VolkovDmitri ($128.64 in chips)
VolkovDmitri: posts small blind $1
old_col: posts big blind $3
*** HOLE CARDS ***
VolkovDmitri: raises $3 to $6
old_col: calls $3
*** FLOP *** [Js 9s 8s]
old_col: checks
VolkovDmitri: bets $3
old_col: calls $3
*** TURN *** [Js 9s 8s] [3c]
old_col: checks
VolkovDmitri: bets $6
old_col: folds
Uncalled bet ($6) returned to VolkovDmitri
VolkovDmitri collected $17.64 from pot
VolkovDmitri: doesn't show hand
*** SUMMARY ***
Total pot $18 | Rake $0.36
Board [Js 9s 8s 3c]
Seat 3: old_col (big blind) folded on the Turn
Seat 4: VolkovDmitri (button) (small blind) collected ($17.64)


PokerStars Hand #162332419653:  Hold'em Limit ($3/$6 USD) - 2016/12/03 5:01:42 ET
Table 'Parysatis' 6-max Seat #3 is the button
Seat 3: old_col ($78 in chips)
Seat 4: VolkovDmitri ($120 in chips)
old_col: posts small blind $1
VolkovDmitri: posts big blind $3
*** HOLE CARDS ***
old_col: calls $2
VolkovDmitri: raises $3 to $6
old_col: calls $3
*** FLOP *** [Qh 3c 8h]
VolkovDmitri: bets $3
old_col: calls $3
*** TURN *** [Qh 3c 8h] [Qd]
VolkovDmitri: bets $6
old_col: folds
Uncalled bet ($6) returned to VolkovDmitri
VolkovDmitri collected $17.64 from pot
VolkovDmitri: doesn't show hand
*** SUMMARY ***
Total pot $18 | Rake $0.36
Board [Qh 3c 8h Qd]
Seat 3: old_col (button) (small blind) folded on the Turn
Seat 4: VolkovDmitri (big blind) collected ($17.64)


PokerStars Hand #162332441807:  Hold'em Limit ($3/$6 USD) - 2016/12/03 5:02:33 ET
Table 'Parysatis' 6-max Seat #3 is the button
Seat 3: old_col ($60 in chips)
Seat 4: VolkovDmitri ($137.28 in chips)
old_col: posts small blind $1
VolkovDmitri: posts big blind $3
*** HOLE CARDS ***
old_col: raises $3 to $6
VolkovDmitri: raises $3 to $9
Alexsandr.NT joins the table at seat #1
old_col: raises $3 to $12
Betting is capped
VolkovDmitri: calls $3
*** FLOP *** [8d 2c Qs]
VolkovDmitri: checks
old_col: bets $3
VolkovDmitri: calls $3
*** TURN *** [8d 2c Qs] [7h]
VolkovDmitri: checks
old_col: bets $6
VolkovDmitri: folds
Uncalled bet ($6) returned to old_col
old_col collected $29.50 from pot
*** SUMMARY ***
Total pot $30 | Rake $0.50
Board [8d 2c Qs 7h]
Seat 3: old_col (button) (small blind) collected ($29.50)
Seat 4: VolkovDmitri (big blind) folded on the Turn


PokerStars Hand #162335362450:  Hold'em Limit ($3/$6 USD) - 2016/12/03 6:42:05 ET
Table 'Parysatis' 6-max Seat #1 is the button
Seat 1: inc52 ($30.64 in chips)
Seat 6: TinaTurner72 ($267.16 in chips)
inc52: posts small blind $1
TinaTurner72: posts big blind $3
*** HOLE CARDS ***
inc52: raises $3 to $6
Alexsandr.NT leaves the table
TinaTurner72: raises $3 to $9
inc52: calls $3
*** FLOP *** [9h 7c Ah]
TinaTurner72: bets $3
inc52: calls $3
*** TURN *** [9h 7c Ah] [Qs]
TinaTurner72: bets $6
inc52: raises $6 to $12
Alexsandr.NT joins the table at seat #4
TinaTurner72 has timed out
TinaTurner72: folds
Uncalled bet ($6) returned to inc52
inc52 collected $35.50 from pot
inc52: doesn't show hand
*** SUMMARY ***
Total pot $36 | Rake $0.50
Board [9h 7c Ah Qs]
Seat 1: inc52 (button) (small blind) collected ($35.50)
Seat 6: TinaTurner72 (big blind) folded on the Turn


PokerStars Hand #162336810678:  Hold'em Limit ($3/$6 USD) - 2016/12/03 7:26:09 ET
Table 'Parysatis' 6-max Seat #3 is the button
Seat 3: Hannibal2211 ($318.58 in chips)
Seat 6: TinaTurner72 ($89.64 in chips)
Hannibal2211: posts small blind $1
TinaTurner72: posts big blind $3
*** HOLE CARDS ***
Hannibal2211: raises $3 to $6
TinaTurner72: calls $3
*** FLOP *** [3d Jd 7c]
TinaTurner72: checks
Hannibal2211: checks
*** TURN *** [3d Jd 7c] [7s]
TinaTurner72: bets $6
Hannibal2211: folds
Uncalled bet ($6) returned to TinaTurner72
TinaTurner72 collected $11.76 from pot
TinaTurner72: doesn't show hand
*** SUMMARY ***
Total pot $12 | Rake $0.24
Board [3d Jd 7c 7s]
Seat 3: Hannibal2211 (button) (small blind) folded on the Turn
Seat 6: TinaTurner72 (big blind) collected ($11.76)


PokerStars Hand #162337948476:  Hold'em Limit ($3/$6 USD) - 2016/12/03 7:58:53 ET
Table 'Parysatis' 6-max Seat #3 is the button
Seat 2: Alexsandr.NT ($130.56 in chips)
Seat 3: Hannibal2211 ($273.12 in chips)
Hannibal2211: posts small blind $1
TinaTurner72: is sitting out
Alexsandr.NT: posts big blind $3
*** HOLE CARDS ***
Hannibal2211: folds
Uncalled bet ($2) returned to Alexsandr.NT
Alexsandr.NT collected $2 from pot
Alexsandr.NT: doesn't show hand
*** SUMMARY ***
Total pot $2 | Rake $0
Seat 2: Alexsandr.NT (big blind) collected ($2)
Seat 3: Hannibal2211 (button) (small blind) folded before Flop


PokerStars Hand #162337950894:  Hold'em Limit ($3/$6 USD) - 2016/12/03 7:58:57 ET
Table 'Parysatis' 6-max Seat #2 is the button
Seat 2: Alexsandr.NT ($131.56 in chips)
Seat 3: Hannibal2211 ($272.12 in chips)
Alexsandr.NT: posts small blind $1
Hannibal2211: posts big blind $3
*** HOLE CARDS ***
Alexsandr.NT: raises $3 to $6
Hannibal2211: calls $3
*** FLOP *** [2s 8c 7h]
Hannibal2211: bets $3
Alexsandr.NT: calls $3
*** TURN *** [2s 8c 7h] [Qc]
Hannibal2211: bets $6
Alexsandr.NT: folds
Uncalled bet ($6) returned to Hannibal2211
Hannibal2211 collected $17.64 from pot
Hannibal2211: doesn't show hand
*** SUMMARY ***
Total pot $18 | Rake $0.36
Board [2s 8c 7h Qc]
Seat 2: Alexsandr.NT (button) (small blind) folded on the Turn
Seat 3: Hannibal2211 (big blind) collected ($17.64)


PokerStars Hand #162337999371:  Hold'em Limit ($3/$6 USD) - 2016/12/03 8:00:26 ET
Table 'Parysatis' 6-max Seat #3 is the button
Seat 3: Hannibal2211 ($280.76 in chips)
Seat 4: Schampo1891 ($91.87 in chips)
Hannibal2211: posts small blind $1
Schampo1891: posts big blind $3
*** HOLE CARDS ***
Hannibal2211: folds
Uncalled bet ($2) returned to Schampo1891
Schampo1891 collected $2 from pot
Schampo1891: doesn't show hand
*** SUMMARY ***
Total pot $2 | Rake $0
Seat 3: Hannibal2211 (button) (small blind) folded before Flop
Seat 4: Schampo1891 (big blind) collected ($2)


PokerStars Hand #162339157290:  Hold'em Limit ($3/$6 USD) - 2016/12/03 8:31:32 ET
Table 'Parysatis' 6-max Seat #5 is the button
Seat 4: Great_Kang ($120 in chips)
Seat 5: Valtasar13 ($127.90 in chips)
Valtasar13: posts small blind $1
Great_Kang: posts big blind $3
*** HOLE CARDS ***
Valtasar13: calls $2
Great_Kang: raises $3 to $6
Valtasar13: calls $3
*** FLOP *** [Jh 2d 6h]
Great_Kang: bets $3
Valtasar13: folds
Uncalled bet ($3) returned to Great_Kang
Great_Kang collected $11.76 from pot
Great_Kang: doesn't show hand
*** SUMMARY ***
Total pot $12 | Rake $0.24
Board [Jh 2d 6h]
Seat 4: Great_Kang (big blind) collected ($11.76)
Seat 5: Valtasar13 (button) (small blind) folded on the Flop


PokerStars Hand #162339166048:  Hold'em Limit ($3/$6 USD) - 2016/12/03 8:31:45 ET
Table 'Parysatis' 6-max Seat #4 is the button
Seat 4: Great_Kang ($125.76 in chips)
Seat 5: Valtasar13 ($121.90 in chips)
Great_Kang: posts small blind $1
Valtasar13: posts big blind $3
*** HOLE CARDS ***
Great_Kang: raises $3 to $6
Valtasar13: folds
Uncalled bet ($3) returned to Great_Kang
Great_Kang collected $6 from pot
Great_Kang: doesn't show hand
*** SUMMARY ***
Total pot $6 | Rake $0
Seat 4: Great_Kang (button) (small blind) collected ($6)
Seat 5: Valtasar13 (big blind) folded before Flop


PokerStars Hand #162339146748:  Hold'em Limit ($3/$6 USD) - 2016/12/03 8:31:15 ET
Table 'Parysatis' 6-max Seat #4 is the button
Seat 4: Great_Kang ($120 in chips)
Seat 5: Valtasar13 ($119.26 in chips)
Great_Kang: posts small blind $1
Valtasar13: posts big blind $3
*** HOLE CARDS ***
Great_Kang: raises $3 to $6
Valtasar13: calls $3
*** FLOP *** [Jd 6c Td]
Valtasar13: checks
Great_Kang: bets $3
Valtasar13: calls $3
*** TURN *** [Jd 6c Td] [Kc]
Valtasar13: checks
Great_Kang: checks
*** RIVER *** [Jd 6c Td Kc] [Ad]
Valtasar13: bets $6
Great_Kang: folds
Uncalled bet ($6) returned to Valtasar13
Valtasar13 collected $17.64 from pot
*** SUMMARY ***
Total pot $18 | Rake $0.36
Board [Jd 6c Td Kc Ad]
Seat 4: Great_Kang (button) (small blind) folded on the River
Seat 5: Valtasar13 (big blind) collected ($17.64)


PokerStars Hand #162339170657:  Hold'em Limit ($3/$6 USD) - 2016/12/03 8:31:53 ET
Table 'Parysatis' 6-max Seat #5 is the button
Seat 4: Great_Kang ($128.76 in chips)
Seat 5: Valtasar13 ($118.90 in chips)
Valtasar13: posts small blind $1
Great_Kang: posts big blind $3
*** HOLE CARDS ***
Valtasar13: calls $2
Great_Kang: raises $3 to $6
Valtasar13: calls $3
*** FLOP *** [6d 8h 7s]
Great_Kang: bets $3
Valtasar13: raises $3 to $6
Great_Kang: calls $3
*** TURN *** [6d 8h 7s] [3d]
Great_Kang: checks
Valtasar13: bets $6
TinaTurner72 joins the table at seat #6
Great_Kang: calls $6
*** RIVER *** [6d 8h 7s 3d] [6c]
Great_Kang: checks
Valtasar13: checks
*** SHOW DOWN ***
Great_Kang: shows [Kh Ad] (a pair of Sixes)
Valtasar13: shows [Qh 8c] (two pair, Eights and Sixes)
Valtasar13 collected $35.50 from pot
*** SUMMARY ***
Total pot $36 | Rake $0.50
Board [6d 8h 7s 3d 6c]
Seat 4: Great_Kang (big blind) showed [Kh Ad] and lost with a pair of Sixes
Seat 5: Valtasar13 (button) (small blind) showed [Qh 8c] and won ($35.50) with two pair, Eights and Sixes


PokerStars Hand #162339202996:  Hold'em Limit ($3/$6 USD) - 2016/12/03 8:32:43 ET
Table 'Parysatis' 6-max Seat #4 is the button
Seat 4: Great_Kang ($120 in chips)
Seat 5: Valtasar13 ($136.40 in chips)
Great_Kang: posts small blind $1
Valtasar13: posts big blind $3
*** HOLE CARDS ***
Great_Kang: raises $3 to $6
Valtasar13: calls $3
*** FLOP *** [8d 2c Ad]
Valtasar13: checks
Great_Kang: bets $3
Valtasar13: folds
Uncalled bet ($3) returned to Great_Kang
Great_Kang collected $11.76 from pot
Great_Kang: doesn't show hand
*** SUMMARY ***
Total pot $12 | Rake $0.24
Board [8d 2c Ad]
Seat 4: Great_Kang (button) (small blind) collected ($11.76)
Seat 5: Valtasar13 (big blind) folded on the Flop


