PokerStars Hand #175630529069:  Hold'em Limit ($3/$6 USD) - 2017/09/14 10:18:40 ET
Table 'Parysatis II' 6-max Seat #3 is the button
Seat 1: Flitzemann ($101.16 in chips)
Seat 3: Rus29APX ($114 in chips)
Rus29APX: posts small blind $1
Flitzemann: posts big blind $3
*** HOLE CARDS ***
Rus29APX: raises $3 to $6
Flitzemann: raises $3 to $9
Rus29APX: calls $3
*** FLOP *** [9s 7h 3s]
Flitzemann: bets $3
Rus29APX: calls $3
*** TURN *** [9s 7h 3s] [5s]
Flitzemann: bets $6
Rus29APX: folds
Uncalled bet ($6) returned to Flitzemann
Flitzemann collected $23.52 from pot
Flitzemann: doesn't show hand
*** SUMMARY ***
Total pot $24 | Rake $0.48
Board [9s 7h 3s 5s]
Seat 1: Flitzemann (big blind) collected ($23.52)
Seat 3: Rus29APX (button) (small blind) folded on the Turn


PokerStars Hand #175630513158:  Hold'em Limit ($3/$6 USD) - 2017/09/14 10:18:11 ET
Table 'Parysatis II' 6-max Seat #1 is the button
Seat 1: Flitzemann ($95.40 in chips)
Seat 3: Rus29APX ($120 in chips)
Flitzemann: posts small blind $1
Rus29APX: posts big blind $3
*** HOLE CARDS ***
vestimokrec joins the table at seat #2
Flitzemann: calls $2
Rus29APX: checks
*** FLOP *** [3s 8s 7d]
Rus29APX: checks
Flitzemann: bets $3
Rus29APX: calls $3
*** TURN *** [3s 8s 7d] [7c]
Rus29APX: checks
Flitzemann: bets $6
Rus29APX: folds
Uncalled bet ($6) returned to Flitzemann
Flitzemann collected $11.76 from pot
Flitzemann: doesn't show hand
*** SUMMARY ***
Total pot $12 | Rake $0.24
Board [3s 8s 7d 7c]
Seat 1: Flitzemann (button) (small blind) collected ($11.76)
Seat 3: Rus29APX (big blind) folded on the Turn


PokerStars Hand #175631716544:  Hold'em Limit ($3/$6 USD) - 2017/09/14 10:53:58 ET
Table 'Parysatis II' 6-max Seat #3 is the button
Seat 3: favete lin ($129.42 in chips)
Seat 6: davyyyyyyy ($109.13 in chips)
favete lin: posts small blind $1
davyyyyyyy: posts big blind $3
*** HOLE CARDS ***
favete lin: raises $3 to $6
davyyyyyyy: folds
Uncalled bet ($3) returned to favete lin
favete lin collected $6 from pot
favete lin: doesn't show hand
*** SUMMARY ***
Total pot $6 | Rake $0
Seat 3: favete lin (button) (small blind) collected ($6)
Seat 6: davyyyyyyy (big blind) folded before Flop


PokerStars Hand #175631713866:  Hold'em Limit ($3/$6 USD) - 2017/09/14 10:53:53 ET
Table 'Parysatis II' 6-max Seat #6 is the button
Seat 3: favete lin ($128.42 in chips)
Seat 6: davyyyyyyy ($110.13 in chips)
davyyyyyyy: posts small blind $1
favete lin: posts big blind $3
*** HOLE CARDS ***
davyyyyyyy: folds
Uncalled bet ($2) returned to favete lin
favete lin collected $2 from pot
favete lin: doesn't show hand
*** SUMMARY ***
Total pot $2 | Rake $0
Seat 3: favete lin (big blind) collected ($2)
Seat 6: davyyyyyyy (button) (small blind) folded before Flop


PokerStars Hand #175631705050:  Hold'em Limit ($3/$6 USD) - 2017/09/14 10:53:38 ET
Table 'Parysatis II' 6-max Seat #3 is the button
Seat 3: favete lin ($134.42 in chips)
Seat 6: davyyyyyyy ($104.37 in chips)
favete lin: posts small blind $1
krossguard: is sitting out
davyyyyyyy: posts big blind $3
*** HOLE CARDS ***
favete lin: raises $3 to $6
davyyyyyyy: calls $3
*** FLOP *** [9c Jd Jh]
davyyyyyyy: checks
favete lin: checks
*** TURN *** [9c Jd Jh] [3h]
davyyyyyyy: bets $6
favete lin: folds
Uncalled bet ($6) returned to davyyyyyyy
davyyyyyyy collected $11.76 from pot
*** SUMMARY ***
Total pot $12 | Rake $0.24
Board [9c Jd Jh 3h]
Seat 3: favete lin (button) (small blind) folded on the Turn
Seat 6: davyyyyyyy (big blind) collected ($11.76)


PokerStars Hand #175631720052:  Hold'em Limit ($3/$6 USD) - 2017/09/14 10:54:04 ET
Table 'Parysatis II' 6-max Seat #6 is the button
Seat 3: favete lin ($132.42 in chips)
Seat 6: davyyyyyyy ($106.13 in chips)
davyyyyyyy: posts small blind $1
favete lin: posts big blind $3
*** HOLE CARDS ***
davyyyyyyy: raises $3 to $6
favete lin: calls $3
*** FLOP *** [7c 8c 4d]
favete lin: checks
davyyyyyyy: checks
*** TURN *** [7c 8c 4d] [3d]
favete lin: bets $6
davyyyyyyy: calls $6
*** RIVER *** [7c 8c 4d 3d] [7s]
favete lin: bets $6
davyyyyyyy: folds
Uncalled bet ($6) returned to favete lin
favete lin collected $23.52 from pot
favete lin: doesn't show hand
*** SUMMARY ***
Total pot $24 | Rake $0.48
Board [7c 8c 4d 3d 7s]
Seat 3: favete lin (big blind) collected ($23.52)
Seat 6: davyyyyyyy (button) (small blind) folded on the River


PokerStars Hand #175631737443:  Hold'em Limit ($3/$6 USD) - 2017/09/14 10:54:34 ET
Table 'Parysatis II' 6-max Seat #6 is the button
Seat 3: favete lin ($155.46 in chips)
Seat 6: davyyyyyyy ($82.13 in chips)
davyyyyyyy: posts small blind $1
favete lin: posts big blind $3
*** HOLE CARDS ***
davyyyyyyy: raises $3 to $6
favete lin: calls $3
*** FLOP *** [Qd Ad As]
favete lin: checks
davyyyyyyy: checks
*** TURN *** [Qd Ad As] [9h]
favete lin: checks
davyyyyyyy: checks
*** RIVER *** [Qd Ad As 9h] [9s]
favete lin: checks
davyyyyyyy: bets $6
favete lin: calls $6
*** SHOW DOWN ***
davyyyyyyy: shows [7d Kc] (two pair, Aces and Nines)
favete lin: shows [Kd 8c] (two pair, Aces and Nines)
favete lin collected $11.76 from pot
davyyyyyyy collected $11.76 from pot
*** SUMMARY ***
Total pot $24 | Rake $0.48
Board [Qd Ad As 9h 9s]
Seat 3: favete lin (big blind) showed [Kd 8c] and won ($11.76) with two pair, Aces and Nines
Seat 6: davyyyyyyy (button) (small blind) showed [7d Kc] and won ($11.76) with two pair, Aces and Nines


PokerStars Hand #175631748198:  Hold'em Limit ($3/$6 USD) - 2017/09/14 10:54:52 ET
Table 'Parysatis II' 6-max Seat #6 is the button
Seat 3: favete lin ($154.22 in chips)
Seat 6: davyyyyyyy ($82.89 in chips)
davyyyyyyy: posts small blind $1
favete lin: posts big blind $3
*** HOLE CARDS ***
ChawkDee joins the table at seat #2
davyyyyyyy: raises $3 to $6
favete lin: raises $3 to $9
davyyyyyyy: calls $3
*** FLOP *** [3d 5c 7d]
favete lin: bets $3
davyyyyyyy: calls $3
*** TURN *** [3d 5c 7d] [Jh]
favete lin: bets $6
davyyyyyyy: calls $6
*** RIVER *** [3d 5c 7d Jh] [Qh]
favete lin: bets $6
davyyyyyyy: folds
Uncalled bet ($6) returned to favete lin
favete lin collected $35.50 from pot
favete lin: doesn't show hand
*** SUMMARY ***
Total pot $36 | Rake $0.50
Board [3d 5c 7d Jh Qh]
Seat 3: favete lin (big blind) collected ($35.50)
Seat 6: davyyyyyyy (button) (small blind) folded on the River


PokerStars Hand #175631727062:  Hold'em Limit ($3/$6 USD) - 2017/09/14 10:54:16 ET
Table 'Parysatis II' 6-max Seat #3 is the button
Seat 3: favete lin ($143.94 in chips)
Seat 6: davyyyyyyy ($94.13 in chips)
favete lin: posts small blind $1
davyyyyyyy: posts big blind $3
*** HOLE CARDS ***
favete lin: raises $3 to $6
davyyyyyyy: raises $3 to $9
favete lin: calls $3
*** FLOP *** [Ad Qc 3h]
davyyyyyyy: bets $3
favete lin: calls $3
*** TURN *** [Ad Qc 3h] [9c]
davyyyyyyy: checks
favete lin: bets $6
davyyyyyyy: folds
Uncalled bet ($6) returned to favete lin
favete lin collected $23.52 from pot
favete lin: doesn't show hand
*** SUMMARY ***
Total pot $24 | Rake $0.48
Board [Ad Qc 3h 9c]
Seat 3: favete lin (button) (small blind) collected ($23.52)
Seat 6: davyyyyyyy (big blind) folded on the Turn


PokerStars Hand #175631745669:  Hold'em Limit ($3/$6 USD) - 2017/09/14 10:54:48 ET
Table 'Parysatis II' 6-max Seat #3 is the button
Seat 3: favete lin ($155.22 in chips)
Seat 6: davyyyyyyy ($81.89 in chips)
favete lin: posts small blind $1
davyyyyyyy: posts big blind $3
*** HOLE CARDS ***
favete lin: folds
Uncalled bet ($2) returned to davyyyyyyy
davyyyyyyy collected $2 from pot
*** SUMMARY ***
Total pot $2 | Rake $0
Seat 3: favete lin (button) (small blind) folded before Flop
Seat 6: davyyyyyyy (big blind) collected ($2)


PokerStars Hand #175631759765:  Hold'em Limit ($3/$6 USD) - 2017/09/14 10:55:13 ET
Table 'Parysatis II' 6-max Seat #3 is the button
Seat 3: favete lin ($171.72 in chips)
Seat 6: davyyyyyyy ($64.89 in chips)
favete lin: posts small blind $1
DangerMoneys was removed from the table for failing to post
davyyyyyyy: posts big blind $3
*** HOLE CARDS ***
favete lin: raises $3 to $6
krossguard leaves the table
davyyyyyyy: calls $3
*** FLOP *** [4s 8h 2d]
davyyyyyyy: checks
favete lin: bets $3
davyyyyyyy: raises $3 to $6
favete lin: calls $3
*** TURN *** [4s 8h 2d] [Jh]
davyyyyyyy: bets $6
favete lin: folds
Uncalled bet ($6) returned to davyyyyyyy
davyyyyyyy collected $23.52 from pot
*** SUMMARY ***
Total pot $24 | Rake $0.48
Board [4s 8h 2d Jh]
Seat 3: favete lin (button) (small blind) folded on the Turn
Seat 6: davyyyyyyy (big blind) collected ($23.52)


PokerStars Hand #175633884019:  Hold'em Limit ($3/$6 USD) - 2017/09/14 11:54:58 ET
Table 'Parysatis II' 6-max Seat #4 is the button
Seat 1: B_loJkl ($153 in chips)
Seat 4: CrotchSnifer ($134.63 in chips)
CrotchSnifer: posts small blind $1
B_loJkl: posts big blind $3
*** HOLE CARDS ***
vestimokrec leaves the table
CrotchSnifer: raises $3 to $6
B_loJkl: folds
Uncalled bet ($3) returned to CrotchSnifer
CrotchSnifer collected $6 from pot
*** SUMMARY ***
Total pot $6 | Rake $0
Seat 1: B_loJkl (big blind) folded before Flop
Seat 4: CrotchSnifer (button) (small blind) collected ($6)


PokerStars Hand #175633879767:  Hold'em Limit ($3/$6 USD) - 2017/09/14 11:54:51 ET
Table 'Parysatis II' 6-max Seat #1 is the button
Seat 1: B_loJkl ($154 in chips)
Seat 4: CrotchSnifer ($133.63 in chips)
B_loJkl: posts small blind $1
vestimokrec: is sitting out
CrotchSnifer: posts big blind $3
*** HOLE CARDS ***
B_loJkl: folds
Uncalled bet ($2) returned to CrotchSnifer
CrotchSnifer collected $2 from pot
*** SUMMARY ***
Total pot $2 | Rake $0
Seat 1: B_loJkl (button) (small blind) folded before Flop
Seat 4: CrotchSnifer (big blind) collected ($2)


PokerStars Hand #175633888704:  Hold'em Limit ($3/$6 USD) - 2017/09/14 11:55:06 ET
Table 'Parysatis II' 6-max Seat #1 is the button
Seat 1: B_loJkl ($150 in chips)
Seat 4: CrotchSnifer ($137.63 in chips)
B_loJkl: posts small blind $1
CrotchSnifer: posts big blind $3
*** HOLE CARDS ***
B_loJkl: raises $3 to $6
CrotchSnifer: calls $3
*** FLOP *** [Kh 9d 3c]
CrotchSnifer: checks
B_loJkl: checks
*** TURN *** [Kh 9d 3c] [7c]
CrotchSnifer: bets $6
ChawkDee leaves the table
B_loJkl: calls $6
*** RIVER *** [Kh 9d 3c 7c] [Tc]
CrotchSnifer: checks
B_loJkl: checks
*** SHOW DOWN ***
CrotchSnifer: shows [8d 9s] (a pair of Nines)
B_loJkl: mucks hand
CrotchSnifer collected $23.52 from pot
*** SUMMARY ***
Total pot $24 | Rake $0.48
Board [Kh 9d 3c 7c Tc]
Seat 1: B_loJkl (button) (small blind) mucked
Seat 4: CrotchSnifer (big blind) showed [8d 9s] and won ($23.52) with a pair of Nines


PokerStars Hand #175633915912:  Hold'em Limit ($3/$6 USD) - 2017/09/14 11:55:57 ET
Table 'Parysatis II' 6-max Seat #4 is the button
Seat 1: B_loJkl ($138 in chips)
Seat 4: CrotchSnifer ($149.15 in chips)
CrotchSnifer: posts small blind $1
B_loJkl: posts big blind $3
*** HOLE CARDS ***
CrotchSnifer: raises $3 to $6
B_loJkl: calls $3
*** FLOP *** [8d 3h Kh]
B_loJkl: checks
CrotchSnifer: bets $3
B_loJkl: raises $3 to $6
CrotchSnifer: calls $3
*** TURN *** [8d 3h Kh] [9s]
B_loJkl: checks
mytuter joins the table at seat #5
CrotchSnifer: bets $6
NewRocker joins the table at seat #3
B_loJkl: folds
Uncalled bet ($6) returned to CrotchSnifer
CrotchSnifer collected $23.52 from pot
*** SUMMARY ***
Total pot $24 | Rake $0.48
Board [8d 3h Kh 9s]
Seat 1: B_loJkl (big blind) folded on the Turn
Seat 4: CrotchSnifer (button) (small blind) collected ($23.52)


PokerStars Hand #175641749899:  Hold'em Limit ($3/$6 USD) - 2017/09/14 14:58:20 ET
Table 'Parysatis II' 6-max Seat #3 is the button
Seat 1: snuddercub ($175.11 in chips)
Seat 3: favete lin ($129.18 in chips)
favete lin: posts small blind $1
snuddercub: posts big blind $3
*** HOLE CARDS ***
favete lin: folds
Uncalled bet ($2) returned to snuddercub
snuddercub collected $2 from pot
snuddercub: doesn't show hand
*** SUMMARY ***
Total pot $2 | Rake $0
Seat 1: snuddercub (big blind) collected ($2)
Seat 3: favete lin (button) (small blind) folded before Flop


PokerStars Hand #175641736967:  Hold'em Limit ($3/$6 USD) - 2017/09/14 14:57:59 ET
Table 'Parysatis II' 6-max Seat #1 is the button
Seat 1: snuddercub ($190.11 in chips)
Seat 3: favete lin ($114.68 in chips)
snuddercub: posts small blind $1
favete lin: posts big blind $3
*** HOLE CARDS ***
snuddercub: raises $3 to $6
B_loJkl leaves the table
favete lin: calls $3
*** FLOP *** [4d 9h 2d]
B_loJkl joins the table at seat #2
favete lin: checks
snuddercub: bets $3
favete lin: calls $3
*** TURN *** [4d 9h 2d] [Td]
favete lin: checks
snuddercub: checks
*** RIVER *** [4d 9h 2d Td] [Ts]
favete lin: checks
snuddercub: bets $6
favete lin: calls $6
*** SHOW DOWN ***
snuddercub: shows [5d 3h] (a pair of Tens)
favete lin: shows [Kd 5h] (a pair of Tens - King kicker)
favete lin collected $29.50 from pot
*** SUMMARY ***
Total pot $30 | Rake $0.50
Board [4d 9h 2d Td Ts]
Seat 1: snuddercub (button) (small blind) showed [5d 3h] and lost with a pair of Tens
Seat 3: favete lin (big blind) showed [Kd 5h] and won ($29.50) with a pair of Tens


PokerStars Hand #175641733758:  Hold'em Limit ($3/$6 USD) - 2017/09/14 14:57:53 ET
Table 'Parysatis II' 6-max Seat #3 is the button
Seat 1: snuddercub ($189.11 in chips)
Seat 3: favete lin ($115.68 in chips)
favete lin: posts small blind $1
B_loJkl: is sitting out
snuddercub: posts big blind $3
*** HOLE CARDS ***
favete lin: folds
Uncalled bet ($2) returned to snuddercub
snuddercub collected $2 from pot
snuddercub: doesn't show hand
*** SUMMARY ***
Total pot $2 | Rake $0
Seat 1: snuddercub (big blind) collected ($2)
Seat 3: favete lin (button) (small blind) folded before Flop


PokerStars Hand #175641798144:  Hold'em Limit ($3/$6 USD) - 2017/09/14 14:59:37 ET
Table 'Parysatis II' 6-max Seat #4 is the button
Seat 3: favete lin ($141.46 in chips)
Seat 4: rainbow28 ($91 in chips)
rainbow28: posts small blind $1
B_loJkl: is sitting out
favete lin: posts big blind $3
*** HOLE CARDS ***
rainbow28: folds
Uncalled bet ($2) returned to favete lin
favete lin collected $2 from pot
favete lin: doesn't show hand
*** SUMMARY ***
Total pot $2 | Rake $0
Seat 3: favete lin (big blind) collected ($2)
Seat 4: rainbow28 (button) (small blind) folded before Flop


PokerStars Hand #175641802011:  Hold'em Limit ($3/$6 USD) - 2017/09/14 14:59:43 ET
Table 'Parysatis II' 6-max Seat #3 is the button
Seat 3: favete lin ($142.46 in chips)
Seat 4: rainbow28 ($90 in chips)
favete lin: posts small blind $1
rainbow28: posts big blind $3
*** HOLE CARDS ***
favete lin: raises $3 to $6
sebiXXL1980 joins the table at seat #5
rainbow28: folds
Uncalled bet ($3) returned to favete lin
favete lin collected $6 from pot
favete lin: doesn't show hand
*** SUMMARY ***
Total pot $6 | Rake $0
Seat 3: favete lin (button) (small blind) collected ($6)
Seat 4: rainbow28 (big blind) folded before Flop


PokerStars Hand #175644113007:  Hold'em Limit ($3/$6 USD) - 2017/09/14 15:46:42 ET
Table 'Parysatis II' 6-max Seat #4 is the button
Seat 3: Aknid_ ($537.62 in chips)
Seat 4: rainbow28 ($173.09 in chips)
rainbow28: posts small blind $1
B_loJkl: is sitting out
Aknid_: posts big blind $3
*** HOLE CARDS ***
rainbow28: calls $2
Aknid_: checks
*** FLOP *** [7h 8s Kh]
Aknid_: checks
rainbow28: bets $3
Aknid_: folds
Uncalled bet ($3) returned to rainbow28
rainbow28 collected $5.88 from pot
rainbow28: doesn't show hand
*** SUMMARY ***
Total pot $6 | Rake $0.12
Board [7h 8s Kh]
Seat 3: Aknid_ (big blind) folded on the Flop
Seat 4: rainbow28 (button) (small blind) collected ($5.88)


