PokerStars Hand #170749990243:  Hold'em Limit ($3/$6 USD) - 2017/05/21 22:47:53 ET
Table 'Parysatis' 6-max Seat #1 is the button
Seat 1: Sagar_7 ($120.34 in chips)
Seat 2: Chessnok ($71.64 in chips)
Sagar_7: posts small blind $1
Chessnok: posts big blind $3
*** HOLE CARDS ***
Sagar_7: folds
Uncalled bet ($2) returned to Chessnok
Chessnok collected $2 from pot
Chessnok: doesn't show hand
*** SUMMARY ***
Total pot $2 | Rake $0
Seat 1: Sagar_7 (button) (small blind) folded before Flop
Seat 2: Chessnok (big blind) collected ($2)


PokerStars Hand #170749985556:  Hold'em Limit ($3/$6 USD) - 2017/05/21 22:47:38 ET
Table 'Parysatis' 6-max Seat #2 is the button
Seat 1: Sagar_7 ($123.34 in chips)
Seat 2: Chessnok ($68.64 in chips)
Chessnok: posts small blind $1
Larooo: is sitting out
Sagar_7: posts big blind $3
*** HOLE CARDS ***
Chessnok: raises $3 to $6
Larooo leaves the table
Sagar_7: folds
Uncalled bet ($3) returned to Chessnok
Chessnok collected $6 from pot
Chessnok: doesn't show hand
*** SUMMARY ***
Total pot $6 | Rake $0
Seat 1: Sagar_7 (big blind) folded before Flop
Seat 2: Chessnok (button) (small blind) collected ($6)


PokerStars Hand #170750133559:  Hold'em Limit ($3/$6 USD) - 2017/05/21 22:54:59 ET
Table 'Parysatis' 6-max Seat #2 is the button
Seat 1: Sagar_7 ($68.09 in chips)
Seat 2: Chessnok ($66.72 in chips)
Chessnok: posts small blind $1
masterblstr8: is sitting out
Sagar_7: posts big blind $3
*** HOLE CARDS ***
Chessnok: raises $3 to $6
masterblstr8 leaves the table
Sagar_7: raises $3 to $9
Chessnok: calls $3
*** FLOP *** [9d Kh 8d]
Sagar_7: bets $3
Chessnok: calls $3
*** TURN *** [9d Kh 8d] [9h]
Sagar_7: checks
Chessnok: bets $6
Sagar_7: raises $6 to $12
Chessnok: calls $6
*** RIVER *** [9d Kh 8d 9h] [3d]
Sagar_7: bets $6
Chessnok: calls $6
*** SHOW DOWN ***
Sagar_7: shows [Jc Jh] (two pair, Jacks and Nines)
Chessnok: mucks hand
Sagar_7 collected $59.50 from pot
*** SUMMARY ***
Total pot $60 | Rake $0.50
Board [9d Kh 8d 9h 3d]
Seat 1: Sagar_7 (big blind) showed [Jc Jh] and won ($59.50) with two pair, Jacks and Nines
Seat 2: Chessnok (button) (small blind) mucked


PokerStars Hand #170750145274:  Hold'em Limit ($3/$6 USD) - 2017/05/21 22:55:40 ET
Table 'Parysatis' 6-max Seat #1 is the button
Seat 1: Sagar_7 ($97.59 in chips)
Seat 2: Chessnok ($60 in chips)
Sagar_7: posts small blind $1
Chessnok: posts big blind $3
*** HOLE CARDS ***
Sagar_7: folds
Uncalled bet ($2) returned to Chessnok
Chessnok collected $2 from pot
Chessnok: doesn't show hand
*** SUMMARY ***
Total pot $2 | Rake $0
Seat 1: Sagar_7 (button) (small blind) folded before Flop
Seat 2: Chessnok (big blind) collected ($2)


PokerStars Hand #170750156881:  Hold'em Limit ($3/$6 USD) - 2017/05/21 22:56:23 ET
Table 'Parysatis' 6-max Seat #1 is the button
Seat 1: Sagar_7 ($72.59 in chips)
Seat 2: Chessnok ($84.50 in chips)
Sagar_7: posts small blind $1
Chessnok: posts big blind $3
*** HOLE CARDS ***
Sagar_7: folds
Uncalled bet ($2) returned to Chessnok
Chessnok collected $2 from pot
Chessnok: doesn't show hand
*** SUMMARY ***
Total pot $2 | Rake $0
Seat 1: Sagar_7 (button) (small blind) folded before Flop
Seat 2: Chessnok (big blind) collected ($2)


PokerStars Hand #170750148846:  Hold'em Limit ($3/$6 USD) - 2017/05/21 22:55:54 ET
Table 'Parysatis' 6-max Seat #2 is the button
Seat 1: Sagar_7 ($96.59 in chips)
Seat 2: Chessnok ($61 in chips)
Chessnok: posts small blind $1
Sagar_7: posts big blind $3
*** HOLE CARDS ***
Chessnok: raises $3 to $6
Sagar_7: calls $3
*** FLOP *** [Qs 8h Th]
Sagar_7: checks
Chessnok: bets $3
Sagar_7: raises $3 to $6
Chessnok: calls $3
*** TURN *** [Qs 8h Th] [3d]
Sagar_7: bets $6
Chessnok: calls $6
*** RIVER *** [Qs 8h Th 3d] [8c]
Sagar_7: bets $6
Chessnok: calls $6
*** SHOW DOWN ***
Sagar_7: shows [7d 9h] (a pair of Eights)
Chessnok: shows [2s 2c] (two pair, Eights and Deuces)
Chessnok collected $47.50 from pot
*** SUMMARY ***
Total pot $48 | Rake $0.50
Board [Qs 8h Th 3d 8c]
Seat 1: Sagar_7 (big blind) showed [7d 9h] and lost with a pair of Eights
Seat 2: Chessnok (button) (small blind) showed [2s 2c] and won ($47.50) with two pair, Eights and Deuces


PokerStars Hand #170750158170:  Hold'em Limit ($3/$6 USD) - 2017/05/21 22:56:28 ET
Table 'Parysatis' 6-max Seat #2 is the button
Seat 1: Sagar_7 ($71.59 in chips)
Seat 2: Chessnok ($85.50 in chips)
Chessnok: posts small blind $1
Sagar_7: posts big blind $3
*** HOLE CARDS ***
Chessnok: folds
Uncalled bet ($2) returned to Sagar_7
Sagar_7 collected $2 from pot
Sagar_7: doesn't show hand
*** SUMMARY ***
Total pot $2 | Rake $0
Seat 1: Sagar_7 (big blind) collected ($2)
Seat 2: Chessnok (button) (small blind) folded before Flop


PokerStars Hand #170750167082:  Hold'em Limit ($3/$6 USD) - 2017/05/21 22:57:01 ET
Table 'Parysatis' 6-max Seat #1 is the button
Seat 1: Sagar_7 ($57.59 in chips)
Seat 2: Chessnok ($99.02 in chips)
Sagar_7: posts small blind $1
Chessnok: posts big blind $3
*** HOLE CARDS ***
Sagar_7: folds
Uncalled bet ($2) returned to Chessnok
Chessnok collected $2 from pot
Chessnok: doesn't show hand
*** SUMMARY ***
Total pot $2 | Rake $0
Seat 1: Sagar_7 (button) (small blind) folded before Flop
Seat 2: Chessnok (big blind) collected ($2)


PokerStars Hand #170750168351:  Hold'em Limit ($3/$6 USD) - 2017/05/21 22:57:06 ET
Table 'Parysatis' 6-max Seat #2 is the button
Seat 1: Sagar_7 ($56.59 in chips)
Seat 2: Chessnok ($100.02 in chips)
Chessnok: posts small blind $1
Sagar_7: posts big blind $3
*** HOLE CARDS ***
Chessnok: raises $3 to $6
Sagar_7: folds
Uncalled bet ($3) returned to Chessnok
Chessnok collected $6 from pot
Chessnok: doesn't show hand
*** SUMMARY ***
Total pot $6 | Rake $0
Seat 1: Sagar_7 (big blind) folded before Flop
Seat 2: Chessnok (button) (small blind) collected ($6)


PokerStars Hand #170750165303:  Hold'em Limit ($3/$6 USD) - 2017/05/21 22:56:55 ET
Table 'Parysatis' 6-max Seat #2 is the button
Seat 1: Sagar_7 ($60.59 in chips)
Seat 2: Chessnok ($96.02 in chips)
Chessnok: posts small blind $1
Sagar_7: posts big blind $3
*** HOLE CARDS ***
Chessnok: raises $3 to $6
Sagar_7: folds
Uncalled bet ($3) returned to Chessnok
Chessnok collected $6 from pot
Chessnok: doesn't show hand
*** SUMMARY ***
Total pot $6 | Rake $0
Seat 1: Sagar_7 (big blind) folded before Flop
Seat 2: Chessnok (button) (small blind) collected ($6)


PokerStars Hand #170750159833:  Hold'em Limit ($3/$6 USD) - 2017/05/21 22:56:34 ET
Table 'Parysatis' 6-max Seat #1 is the button
Seat 1: Sagar_7 ($72.59 in chips)
Seat 2: Chessnok ($84.50 in chips)
Sagar_7: posts small blind $1
Chessnok: posts big blind $3
*** HOLE CARDS ***
Sagar_7: raises $3 to $6
Chessnok: raises $3 to $9
Sagar_7: calls $3
*** FLOP *** [Kc 7h 3h]
Chessnok: bets $3
Sagar_7: calls $3
*** TURN *** [Kc 7h 3h] [Kd]
Chessnok: bets $6
Sagar_7: folds
Uncalled bet ($6) returned to Chessnok
Chessnok collected $23.52 from pot
Chessnok: doesn't show hand
*** SUMMARY ***
Total pot $24 | Rake $0.48
Board [Kc 7h 3h Kd]
Seat 1: Sagar_7 (button) (small blind) folded on the Turn
Seat 2: Chessnok (big blind) collected ($23.52)


PokerStars Hand #170750189174:  Hold'em Limit ($3/$6 USD) - 2017/05/21 22:58:23 ET
Table 'Parysatis' 6-max Seat #2 is the button
Seat 1: Sagar_7 ($82.59 in chips)
Seat 2: Chessnok ($133.16 in chips)
Chessnok: posts small blind $1
Sagar_7: posts big blind $3
*** HOLE CARDS ***
Chessnok: raises $3 to $6
Sagar_7: folds
Uncalled bet ($3) returned to Chessnok
Chessnok collected $6 from pot
Chessnok: doesn't show hand
*** SUMMARY ***
Total pot $6 | Rake $0
Seat 1: Sagar_7 (big blind) folded before Flop
Seat 2: Chessnok (button) (small blind) collected ($6)


PokerStars Hand #170750185870:  Hold'em Limit ($3/$6 USD) - 2017/05/21 22:58:11 ET
Table 'Parysatis' 6-max Seat #1 is the button
Seat 1: Sagar_7 ($23.59 in chips)
Seat 2: Chessnok ($132.16 in chips)
Sagar_7: posts small blind $1
Chessnok: posts big blind $3
*** HOLE CARDS ***
Sagar_7: folds
Uncalled bet ($2) returned to Chessnok
Chessnok collected $2 from pot
Chessnok: doesn't show hand
*** SUMMARY ***
Total pot $2 | Rake $0
Seat 1: Sagar_7 (button) (small blind) folded before Flop
Seat 2: Chessnok (big blind) collected ($2)


PokerStars Hand #170750170047:  Hold'em Limit ($3/$6 USD) - 2017/05/21 22:57:12 ET
Table 'Parysatis' 6-max Seat #1 is the button
Seat 1: Sagar_7 ($53.59 in chips)
Seat 2: Chessnok ($103.02 in chips)
Sagar_7: posts small blind $1
Chessnok: posts big blind $3
*** HOLE CARDS ***
Sagar_7: raises $3 to $6
Chessnok: raises $3 to $9
Sagar_7: raises $3 to $12
Betting is capped
Chessnok: calls $3
*** FLOP *** [2c Kh 7c]
Chessnok: bets $3
Sagar_7: calls $3
*** TURN *** [2c Kh 7c] [Qd]
Chessnok: bets $6
Sagar_7: calls $6
*** RIVER *** [2c Kh 7c Qd] [8h]
Chessnok: bets $6
Sagar_7: folds
Uncalled bet ($6) returned to Chessnok
Chessnok collected $41.50 from pot
Chessnok: doesn't show hand
*** SUMMARY ***
Total pot $42 | Rake $0.50
Board [2c Kh 7c Qd 8h]
Seat 1: Sagar_7 (button) (small blind) folded on the River
Seat 2: Chessnok (big blind) collected ($41.50)


PokerStars Hand #170750179145:  Hold'em Limit ($3/$6 USD) - 2017/05/21 22:57:46 ET
Table 'Parysatis' 6-max Seat #2 is the button
Seat 1: Sagar_7 ($32.59 in chips)
Seat 2: Chessnok ($123.52 in chips)
Chessnok: posts small blind $1
Sagar_7: posts big blind $3
*** HOLE CARDS ***
Chessnok: raises $3 to $6
Sagar_7: calls $3
*** FLOP *** [Js 8s 6s]
Sagar_7: bets $3
Chessnok: calls $3
*** TURN *** [Js 8s 6s] [Ac]
Sagar_7: checks
Chessnok: checks
*** RIVER *** [Js 8s 6s Ac] [As]
Sagar_7: checks
Chessnok: checks
*** SHOW DOWN ***
Sagar_7: shows [Th 9c] (a pair of Aces)
Chessnok: shows [6c Qc] (two pair, Aces and Sixes)
Chessnok collected $17.64 from pot
*** SUMMARY ***
Total pot $18 | Rake $0.36
Board [Js 8s 6s Ac As]
Seat 1: Sagar_7 (big blind) showed [Th 9c] and lost with a pair of Aces
Seat 2: Chessnok (button) (small blind) showed [6c Qc] and won ($17.64) with two pair, Aces and Sixes


PokerStars Hand #170750202904:  Hold'em Limit ($3/$6 USD) - 2017/05/21 22:59:13 ET
Table 'Parysatis' 6-max Seat #1 is the button
Seat 1: Sagar_7 ($93.99 in chips)
Seat 2: Chessnok ($121.16 in chips)
Sagar_7: posts small blind $1
Chessnok: posts big blind $3
*** HOLE CARDS ***
Sagar_7: raises $3 to $6
Chessnok: folds
Uncalled bet ($3) returned to Sagar_7
Sagar_7 collected $6 from pot
Sagar_7: doesn't show hand
*** SUMMARY ***
Total pot $6 | Rake $0
Seat 1: Sagar_7 (button) (small blind) collected ($6)
Seat 2: Chessnok (big blind) folded before Flop


PokerStars Hand #170750194958:  Hold'em Limit ($3/$6 USD) - 2017/05/21 22:58:44 ET
Table 'Parysatis' 6-max Seat #2 is the button
Seat 1: Sagar_7 ($85.35 in chips)
Seat 2: Chessnok ($130.16 in chips)
Chessnok: posts small blind $1
Sagar_7: posts big blind $3
*** HOLE CARDS ***
Chessnok: raises $3 to $6
Sagar_7: calls $3
*** FLOP *** [Kh 3c 5c]
Sagar_7: checks
Chessnok: bets $3
dobber888 joins the table at seat #6
Sagar_7: calls $3
*** TURN *** [Kh 3c 5c] [8h]
Sagar_7: bets $6
Chessnok: folds
Uncalled bet ($6) returned to Sagar_7
dobber888 leaves the table
Sagar_7 collected $17.64 from pot
Sagar_7: doesn't show hand
*** SUMMARY ***
Total pot $18 | Rake $0.36
Board [Kh 3c 5c 8h]
Seat 1: Sagar_7 (big blind) collected ($17.64)
Seat 2: Chessnok (button) (small blind) folded on the Turn


PokerStars Hand #170750190774:  Hold'em Limit ($3/$6 USD) - 2017/05/21 22:58:29 ET
Table 'Parysatis' 6-max Seat #1 is the button
Seat 1: Sagar_7 ($79.59 in chips)
Seat 2: Chessnok ($136.16 in chips)
Sagar_7: posts small blind $1
Chessnok: posts big blind $3
*** HOLE CARDS ***
Sagar_7: raises $3 to $6
Chessnok: calls $3
*** FLOP *** [6h Ac Jd]
Chessnok: checks
Sagar_7: checks
*** TURN *** [6h Ac Jd] [4d]
Chessnok: checks
Sagar_7: checks
*** RIVER *** [6h Ac Jd 4d] [6c]
Chessnok: checks
Sagar_7: checks
*** SHOW DOWN ***
Chessnok: shows [9s 7h] (a pair of Sixes)
Sagar_7: shows [7c Tc] (a pair of Sixes - Ace+Jack+Ten kicker)
Sagar_7 collected $11.76 from pot
*** SUMMARY ***
Total pot $12 | Rake $0.24
Board [6h Ac Jd 4d 6c]
Seat 1: Sagar_7 (button) (small blind) showed [7c Tc] and won ($11.76) with a pair of Sixes
Seat 2: Chessnok (big blind) showed [9s 7h] and lost with a pair of Sixes


PokerStars Hand #170750221357:  Hold'em Limit ($3/$6 USD) - 2017/05/21 23:00:22 ET
Table 'Parysatis' 6-max Seat #2 is the button
Seat 1: Sagar_7 ($93.49 in chips)
Seat 2: Chessnok ($120.66 in chips)
Chessnok: posts small blind $1
Sagar_7: posts big blind $3
*** HOLE CARDS ***
Chessnok: raises $3 to $6
Sagar_7: calls $3
*** FLOP *** [2d 2s As]
Sagar_7: checks
Chessnok: bets $3
Sagar_7: calls $3
*** TURN *** [2d 2s As] [Js]
Sagar_7: checks
Chessnok: checks
*** RIVER *** [2d 2s As Js] [9d]
Sagar_7: bets $6
Chessnok: folds
Uncalled bet ($6) returned to Sagar_7
Sagar_7 collected $17.64 from pot
Sagar_7: doesn't show hand
*** SUMMARY ***
Total pot $18 | Rake $0.36
Board [2d 2s As Js 9d]
Seat 1: Sagar_7 (big blind) collected ($17.64)
Seat 2: Chessnok (button) (small blind) folded on the River


PokerStars Hand #170750211998:  Hold'em Limit ($3/$6 USD) - 2017/05/21 22:59:47 ET
Table 'Parysatis' 6-max Seat #1 is the button
Seat 1: Sagar_7 ($111.49 in chips)
Seat 2: Chessnok ($103.16 in chips)
Sagar_7: posts small blind $1
Chessnok: posts big blind $3
*** HOLE CARDS ***
Sagar_7: raises $3 to $6
Chessnok: calls $3
*** FLOP *** [4d Jh Tc]
Chessnok: checks
Sagar_7: checks
*** TURN *** [4d Jh Tc] [8h]
Chessnok: bets $6
Sagar_7: calls $6
*** RIVER *** [4d Jh Tc 8h] [Qc]
Chessnok: checks
Sagar_7: bets $6
Chessnok: calls $6
*** SHOW DOWN ***
Sagar_7: shows [Ac 7d] (high card Ace)
Chessnok: shows [Ks 8d] (a pair of Eights)
Chessnok collected $35.50 from pot
*** SUMMARY ***
Total pot $36 | Rake $0.50
Board [4d Jh Tc 8h Qc]
Seat 1: Sagar_7 (button) (small blind) showed [Ac 7d] and lost with high card Ace
Seat 2: Chessnok (big blind) showed [Ks 8d] and won ($35.50) with a pair of Eights


PokerStars Hand #170750234710:  Hold'em Limit ($3/$6 USD) - 2017/05/21 23:01:09 ET
Table 'Parysatis' 6-max Seat #1 is the button
Seat 1: Sagar_7 ($119.63 in chips)
Seat 2: Chessnok ($93.66 in chips)
Sagar_7: posts small blind $1
Chessnok: posts big blind $3
*** HOLE CARDS ***
Sagar_7: raises $3 to $6
Chessnok: raises $3 to $9
Sagar_7: calls $3
*** FLOP *** [Td Qs 4d]
Chessnok: bets $3
Sagar_7: calls $3
*** TURN *** [Td Qs 4d] [4h]
Chessnok: bets $6
Sagar_7: calls $6
*** RIVER *** [Td Qs 4d 4h] [Th]
Chessnok: bets $6
Sagar_7: calls $6
*** SHOW DOWN ***
Chessnok: shows [Ad Kd] (two pair, Tens and Fours)
Sagar_7: mucks hand
Chessnok collected $47.50 from pot
*** SUMMARY ***
Total pot $48 | Rake $0.50
Board [Td Qs 4d 4h Th]
Seat 1: Sagar_7 (button) (small blind) mucked
Seat 2: Chessnok (big blind) showed [Ad Kd] and won ($47.50) with two pair, Tens and Fours


PokerStars Hand #170750232791:  Hold'em Limit ($3/$6 USD) - 2017/05/21 23:01:02 ET
Table 'Parysatis' 6-max Seat #2 is the button
Seat 1: Sagar_7 ($122.63 in chips)
Seat 2: Chessnok ($90.66 in chips)
Chessnok: posts small blind $1
Sagar_7: posts big blind $3
*** HOLE CARDS ***
Chessnok: raises $3 to $6
Sagar_7: folds
Uncalled bet ($3) returned to Chessnok
Chessnok collected $6 from pot
Chessnok: doesn't show hand
*** SUMMARY ***
Total pot $6 | Rake $0
Seat 1: Sagar_7 (big blind) folded before Flop
Seat 2: Chessnok (button) (small blind) collected ($6)


PokerStars Hand #170750226616:  Hold'em Limit ($3/$6 USD) - 2017/05/21 23:00:41 ET
Table 'Parysatis' 6-max Seat #1 is the button
Seat 1: Sagar_7 ($102.13 in chips)
Seat 2: Chessnok ($111.66 in chips)
Sagar_7: posts small blind $1
Chessnok: posts big blind $3
*** HOLE CARDS ***
Sagar_7: raises $3 to $6
Chessnok: raises $3 to $9
Sagar_7: calls $3
*** FLOP *** [Qc 4h 6c]
Chessnok: checks
Sagar_7: checks
*** TURN *** [Qc 4h 6c] [9h]
Chessnok: bets $6
Sagar_7: calls $6
*** RIVER *** [Qc 4h 6c 9h] [Tc]
Chessnok: bets $6
Sagar_7: raises $6 to $12
Chessnok: folds
Uncalled bet ($6) returned to Sagar_7
Sagar_7 collected $41.50 from pot
Sagar_7: doesn't show hand
*** SUMMARY ***
Total pot $42 | Rake $0.50
Board [Qc 4h 6c 9h Tc]
Seat 1: Sagar_7 (button) (small blind) collected ($41.50)
Seat 2: Chessnok (big blind) folded on the River


PokerStars Hand #170750250352:  Hold'em Limit ($3/$6 USD) - 2017/05/21 23:02:02 ET
Table 'Parysatis' 6-max Seat #1 is the button
Seat 1: Sagar_7 ($117.13 in chips)
Seat 2: Chessnok ($95.16 in chips)
Sagar_7: posts small blind $1
Chessnok: posts big blind $3
*** HOLE CARDS ***
Sagar_7: folds
Uncalled bet ($2) returned to Chessnok
Chessnok collected $2 from pot
Chessnok: doesn't show hand
*** SUMMARY ***
Total pot $2 | Rake $0
Seat 1: Sagar_7 (button) (small blind) folded before Flop
Seat 2: Chessnok (big blind) collected ($2)


PokerStars Hand #170750255337:  Hold'em Limit ($3/$6 USD) - 2017/05/21 23:02:19 ET
Table 'Parysatis' 6-max Seat #2 is the button
Seat 1: Sagar_7 ($112.13 in chips)
Seat 2: Chessnok ($100.16 in chips)
Chessnok: posts small blind $1
Sagar_7: posts big blind $3
*** HOLE CARDS ***
Chessnok: raises $3 to $6
Sagar_7: raises $3 to $9
Chessnok: calls $3
*** FLOP *** [2c Jh 3c]
Sagar_7: bets $3
Chessnok: calls $3
*** TURN *** [2c Jh 3c] [5h]
Sagar_7: bets $6
Chessnok: calls $6
*** RIVER *** [2c Jh 3c 5h] [3d]
Sagar_7: bets $6
Chessnok: calls $6
*** SHOW DOWN ***
Sagar_7: shows [Js Kc] (two pair, Jacks and Threes)
Chessnok: mucks hand
Sagar_7 collected $47.50 from pot
*** SUMMARY ***
Total pot $48 | Rake $0.50
Board [2c Jh 3c 5h 3d]
Seat 1: Sagar_7 (big blind) showed [Js Kc] and won ($47.50) with two pair, Jacks and Threes
Seat 2: Chessnok (button) (small blind) mucked


PokerStars Hand #170750253777:  Hold'em Limit ($3/$6 USD) - 2017/05/21 23:02:14 ET
Table 'Parysatis' 6-max Seat #1 is the button
Seat 1: Sagar_7 ($113.13 in chips)
Seat 2: Chessnok ($99.16 in chips)
Sagar_7: posts small blind $1
Chessnok: posts big blind $3
*** HOLE CARDS ***
Sagar_7: folds
Uncalled bet ($2) returned to Chessnok
Chessnok collected $2 from pot
Chessnok: doesn't show hand
*** SUMMARY ***
Total pot $2 | Rake $0
Seat 1: Sagar_7 (button) (small blind) folded before Flop
Seat 2: Chessnok (big blind) collected ($2)


PokerStars Hand #170750252148:  Hold'em Limit ($3/$6 USD) - 2017/05/21 23:02:08 ET
Table 'Parysatis' 6-max Seat #2 is the button
Seat 1: Sagar_7 ($116.13 in chips)
Seat 2: Chessnok ($96.16 in chips)
Chessnok: posts small blind $1
Sagar_7: posts big blind $3
*** HOLE CARDS ***
Chessnok: raises $3 to $6
Sagar_7: folds
Uncalled bet ($3) returned to Chessnok
Chessnok collected $6 from pot
Chessnok: doesn't show hand
*** SUMMARY ***
Total pot $6 | Rake $0
Seat 1: Sagar_7 (big blind) folded before Flop
Seat 2: Chessnok (button) (small blind) collected ($6)


PokerStars Hand #170750249077:  Hold'em Limit ($3/$6 USD) - 2017/05/21 23:01:58 ET
Table 'Parysatis' 6-max Seat #2 is the button
Seat 1: Sagar_7 ($116.13 in chips)
Seat 2: Chessnok ($96.16 in chips)
Chessnok: posts small blind $1
Sagar_7: posts big blind $3
*** HOLE CARDS ***
Chessnok: folds
Uncalled bet ($2) returned to Sagar_7
Sagar_7 collected $2 from pot
Sagar_7: doesn't show hand
*** SUMMARY ***
Total pot $2 | Rake $0
Seat 1: Sagar_7 (big blind) collected ($2)
Seat 2: Chessnok (button) (small blind) folded before Flop


PokerStars Hand #170750247078:  Hold'em Limit ($3/$6 USD) - 2017/05/21 23:01:51 ET
Table 'Parysatis' 6-max Seat #1 is the button
Seat 1: Sagar_7 ($113.13 in chips)
Seat 2: Chessnok ($99.16 in chips)
Sagar_7: posts small blind $1
Chessnok: posts big blind $3
*** HOLE CARDS ***
Sagar_7: raises $3 to $6
Chessnok: folds
Uncalled bet ($3) returned to Sagar_7
Sagar_7 collected $6 from pot
Sagar_7: doesn't show hand
*** SUMMARY ***
Total pot $6 | Rake $0
Seat 1: Sagar_7 (button) (small blind) collected ($6)
Seat 2: Chessnok (big blind) folded before Flop


PokerStars Hand #170750239769:  Hold'em Limit ($3/$6 USD) - 2017/05/21 23:01:27 ET
Table 'Parysatis' 6-max Seat #2 is the button
Seat 1: Sagar_7 ($95.63 in chips)
Seat 2: Chessnok ($117.16 in chips)
Chessnok: posts small blind $1
Sagar_7: posts big blind $3
*** HOLE CARDS ***
Chessnok: raises $3 to $6
Sagar_7: calls $3
*** FLOP *** [3h 8c 3d]
Sagar_7: bets $3
Chessnok: raises $3 to $6
Sagar_7: calls $3
*** TURN *** [3h 8c 3d] [Ac]
Sagar_7: checks
Chessnok: bets $6
Sagar_7: calls $6
*** RIVER *** [3h 8c 3d Ac] [Qs]
Sagar_7: checks
Chessnok: checks
*** SHOW DOWN ***
Sagar_7: shows [Ts 8s] (two pair, Eights and Threes)
Chessnok: mucks hand
Sagar_7 collected $35.50 from pot
*** SUMMARY ***
Total pot $36 | Rake $0.50
Board [3h 8c 3d Ac Qs]
Seat 1: Sagar_7 (big blind) showed [Ts 8s] and won ($35.50) with two pair, Eights and Threes
Seat 2: Chessnok (button) (small blind) mucked


PokerStars Hand #170750275945:  Hold'em Limit ($3/$6 USD) - 2017/05/21 23:03:28 ET
Table 'Parysatis' 6-max Seat #1 is the button
Seat 1: Sagar_7 ($90.63 in chips)
Seat 2: Chessnok ($120.30 in chips)
Sagar_7: posts small blind $1
Chessnok: posts big blind $3
*** HOLE CARDS ***
Sagar_7: raises $3 to $6
Chessnok: folds
Uncalled bet ($3) returned to Sagar_7
Sagar_7 collected $6 from pot
Sagar_7: doesn't show hand
*** SUMMARY ***
Total pot $6 | Rake $0
Seat 1: Sagar_7 (button) (small blind) collected ($6)
Seat 2: Chessnok (big blind) folded before Flop


PokerStars Hand #170750267828:  Hold'em Limit ($3/$6 USD) - 2017/05/21 23:03:00 ET
Table 'Parysatis' 6-max Seat #2 is the button
Seat 1: Sagar_7 ($99.63 in chips)
Seat 2: Chessnok ($111.66 in chips)
Chessnok: posts small blind $1
Sagar_7: posts big blind $3
*** HOLE CARDS ***
Chessnok: raises $3 to $6
Sagar_7: calls $3
*** FLOP *** [8d 3c 2s]
Sagar_7: checks
Chessnok: bets $3
Sagar_7: calls $3
*** TURN *** [8d 3c 2s] [Ac]
Sagar_7: checks
Chessnok: bets $6
Sagar_7: folds
Uncalled bet ($6) returned to Chessnok
Chessnok collected $17.64 from pot
Chessnok: doesn't show hand
*** SUMMARY ***
Total pot $18 | Rake $0.36
Board [8d 3c 2s Ac]
Seat 1: Sagar_7 (big blind) folded on the Turn
Seat 2: Chessnok (button) (small blind) collected ($17.64)


PokerStars Hand #170750261010:  Hold'em Limit ($3/$6 USD) - 2017/05/21 23:02:38 ET
Table 'Parysatis' 6-max Seat #1 is the button
Seat 1: Sagar_7 ($135.63 in chips)
Seat 2: Chessnok ($76.16 in chips)
Sagar_7: posts small blind $1
Chessnok: posts big blind $3
*** HOLE CARDS ***
Sagar_7: raises $3 to $6
Chessnok: calls $3
*** FLOP *** [5c Td 7s]
Chessnok: checks
Sagar_7: bets $3
Chessnok: raises $3 to $6
Sagar_7: calls $3
*** TURN *** [5c Td 7s] [2c]
Chessnok: bets $6
Sagar_7: calls $6
*** RIVER *** [5c Td 7s 2c] [Kh]
Chessnok: bets $6
Sagar_7: raises $6 to $12
Chessnok: raises $6 to $18
Sagar_7: calls $6
*** SHOW DOWN ***
Chessnok: shows [Th Kc] (two pair, Kings and Tens)
Sagar_7: mucks hand
Chessnok collected $71.50 from pot
*** SUMMARY ***
Total pot $72 | Rake $0.50
Board [5c Td 7s 2c Kh]
Seat 1: Sagar_7 (button) (small blind) mucked
Seat 2: Chessnok (big blind) showed [Th Kc] and won ($71.50) with two pair, Kings and Tens


PokerStars Hand #170750296263:  Hold'em Limit ($3/$6 USD) - 2017/05/21 23:04:34 ET
Table 'Parysatis' 6-max Seat #2 is the button
Seat 1: Sagar_7 ($81.39 in chips)
Seat 2: Chessnok ($128.56 in chips)
Chessnok: posts small blind $1
Sagar_7: posts big blind $3
*** HOLE CARDS ***
Chessnok: folds
Uncalled bet ($2) returned to Sagar_7
Sagar_7 collected $2 from pot
Sagar_7: doesn't show hand
*** SUMMARY ***
Total pot $2 | Rake $0
Seat 1: Sagar_7 (big blind) collected ($2)
Seat 2: Chessnok (button) (small blind) folded before Flop


PokerStars Hand #170750291285:  Hold'em Limit ($3/$6 USD) - 2017/05/21 23:04:18 ET
Table 'Parysatis' 6-max Seat #1 is the button
Seat 1: Sagar_7 ($75.63 in chips)
Seat 2: Chessnok ($134.56 in chips)
Sagar_7: posts small blind $1
Chessnok: posts big blind $3
*** HOLE CARDS ***
Sagar_7: raises $3 to $6
Chessnok: calls $3
*** FLOP *** [Kd 2s 6c]
Chessnok: checks
Sagar_7: bets $3
Chessnok: folds
Uncalled bet ($3) returned to Sagar_7
Sagar_7 collected $11.76 from pot
Sagar_7: doesn't show hand
*** SUMMARY ***
Total pot $12 | Rake $0.24
Board [Kd 2s 6c]
Seat 1: Sagar_7 (button) (small blind) collected ($11.76)
Seat 2: Chessnok (big blind) folded on the Flop


PokerStars Hand #170750284015:  Hold'em Limit ($3/$6 USD) - 2017/05/21 23:03:54 ET
Table 'Parysatis' 6-max Seat #2 is the button
Seat 1: Sagar_7 ($90.63 in chips)
Seat 2: Chessnok ($120.06 in chips)
Chessnok: posts small blind $1
Sagar_7: posts big blind $3
*** HOLE CARDS ***
Chessnok: raises $3 to $6
Sagar_7: calls $3
*** FLOP *** [9d 3c 7d]
Sagar_7: checks
Chessnok: bets $3
Sagar_7: calls $3
*** TURN *** [9d 3c 7d] [4d]
Sagar_7: checks
Chessnok: bets $6
Sagar_7: calls $6
*** RIVER *** [9d 3c 7d 4d] [2c]
Sagar_7: checks
Chessnok: bets $6
Sagar_7: folds
Uncalled bet ($6) returned to Chessnok
Chessnok collected $29.50 from pot
Chessnok: doesn't show hand
*** SUMMARY ***
Total pot $30 | Rake $0.50
Board [9d 3c 7d 4d 2c]
Seat 1: Sagar_7 (big blind) folded on the River
Seat 2: Chessnok (button) (small blind) collected ($29.50)


PokerStars Hand #170750282312:  Hold'em Limit ($3/$6 USD) - 2017/05/21 23:03:48 ET
Table 'Parysatis' 6-max Seat #1 is the button
Seat 1: Sagar_7 ($87.63 in chips)
Seat 2: Chessnok ($123.06 in chips)
Sagar_7: posts small blind $1
Chessnok: posts big blind $3
*** HOLE CARDS ***
Sagar_7: raises $3 to $6
Chessnok: folds
Uncalled bet ($3) returned to Sagar_7
Sagar_7 collected $6 from pot
Sagar_7: doesn't show hand
*** SUMMARY ***
Total pot $6 | Rake $0
Seat 1: Sagar_7 (button) (small blind) collected ($6)
Seat 2: Chessnok (big blind) folded before Flop


PokerStars Hand #170750278043:  Hold'em Limit ($3/$6 USD) - 2017/05/21 23:03:35 ET
Table 'Parysatis' 6-max Seat #2 is the button
Seat 1: Sagar_7 ($93.63 in chips)
Seat 2: Chessnok ($117.30 in chips)
Chessnok: posts small blind $1
Sagar_7: posts big blind $3
*** HOLE CARDS ***
Chessnok: raises $3 to $6
Sagar_7: calls $3
*** FLOP *** [Jd Qd 7s]
Sagar_7: checks
Chessnok: bets $3
Sagar_7: folds
Uncalled bet ($3) returned to Chessnok
Chessnok collected $11.76 from pot
Chessnok: doesn't show hand
*** SUMMARY ***
Total pot $12 | Rake $0.24
Board [Jd Qd 7s]
Seat 1: Sagar_7 (big blind) folded on the Flop
Seat 2: Chessnok (button) (small blind) collected ($11.76)


PokerStars Hand #170750315104:  Hold'em Limit ($3/$6 USD) - 2017/05/21 23:05:37 ET
Table 'Parysatis' 6-max Seat #2 is the button
Seat 1: Sagar_7 ($104.89 in chips)
Seat 2: Chessnok ($104.56 in chips)
Chessnok: posts small blind $1
Sagar_7: posts big blind $3
*** HOLE CARDS ***
Chessnok: folds
Uncalled bet ($2) returned to Sagar_7
Sagar_7 collected $2 from pot
Sagar_7: doesn't show hand
*** SUMMARY ***
Total pot $2 | Rake $0
Seat 1: Sagar_7 (big blind) collected ($2)
Seat 2: Chessnok (button) (small blind) folded before Flop


PokerStars Hand #170750313090:  Hold'em Limit ($3/$6 USD) - 2017/05/21 23:05:30 ET
Table 'Parysatis' 6-max Seat #1 is the button
Seat 1: Sagar_7 ($101.89 in chips)
Seat 2: Chessnok ($107.56 in chips)
Sagar_7: posts small blind $1
Chessnok: posts big blind $3
*** HOLE CARDS ***
Sagar_7: raises $3 to $6
Chessnok: folds
Uncalled bet ($3) returned to Sagar_7
Sagar_7 collected $6 from pot
Sagar_7: doesn't show hand
*** SUMMARY ***
Total pot $6 | Rake $0
Seat 1: Sagar_7 (button) (small blind) collected ($6)
Seat 2: Chessnok (big blind) folded before Flop


PokerStars Hand #170750299197:  Hold'em Limit ($3/$6 USD) - 2017/05/21 23:04:44 ET
Table 'Parysatis' 6-max Seat #2 is the button
Seat 1: Sagar_7 ($81.39 in chips)
Seat 2: Chessnok ($128.56 in chips)
Chessnok: posts small blind $1
Sagar_7: posts big blind $3
*** HOLE CARDS ***
Chessnok: raises $3 to $6
Sagar_7: calls $3
*** FLOP *** [9h Ts Tc]
Sagar_7: checks
Chessnok: bets $3
Sagar_7: calls $3
*** TURN *** [9h Ts Tc] [5d]
Sagar_7: checks
Chessnok: bets $6
Sagar_7: raises $6 to $12
Chessnok: calls $6
*** RIVER *** [9h Ts Tc 5d] [8h]
Sagar_7: bets $6
Chessnok: folds
Uncalled bet ($6) returned to Sagar_7
Sagar_7 collected $41.50 from pot
Sagar_7: doesn't show hand
*** SUMMARY ***
Total pot $42 | Rake $0.50
Board [9h Ts Tc 5d 8h]
Seat 1: Sagar_7 (big blind) collected ($41.50)
Seat 2: Chessnok (button) (small blind) folded on the River


PokerStars Hand #170750297498:  Hold'em Limit ($3/$6 USD) - 2017/05/21 23:04:39 ET
Table 'Parysatis' 6-max Seat #1 is the button
Seat 1: Sagar_7 ($82.39 in chips)
Seat 2: Chessnok ($127.56 in chips)
Sagar_7: posts small blind $1
Chessnok: posts big blind $3
*** HOLE CARDS ***
Sagar_7: folds
Uncalled bet ($2) returned to Chessnok
Chessnok collected $2 from pot
Chessnok: doesn't show hand
*** SUMMARY ***
Total pot $2 | Rake $0
Seat 1: Sagar_7 (button) (small blind) folded before Flop
Seat 2: Chessnok (big blind) collected ($2)


PokerStars Hand #170750325842:  Hold'em Limit ($3/$6 USD) - 2017/05/21 23:06:12 ET
Table 'Parysatis' 6-max Seat #2 is the button
Seat 1: Sagar_7 ($86.89 in chips)
Seat 2: Chessnok ($122.06 in chips)
Chessnok: posts small blind $1
Sagar_7: posts big blind $3
*** HOLE CARDS ***
Chessnok: folds
Uncalled bet ($2) returned to Sagar_7
Sagar_7 collected $2 from pot
Sagar_7: doesn't show hand
*** SUMMARY ***
Total pot $2 | Rake $0
Seat 1: Sagar_7 (big blind) collected ($2)
Seat 2: Chessnok (button) (small blind) folded before Flop


PokerStars Hand #170750323975:  Hold'em Limit ($3/$6 USD) - 2017/05/21 23:06:06 ET
Table 'Parysatis' 6-max Seat #1 is the button
Seat 1: Sagar_7 ($87.89 in chips)
Seat 2: Chessnok ($121.06 in chips)
Sagar_7: posts small blind $1
Chessnok: posts big blind $3
*** HOLE CARDS ***
Sagar_7: folds
Uncalled bet ($2) returned to Chessnok
Chessnok collected $2 from pot
Chessnok: doesn't show hand
*** SUMMARY ***
Total pot $2 | Rake $0
Seat 1: Sagar_7 (button) (small blind) folded before Flop
Seat 2: Chessnok (big blind) collected ($2)


PokerStars Hand #170750318353:  Hold'em Limit ($3/$6 USD) - 2017/05/21 23:05:47 ET
Table 'Parysatis' 6-max Seat #2 is the button
Seat 1: Sagar_7 ($108.89 in chips)
Seat 2: Chessnok ($100.56 in chips)
Chessnok: posts small blind $1
Sagar_7: posts big blind $3
*** HOLE CARDS ***
Chessnok: raises $3 to $6
Sagar_7: calls $3
*** FLOP *** [Ad Kc 5s]
Sagar_7: checks
Chessnok: bets $3
Sagar_7: calls $3
*** TURN *** [Ad Kc 5s] [Ah]
Sagar_7: checks
Chessnok: bets $6
Sagar_7: calls $6
*** RIVER *** [Ad Kc 5s Ah] [5h]
Sagar_7: checks
Chessnok: bets $6
Sagar_7: calls $6
*** SHOW DOWN ***
Chessnok: shows [5d 3d] (a full house, Fives full of Aces)
Sagar_7: mucks hand
Chessnok collected $41.50 from pot
*** SUMMARY ***
Total pot $42 | Rake $0.50
Board [Ad Kc 5s Ah 5h]
Seat 1: Sagar_7 (big blind) mucked
Seat 2: Chessnok (button) (small blind) showed [5d 3d] and won ($41.50) with a full house, Fives full of Aces


PokerStars Hand #170750316449:  Hold'em Limit ($3/$6 USD) - 2017/05/21 23:05:41 ET
Table 'Parysatis' 6-max Seat #1 is the button
Seat 1: Sagar_7 ($105.89 in chips)
Seat 2: Chessnok ($103.56 in chips)
Sagar_7: posts small blind $1
Chessnok: posts big blind $3
*** HOLE CARDS ***
Sagar_7: raises $3 to $6
Chessnok: folds
Uncalled bet ($3) returned to Sagar_7
Sagar_7 collected $6 from pot
Sagar_7: doesn't show hand
*** SUMMARY ***
Total pot $6 | Rake $0
Seat 1: Sagar_7 (button) (small blind) collected ($6)
Seat 2: Chessnok (big blind) folded before Flop


PokerStars Hand #170750327034:  Hold'em Limit ($3/$6 USD) - 2017/05/21 23:06:16 ET
Table 'Parysatis' 6-max Seat #1 is the button
Seat 1: Sagar_7 ($87.89 in chips)
Seat 2: Chessnok ($121.06 in chips)
Sagar_7: posts small blind $1
Chessnok: posts big blind $3
*** HOLE CARDS ***
Sagar_7: raises $3 to $6
Chessnok: calls $3
*** FLOP *** [2d Qd 5c]
Chessnok: checks
Sagar_7: bets $3
Chessnok: raises $3 to $6
Sagar_7: calls $3
*** TURN *** [2d Qd 5c] [3h]
Chessnok: bets $6
Sagar_7: calls $6
*** RIVER *** [2d Qd 5c 3h] [5s]
Chessnok: bets $6
Sagar_7: folds
Uncalled bet ($6) returned to Chessnok
Chessnok collected $35.50 from pot
Chessnok: doesn't show hand
*** SUMMARY ***
Total pot $36 | Rake $0.50
Board [2d Qd 5c 3h 5s]
Seat 1: Sagar_7 (button) (small blind) folded on the River
Seat 2: Chessnok (big blind) collected ($35.50)


PokerStars Hand #170750348959:  Hold'em Limit ($3/$6 USD) - 2017/05/21 23:07:29 ET
Table 'Parysatis' 6-max Seat #1 is the button
Seat 1: Sagar_7 ($148.82 in chips)
Seat 2: Chessnok ($117.06 in chips)
Sagar_7: posts small blind $1
Chessnok: posts big blind $3
*** HOLE CARDS ***
Sagar_7: raises $3 to $6
Chessnok: folds
Uncalled bet ($3) returned to Sagar_7
Sagar_7 collected $6 from pot
Sagar_7: doesn't show hand
*** SUMMARY ***
Total pot $6 | Rake $0
Seat 1: Sagar_7 (button) (small blind) collected ($6)
Seat 2: Chessnok (big blind) folded before Flop


PokerStars Hand #170750331772:  Hold'em Limit ($3/$6 USD) - 2017/05/21 23:06:32 ET
Table 'Parysatis' 6-max Seat #2 is the button
Seat 1: Sagar_7 ($69.89 in chips)
Seat 2: Chessnok ($138.56 in chips)
Chessnok: posts small blind $1
Sagar_7: posts big blind $3
*** HOLE CARDS ***
Chessnok: raises $3 to $6
Sagar_7: raises $3 to $9
Chessnok: calls $3
*** FLOP *** [Jc Qs 4d]
Sagar_7: bets $3
Chessnok: calls $3
*** TURN *** [Jc Qs 4d] [Ah]
Sagar_7: bets $6
Chessnok: raises $6 to $12
Sagar_7: calls $6
*** RIVER *** [Jc Qs 4d Ah] [Kh]
Sagar_7: checks
Chessnok: bets $6
Sagar_7: calls $6
*** SHOW DOWN ***
Chessnok: shows [Qd 4c] (two pair, Queens and Fours)
Sagar_7: shows [Ac Qc] (two pair, Aces and Queens)
Sagar_7 collected $59.50 from pot
*** SUMMARY ***
Total pot $60 | Rake $0.50
Board [Jc Qs 4d Ah Kh]
Seat 1: Sagar_7 (big blind) showed [Ac Qc] and won ($59.50) with two pair, Aces and Queens
Seat 2: Chessnok (button) (small blind) showed [Qd 4c] and lost with two pair, Queens and Fours


PokerStars Hand #170750343668:  Hold'em Limit ($3/$6 USD) - 2017/05/21 23:07:11 ET
Table 'Parysatis' 6-max Seat #2 is the button
Seat 1: Sagar_7 ($134.32 in chips)
Seat 2: Chessnok ($132.06 in chips)
Chessnok: posts small blind $1
Sagar_7: posts big blind $3
*** HOLE CARDS ***
Chessnok: raises $3 to $6
Sagar_7: calls $3
*** FLOP *** [Jc 8c 5s]
Sagar_7: checks
Chessnok: bets $3
Sagar_7: calls $3
*** TURN *** [Jc 8c 5s] [Kd]
Sagar_7: checks
Chessnok: checks
*** RIVER *** [Jc 8c 5s Kd] [Kh]
Sagar_7: bets $6
Chessnok: calls $6
*** SHOW DOWN ***
Sagar_7: shows [5h 4s] (two pair, Kings and Fives)
Chessnok: mucks hand
Sagar_7 collected $29.50 from pot
*** SUMMARY ***
Total pot $30 | Rake $0.50
Board [Jc 8c 5s Kd Kh]
Seat 1: Sagar_7 (big blind) showed [5h 4s] and won ($29.50) with two pair, Kings and Fives
Seat 2: Chessnok (button) (small blind) mucked


PokerStars Hand #170750338040:  Hold'em Limit ($3/$6 USD) - 2017/05/21 23:06:52 ET
Table 'Parysatis' 6-max Seat #1 is the button
Seat 1: Sagar_7 ($158.32 in chips)
Seat 2: Chessnok ($108.56 in chips)
Sagar_7: posts small blind $1
Chessnok: posts big blind $3
*** HOLE CARDS ***
Sagar_7: raises $3 to $6
Chessnok: calls $3
*** FLOP *** [6c 7d 6d]
Chessnok: checks
Sagar_7: bets $3
Chessnok: raises $3 to $6
Sagar_7: calls $3
*** TURN *** [6c 7d 6d] [3c]
Chessnok: bets $6
Sagar_7: calls $6
*** RIVER *** [6c 7d 6d 3c] [Ad]
Chessnok: checks
Sagar_7: bets $6
Chessnok: calls $6
*** SHOW DOWN ***
Sagar_7: shows [Th Jh] (a pair of Sixes)
Chessnok: shows [7s Jd] (two pair, Sevens and Sixes)
Chessnok collected $47.50 from pot
*** SUMMARY ***
Total pot $48 | Rake $0.50
Board [6c 7d 6d 3c Ad]
Seat 1: Sagar_7 (button) (small blind) showed [Th Jh] and lost with a pair of Sixes
Seat 2: Chessnok (big blind) showed [7s Jd] and won ($47.50) with two pair, Sevens and Sixes


PokerStars Hand #170750360584:  Hold'em Limit ($3/$6 USD) - 2017/05/21 23:08:08 ET
Table 'Parysatis' 6-max Seat #1 is the button
Seat 1: Sagar_7 ($166.32 in chips)
Seat 2: Chessnok ($99.06 in chips)
Sagar_7: posts small blind $1
Chessnok: posts big blind $3
*** HOLE CARDS ***
Sagar_7: raises $3 to $6
Chessnok: folds
Uncalled bet ($3) returned to Sagar_7
Sagar_7 collected $6 from pot
Sagar_7: doesn't show hand
*** SUMMARY ***
Total pot $6 | Rake $0
Seat 1: Sagar_7 (button) (small blind) collected ($6)
Seat 2: Chessnok (big blind) folded before Flop


PokerStars Hand #170750351444:  Hold'em Limit ($3/$6 USD) - 2017/05/21 23:07:37 ET
Table 'Parysatis' 6-max Seat #2 is the button
Seat 1: Sagar_7 ($151.82 in chips)
Seat 2: Chessnok ($114.06 in chips)
Chessnok: posts small blind $1
Sagar_7: posts big blind $3
*** HOLE CARDS ***
Chessnok: raises $3 to $6
Sagar_7: calls $3
*** FLOP *** [Ks 7s 4d]
Sagar_7: checks
Chessnok: bets $3
Sagar_7: calls $3
*** TURN *** [Ks 7s 4d] [Kc]
Sagar_7: checks
Chessnok: bets $6
Sagar_7: calls $6
*** RIVER *** [Ks 7s 4d Kc] [8d]
Sagar_7: checks
Chessnok: checks
*** SHOW DOWN ***
Sagar_7: shows [7h 9h] (two pair, Kings and Sevens)
Chessnok: mucks hand
Sagar_7 collected $29.50 from pot
*** SUMMARY ***
Total pot $30 | Rake $0.50
Board [Ks 7s 4d Kc 8d]
Seat 1: Sagar_7 (big blind) showed [7h 9h] and won ($29.50) with two pair, Kings and Sevens
Seat 2: Chessnok (button) (small blind) mucked


PokerStars Hand #170750362921:  Hold'em Limit ($3/$6 USD) - 2017/05/21 23:08:15 ET
Table 'Parysatis' 6-max Seat #2 is the button
Seat 1: Sagar_7 ($169.32 in chips)
Seat 2: Chessnok ($96.06 in chips)
Chessnok: posts small blind $1
Sagar_7: posts big blind $3
*** HOLE CARDS ***
Chessnok: raises $3 to $6
Sagar_7: calls $3
*** FLOP *** [2s Qs Qc]
Sagar_7: checks
Chessnok: bets $3
Sagar_7: calls $3
*** TURN *** [2s Qs Qc] [Qh]
Sagar_7: checks
Chessnok: checks
*** RIVER *** [2s Qs Qc Qh] [5h]
Sagar_7: bets $6
Chessnok: folds
Uncalled bet ($6) returned to Sagar_7
Sagar_7 collected $17.64 from pot
Sagar_7: doesn't show hand
*** SUMMARY ***
Total pot $18 | Rake $0.36
Board [2s Qs Qc Qh 5h]
Seat 1: Sagar_7 (big blind) collected ($17.64)
Seat 2: Chessnok (button) (small blind) folded on the River


PokerStars Hand #170750370449:  Hold'em Limit ($3/$6 USD) - 2017/05/21 23:08:40 ET
Table 'Parysatis' 6-max Seat #1 is the button
Seat 1: Sagar_7 ($177.96 in chips)
Seat 2: Chessnok ($87.06 in chips)
Sagar_7: posts small blind $1
Chessnok: posts big blind $3
*** HOLE CARDS ***
Sagar_7: raises $3 to $6
Chessnok: calls $3
*** FLOP *** [3h 9s 2c]
Chessnok: checks
Sagar_7: checks
*** TURN *** [3h 9s 2c] [8d]
Chessnok: bets $6
Sagar_7: calls $6
*** RIVER *** [3h 9s 2c 8d] [Qd]
Chessnok: bets $6
Sagar_7: folds
Uncalled bet ($6) returned to Chessnok
Chessnok collected $23.52 from pot
Chessnok: doesn't show hand
*** SUMMARY ***
Total pot $24 | Rake $0.48
Board [3h 9s 2c 8d Qd]
Seat 1: Sagar_7 (button) (small blind) folded on the River
Seat 2: Chessnok (big blind) collected ($23.52)


PokerStars Hand #170750376797:  Hold'em Limit ($3/$6 USD) - 2017/05/21 23:09:01 ET
Table 'Parysatis' 6-max Seat #2 is the button
Seat 1: Sagar_7 ($165.96 in chips)
Seat 2: Chessnok ($98.58 in chips)
Chessnok: posts small blind $1
Sagar_7: posts big blind $3
*** HOLE CARDS ***
Chessnok: raises $3 to $6
Sagar_7: calls $3
*** FLOP *** [Qd Jc 5s]
Sagar_7: checks
Chessnok: bets $3
Sagar_7: folds
Uncalled bet ($3) returned to Chessnok
Chessnok collected $11.76 from pot
Chessnok: doesn't show hand
*** SUMMARY ***
Total pot $12 | Rake $0.24
Board [Qd Jc 5s]
Seat 1: Sagar_7 (big blind) folded on the Flop
Seat 2: Chessnok (button) (small blind) collected ($11.76)


PokerStars Hand #170750380193:  Hold'em Limit ($3/$6 USD) - 2017/05/21 23:09:12 ET
Table 'Parysatis' 6-max Seat #1 is the button
Seat 1: Sagar_7 ($159.96 in chips)
Seat 2: Chessnok ($104.34 in chips)
Sagar_7: posts small blind $1
Chessnok: posts big blind $3
*** HOLE CARDS ***
Sagar_7: folds
Uncalled bet ($2) returned to Chessnok
Chessnok collected $2 from pot
Chessnok: doesn't show hand
*** SUMMARY ***
Total pot $2 | Rake $0
Seat 1: Sagar_7 (button) (small blind) folded before Flop
Seat 2: Chessnok (big blind) collected ($2)


PokerStars Hand #170750402617:  Hold'em Limit ($3/$6 USD) - 2017/05/21 23:10:26 ET
Table 'Parysatis' 6-max Seat #2 is the button
Seat 1: Sagar_7 ($155.46 in chips)
Seat 2: Chessnok ($107.84 in chips)
Chessnok: posts small blind $1
Sagar_7: posts big blind $3
*** HOLE CARDS ***
Chessnok: raises $3 to $6
Sagar_7: calls $3
*** FLOP *** [8c Ad Qc]
Sagar_7: checks
Chessnok: bets $3
Sagar_7: calls $3
*** TURN *** [8c Ad Qc] [2c]
Sagar_7: checks
Chessnok: checks
*** RIVER *** [8c Ad Qc 2c] [8h]
Sagar_7: bets $6
Chessnok: folds
Uncalled bet ($6) returned to Sagar_7
Sagar_7 collected $17.64 from pot
Sagar_7: doesn't show hand
*** SUMMARY ***
Total pot $18 | Rake $0.36
Board [8c Ad Qc 2c 8h]
Seat 1: Sagar_7 (big blind) collected ($17.64)
Seat 2: Chessnok (button) (small blind) folded on the River


PokerStars Hand #170750382250:  Hold'em Limit ($3/$6 USD) - 2017/05/21 23:09:19 ET
Table 'Parysatis' 6-max Seat #2 is the button
Seat 1: Sagar_7 ($158.96 in chips)
Seat 2: Chessnok ($105.34 in chips)
Chessnok: posts small blind $1
Sagar_7: posts big blind $3
*** HOLE CARDS ***
Chessnok: raises $3 to $6
Sagar_7: calls $3
*** FLOP *** [Kh 8d 8s]
Sagar_7: bets $3
Chessnok: calls $3
*** TURN *** [Kh 8d 8s] [Th]
Sagar_7: bets $6
Chessnok: calls $6
*** RIVER *** [Kh 8d 8s Th] [4h]
Sagar_7: bets $6
Chessnok: folds
Uncalled bet ($6) returned to Sagar_7
Sagar_7 collected $29.50 from pot
Sagar_7: doesn't show hand
*** SUMMARY ***
Total pot $30 | Rake $0.50
Board [Kh 8d 8s Th 4h]
Seat 1: Sagar_7 (big blind) collected ($29.50)
Seat 2: Chessnok (button) (small blind) folded on the River


PokerStars Hand #170750396170:  Hold'em Limit ($3/$6 USD) - 2017/05/21 23:10:05 ET
Table 'Parysatis' 6-max Seat #1 is the button
Seat 1: Sagar_7 ($173.46 in chips)
Seat 2: Chessnok ($90.34 in chips)
Sagar_7: posts small blind $1
Chessnok: posts big blind $3
*** HOLE CARDS ***
Sagar_7: raises $3 to $6
Chessnok: calls $3
*** FLOP *** [Kc 9s Ks]
Chessnok: checks
Sagar_7: checks
*** TURN *** [Kc 9s Ks] [Kh]
Chessnok: bets $6
Sagar_7: calls $6
*** RIVER *** [Kc 9s Ks Kh] [5h]
Chessnok: checks
Sagar_7: bets $6
Chessnok: calls $6
*** SHOW DOWN ***
Sagar_7: shows [7s 8c] (three of a kind, Kings)
Chessnok: shows [Qc 8d] (three of a kind, Kings - Queen kicker)
Chessnok collected $35.50 from pot
*** SUMMARY ***
Total pot $36 | Rake $0.50
Board [Kc 9s Ks Kh 5h]
Seat 1: Sagar_7 (button) (small blind) showed [7s 8c] and lost with three of a kind, Kings
Seat 2: Chessnok (big blind) showed [Qc 8d] and won ($35.50) with three of a kind, Kings


PokerStars Hand #170750420013:  Hold'em Limit ($3/$6 USD) - 2017/05/21 23:11:24 ET
Table 'Parysatis' 6-max Seat #1 is the button
Seat 1: Sagar_7 ($152.10 in chips)
Seat 2: Chessnok ($110.48 in chips)
Sagar_7: posts small blind $1
Chessnok: posts big blind $3
*** HOLE CARDS ***
Sagar_7: folds
Uncalled bet ($2) returned to Chessnok
Chessnok collected $2 from pot
Chessnok: doesn't show hand
*** SUMMARY ***
Total pot $2 | Rake $0
Seat 1: Sagar_7 (button) (small blind) folded before Flop
Seat 2: Chessnok (big blind) collected ($2)


PokerStars Hand #170750417434:  Hold'em Limit ($3/$6 USD) - 2017/05/21 23:11:15 ET
Table 'Parysatis' 6-max Seat #2 is the button
Seat 1: Sagar_7 ($155.10 in chips)
Seat 2: Chessnok ($107.48 in chips)
Chessnok: posts small blind $1
Sagar_7: posts big blind $3
*** HOLE CARDS ***
Chessnok: raises $3 to $6
0verd0se joins the table at seat #3
Sagar_7: folds
Uncalled bet ($3) returned to Chessnok
Chessnok collected $6 from pot
Chessnok: doesn't show hand
*** SUMMARY ***
Total pot $6 | Rake $0
Seat 1: Sagar_7 (big blind) folded before Flop
Seat 2: Chessnok (button) (small blind) collected ($6)


PokerStars Hand #170750408011:  Hold'em Limit ($3/$6 USD) - 2017/05/21 23:10:44 ET
Table 'Parysatis' 6-max Seat #1 is the button
Seat 1: Sagar_7 ($164.10 in chips)
Seat 2: Chessnok ($98.84 in chips)
Sagar_7: posts small blind $1
Chessnok: posts big blind $3
*** HOLE CARDS ***
Sagar_7: raises $3 to $6
Chessnok: raises $3 to $9
Sagar_7: calls $3
*** FLOP *** [Ad Ks Jd]
Chessnok: bets $3
Sagar_7: folds
Uncalled bet ($3) returned to Chessnok
Chessnok collected $17.64 from pot
Chessnok: doesn't show hand
*** SUMMARY ***
Total pot $18 | Rake $0.36
Board [Ad Ks Jd]
Seat 1: Sagar_7 (button) (small blind) folded on the Flop
Seat 2: Chessnok (big blind) collected ($17.64)


PokerStars Hand #170754908595:  Hold'em Limit ($3/$6 USD) - 2017/05/22 3:58:53 ET
Table 'Parysatis' 6-max Seat #3 is the button
Seat 3: aremom4e ($267.97 in chips)
Seat 4: Scheubi88 ($138.64 in chips)
aremom4e: posts small blind $1
Scheubi88: posts big blind $3
*** HOLE CARDS ***
aremom4e: raises $3 to $6
Scheubi88: calls $3
*** FLOP *** [3h Jd 6h]
Scheubi88: checks
aremom4e: bets $3
Scheubi88: calls $3
*** TURN *** [3h Jd 6h] [Jh]
Scheubi88: checks
aremom4e: checks
*** RIVER *** [3h Jd 6h Jh] [2d]
IceColdNow leaves the table
Scheubi88: bets $6
aremom4e: raises $6 to $12
Scheubi88: calls $6
*** SHOW DOWN ***
aremom4e: shows [2s 2h] (a full house, Deuces full of Jacks)
Scheubi88: mucks hand
aremom4e collected $41.50 from pot
*** SUMMARY ***
Total pot $42 | Rake $0.50
Board [3h Jd 6h Jh 2d]
Seat 3: aremom4e (button) (small blind) showed [2s 2h] and won ($41.50) with a full house, Deuces full of Jacks
Seat 4: Scheubi88 (big blind) mucked


PokerStars Hand #170754919219:  Hold'em Limit ($3/$6 USD) - 2017/05/22 3:59:33 ET
Table 'Parysatis' 6-max Seat #3 is the button
Seat 3: aremom4e ($278.47 in chips)
Seat 4: Scheubi88 ($127.40 in chips)
aremom4e: posts small blind $1
Scheubi88: posts big blind $3
*** HOLE CARDS ***
aremom4e: raises $3 to $6
Scheubi88: calls $3
*** FLOP *** [3h Qd 9c]
Scheubi88: checks
aremom4e: bets $3
Scheubi88: calls $3
*** TURN *** [3h Qd 9c] [Tc]
Scheubi88: checks
aremom4e: checks
*** RIVER *** [3h Qd 9c Tc] [Js]
Scheubi88: bets $6
aremom4e: raises $6 to $12
Scheubi88: folds
Uncalled bet ($6) returned to aremom4e
aremom4e collected $29.50 from pot
aremom4e: doesn't show hand
*** SUMMARY ***
Total pot $30 | Rake $0.50
Board [3h Qd 9c Tc Js]
Seat 3: aremom4e (button) (small blind) collected ($29.50)
Seat 4: Scheubi88 (big blind) folded on the River


PokerStars Hand #170754917866:  Hold'em Limit ($3/$6 USD) - 2017/05/22 3:59:28 ET
Table 'Parysatis' 6-max Seat #4 is the button
Seat 3: aremom4e ($281.47 in chips)
Seat 4: Scheubi88 ($124.40 in chips)
Scheubi88: posts small blind $1
aremom4e: posts big blind $3
*** HOLE CARDS ***
Scheubi88: raises $3 to $6
aremom4e: folds
Uncalled bet ($3) returned to Scheubi88
Scheubi88 collected $6 from pot
Scheubi88: doesn't show hand
*** SUMMARY ***
Total pot $6 | Rake $0
Seat 3: aremom4e (big blind) folded before Flop
Seat 4: Scheubi88 (button) (small blind) collected ($6)


PokerStars Hand #170754923806:  Hold'em Limit ($3/$6 USD) - 2017/05/22 3:59:50 ET
Table 'Parysatis' 6-max Seat #4 is the button
Seat 3: aremom4e ($292.97 in chips)
Seat 4: Scheubi88 ($112.40 in chips)
Scheubi88: posts small blind $1
aremom4e: posts big blind $3
*** HOLE CARDS ***
Scheubi88: raises $3 to $6
aremom4e: calls $3
*** FLOP *** [Qc 6d 4h]
aremom4e: checks
Scheubi88: bets $3
aremom4e: raises $3 to $6
Scheubi88: calls $3
*** TURN *** [Qc 6d 4h] [Kc]
aremom4e: checks
Scheubi88: checks
*** RIVER *** [Qc 6d 4h Kc] [Ad]
aremom4e: bets $6
Scheubi88: calls $6
*** SHOW DOWN ***
aremom4e: shows [3h Qd] (a pair of Queens)
Scheubi88: mucks hand
aremom4e collected $35.50 from pot
*** SUMMARY ***
Total pot $36 | Rake $0.50
Board [Qc 6d 4h Kc Ad]
Seat 3: aremom4e (big blind) showed [3h Qd] and won ($35.50) with a pair of Queens
Seat 4: Scheubi88 (button) (small blind) mucked


PokerStars Hand #170754927398:  Hold'em Limit ($3/$6 USD) - 2017/05/22 4:00:03 ET
Table 'Parysatis' 6-max Seat #3 is the button
Seat 3: aremom4e ($310.47 in chips)
Seat 4: Scheubi88 ($94.40 in chips)
aremom4e: posts small blind $1
Scheubi88: posts big blind $3
*** HOLE CARDS ***
aremom4e: raises $3 to $6
Scheubi88: calls $3
*** FLOP *** [6h 4s 7h]
Scheubi88: checks
aremom4e: checks
*** TURN *** [6h 4s 7h] [7c]
Scheubi88: bets $6
aremom4e: folds
Uncalled bet ($6) returned to Scheubi88
Scheubi88 collected $11.76 from pot
Scheubi88: doesn't show hand
*** SUMMARY ***
Total pot $12 | Rake $0.24
Board [6h 4s 7h 7c]
Seat 3: aremom4e (button) (small blind) folded on the Turn
Seat 4: Scheubi88 (big blind) collected ($11.76)


PokerStars Hand #170754916526:  Hold'em Limit ($3/$6 USD) - 2017/05/22 3:59:23 ET
Table 'Parysatis' 6-max Seat #3 is the button
Seat 3: aremom4e ($282.47 in chips)
Seat 4: Scheubi88 ($123.40 in chips)
aremom4e: posts small blind $1
Scheubi88: posts big blind $3
*** HOLE CARDS ***
aremom4e: folds
Uncalled bet ($2) returned to Scheubi88
Scheubi88 collected $2 from pot
Scheubi88: doesn't show hand
*** SUMMARY ***
Total pot $2 | Rake $0
Seat 3: aremom4e (button) (small blind) folded before Flop
Seat 4: Scheubi88 (big blind) collected ($2)


PokerStars Hand #170754913983:  Hold'em Limit ($3/$6 USD) - 2017/05/22 3:59:13 ET
Table 'Parysatis' 6-max Seat #4 is the button
Seat 3: aremom4e ($288.47 in chips)
Seat 4: Scheubi88 ($117.64 in chips)
Scheubi88: posts small blind $1
aremom4e: posts big blind $3
*** HOLE CARDS ***
Scheubi88: raises $3 to $6
aremom4e: calls $3
*** FLOP *** [4c 4h Kd]
aremom4e: checks
Scheubi88: bets $3
aremom4e: folds
Uncalled bet ($3) returned to Scheubi88
Scheubi88 collected $11.76 from pot
Scheubi88: doesn't show hand
*** SUMMARY ***
Total pot $12 | Rake $0.24
Board [4c 4h Kd]
Seat 3: aremom4e (big blind) folded on the Flop
Seat 4: Scheubi88 (button) (small blind) collected ($11.76)


PokerStars Hand #170754934411:  Hold'em Limit ($3/$6 USD) - 2017/05/22 4:00:29 ET
Table 'Parysatis' 6-max Seat #3 is the button
Seat 3: aremom4e ($333.97 in chips)
Seat 4: Scheubi88 ($70.16 in chips)
aremom4e: posts small blind $1
Scheubi88: posts big blind $3
*** HOLE CARDS ***
aremom4e: folds
Uncalled bet ($2) returned to Scheubi88
Scheubi88 collected $2 from pot
Scheubi88: doesn't show hand
*** SUMMARY ***
Total pot $2 | Rake $0
Seat 3: aremom4e (button) (small blind) folded before Flop
Seat 4: Scheubi88 (big blind) collected ($2)


PokerStars Hand #170754930225:  Hold'em Limit ($3/$6 USD) - 2017/05/22 4:00:13 ET
Table 'Parysatis' 6-max Seat #4 is the button
Seat 3: aremom4e ($304.47 in chips)
Seat 4: Scheubi88 ($100.16 in chips)
Scheubi88: posts small blind $1
RockKillerTY was removed from the table for failing to post
aremom4e: posts big blind $3
*** HOLE CARDS ***
Scheubi88: raises $3 to $6
aremom4e: raises $3 to $9
Scheubi88: calls $3
*** FLOP *** [Qs 9c 2s]
aremom4e: bets $3
Scheubi88: calls $3
*** TURN *** [Qs 9c 2s] [7c]
aremom4e: bets $6
Scheubi88: raises $6 to $12
aremom4e: calls $6
*** RIVER *** [Qs 9c 2s 7c] [6c]
aremom4e: checks
Scheubi88: bets $6
aremom4e: calls $6
*** SHOW DOWN ***
Scheubi88: shows [5d Qd] (a pair of Queens)
aremom4e: shows [Kh Qc] (a pair of Queens - King kicker)
aremom4e collected $59.50 from pot
*** SUMMARY ***
Total pot $60 | Rake $0.50
Board [Qs 9c 2s 7c 6c]
Seat 3: aremom4e (big blind) showed [Kh Qc] and won ($59.50) with a pair of Queens
Seat 4: Scheubi88 (button) (small blind) showed [5d Qd] and lost with a pair of Queens


PokerStars Hand #170754940405:  Hold'em Limit ($3/$6 USD) - 2017/05/22 4:00:51 ET
Table 'Parysatis' 6-max Seat #3 is the button
Seat 3: aremom4e ($311.97 in chips)
Seat 4: Scheubi88 ($91.66 in chips)
aremom4e: posts small blind $1
Scheubi88: posts big blind $3
*** HOLE CARDS ***
aremom4e: folds
Uncalled bet ($2) returned to Scheubi88
Scheubi88 collected $2 from pot
Scheubi88: doesn't show hand
*** SUMMARY ***
Total pot $2 | Rake $0
Seat 3: aremom4e (button) (small blind) folded before Flop
Seat 4: Scheubi88 (big blind) collected ($2)


PokerStars Hand #170754935895:  Hold'em Limit ($3/$6 USD) - 2017/05/22 4:00:35 ET
Table 'Parysatis' 6-max Seat #4 is the button
Seat 3: aremom4e ($332.97 in chips)
Seat 4: Scheubi88 ($71.16 in chips)
Scheubi88: posts small blind $1
aremom4e: posts big blind $3
*** HOLE CARDS ***
Scheubi88: raises $3 to $6
aremom4e: calls $3
*** FLOP *** [7d 9c Ac]
aremom4e: checks
Scheubi88: bets $3
aremom4e: calls $3
*** TURN *** [7d 9c Ac] [8h]
aremom4e: checks
Scheubi88: bets $6
aremom4e: calls $6
*** RIVER *** [7d 9c Ac 8h] [5s]
aremom4e: checks
Scheubi88: bets $6
aremom4e: calls $6
*** SHOW DOWN ***
Scheubi88: shows [7h As] (two pair, Aces and Sevens)
aremom4e: mucks hand
Scheubi88 collected $41.50 from pot
*** SUMMARY ***
Total pot $42 | Rake $0.50
Board [7d 9c Ac 8h 5s]
Seat 3: aremom4e (big blind) mucked
Seat 4: Scheubi88 (button) (small blind) showed [7h As] and won ($41.50) with two pair, Aces and Sevens


PokerStars Hand #170754941822:  Hold'em Limit ($3/$6 USD) - 2017/05/22 4:00:56 ET
Table 'Parysatis' 6-max Seat #4 is the button
Seat 3: aremom4e ($310.97 in chips)
Seat 4: Scheubi88 ($92.66 in chips)
Scheubi88: posts small blind $1
aremom4e: posts big blind $3
*** HOLE CARDS ***
Scheubi88: raises $3 to $6
aremom4e: calls $3
*** FLOP *** [Qd 5s Ac]
aremom4e: checks
Scheubi88: checks
*** TURN *** [Qd 5s Ac] [6d]
aremom4e: bets $6
Scheubi88: raises $6 to $12
aremom4e: calls $6
*** RIVER *** [Qd 5s Ac 6d] [Td]
aremom4e: checks
Scheubi88: bets $6
aremom4e: calls $6
*** SHOW DOWN ***
Scheubi88: shows [6s 5h] (two pair, Sixes and Fives)
aremom4e: mucks hand
Scheubi88 collected $47.50 from pot
*** SUMMARY ***
Total pot $48 | Rake $0.50
Board [Qd 5s Ac 6d Td]
Seat 3: aremom4e (big blind) mucked
Seat 4: Scheubi88 (button) (small blind) showed [6s 5h] and won ($47.50) with two pair, Sixes and Fives


PokerStars Hand #170754946202:  Hold'em Limit ($3/$6 USD) - 2017/05/22 4:01:12 ET
Table 'Parysatis' 6-max Seat #3 is the button
Seat 3: aremom4e ($286.97 in chips)
Seat 4: Scheubi88 ($116.16 in chips)
aremom4e: posts small blind $1
Scheubi88: posts big blind $3
*** HOLE CARDS ***
aremom4e: calls $2
Scheubi88: checks
*** FLOP *** [5c 3s 7c]
Scheubi88: checks
aremom4e: bets $3
Scheubi88: raises $3 to $6
aremom4e: calls $3
*** TURN *** [5c 3s 7c] [Jh]
Scheubi88: bets $6
VolkovDmitri joins the table at seat #5
aremom4e: raises $6 to $12
Scheubi88: calls $6
*** RIVER *** [5c 3s 7c Jh] [8s]
Scheubi88: checks
aremom4e: checks
*** SHOW DOWN ***
Scheubi88: shows [5d Qh] (a pair of Fives)
aremom4e: shows [Jd 6s] (a pair of Jacks)
aremom4e collected $41.50 from pot
*** SUMMARY ***
Total pot $42 | Rake $0.50
Board [5c 3s 7c Jh 8s]
Seat 3: aremom4e (button) (small blind) showed [Jd 6s] and won ($41.50) with a pair of Jacks
Seat 4: Scheubi88 (big blind) showed [5d Qh] and lost with a pair of Fives


PokerStars Hand #170757620746:  Hold'em Limit ($3/$6 USD) - 2017/05/22 6:16:41 ET
Table 'Parysatis' 6-max Seat #2 is the button
Seat 2: melyh82 ($32.54 in chips)
Seat 3: SpartakM1985 ($138.02 in chips)
melyh82: posts small blind $1
SpartakM1985: posts big blind $3
*** HOLE CARDS ***
melyh82: raises $3 to $6
SpartakM1985: calls $3
*** FLOP *** [Tc Qs 8c]
SpartakM1985: bets $3
melyh82: raises $3 to $6
SpartakM1985: calls $3
*** TURN *** [Tc Qs 8c] [7s]
SpartakM1985: checks
melyh82: checks
*** RIVER *** [Tc Qs 8c 7s] [Ts]
SpartakM1985: checks
melyh82: checks
*** SHOW DOWN ***
SpartakM1985: shows [6h 8d] (two pair, Tens and Eights)
melyh82: mucks hand
SpartakM1985 collected $23.52 from pot
*** SUMMARY ***
Total pot $24 | Rake $0.48
Board [Tc Qs 8c 7s Ts]
Seat 2: melyh82 (button) (small blind) mucked
Seat 3: SpartakM1985 (big blind) showed [6h 8d] and won ($23.52) with two pair, Tens and Eights


PokerStars Hand #170760121356:  Hold'em Limit ($3/$6 USD) - 2017/05/22 7:56:41 ET
Table 'Parysatis' 6-max Seat #1 is the button
Seat 1: VolkovDmitri ($179.42 in chips)
Seat 4: ABATAPP ($204.03 in chips)
VolkovDmitri: posts small blind $1
andrey0709: is sitting out
ABATAPP: posts big blind $3
*** HOLE CARDS ***
VolkovDmitri: raises $3 to $6
ABATAPP: calls $3
*** FLOP *** [Ad 6c 5d]
ABATAPP: checks
VolkovDmitri: bets $3
ABATAPP: folds
Uncalled bet ($3) returned to VolkovDmitri
VolkovDmitri collected $11.76 from pot
VolkovDmitri: doesn't show hand
*** SUMMARY ***
Total pot $12 | Rake $0.24
Board [Ad 6c 5d]
Seat 1: VolkovDmitri (button) (small blind) collected ($11.76)
Seat 4: ABATAPP (big blind) folded on the Flop


PokerStars Hand #170760128007:  Hold'em Limit ($3/$6 USD) - 2017/05/22 7:56:57 ET
Table 'Parysatis' 6-max Seat #4 is the button
Seat 1: VolkovDmitri ($185.18 in chips)
Seat 4: ABATAPP ($198.03 in chips)
ABATAPP: posts small blind $1
VolkovDmitri: posts big blind $3
*** HOLE CARDS ***
ABATAPP: raises $3 to $6
VolkovDmitri: calls $3
*** FLOP *** [9s Qc Qd]
VolkovDmitri: checks
ABATAPP: bets $3
VolkovDmitri: raises $3 to $6
boffhead608 joins the table at seat #3
ABATAPP: calls $3
*** TURN *** [9s Qc Qd] [Kh]
VolkovDmitri: checks
ABATAPP: bets $6
VolkovDmitri: calls $6
*** RIVER *** [9s Qc Qd Kh] [5c]
VolkovDmitri: checks
ABATAPP: bets $6
VolkovDmitri: calls $6
*** SHOW DOWN ***
ABATAPP: shows [Jh 8h] (a pair of Queens)
VolkovDmitri: shows [9c 6c] (two pair, Queens and Nines)
VolkovDmitri collected $47.50 from pot
*** SUMMARY ***
Total pot $48 | Rake $0.50
Board [9s Qc Qd Kh 5c]
Seat 1: VolkovDmitri (big blind) showed [9c 6c] and won ($47.50) with two pair, Queens and Nines
Seat 4: ABATAPP (button) (small blind) showed [Jh 8h] and lost with a pair of Queens


PokerStars Hand #170760163208:  Hold'em Limit ($3/$6 USD) - 2017/05/22 7:58:24 ET
Table 'Parysatis' 6-max Seat #3 is the button
Seat 1: VolkovDmitri ($211.68 in chips)
Seat 3: boffhead608 ($27 in chips)
boffhead608: posts small blind $1
ABATAPP: is sitting out
VolkovDmitri: posts big blind $3
*** HOLE CARDS ***
boffhead608: calls $2
VolkovDmitri: checks
*** FLOP *** [3h 8d 6h]
VolkovDmitri: bets $3
boffhead608: calls $3
*** TURN *** [3h 8d 6h] [5h]
VolkovDmitri: checks
boffhead608: bets $6
VolkovDmitri: calls $6
*** RIVER *** [3h 8d 6h 5h] [7s]
VolkovDmitri: bets $6
boffhead608: raises $6 to $12
VolkovDmitri: folds
Uncalled bet ($6) returned to boffhead608
boffhead608 collected $35.50 from pot
boffhead608: doesn't show hand
*** SUMMARY ***
Total pot $36 | Rake $0.50
Board [3h 8d 6h 5h 7s]
Seat 1: VolkovDmitri (big blind) folded on the River
Seat 3: boffhead608 (button) (small blind) collected ($35.50)


PokerStars Hand #170760183367:  Hold'em Limit ($3/$6 USD) - 2017/05/22 7:59:14 ET
Table 'Parysatis' 6-max Seat #1 is the button
Seat 1: VolkovDmitri ($193.68 in chips)
Seat 3: boffhead608 ($44.50 in chips)
VolkovDmitri: posts small blind $1
boffhead608: posts big blind $3
*** HOLE CARDS ***
VolkovDmitri: raises $3 to $6
boffhead608: calls $3
*** FLOP *** [Jc 2c 3d]
boffhead608: bets $3
VolkovDmitri: calls $3
*** TURN *** [Jc 2c 3d] [Kd]
boffhead608: bets $6
VolkovDmitri: calls $6
*** RIVER *** [Jc 2c 3d Kd] [7s]
boffhead608: bets $6
VolkovDmitri: calls $6
*** SHOW DOWN ***
boffhead608: shows [7h 7d] (three of a kind, Sevens)
VolkovDmitri: mucks hand
boffhead608 collected $41.50 from pot
*** SUMMARY ***
Total pot $42 | Rake $0.50
Board [Jc 2c 3d Kd 7s]
Seat 1: VolkovDmitri (button) (small blind) mucked
Seat 3: boffhead608 (big blind) showed [7h 7d] and won ($41.50) with three of a kind, Sevens


PokerStars Hand #170763539999:  Hold'em Limit ($3/$6 USD) - 2017/05/22 9:50:50 ET
Table 'Parysatis' 6-max Seat #2 is the button
Seat 2: Sagar_7 ($102.17 in chips)
Seat 6: HAL9QQQ ($139.78 in chips)
Sagar_7: posts small blind $1
Larooo: is sitting out
HAL9QQQ: posts big blind $3
*** HOLE CARDS ***
Larooo leaves the table
Sagar_7: folds
Uncalled bet ($2) returned to HAL9QQQ
HAL9QQQ collected $2 from pot
HAL9QQQ: doesn't show hand
*** SUMMARY ***
Total pot $2 | Rake $0
Seat 2: Sagar_7 (button) (small blind) folded before Flop
Seat 6: HAL9QQQ (big blind) collected ($2)


PokerStars Hand #170763543326:  Hold'em Limit ($3/$6 USD) - 2017/05/22 9:50:57 ET
Table 'Parysatis' 6-max Seat #6 is the button
Seat 2: Sagar_7 ($101.17 in chips)
Seat 6: HAL9QQQ ($140.78 in chips)
HAL9QQQ: posts small blind $1
Sagar_7: posts big blind $3
*** HOLE CARDS ***
HAL9QQQ: raises $3 to $6
Sagar_7: calls $3
*** FLOP *** [7s 7c Kh]
Sagar_7: checks
HAL9QQQ: checks
*** TURN *** [7s 7c Kh] [4d]
Sagar_7: bets $6
HAL9QQQ: raises $6 to $12
Sagar_7: folds
Uncalled bet ($6) returned to HAL9QQQ
HAL9QQQ collected $23.52 from pot
HAL9QQQ: doesn't show hand
*** SUMMARY ***
Total pot $24 | Rake $0.48
Board [7s 7c Kh 4d]
Seat 2: Sagar_7 (big blind) folded on the Turn
Seat 6: HAL9QQQ (button) (small blind) collected ($23.52)


