PokerStars Hand #174522747518:  Hold'em Limit ($3/$6 USD) - 2017/08/19 7:49:50 ET
Table 'Pasithee II' 6-max Seat #3 is the button
Seat 3: hairy1961 ($52.76 in chips)
Seat 4: VolkovDmitri ($123 in chips)
Sleeper007 joins the table at seat #6
hairy1961: posts small blind $1
VolkovDmitri: posts big blind $3
*** HOLE CARDS ***
hairy1961: folds
Uncalled bet ($2) returned to VolkovDmitri
VolkovDmitri collected $2 from pot
VolkovDmitri: doesn't show hand
*** SUMMARY ***
Total pot $2 | Rake $0
Seat 3: hairy1961 (button) (small blind) folded before Flop
Seat 4: VolkovDmitri (big blind) collected ($2)


PokerStars Hand #174522744990:  Hold'em Limit ($3/$6 USD) - 2017/08/19 7:49:45 ET
Table 'Pasithee II' 6-max Seat #4 is the button
Seat 3: hairy1961 ($55.76 in chips)
Seat 4: VolkovDmitri ($120 in chips)
VolkovDmitri: posts small blind $1
hairy1961: posts big blind $3
*** HOLE CARDS ***
VolkovDmitri: raises $3 to $6
hairy1961: folds
Uncalled bet ($3) returned to VolkovDmitri
VolkovDmitri collected $6 from pot
VolkovDmitri: doesn't show hand
*** SUMMARY ***
Total pot $6 | Rake $0
Seat 3: hairy1961 (big blind) folded before Flop
Seat 4: VolkovDmitri (button) (small blind) collected ($6)


PokerStars Hand #174522736759:  Hold'em Limit ($3/$6 USD) - 2017/08/19 7:49:26 ET
Table 'Pasithee II' 6-max Seat #3 is the button
Seat 3: hairy1961 ($50 in chips)
Seat 4: VolkovDmitri ($120 in chips)
hairy1961: posts small blind $1
VolkovDmitri: posts big blind $3
*** HOLE CARDS ***
hairy1961: raises $3 to $6
VolkovDmitri: calls $3
*** FLOP *** [Ts 2s Ah]
VolkovDmitri: checks
hairy1961: bets $3
VolkovDmitri: folds
Uncalled bet ($3) returned to hairy1961
hairy1961 collected $11.76 from pot
*** SUMMARY ***
Total pot $12 | Rake $0.24
Board [Ts 2s Ah]
Seat 3: hairy1961 (button) (small blind) collected ($11.76)
Seat 4: VolkovDmitri (big blind) folded on the Flop


PokerStars Hand #174522754707:  Hold'em Limit ($3/$6 USD) - 2017/08/19 7:50:06 ET
Table 'Pasithee II' 6-max Seat #6 is the button
Seat 3: hairy1961 ($51.76 in chips)
Seat 6: Sleeper007 ($65.76 in chips)
Sleeper007: posts small blind $1
hairy1961: posts big blind $3
*** HOLE CARDS ***
Sleeper007: raises $3 to $6
hairy1961: folds
Uncalled bet ($3) returned to Sleeper007
Sleeper007 collected $6 from pot
Sleeper007: doesn't show hand
*** SUMMARY ***
Total pot $6 | Rake $0
Seat 3: hairy1961 (big blind) folded before Flop
Seat 6: Sleeper007 (button) (small blind) collected ($6)


