PokerStars Hand #155004727137:  Hold'em Limit ($3/$6 USD) - 2016/06/20 23:13:59 ET
Table 'Pasiphae' 6-max Seat #1 is the button
Seat 1: tydawn ($134.40 in chips)
Seat 4: AzureCaper ($72 in chips)
tydawn: posts small blind $1
AzureCaper: posts big blind $3
*** HOLE CARDS ***
tydawn: folds
Uncalled bet ($2) returned to AzureCaper
AzureCaper collected $2 from pot
AzureCaper: doesn't show hand
*** SUMMARY ***
Total pot $2 | Rake $0
Seat 1: tydawn (button) (small blind) folded before Flop
Seat 4: AzureCaper (big blind) collected ($2)


PokerStars Hand #155004724200:  Hold'em Limit ($3/$6 USD) - 2016/06/20 23:13:49 ET
Table 'Pasiphae' 6-max Seat #4 is the button
Seat 1: tydawn ($125.76 in chips)
Seat 4: AzureCaper ($72 in chips)
AzureCaper: posts small blind $1
tydawn: posts big blind $3
*** HOLE CARDS ***
AzureCaper: raises $3 to $6
tydawn: raises $3 to $9
AzureCaper: calls $3
*** FLOP *** [2d Kh Jc]
tydawn: bets $3
AzureCaper: folds
Uncalled bet ($3) returned to tydawn
tydawn collected $17.64 from pot
tydawn: doesn't show hand
*** SUMMARY ***
Total pot $18 | Rake $0.36
Board [2d Kh Jc]
Seat 1: tydawn (big blind) collected ($17.64)
Seat 4: AzureCaper (button) (small blind) folded on the Flop


PokerStars Hand #155004728558:  Hold'em Limit ($3/$6 USD) - 2016/06/20 23:14:04 ET
Table 'Pasiphae' 6-max Seat #4 is the button
Seat 1: tydawn ($133.40 in chips)
Seat 4: AzureCaper ($73 in chips)
AzureCaper: posts small blind $1
tydawn: posts big blind $3
*** HOLE CARDS ***
AzureCaper: raises $3 to $6
tydawn: calls $3
*** FLOP *** [3s Ts 5d]
tydawn: checks
AzureCaper: bets $3
tydawn: raises $3 to $6
AzureCaper: calls $3
*** TURN *** [3s Ts 5d] [3d]
tydawn: bets $6
AzureCaper: raises $6 to $12
tydawn: calls $6
*** RIVER *** [3s Ts 5d 3d] [Ad]
tydawn: checks
AzureCaper: checks
*** SHOW DOWN ***
tydawn: shows [Td Jh] (two pair, Tens and Threes)
AzureCaper: mucks hand
tydawn collected $47.50 from pot
*** SUMMARY ***
Total pot $48 | Rake $0.50
Board [3s Ts 5d 3d Ad]
Seat 1: tydawn (big blind) showed [Td Jh] and won ($47.50) with two pair, Tens and Threes
Seat 4: AzureCaper (button) (small blind) mucked


PokerStars Hand #155004716980:  Hold'em Limit ($3/$6 USD) - 2016/06/20 23:13:23 ET
Table 'Pasiphae' 6-max Seat #1 is the button
Seat 1: tydawn ($120 in chips)
Seat 4: AzureCaper ($72 in chips)
tydawn: posts small blind $1
AzureCaper: posts big blind $3
*** HOLE CARDS ***
tydawn: raises $3 to $6
GoliafUa joins the table at seat #2
AzureCaper: calls $3
*** FLOP *** [8s 9h 7d]
AzureCaper: checks
tydawn: bets $3
AzureCaper: folds
Uncalled bet ($3) returned to tydawn
tydawn collected $11.76 from pot
tydawn: doesn't show hand
*** SUMMARY ***
Total pot $12 | Rake $0.24
Board [8s 9h 7d]
Seat 1: tydawn (button) (small blind) collected ($11.76)
Seat 4: AzureCaper (big blind) folded on the Flop


PokerStars Hand #155004734037:  Hold'em Limit ($3/$6 USD) - 2016/06/20 23:14:24 ET
Table 'Pasiphae' 6-max Seat #1 is the button
Seat 1: tydawn ($156.90 in chips)
Seat 4: AzureCaper ($72 in chips)
tydawn: posts small blind $1
AzureCaper: posts big blind $3
*** HOLE CARDS ***
tydawn: raises $3 to $6
AzureCaper: calls $3
*** FLOP *** [5h 3d As]
AzureCaper: checks
tydawn: bets $3
AzureCaper: calls $3
*** TURN *** [5h 3d As] [2d]
joha74 joins the table at seat #6
AzureCaper: checks
tydawn: bets $6
AzureCaper: folds
Uncalled bet ($6) returned to tydawn
tydawn collected $17.64 from pot
tydawn: doesn't show hand
*** SUMMARY ***
Total pot $18 | Rake $0.36
Board [5h 3d As 2d]
Seat 1: tydawn (button) (small blind) collected ($17.64)
Seat 4: AzureCaper (big blind) folded on the Turn


