PokerStars Hand #160116371949:  Hold'em Limit ($3/$6 USD) - 2016/10/18 15:46:00 ET
Table 'Pasiphae III' 10-max Seat #5 is the button
Seat 4: chanchorengo ($89.43 in chips)
Seat 5: BranzanM ($825.13 in chips)
BranzanM: posts small blind $1
AzureCaper: is sitting out
chanchorengo: posts big blind $3
AzureCaper leaves the table
*** HOLE CARDS ***
BranzanM: folds
Uncalled bet ($2) returned to chanchorengo
chanchorengo collected $2 from pot
chanchorengo: doesn't show hand
*** SUMMARY ***
Total pot $2 | Rake $0
Seat 4: chanchorengo (big blind) collected ($2)
Seat 5: BranzanM (button) (small blind) folded before Flop


PokerStars Hand #160116529347:  Hold'em Limit ($3/$6 USD) - 2016/10/18 15:48:59 ET
Table 'Pasiphae III' 10-max Seat #4 is the button
Seat 4: chanchorengo ($82.45 in chips)
Seat 6: AzureCaper ($72 in chips)
chanchorengo: posts small blind $1
AzureCaper: posts big blind $3
*** HOLE CARDS ***
chanchorengo: calls $2
AzureCaper: raises $3 to $6
BranzanM leaves the table
chanchorengo: calls $3
*** FLOP *** [7h Jh As]
AzureCaper: bets $3
chanchorengo: calls $3
*** TURN *** [7h Jh As] [2s]
AzureCaper: checks
chanchorengo: checks
*** RIVER *** [7h Jh As 2s] [Ah]
AzureCaper: bets $6
chanchorengo: folds
Uncalled bet ($6) returned to AzureCaper
AzureCaper collected $17.64 from pot
AzureCaper: doesn't show hand
*** SUMMARY ***
Total pot $18 | Rake $0.36
Board [7h Jh As 2s Ah]
Seat 4: chanchorengo (button) (small blind) folded on the River
Seat 6: AzureCaper (big blind) collected ($17.64)


PokerStars Hand #160116500826:  Hold'em Limit ($3/$6 USD) - 2016/10/18 15:48:26 ET
Table 'Pasiphae III' 10-max Seat #6 is the button
Seat 4: chanchorengo ($69.95 in chips)
Seat 6: AzureCaper ($72 in chips)
AzureCaper: posts small blind $1
chanchorengo: posts big blind $3
*** HOLE CARDS ***
AzureCaper: folds
Uncalled bet ($2) returned to chanchorengo
chanchorengo collected $2 from pot
chanchorengo: doesn't show hand
*** SUMMARY ***
Total pot $2 | Rake $0
Seat 4: chanchorengo (big blind) collected ($2)
Seat 6: AzureCaper (button) (small blind) folded before Flop


PokerStars Hand #160116483147:  Hold'em Limit ($3/$6 USD) - 2016/10/18 15:48:06 ET
Table 'Pasiphae III' 10-max Seat #4 is the button
Seat 4: chanchorengo ($58.43 in chips)
Seat 6: AzureCaper ($77.64 in chips)
chanchorengo: posts small blind $1
BranzanM: is sitting out
AzureCaper: posts big blind $3
*** HOLE CARDS ***
chanchorengo: raises $3 to $6
AzureCaper: calls $3
*** FLOP *** [8d 8c 3c]
AzureCaper: bets $3
chanchorengo: raises $3 to $6
AzureCaper: calls $3
*** TURN *** [8d 8c 3c] [3s]
AzureCaper: checks
chanchorengo: bets $6
AzureCaper: folds
Uncalled bet ($6) returned to chanchorengo
chanchorengo collected $23.52 from pot
chanchorengo: doesn't show hand
*** SUMMARY ***
Total pot $24 | Rake $0.48
Board [8d 8c 3c 3s]
Seat 4: chanchorengo (button) (small blind) collected ($23.52)
Seat 6: AzureCaper (big blind) folded on the Turn


PokerStars Hand #160116505144:  Hold'em Limit ($3/$6 USD) - 2016/10/18 15:48:31 ET
Table 'Pasiphae III' 10-max Seat #4 is the button
Seat 4: chanchorengo ($70.95 in chips)
Seat 6: AzureCaper ($72 in chips)
chanchorengo: posts small blind $1
AzureCaper: posts big blind $3
*** HOLE CARDS ***
chanchorengo: calls $2
AzureCaper: raises $3 to $6
chanchorengo: calls $3
*** FLOP *** [3h Ks 4s]
AzureCaper: bets $3
chanchorengo: folds
Uncalled bet ($3) returned to AzureCaper
AzureCaper collected $11.76 from pot
AzureCaper: doesn't show hand
*** SUMMARY ***
Total pot $12 | Rake $0.24
Board [3h Ks 4s]
Seat 4: chanchorengo (button) (small blind) folded on the Flop
Seat 6: AzureCaper (big blind) collected ($11.76)


PokerStars Hand #160116515969:  Hold'em Limit ($3/$6 USD) - 2016/10/18 15:48:44 ET
Table 'Pasiphae III' 10-max Seat #6 is the button
Seat 4: chanchorengo ($64.95 in chips)
Seat 6: AzureCaper ($77.76 in chips)
AzureCaper: posts small blind $1
chanchorengo: posts big blind $3
*** HOLE CARDS ***
AzureCaper: raises $3 to $6
chanchorengo: raises $3 to $9
AzureCaper: calls $3
*** FLOP *** [Th 4d 6c]
chanchorengo: bets $3
AzureCaper: calls $3
*** TURN *** [Th 4d 6c] [Js]
chanchorengo: bets $6
AzureCaper: calls $6
*** RIVER *** [Th 4d 6c Js] [Kh]
chanchorengo: bets $6
AzureCaper: folds
Uncalled bet ($6) returned to chanchorengo
chanchorengo collected $35.50 from pot
chanchorengo: doesn't show hand
*** SUMMARY ***
Total pot $36 | Rake $0.50
Board [Th 4d 6c Js Kh]
Seat 4: chanchorengo (big blind) collected ($35.50)
Seat 6: AzureCaper (button) (small blind) folded on the River


PokerStars Hand #160116574257:  Hold'em Limit ($3/$6 USD) - 2016/10/18 15:49:50 ET
Table 'Pasiphae III' 10-max Seat #4 is the button
Seat 4: chanchorengo ($49.45 in chips)
Seat 6: AzureCaper ($104.14 in chips)
chanchorengo: posts small blind $1
AzureCaper: posts big blind $3
*** HOLE CARDS ***
chanchorengo: folds
Uncalled bet ($2) returned to AzureCaper
AzureCaper collected $2 from pot
AzureCaper: doesn't show hand
*** SUMMARY ***
Total pot $2 | Rake $0
Seat 4: chanchorengo (button) (small blind) folded before Flop
Seat 6: AzureCaper (big blind) collected ($2)


PokerStars Hand #160116546423:  Hold'em Limit ($3/$6 USD) - 2016/10/18 15:49:18 ET
Table 'Pasiphae III' 10-max Seat #6 is the button
Seat 4: chanchorengo ($73.45 in chips)
Seat 6: AzureCaper ($80.64 in chips)
AzureCaper: posts small blind $1
chanchorengo: posts big blind $3
*** HOLE CARDS ***
AzureCaper: raises $3 to $6
chanchorengo: calls $3
*** FLOP *** [9d As Ah]
chanchorengo: checks
AzureCaper: bets $3
chanchorengo: raises $3 to $6
AzureCaper: calls $3
*** TURN *** [9d As Ah] [Jd]
chanchorengo: bets $6
AzureCaper: calls $6
*** RIVER *** [9d As Ah Jd] [5s]
chanchorengo: bets $6
AzureCaper: calls $6
*** SHOW DOWN ***
chanchorengo: shows [Th 9s] (two pair, Aces and Nines)
AzureCaper: shows [Tc Js] (two pair, Aces and Jacks)
AzureCaper collected $47.50 from pot
*** SUMMARY ***
Total pot $48 | Rake $0.50
Board [9d As Ah Jd 5s]
Seat 4: chanchorengo (big blind) showed [Th 9s] and lost with two pair, Aces and Nines
Seat 6: AzureCaper (button) (small blind) showed [Tc Js] and won ($47.50) with two pair, Aces and Jacks


PokerStars Hand #160116591250:  Hold'em Limit ($3/$6 USD) - 2016/10/18 15:50:10 ET
Table 'Pasiphae III' 10-max Seat #4 is the button
Seat 4: chanchorengo ($57.09 in chips)
Seat 6: AzureCaper ($96.14 in chips)
chanchorengo: posts small blind $1
AzureCaper: posts big blind $3
*** HOLE CARDS ***
chanchorengo: raises $3 to $6
AzureCaper: folds
Uncalled bet ($3) returned to chanchorengo
chanchorengo collected $6 from pot
chanchorengo: doesn't show hand
*** SUMMARY ***
Total pot $6 | Rake $0
Seat 4: chanchorengo (button) (small blind) collected ($6)
Seat 6: AzureCaper (big blind) folded before Flop


PokerStars Hand #160116578925:  Hold'em Limit ($3/$6 USD) - 2016/10/18 15:49:55 ET
Table 'Pasiphae III' 10-max Seat #6 is the button
Seat 4: chanchorengo ($48.45 in chips)
Seat 6: AzureCaper ($105.14 in chips)
AzureCaper: posts small blind $1
chanchorengo: posts big blind $3
*** HOLE CARDS ***
AzureCaper: raises $3 to $6
chanchorengo: calls $3
*** FLOP *** [Qc 4h 4s]
chanchorengo: checks
AzureCaper: bets $3
chanchorengo: calls $3
*** TURN *** [Qc 4h 4s] [5s]
chanchorengo: checks
AzureCaper: checks
*** RIVER *** [Qc 4h 4s 5s] [2s]
chanchorengo: checks
AzureCaper: checks
*** SHOW DOWN ***
chanchorengo: shows [Jd Kc] (a pair of Fours)
AzureCaper: mucks hand
chanchorengo collected $17.64 from pot
*** SUMMARY ***
Total pot $18 | Rake $0.36
Board [Qc 4h 4s 5s 2s]
Seat 4: chanchorengo (big blind) showed [Jd Kc] and won ($17.64) with a pair of Fours
Seat 6: AzureCaper (button) (small blind) mucked


PokerStars Hand #160116614492:  Hold'em Limit ($3/$6 USD) - 2016/10/18 15:50:36 ET
Table 'Pasiphae III' 10-max Seat #4 is the button
Seat 4: chanchorengo ($59.84 in chips)
Seat 6: AzureCaper ($92.89 in chips)
chanchorengo: posts small blind $1
AzureCaper: posts big blind $3
*** HOLE CARDS ***
chanchorengo: calls $2
AzureCaper: raises $3 to $6
chanchorengo: calls $3
*** FLOP *** [3s 8s Ts]
AzureCaper: bets $3
chanchorengo: folds
Uncalled bet ($3) returned to AzureCaper
AzureCaper collected $11.76 from pot
AzureCaper: doesn't show hand
*** SUMMARY ***
Total pot $12 | Rake $0.24
Board [3s 8s Ts]
Seat 4: chanchorengo (button) (small blind) folded on the Flop
Seat 6: AzureCaper (big blind) collected ($11.76)


PokerStars Hand #160116628154:  Hold'em Limit ($3/$6 USD) - 2016/10/18 15:50:51 ET
Table 'Pasiphae III' 10-max Seat #6 is the button
Seat 4: chanchorengo ($53.84 in chips)
Seat 6: AzureCaper ($98.65 in chips)
AzureCaper: posts small blind $1
chanchorengo: posts big blind $3
*** HOLE CARDS ***
AzureCaper: raises $3 to $6
chanchorengo: calls $3
*** FLOP *** [Ad Jh 6h]
chanchorengo: checks
AzureCaper: bets $3
chanchorengo: folds
Uncalled bet ($3) returned to AzureCaper
AzureCaper collected $11.76 from pot
AzureCaper: doesn't show hand
*** SUMMARY ***
Total pot $12 | Rake $0.24
Board [Ad Jh 6h]
Seat 4: chanchorengo (big blind) folded on the Flop
Seat 6: AzureCaper (button) (small blind) collected ($11.76)


PokerStars Hand #160116596560:  Hold'em Limit ($3/$6 USD) - 2016/10/18 15:50:16 ET
Table 'Pasiphae III' 10-max Seat #6 is the button
Seat 4: chanchorengo ($60.09 in chips)
Seat 6: AzureCaper ($93.14 in chips)
AzureCaper: posts small blind $1
chanchorengo: posts big blind $3
*** HOLE CARDS ***
AzureCaper: raises $3 to $6
chanchorengo: raises $3 to $9
AzureCaper: calls $3
*** FLOP *** [4h 5s 3d]
chanchorengo: checks
AzureCaper: checks
*** TURN *** [4h 5s 3d] [6d]
chanchorengo: checks
AzureCaper: checks
*** RIVER *** [4h 5s 3d 6d] [7d]
chanchorengo: bets $6
AzureCaper: calls $6
*** SHOW DOWN ***
chanchorengo: shows [Jh Ah] (a straight, Three to Seven)
AzureCaper: shows [9c Qd] (a straight, Three to Seven)
chanchorengo collected $14.75 from pot
AzureCaper collected $14.75 from pot
*** SUMMARY ***
Total pot $30 | Rake $0.50
Board [4h 5s 3d 6d 7d]
Seat 4: chanchorengo (big blind) showed [Jh Ah] and won ($14.75) with a straight, Three to Seven
Seat 6: AzureCaper (button) (small blind) showed [9c Qd] and won ($14.75) with a straight, Three to Seven


PokerStars Hand #160116647002:  Hold'em Limit ($3/$6 USD) - 2016/10/18 15:51:14 ET
Table 'Pasiphae III' 10-max Seat #4 is the button
Seat 4: chanchorengo ($47.84 in chips)
Seat 6: AzureCaper ($104.41 in chips)
chanchorengo: posts small blind $1
AzureCaper: posts big blind $3
*** HOLE CARDS ***
chanchorengo: raises $3 to $6
AzureCaper: calls $3
*** FLOP *** [8d 5s 4d]
AzureCaper: checks
chanchorengo: bets $3
AzureCaper: calls $3
*** TURN *** [8d 5s 4d] [Js]
AzureCaper: checks
chanchorengo: checks
*** RIVER *** [8d 5s 4d Js] [Ac]
AzureCaper: checks
chanchorengo: bets $6
AzureCaper: raises $6 to $12
chanchorengo: calls $6
*** SHOW DOWN ***
AzureCaper: shows [5d Ah] (two pair, Aces and Fives)
chanchorengo: mucks hand
AzureCaper collected $41.50 from pot
*** SUMMARY ***
Total pot $42 | Rake $0.50
Board [8d 5s 4d Js Ac]
Seat 4: chanchorengo (button) (small blind) mucked
Seat 6: AzureCaper (big blind) showed [5d Ah] and won ($41.50) with two pair, Aces and Fives


PokerStars Hand #160116690986:  Hold'em Limit ($3/$6 USD) - 2016/10/18 15:52:05 ET
Table 'Pasiphae III' 10-max Seat #6 is the button
Seat 4: chanchorengo ($14.60 in chips)
Seat 6: AzureCaper ($136.41 in chips)
AzureCaper: posts small blind $1
chanchorengo: posts big blind $3
*** HOLE CARDS ***
AzureCaper: folds
Uncalled bet ($2) returned to chanchorengo
chanchorengo collected $2 from pot
chanchorengo: doesn't show hand
*** SUMMARY ***
Total pot $2 | Rake $0
Seat 4: chanchorengo (big blind) collected ($2)
Seat 6: AzureCaper (button) (small blind) folded before Flop


PokerStars Hand #160116676602:  Hold'em Limit ($3/$6 USD) - 2016/10/18 15:51:48 ET
Table 'Pasiphae III' 10-max Seat #4 is the button
Seat 4: chanchorengo ($32.60 in chips)
Seat 6: AzureCaper ($118.91 in chips)
chanchorengo: posts small blind $1
AzureCaper: posts big blind $3
*** HOLE CARDS ***
chanchorengo: raises $3 to $6
AzureCaper: calls $3
*** FLOP *** [5h 3s 4d]
AzureCaper: checks
chanchorengo: checks
*** TURN *** [5h 3s 4d] [Ah]
AzureCaper: checks
chanchorengo: bets $6
AzureCaper: raises $6 to $12
chanchorengo: calls $6
*** RIVER *** [5h 3s 4d Ah] [Js]
AzureCaper: bets $6
chanchorengo: folds
Uncalled bet ($6) returned to AzureCaper
AzureCaper collected $35.50 from pot
AzureCaper: doesn't show hand
*** SUMMARY ***
Total pot $36 | Rake $0.50
Board [5h 3s 4d Ah Js]
Seat 4: chanchorengo (button) (small blind) folded on the River
Seat 6: AzureCaper (big blind) collected ($35.50)


PokerStars Hand #160116667476:  Hold'em Limit ($3/$6 USD) - 2016/10/18 15:51:37 ET
Table 'Pasiphae III' 10-max Seat #6 is the button
Seat 4: chanchorengo ($26.84 in chips)
Seat 6: AzureCaper ($124.91 in chips)
AzureCaper: posts small blind $1
chanchorengo: posts big blind $3
*** HOLE CARDS ***
AzureCaper: raises $3 to $6
chanchorengo: calls $3
*** FLOP *** [As 6s 5s]
chanchorengo: bets $3
AzureCaper: folds
Uncalled bet ($3) returned to chanchorengo
chanchorengo collected $11.76 from pot
chanchorengo: doesn't show hand
*** SUMMARY ***
Total pot $12 | Rake $0.24
Board [As 6s 5s]
Seat 4: chanchorengo (big blind) collected ($11.76)
Seat 6: AzureCaper (button) (small blind) folded on the Flop


PokerStars Hand #160116730595:  Hold'em Limit ($3/$6 USD) - 2016/10/18 15:52:51 ET
Table 'Pasiphae III' 10-max Seat #4 is the button
Seat 4: chanchorengo ($42.22 in chips)
Seat 6: AzureCaper ($108.05 in chips)
chanchorengo: posts small blind $1
AzureCaper: posts big blind $3
*** HOLE CARDS ***
chanchorengo: calls $2
AzureCaper: checks
*** FLOP *** [4h 6s 2s]
AzureCaper: bets $3
chanchorengo: folds
Uncalled bet ($3) returned to AzureCaper
AzureCaper collected $5.88 from pot
AzureCaper: doesn't show hand
*** SUMMARY ***
Total pot $6 | Rake $0.12
Board [4h 6s 2s]
Seat 4: chanchorengo (button) (small blind) folded on the Flop
Seat 6: AzureCaper (big blind) collected ($5.88)


PokerStars Hand #160116709884:  Hold'em Limit ($3/$6 USD) - 2016/10/18 15:52:27 ET
Table 'Pasiphae III' 10-max Seat #6 is the button
Seat 4: chanchorengo ($21.36 in chips)
Seat 6: AzureCaper ($129.41 in chips)
AzureCaper: posts small blind $1
chanchorengo: posts big blind $3
*** HOLE CARDS ***
AzureCaper: raises $3 to $6
chanchorengo: raises $3 to $9
AzureCaper: calls $3
*** FLOP *** [8c 7c 4d]
chanchorengo: bets $3
AzureCaper: calls $3
*** TURN *** [8c 7c 4d] [As]
chanchorengo: bets $6
AzureCaper: calls $6
*** RIVER *** [8c 7c 4d As] [2c]
chanchorengo: bets $3.36 and is all-in
AzureCaper: calls $3.36
*** SHOW DOWN ***
chanchorengo: shows [9c Kc] (a flush, King high)
AzureCaper: shows [9h Ah] (a pair of Aces)
chanchorengo collected $42.22 from pot
*** SUMMARY ***
Total pot $42.72 | Rake $0.50
Board [8c 7c 4d As 2c]
Seat 4: chanchorengo (big blind) showed [9c Kc] and won ($42.22) with a flush, King high
Seat 6: AzureCaper (button) (small blind) showed [9h Ah] and lost with a pair of Aces


PokerStars Hand #160116783990:  Hold'em Limit ($3/$6 USD) - 2016/10/18 15:53:53 ET
Table 'Pasiphae III' 10-max Seat #6 is the button
Seat 4: chanchorengo ($23.22 in chips)
Seat 6: AzureCaper ($126.43 in chips)
AzureCaper: posts small blind $1
chanchorengo: posts big blind $3
*** HOLE CARDS ***
AzureCaper: raises $3 to $6
chanchorengo: calls $3
*** FLOP *** [9s 3h 8s]
chanchorengo: checks
AzureCaper: bets $3
chanchorengo: raises $3 to $6
AzureCaper: folds
Uncalled bet ($3) returned to chanchorengo
chanchorengo collected $17.64 from pot
chanchorengo: doesn't show hand
*** SUMMARY ***
Total pot $18 | Rake $0.36
Board [9s 3h 8s]
Seat 4: chanchorengo (big blind) collected ($17.64)
Seat 6: AzureCaper (button) (small blind) folded on the Flop


PokerStars Hand #160116778601:  Hold'em Limit ($3/$6 USD) - 2016/10/18 15:53:47 ET
Table 'Pasiphae III' 10-max Seat #4 is the button
Seat 4: chanchorengo ($24.22 in chips)
Seat 6: AzureCaper ($125.43 in chips)
chanchorengo: posts small blind $1
AzureCaper: posts big blind $3
*** HOLE CARDS ***
chanchorengo: folds
Uncalled bet ($2) returned to AzureCaper
AzureCaper collected $2 from pot
AzureCaper: doesn't show hand
*** SUMMARY ***
Total pot $2 | Rake $0
Seat 4: chanchorengo (button) (small blind) folded before Flop
Seat 6: AzureCaper (big blind) collected ($2)


PokerStars Hand #160116750656:  Hold'em Limit ($3/$6 USD) - 2016/10/18 15:53:14 ET
Table 'Pasiphae III' 10-max Seat #6 is the button
Seat 4: chanchorengo ($39.22 in chips)
Seat 6: AzureCaper ($110.93 in chips)
AzureCaper: posts small blind $1
chanchorengo: posts big blind $3
*** HOLE CARDS ***
AzureCaper: raises $3 to $6
chanchorengo: calls $3
*** FLOP *** [Jd 9h Ad]
chanchorengo: checks
AzureCaper: bets $3
chanchorengo: calls $3
*** TURN *** [Jd 9h Ad] [8d]
chanchorengo: checks
AzureCaper: bets $6
chanchorengo: calls $6
*** RIVER *** [Jd 9h Ad 8d] [5s]
chanchorengo: checks
AzureCaper: bets $6
chanchorengo: folds
Uncalled bet ($6) returned to AzureCaper
AzureCaper collected $29.50 from pot
AzureCaper: doesn't show hand
*** SUMMARY ***
Total pot $30 | Rake $0.50
Board [Jd 9h Ad 8d 5s]
Seat 4: chanchorengo (big blind) folded on the River
Seat 6: AzureCaper (button) (small blind) collected ($29.50)


PokerStars Hand #160116843693:  Hold'em Limit ($3/$6 USD) - 2016/10/18 15:55:02 ET
Table 'Pasiphae III' 10-max Seat #4 is the button
Seat 4: chanchorengo ($32.50 in chips)
Seat 6: AzureCaper ($115.95 in chips)
chanchorengo: posts small blind $1
AzureCaper: posts big blind $3
*** HOLE CARDS ***
chanchorengo: calls $2
AzureCaper: checks
*** FLOP *** [6c 2h 9s]
AzureCaper: bets $3
chanchorengo: calls $3
*** TURN *** [6c 2h 9s] [Td]
AzureCaper: checks
chanchorengo: checks
*** RIVER *** [6c 2h 9s Td] [8d]
AzureCaper: checks
chanchorengo: checks
*** SHOW DOWN ***
AzureCaper: shows [6s Jh] (a pair of Sixes)
chanchorengo: shows [6h Qh] (a pair of Sixes - Queen kicker)
chanchorengo collected $11.76 from pot
*** SUMMARY ***
Total pot $12 | Rake $0.24
Board [6c 2h 9s Td 8d]
Seat 4: chanchorengo (button) (small blind) showed [6h Qh] and won ($11.76) with a pair of Sixes
Seat 6: AzureCaper (big blind) showed [6s Jh] and lost with a pair of Sixes


PokerStars Hand #160116825531:  Hold'em Limit ($3/$6 USD) - 2016/10/18 15:54:41 ET
Table 'Pasiphae III' 10-max Seat #6 is the button
Seat 4: chanchorengo ($23.86 in chips)
Seat 6: AzureCaper ($124.95 in chips)
AzureCaper: posts small blind $1
chanchorengo: posts big blind $3
*** HOLE CARDS ***
AzureCaper: raises $3 to $6
chanchorengo: calls $3
*** FLOP *** [9h Js 4d]
chanchorengo: checks
AzureCaper: bets $3
chanchorengo: calls $3
*** TURN *** [9h Js 4d] [8c]
chanchorengo: checks
AzureCaper: checks
*** RIVER *** [9h Js 4d 8c] [5h]
chanchorengo: bets $6
AzureCaper: folds
Uncalled bet ($6) returned to chanchorengo
chanchorengo collected $17.64 from pot
chanchorengo: doesn't show hand
*** SUMMARY ***
Total pot $18 | Rake $0.36
Board [9h Js 4d 8c 5h]
Seat 4: chanchorengo (big blind) collected ($17.64)
Seat 6: AzureCaper (button) (small blind) folded on the River


PokerStars Hand #160116817899:  Hold'em Limit ($3/$6 USD) - 2016/10/18 15:54:33 ET
Table 'Pasiphae III' 10-max Seat #4 is the button
Seat 4: chanchorengo ($20.86 in chips)
Seat 6: AzureCaper ($127.95 in chips)
chanchorengo: posts small blind $1
AzureCaper: posts big blind $3
*** HOLE CARDS ***
chanchorengo: raises $3 to $6
AzureCaper: folds
Uncalled bet ($3) returned to chanchorengo
chanchorengo collected $6 from pot
chanchorengo: doesn't show hand
*** SUMMARY ***
Total pot $6 | Rake $0
Seat 4: chanchorengo (button) (small blind) collected ($6)
Seat 6: AzureCaper (big blind) folded before Flop


PokerStars Hand #160116813884:  Hold'em Limit ($3/$6 USD) - 2016/10/18 15:54:28 ET
Table 'Pasiphae III' 10-max Seat #6 is the button
Seat 4: chanchorengo ($19.86 in chips)
Seat 6: AzureCaper ($128.95 in chips)
AzureCaper: posts small blind $1
chanchorengo: posts big blind $3
*** HOLE CARDS ***
AzureCaper: folds
Uncalled bet ($2) returned to chanchorengo
chanchorengo collected $2 from pot
chanchorengo: doesn't show hand
*** SUMMARY ***
Total pot $2 | Rake $0
Seat 4: chanchorengo (big blind) collected ($2)
Seat 6: AzureCaper (button) (small blind) folded before Flop


PokerStars Hand #160116794466:  Hold'em Limit ($3/$6 USD) - 2016/10/18 15:54:05 ET
Table 'Pasiphae III' 10-max Seat #4 is the button
Seat 4: chanchorengo ($31.86 in chips)
Seat 6: AzureCaper ($117.43 in chips)
chanchorengo: posts small blind $1
AzureCaper: posts big blind $3
*** HOLE CARDS ***
chanchorengo: calls $2
AzureCaper: raises $3 to $6
chanchorengo: calls $3
*** FLOP *** [Jc 8c 4s]
AzureCaper: bets $3
chanchorengo: raises $3 to $6
AzureCaper: calls $3
*** TURN *** [Jc 8c 4s] [Kc]
AzureCaper: checks
chanchorengo: checks
*** RIVER *** [Jc 8c 4s Kc] [2d]
AzureCaper: checks
chanchorengo: checks
*** SHOW DOWN ***
AzureCaper: shows [5s 5c] (a pair of Fives)
chanchorengo: mucks hand
AzureCaper collected $23.52 from pot
*** SUMMARY ***
Total pot $24 | Rake $0.48
Board [Jc 8c 4s Kc 2d]
Seat 4: chanchorengo (button) (small blind) mucked
Seat 6: AzureCaper (big blind) showed [5s 5c] and won ($23.52) with a pair of Fives


PokerStars Hand #160116879857:  Hold'em Limit ($3/$6 USD) - 2016/10/18 15:55:55 ET
Table 'Pasiphae III' 10-max Seat #6 is the button
Seat 4: chanchorengo ($26.14 in chips)
Seat 6: AzureCaper ($121.45 in chips)
AzureCaper: posts small blind $1
chanchorengo: posts big blind $3
*** HOLE CARDS ***
AzureCaper: folds
Uncalled bet ($2) returned to chanchorengo
chanchorengo collected $2 from pot
chanchorengo: doesn't show hand
*** SUMMARY ***
Total pot $2 | Rake $0
Seat 4: chanchorengo (big blind) collected ($2)
Seat 6: AzureCaper (button) (small blind) folded before Flop


PokerStars Hand #160116868845:  Hold'em Limit ($3/$6 USD) - 2016/10/18 15:55:39 ET
Table 'Pasiphae III' 10-max Seat #4 is the button
Seat 4: chanchorengo ($23.26 in chips)
Seat 6: AzureCaper ($124.45 in chips)
chanchorengo: posts small blind $1
AzureCaper: posts big blind $3
*** HOLE CARDS ***
chanchorengo: calls $2
AzureCaper: checks
*** FLOP *** [8h Js 5c]
AzureCaper: checks
chanchorengo: bets $3
AzureCaper: folds
Uncalled bet ($3) returned to chanchorengo
chanchorengo collected $5.88 from pot
chanchorengo: doesn't show hand
*** SUMMARY ***
Total pot $6 | Rake $0.12
Board [8h Js 5c]
Seat 4: chanchorengo (button) (small blind) collected ($5.88)
Seat 6: AzureCaper (big blind) folded on the Flop


PokerStars Hand #160116856283:  Hold'em Limit ($3/$6 USD) - 2016/10/18 15:55:20 ET
Table 'Pasiphae III' 10-max Seat #6 is the button
Seat 4: chanchorengo ($38.26 in chips)
Seat 6: AzureCaper ($109.95 in chips)
AzureCaper: posts small blind $1
chanchorengo: posts big blind $3
*** HOLE CARDS ***
AzureCaper: raises $3 to $6
chanchorengo: calls $3
*** FLOP *** [Td 7s 2s]
chanchorengo: checks
AzureCaper: bets $3
chanchorengo: calls $3
*** TURN *** [Td 7s 2s] [4h]
chanchorengo: checks
AzureCaper: bets $6
chanchorengo: calls $6
*** RIVER *** [Td 7s 2s 4h] [Ah]
chanchorengo: checks
AzureCaper: checks
*** SHOW DOWN ***
chanchorengo: shows [Qs 7h] (a pair of Sevens)
AzureCaper: shows [8c Th] (a pair of Tens)
AzureCaper collected $29.50 from pot
*** SUMMARY ***
Total pot $30 | Rake $0.50
Board [Td 7s 2s 4h Ah]
Seat 4: chanchorengo (big blind) showed [Qs 7h] and lost with a pair of Sevens
Seat 6: AzureCaper (button) (small blind) showed [8c Th] and won ($29.50) with a pair of Tens


PokerStars Hand #160116916176:  Hold'em Limit ($3/$6 USD) - 2016/10/18 15:56:49 ET
Table 'Pasiphae III' 10-max Seat #6 is the button
Seat 4: chanchorengo ($18.14 in chips)
Seat 6: AzureCaper ($129.09 in chips)
AzureCaper: posts small blind $1
chanchorengo: posts big blind $3
*** HOLE CARDS ***
AzureCaper: folds
Uncalled bet ($2) returned to chanchorengo
chanchorengo collected $2 from pot
chanchorengo: doesn't show hand
*** SUMMARY ***
Total pot $2 | Rake $0
Seat 4: chanchorengo (big blind) collected ($2)
Seat 6: AzureCaper (button) (small blind) folded before Flop


PokerStars Hand #160116911935:  Hold'em Limit ($3/$6 USD) - 2016/10/18 15:56:43 ET
Table 'Pasiphae III' 10-max Seat #4 is the button
Seat 4: chanchorengo ($19.14 in chips)
Seat 6: AzureCaper ($128.09 in chips)
chanchorengo: posts small blind $1
AzureCaper: posts big blind $3
*** HOLE CARDS ***
chanchorengo: folds
Uncalled bet ($2) returned to AzureCaper
AzureCaper collected $2 from pot
AzureCaper: doesn't show hand
*** SUMMARY ***
Total pot $2 | Rake $0
Seat 4: chanchorengo (button) (small blind) folded before Flop
Seat 6: AzureCaper (big blind) collected ($2)


PokerStars Hand #160116905232:  Hold'em Limit ($3/$6 USD) - 2016/10/18 15:56:33 ET
Table 'Pasiphae III' 10-max Seat #6 is the button
Seat 4: chanchorengo ($18.14 in chips)
Seat 6: AzureCaper ($129.09 in chips)
AzureCaper: posts small blind $1
chanchorengo: posts big blind $3
*** HOLE CARDS ***
AzureCaper: folds
Uncalled bet ($2) returned to chanchorengo
chanchorengo collected $2 from pot
chanchorengo: doesn't show hand
*** SUMMARY ***
Total pot $2 | Rake $0
Seat 4: chanchorengo (big blind) collected ($2)
Seat 6: AzureCaper (button) (small blind) folded before Flop


PokerStars Hand #160116883089:  Hold'em Limit ($3/$6 USD) - 2016/10/18 15:56:00 ET
Table 'Pasiphae III' 10-max Seat #4 is the button
Seat 4: chanchorengo ($27.14 in chips)
Seat 6: AzureCaper ($120.45 in chips)
chanchorengo: posts small blind $1
AzureCaper: posts big blind $3
*** HOLE CARDS ***
chanchorengo: calls $2
AzureCaper: checks
*** FLOP *** [4h 8d 9s]
AzureCaper: checks
chanchorengo: checks
*** TURN *** [4h 8d 9s] [8h]
AzureCaper: bets $6
chanchorengo: calls $6
*** RIVER *** [4h 8d 9s 8h] [Ks]
AzureCaper: checks
chanchorengo: checks
*** SHOW DOWN ***
AzureCaper: shows [7s Kd] (two pair, Kings and Eights)
chanchorengo: mucks hand
AzureCaper collected $17.64 from pot
*** SUMMARY ***
Total pot $18 | Rake $0.36
Board [4h 8d 9s 8h Ks]
Seat 4: chanchorengo (button) (small blind) mucked
Seat 6: AzureCaper (big blind) showed [7s Kd] and won ($17.64) with two pair, Kings and Eights


PokerStars Hand #160116973476:  Hold'em Limit ($3/$6 USD) - 2016/10/18 15:58:12 ET
Table 'Pasiphae III' 10-max Seat #6 is the button
Seat 4: chanchorengo ($26.54 in chips)
Seat 6: AzureCaper ($119.73 in chips)
AzureCaper: posts small blind $1
chanchorengo: posts big blind $3
*** HOLE CARDS ***
AzureCaper: folds
Uncalled bet ($2) returned to chanchorengo
chanchorengo collected $2 from pot
chanchorengo: doesn't show hand
*** SUMMARY ***
Total pot $2 | Rake $0
Seat 4: chanchorengo (big blind) collected ($2)
Seat 6: AzureCaper (button) (small blind) folded before Flop


PokerStars Hand #160116970029:  Hold'em Limit ($3/$6 USD) - 2016/10/18 15:58:07 ET
Table 'Pasiphae III' 10-max Seat #4 is the button
Seat 4: chanchorengo ($27.54 in chips)
Seat 6: AzureCaper ($118.73 in chips)
chanchorengo: posts small blind $1
AzureCaper: posts big blind $3
*** HOLE CARDS ***
chanchorengo: folds
Uncalled bet ($2) returned to AzureCaper
AzureCaper collected $2 from pot
AzureCaper: doesn't show hand
*** SUMMARY ***
Total pot $2 | Rake $0
Seat 4: chanchorengo (button) (small blind) folded before Flop
Seat 6: AzureCaper (big blind) collected ($2)


PokerStars Hand #160116960991:  Hold'em Limit ($3/$6 USD) - 2016/10/18 15:57:54 ET
Table 'Pasiphae III' 10-max Seat #6 is the button
Seat 4: chanchorengo ($18.90 in chips)
Seat 6: AzureCaper ($127.73 in chips)
AzureCaper: posts small blind $1
chanchorengo: posts big blind $3
*** HOLE CARDS ***
AzureCaper: raises $3 to $6
chanchorengo: calls $3
*** FLOP *** [2d 7d 8h]
chanchorengo: bets $3
AzureCaper: calls $3
*** TURN *** [2d 7d 8h] [9s]
chanchorengo: bets $6
AzureCaper: folds
Uncalled bet ($6) returned to chanchorengo
chanchorengo collected $17.64 from pot
chanchorengo: doesn't show hand
*** SUMMARY ***
Total pot $18 | Rake $0.36
Board [2d 7d 8h 9s]
Seat 4: chanchorengo (big blind) collected ($17.64)
Seat 6: AzureCaper (button) (small blind) folded on the Turn


PokerStars Hand #160116957331:  Hold'em Limit ($3/$6 USD) - 2016/10/18 15:57:49 ET
Table 'Pasiphae III' 10-max Seat #4 is the button
Seat 4: chanchorengo ($19.90 in chips)
Seat 6: AzureCaper ($126.73 in chips)
chanchorengo: posts small blind $1
AzureCaper: posts big blind $3
*** HOLE CARDS ***
chanchorengo: folds
Uncalled bet ($2) returned to AzureCaper
AzureCaper collected $2 from pot
AzureCaper: doesn't show hand
*** SUMMARY ***
Total pot $2 | Rake $0
Seat 4: chanchorengo (button) (small blind) folded before Flop
Seat 6: AzureCaper (big blind) collected ($2)


PokerStars Hand #160116952921:  Hold'em Limit ($3/$6 USD) - 2016/10/18 15:57:43 ET
Table 'Pasiphae III' 10-max Seat #6 is the button
Seat 4: chanchorengo ($18.90 in chips)
Seat 6: AzureCaper ($127.73 in chips)
AzureCaper: posts small blind $1
chanchorengo: posts big blind $3
*** HOLE CARDS ***
AzureCaper: folds
Uncalled bet ($2) returned to chanchorengo
chanchorengo collected $2 from pot
chanchorengo: doesn't show hand
*** SUMMARY ***
Total pot $2 | Rake $0
Seat 4: chanchorengo (big blind) collected ($2)
Seat 6: AzureCaper (button) (small blind) folded before Flop


PokerStars Hand #160116948620:  Hold'em Limit ($3/$6 USD) - 2016/10/18 15:57:36 ET
Table 'Pasiphae III' 10-max Seat #4 is the button
Seat 4: chanchorengo ($15.90 in chips)
Seat 6: AzureCaper ($130.73 in chips)
chanchorengo: posts small blind $1
AzureCaper: posts big blind $3
*** HOLE CARDS ***
chanchorengo: raises $3 to $6
AzureCaper: folds
Uncalled bet ($3) returned to chanchorengo
chanchorengo collected $6 from pot
chanchorengo: doesn't show hand
*** SUMMARY ***
Total pot $6 | Rake $0
Seat 4: chanchorengo (button) (small blind) collected ($6)
Seat 6: AzureCaper (big blind) folded before Flop


PokerStars Hand #160116929285:  Hold'em Limit ($3/$6 USD) - 2016/10/18 15:57:08 ET
Table 'Pasiphae III' 10-max Seat #6 is the button
Seat 4: chanchorengo ($24.90 in chips)
Seat 6: AzureCaper ($122.09 in chips)
AzureCaper: posts small blind $1
chanchorengo: posts big blind $3
*** HOLE CARDS ***
AzureCaper: raises $3 to $6
chanchorengo: calls $3
*** FLOP *** [Td Ks 7s]
chanchorengo: checks
AzureCaper: bets $3
chanchorengo: calls $3
*** TURN *** [Td Ks 7s] [9h]
chanchorengo: checks
AzureCaper: checks
*** RIVER *** [Td Ks 7s 9h] [Ac]
chanchorengo: checks
AzureCaper: bets $6
chanchorengo: folds
Uncalled bet ($6) returned to AzureCaper
AzureCaper collected $17.64 from pot
AzureCaper: doesn't show hand
*** SUMMARY ***
Total pot $18 | Rake $0.36
Board [Td Ks 7s 9h Ac]
Seat 4: chanchorengo (big blind) folded on the River
Seat 6: AzureCaper (button) (small blind) collected ($17.64)


PokerStars Hand #160117002219:  Hold'em Limit ($3/$6 USD) - 2016/10/18 15:58:54 ET
Table 'Pasiphae III' 10-max Seat #6 is the button
Seat 4: chanchorengo ($30.42 in chips)
Seat 6: AzureCaper ($115.73 in chips)
AzureCaper: posts small blind $1
chanchorengo: posts big blind $3
*** HOLE CARDS ***
AzureCaper: raises $3 to $6
chanchorengo: calls $3
*** FLOP *** [8d 5s Ad]
chanchorengo: checks
AzureCaper: bets $3
chanchorengo: calls $3
*** TURN *** [8d 5s Ad] [2h]
chanchorengo: checks
AzureCaper: checks
*** RIVER *** [8d 5s Ad 2h] [7s]
chanchorengo: bets $6
AzureCaper: folds
Uncalled bet ($6) returned to chanchorengo
chanchorengo collected $17.64 from pot
chanchorengo: doesn't show hand
*** SUMMARY ***
Total pot $18 | Rake $0.36
Board [8d 5s Ad 2h 7s]
Seat 4: chanchorengo (big blind) collected ($17.64)
Seat 6: AzureCaper (button) (small blind) folded on the River


PokerStars Hand #160116981877:  Hold'em Limit ($3/$6 USD) - 2016/10/18 15:58:25 ET
Table 'Pasiphae III' 10-max Seat #4 is the button
Seat 4: chanchorengo ($27.54 in chips)
Seat 6: AzureCaper ($118.73 in chips)
chanchorengo: posts small blind $1
AzureCaper: posts big blind $3
*** HOLE CARDS ***
chanchorengo: calls $2
AzureCaper: checks
*** FLOP *** [2s 2d 5h]
AzureCaper: checks
chanchorengo: checks
*** TURN *** [2s 2d 5h] [3c]
AzureCaper: checks
chanchorengo: checks
*** RIVER *** [2s 2d 5h 3c] [9c]
AzureCaper: checks
chanchorengo: bets $6
AzureCaper: folds
Uncalled bet ($6) returned to chanchorengo
chanchorengo collected $5.88 from pot
chanchorengo: doesn't show hand
*** SUMMARY ***
Total pot $6 | Rake $0.12
Board [2s 2d 5h 3c 9c]
Seat 4: chanchorengo (button) (small blind) collected ($5.88)
Seat 6: AzureCaper (big blind) folded on the River


PokerStars Hand #160117059619:  Hold'em Limit ($3/$6 USD) - 2016/10/18 16:00:17 ET
Table 'Pasiphae III' 10-max Seat #4 is the button
Seat 4: chanchorengo ($42.94 in chips)
Seat 6: AzureCaper ($102.73 in chips)
chanchorengo: posts small blind $1
AzureCaper: posts big blind $3
*** HOLE CARDS ***
chanchorengo: folds
Uncalled bet ($2) returned to AzureCaper
AzureCaper collected $2 from pot
AzureCaper: doesn't show hand
*** SUMMARY ***
Total pot $2 | Rake $0
Seat 4: chanchorengo (button) (small blind) folded before Flop
Seat 6: AzureCaper (big blind) collected ($2)


PokerStars Hand #160117052962:  Hold'em Limit ($3/$6 USD) - 2016/10/18 16:00:07 ET
Table 'Pasiphae III' 10-max Seat #6 is the button
Seat 4: chanchorengo ($41.94 in chips)
Seat 6: AzureCaper ($103.73 in chips)
AzureCaper: posts small blind $1
chanchorengo: posts big blind $3
*** HOLE CARDS ***
AzureCaper: folds
Uncalled bet ($2) returned to chanchorengo
chanchorengo collected $2 from pot
chanchorengo: doesn't show hand
*** SUMMARY ***
Total pot $2 | Rake $0
Seat 4: chanchorengo (big blind) collected ($2)
Seat 6: AzureCaper (button) (small blind) folded before Flop


PokerStars Hand #160117014058:  Hold'em Limit ($3/$6 USD) - 2016/10/18 15:59:11 ET
Table 'Pasiphae III' 10-max Seat #4 is the button
Seat 4: chanchorengo ($39.06 in chips)
Seat 6: AzureCaper ($106.73 in chips)
chanchorengo: posts small blind $1
AzureCaper: posts big blind $3
*** HOLE CARDS ***
chanchorengo: calls $2
AzureCaper: checks
*** FLOP *** [5s 8h Qd]
AzureCaper: checks
chanchorengo: bets $3
AzureCaper: folds
Uncalled bet ($3) returned to chanchorengo
chanchorengo collected $5.88 from pot
chanchorengo: doesn't show hand
*** SUMMARY ***
Total pot $6 | Rake $0.12
Board [5s 8h Qd]
Seat 4: chanchorengo (button) (small blind) collected ($5.88)
Seat 6: AzureCaper (big blind) folded on the Flop


PokerStars Hand #160117068625:  Hold'em Limit ($3/$6 USD) - 2016/10/18 16:00:30 ET
Table 'Pasiphae III' 10-max Seat #4 is the button
Seat 4: chanchorengo ($42.94 in chips)
Seat 6: AzureCaper ($102.73 in chips)
chanchorengo: posts small blind $1
AzureCaper: posts big blind $3
*** HOLE CARDS ***
chanchorengo: calls $2
AzureCaper: checks
*** FLOP *** [Qs 6h As]
hooverr joins the table at seat #8
AzureCaper: checks
chanchorengo: bets $3
AzureCaper: folds
Uncalled bet ($3) returned to chanchorengo
chanchorengo collected $5.88 from pot
chanchorengo: doesn't show hand
*** SUMMARY ***
Total pot $6 | Rake $0.12
Board [Qs 6h As]
Seat 4: chanchorengo (button) (small blind) collected ($5.88)
Seat 6: AzureCaper (big blind) folded on the Flop


PokerStars Hand #160117063613:  Hold'em Limit ($3/$6 USD) - 2016/10/18 16:00:23 ET
Table 'Pasiphae III' 10-max Seat #6 is the button
Seat 4: chanchorengo ($41.94 in chips)
Seat 6: AzureCaper ($103.73 in chips)
AzureCaper: posts small blind $1
chanchorengo: posts big blind $3
*** HOLE CARDS ***
AzureCaper: folds
Uncalled bet ($2) returned to chanchorengo
chanchorengo collected $2 from pot
chanchorengo: doesn't show hand
*** SUMMARY ***
Total pot $2 | Rake $0
Seat 4: chanchorengo (big blind) collected ($2)
Seat 6: AzureCaper (button) (small blind) folded before Flop


