PokerStars Hand #165899996654:  Hold'em Limit ($3/$6 USD) - 2017/02/08 15:49:58 ET
Table 'Pasiphae' 6-max Seat #4 is the button
Seat 1: bourgeois50 ($94.92 in chips)
Seat 4: Actionni13 ($151 in chips)
Actionni13: posts small blind $1
bourgeois50: posts big blind $3
*** HOLE CARDS ***
Actionni13: folds
Uncalled bet ($2) returned to bourgeois50
bourgeois50 collected $2 from pot
*** SUMMARY ***
Total pot $2 | Rake $0
Seat 1: bourgeois50 (big blind) collected ($2)
Seat 4: Actionni13 (button) (small blind) folded before Flop


PokerStars Hand #165899991885:  Hold'em Limit ($3/$6 USD) - 2017/02/08 15:49:53 ET
Table 'Pasiphae' 6-max Seat #1 is the button
Seat 1: bourgeois50 ($95.92 in chips)
Seat 4: Actionni13 ($150 in chips)
bourgeois50: posts small blind $1
Actionni13: posts big blind $3
*** HOLE CARDS ***
bourgeois50: folds
Uncalled bet ($2) returned to Actionni13
Actionni13 collected $2 from pot
*** SUMMARY ***
Total pot $2 | Rake $0
Seat 1: bourgeois50 (button) (small blind) folded before Flop
Seat 4: Actionni13 (big blind) collected ($2)


PokerStars Hand #165899956528:  Hold'em Limit ($3/$6 USD) - 2017/02/08 15:49:18 ET
Table 'Pasiphae' 6-max Seat #4 is the button
Seat 1: bourgeois50 ($84.40 in chips)
Seat 4: Actionni13 ($158.64 in chips)
Actionni13: posts small blind $1
bourgeois50: posts big blind $3
*** HOLE CARDS ***
Actionni13: raises $3 to $6
bourgeois50: calls $3
*** FLOP *** [2s Ah 5h]
bourgeois50: checks
Actionni13: bets $3
bourgeois50: raises $3 to $6
Actionni13: calls $3
*** TURN *** [2s Ah 5h] [4s]
bourgeois50: bets $6
Actionni13: folds
Uncalled bet ($6) returned to bourgeois50
bourgeois50 collected $23.52 from pot
*** SUMMARY ***
Total pot $24 | Rake $0.48
Board [2s Ah 5h 4s]
Seat 1: bourgeois50 (big blind) collected ($23.52)
Seat 4: Actionni13 (button) (small blind) folded on the Turn


PokerStars Hand #165899945415:  Hold'em Limit ($3/$6 USD) - 2017/02/08 15:49:07 ET
Table 'Pasiphae' 6-max Seat #1 is the button
Seat 1: bourgeois50 ($93.40 in chips)
Seat 4: Actionni13 ($150 in chips)
bourgeois50: posts small blind $1
Actionni13: posts big blind $3
*** HOLE CARDS ***
bourgeois50: raises $3 to $6
Actionni13: calls $3
*** FLOP *** [Jh 4d 4c]
Actionni13: checks
bourgeois50: bets $3
Actionni13: raises $3 to $6
bourgeois50: folds
Uncalled bet ($3) returned to Actionni13
Actionni13 collected $17.64 from pot
*** SUMMARY ***
Total pot $18 | Rake $0.36
Board [Jh 4d 4c]
Seat 1: bourgeois50 (button) (small blind) folded on the Flop
Seat 4: Actionni13 (big blind) collected ($17.64)


PokerStars Hand #165900038939:  Hold'em Limit ($3/$6 USD) - 2017/02/08 15:50:39 ET
Table 'Pasiphae' 6-max Seat #1 is the button
Seat 1: bourgeois50 ($89.92 in chips)
Seat 4: Actionni13 ($159.64 in chips)
bourgeois50: posts small blind $1
Actionni13: posts big blind $3
*** HOLE CARDS ***
bourgeois50: raises $3 to $6
Actionni13: folds
Uncalled bet ($3) returned to bourgeois50
bourgeois50 collected $6 from pot
*** SUMMARY ***
Total pot $6 | Rake $0
Seat 1: bourgeois50 (button) (small blind) collected ($6)
Seat 4: Actionni13 (big blind) folded before Flop


PokerStars Hand #165900022954:  Hold'em Limit ($3/$6 USD) - 2017/02/08 15:50:24 ET
Table 'Pasiphae' 6-max Seat #4 is the button
Seat 1: bourgeois50 ($98.92 in chips)
Seat 4: Actionni13 ($151 in chips)
Actionni13: posts small blind $1
bourgeois50: posts big blind $3
*** HOLE CARDS ***
Actionni13: raises $3 to $6
bourgeois50: calls $3
*** FLOP *** [3d 6h 5h]
bourgeois50: checks
Actionni13: bets $3
bourgeois50: calls $3
*** TURN *** [3d 6h 5h] [2c]
bourgeois50: checks
Actionni13: bets $6
bourgeois50: folds
Uncalled bet ($6) returned to Actionni13
Actionni13 collected $17.64 from pot
*** SUMMARY ***
Total pot $18 | Rake $0.36
Board [3d 6h 5h 2c]
Seat 1: bourgeois50 (big blind) folded on the Turn
Seat 4: Actionni13 (button) (small blind) collected ($17.64)


PokerStars Hand #165900018585:  Hold'em Limit ($3/$6 USD) - 2017/02/08 15:50:19 ET
Table 'Pasiphae' 6-max Seat #1 is the button
Seat 1: bourgeois50 ($99.92 in chips)
Seat 4: Actionni13 ($150 in chips)
bourgeois50: posts small blind $1
Actionni13: posts big blind $3
*** HOLE CARDS ***
bourgeois50: folds
Uncalled bet ($2) returned to Actionni13
Actionni13 collected $2 from pot
*** SUMMARY ***
Total pot $2 | Rake $0
Seat 1: bourgeois50 (button) (small blind) folded before Flop
Seat 4: Actionni13 (big blind) collected ($2)


PokerStars Hand #165900014041:  Hold'em Limit ($3/$6 USD) - 2017/02/08 15:50:15 ET
Table 'Pasiphae' 6-max Seat #4 is the button
Seat 1: bourgeois50 ($98.92 in chips)
Seat 4: Actionni13 ($150 in chips)
Actionni13: posts small blind $1
bourgeois50: posts big blind $3
*** HOLE CARDS ***
Actionni13: folds
Uncalled bet ($2) returned to bourgeois50
bourgeois50 collected $2 from pot
*** SUMMARY ***
Total pot $2 | Rake $0
Seat 1: bourgeois50 (big blind) collected ($2)
Seat 4: Actionni13 (button) (small blind) folded before Flop


PokerStars Hand #165900001442:  Hold'em Limit ($3/$6 USD) - 2017/02/08 15:50:02 ET
Table 'Pasiphae' 6-max Seat #1 is the button
Seat 1: bourgeois50 ($95.92 in chips)
Seat 4: Actionni13 ($150 in chips)
bourgeois50: posts small blind $1
Actionni13: posts big blind $3
*** HOLE CARDS ***
bourgeois50: raises $3 to $6
Actionni13: folds
Uncalled bet ($3) returned to bourgeois50
bourgeois50 collected $6 from pot
*** SUMMARY ***
Total pot $6 | Rake $0
Seat 1: bourgeois50 (button) (small blind) collected ($6)
Seat 4: Actionni13 (big blind) folded before Flop


PokerStars Hand #165900093952:  Hold'em Limit ($3/$6 USD) - 2017/02/08 15:51:33 ET
Table 'Pasiphae' 6-max Seat #4 is the button
Seat 1: bourgeois50 ($71.92 in chips)
Seat 4: Actionni13 ($176.90 in chips)
Actionni13: posts small blind $1
bourgeois50: posts big blind $3
*** HOLE CARDS ***
Actionni13: raises $3 to $6
bourgeois50 said, "play faster idiot"
bourgeois50: calls $3
*** FLOP *** [Td 2h 4s]
bourgeois50: checks
Actionni13: checks
*** TURN *** [Td 2h 4s] [3d]
bourgeois50: bets $6
234599330 joins the table at seat #2
Actionni13: calls $6
*** RIVER *** [Td 2h 4s 3d] [2d]
bourgeois50: bets $6
Actionni13: calls $6
*** SHOW DOWN ***
bourgeois50: shows [2c 9c] (three of a kind, Deuces)
Actionni13: mucks hand
bourgeois50 collected $35.50 from pot
*** SUMMARY ***
Total pot $36 | Rake $0.50
Board [Td 2h 4s 3d 2d]
Seat 1: bourgeois50 (big blind) showed [2c 9c] and won ($35.50) with three of a kind, Deuces
Seat 4: Actionni13 (button) (small blind) mucked


PokerStars Hand #165900073262:  Hold'em Limit ($3/$6 USD) - 2017/02/08 15:51:13 ET
Table 'Pasiphae' 6-max Seat #1 is the button
Seat 1: bourgeois50 ($86.92 in chips)
Seat 4: Actionni13 ($162.40 in chips)
bourgeois50: posts small blind $1
Actionni13: posts big blind $3
*** HOLE CARDS ***
bourgeois50: raises $3 to $6
Actionni13: raises $3 to $9
bourgeois50: calls $3
*** FLOP *** [Ac 4s 7s]
Actionni13: bets $3
bourgeois50: raises $3 to $6
Actionni13: calls $3
*** TURN *** [Ac 4s 7s] [Qh]
Actionni13: checks
bourgeois50: checks
*** RIVER *** [Ac 4s 7s Qh] [8c]
Actionni13: bets $6
bourgeois50: folds
Uncalled bet ($6) returned to Actionni13
Actionni13 collected $29.50 from pot
*** SUMMARY ***
Total pot $30 | Rake $0.50
Board [Ac 4s 7s Qh 8c]
Seat 1: bourgeois50 (button) (small blind) folded on the River
Seat 4: Actionni13 (big blind) collected ($29.50)


PokerStars Hand #165900054944:  Hold'em Limit ($3/$6 USD) - 2017/02/08 15:50:55 ET
Table 'Pasiphae' 6-max Seat #4 is the button
Seat 1: bourgeois50 ($92.92 in chips)
Seat 4: Actionni13 ($156.64 in chips)
Actionni13: posts small blind $1
bourgeois50: posts big blind $3
*** HOLE CARDS ***
Actionni13: raises $3 to $6
bourgeois50: calls $3
*** FLOP *** [7c 4h 8s]
bourgeois50: checks
Actionni13: checks
*** TURN *** [7c 4h 8s] [Qc]
bourgeois50: checks
Actionni13: bets $6
bourgeois50: folds
Uncalled bet ($6) returned to Actionni13
Actionni13 collected $11.76 from pot
*** SUMMARY ***
Total pot $12 | Rake $0.24
Board [7c 4h 8s Qc]
Seat 1: bourgeois50 (big blind) folded on the Turn
Seat 4: Actionni13 (button) (small blind) collected ($11.76)


PokerStars Hand #165900338259:  Hold'em Limit ($3/$6 USD) - 2017/02/08 15:55:43 ET
Table 'Pasiphae' 6-max Seat #1 is the button
Seat 1: bourgeois50 ($74.28 in chips)
Seat 4: Actionni13 ($173.81 in chips)
bourgeois50: posts small blind $1
Actionni13: posts big blind $3
*** HOLE CARDS ***
234599330 leaves the table
bourgeois50: folds
Uncalled bet ($2) returned to Actionni13
Actionni13 collected $2 from pot
*** SUMMARY ***
Total pot $2 | Rake $0
Seat 1: bourgeois50 (button) (small blind) folded before Flop
Seat 4: Actionni13 (big blind) collected ($2)


PokerStars Hand #165900331417:  Hold'em Limit ($3/$6 USD) - 2017/02/08 15:55:35 ET
Table 'Pasiphae' 6-max Seat #4 is the button
Seat 1: bourgeois50 ($73.28 in chips)
Seat 4: Actionni13 ($174.81 in chips)
Actionni13: posts small blind $1
bourgeois50: posts big blind $3
*** HOLE CARDS ***
Actionni13: folds
Uncalled bet ($2) returned to bourgeois50
bourgeois50 collected $2 from pot
*** SUMMARY ***
Total pot $2 | Rake $0
Seat 1: bourgeois50 (big blind) collected ($2)
Seat 4: Actionni13 (button) (small blind) folded before Flop


PokerStars Hand #165900321824:  Hold'em Limit ($3/$6 USD) - 2017/02/08 15:55:23 ET
Table 'Pasiphae' 6-max Seat #1 is the button
Seat 1: bourgeois50 ($70.28 in chips)
Seat 4: Actionni13 ($177.81 in chips)
bourgeois50: posts small blind $1
234599330: is sitting out
Actionni13: posts big blind $3
*** HOLE CARDS ***
bourgeois50: raises $3 to $6
Actionni13: folds
Uncalled bet ($3) returned to bourgeois50
bourgeois50 collected $6 from pot
*** SUMMARY ***
Total pot $6 | Rake $0
Seat 1: bourgeois50 (button) (small blind) collected ($6)
Seat 4: Actionni13 (big blind) folded before Flop


PokerStars Hand #165900362958:  Hold'em Limit ($3/$6 USD) - 2017/02/08 15:56:14 ET
Table 'Pasiphae' 6-max Seat #1 is the button
Seat 1: bourgeois50 ($84.80 in chips)
Seat 4: Actionni13 ($162.81 in chips)
bourgeois50: posts small blind $1
Actionni13: posts big blind $3
*** HOLE CARDS ***
bourgeois50: raises $3 to $6
Actionni13: calls $3
*** FLOP *** [5s Tc 5c]
Actionni13: checks
bourgeois50: bets $3
Actionni13: calls $3
*** TURN *** [5s Tc 5c] [Ks]
Actionni13: checks
bourgeois50: checks
*** RIVER *** [5s Tc 5c Ks] [8h]
Actionni13: checks
bourgeois50: bets $6
Actionni13: calls $6
*** SHOW DOWN ***
bourgeois50: shows [9d Js] (a pair of Fives)
Actionni13: shows [Ad 2c] (a pair of Fives - Ace kicker)
Actionni13 collected $29.50 from pot
*** SUMMARY ***
Total pot $30 | Rake $0.50
Board [5s Tc 5c Ks 8h]
Seat 1: bourgeois50 (button) (small blind) showed [9d Js] and lost with a pair of Fives
Seat 4: Actionni13 (big blind) showed [Ad 2c] and won ($29.50) with a pair of Fives


PokerStars Hand #165900342006:  Hold'em Limit ($3/$6 USD) - 2017/02/08 15:55:48 ET
Table 'Pasiphae' 6-max Seat #4 is the button
Seat 1: bourgeois50 ($73.28 in chips)
Seat 4: Actionni13 ($174.81 in chips)
Actionni13: posts small blind $1
bourgeois50: posts big blind $3
*** HOLE CARDS ***
Actionni13: raises $3 to $6
bourgeois50: calls $3
*** FLOP *** [8d Th Td]
bourgeois50: checks
Actionni13: checks
*** TURN *** [8d Th Td] [Jd]
bourgeois50: bets $6
Actionni13: calls $6
*** RIVER *** [8d Th Td Jd] [7c]
bourgeois50: checks
Actionni13: checks
*** SHOW DOWN ***
bourgeois50: shows [7h 8s] (two pair, Tens and Eights)
Actionni13: mucks hand
bourgeois50 collected $23.52 from pot
*** SUMMARY ***
Total pot $24 | Rake $0.48
Board [8d Th Td Jd 7c]
Seat 1: bourgeois50 (big blind) showed [7h 8s] and won ($23.52) with two pair, Tens and Eights
Seat 4: Actionni13 (button) (small blind) mucked


PokerStars Hand #165900466639:  Hold'em Limit ($3/$6 USD) - 2017/02/08 15:58:22 ET
Table 'Pasiphae' 6-max Seat #4 is the button
Seat 1: bourgeois50 ($67.30 in chips)
Seat 4: Actionni13 ($184.81 in chips)
Actionni13: posts small blind $1
bourgeois50: posts big blind $3
*** HOLE CARDS ***
Actionni13: raises $3 to $6
bourgeois50: raises $3 to $9
Actionni13: calls $3
*** FLOP *** [Kh 8s 3s]
bourgeois50: bets $3
Actionni13: calls $3
*** TURN *** [Kh 8s 3s] [3c]
bourgeois50: bets $6
Actionni13: calls $6
*** RIVER *** [Kh 8s 3s 3c] [3d]
bourgeois50: checks
Actionni13: checks
*** SHOW DOWN ***
bourgeois50: shows [As 7s] (three of a kind, Threes)
Actionni13: shows [Tc Ac] (three of a kind, Threes)
bourgeois50 collected $17.75 from pot
Actionni13 collected $17.75 from pot
*** SUMMARY ***
Total pot $36 | Rake $0.50
Board [Kh 8s 3s 3c 3d]
Seat 1: bourgeois50 (big blind) showed [As 7s] and won ($17.75) with three of a kind, Threes
Seat 4: Actionni13 (button) (small blind) showed [Tc Ac] and won ($17.75) with three of a kind, Threes


PokerStars Hand #165900483061:  Hold'em Limit ($3/$6 USD) - 2017/02/08 15:58:42 ET
Table 'Pasiphae' 6-max Seat #1 is the button
Seat 1: bourgeois50 ($67.05 in chips)
Seat 4: Actionni13 ($184.56 in chips)
bourgeois50: posts small blind $1
Actionni13: posts big blind $3
*** HOLE CARDS ***
bourgeois50: raises $3 to $6
Actionni13: raises $3 to $9
bourgeois50: calls $3
*** FLOP *** [Kd 4d 6d]
Actionni13: bets $3
bourgeois50: calls $3
*** TURN *** [Kd 4d 6d] [Jc]
Actionni13: bets $6
bourgeois50: folds
Uncalled bet ($6) returned to Actionni13
Actionni13 collected $23.52 from pot
*** SUMMARY ***
Total pot $24 | Rake $0.48
Board [Kd 4d 6d Jc]
Seat 1: bourgeois50 (button) (small blind) folded on the Turn
Seat 4: Actionni13 (big blind) collected ($23.52)


PokerStars Hand #165900494152:  Hold'em Limit ($3/$6 USD) - 2017/02/08 15:58:56 ET
Table 'Pasiphae' 6-max Seat #4 is the button
Seat 1: bourgeois50 ($55.05 in chips)
Seat 4: Actionni13 ($196.08 in chips)
Actionni13: posts small blind $1
bourgeois50: posts big blind $3
*** HOLE CARDS ***
Actionni13: raises $3 to $6
bourgeois50: raises $3 to $9
Actionni13: calls $3
*** FLOP *** [2d 4s 3c]
bourgeois50: bets $3
Actionni13: calls $3
*** TURN *** [2d 4s 3c] [3d]
bourgeois50: bets $6
Actionni13: calls $6
*** RIVER *** [2d 4s 3c 3d] [6h]
bourgeois50: bets $6
Actionni13: calls $6
*** SHOW DOWN ***
bourgeois50: shows [Qs Td] (a pair of Threes)
Actionni13: shows [As Kc] (a pair of Threes - Ace kicker)
Actionni13 collected $47.50 from pot
*** SUMMARY ***
Total pot $48 | Rake $0.50
Board [2d 4s 3c 3d 6h]
Seat 1: bourgeois50 (big blind) showed [Qs Td] and lost with a pair of Threes
Seat 4: Actionni13 (button) (small blind) showed [As Kc] and won ($47.50) with a pair of Threes


PokerStars Hand #165900533105:  Hold'em Limit ($3/$6 USD) - 2017/02/08 15:59:43 ET
Table 'Pasiphae' 6-max Seat #4 is the button
Seat 1: bourgeois50 ($62.69 in chips)
Seat 4: Actionni13 ($210.58 in chips)
Actionni13: posts small blind $1
bourgeois50: posts big blind $3
*** HOLE CARDS ***
Actionni13: folds
Uncalled bet ($2) returned to bourgeois50
bourgeois50 collected $2 from pot
*** SUMMARY ***
Total pot $2 | Rake $0
Seat 1: bourgeois50 (big blind) collected ($2)
Seat 4: Actionni13 (button) (small blind) folded before Flop


PokerStars Hand #165900512302:  Hold'em Limit ($3/$6 USD) - 2017/02/08 15:59:18 ET
Table 'Pasiphae' 6-max Seat #1 is the button
Seat 1: bourgeois50 ($31.05 in chips)
Seat 4: Actionni13 ($219.58 in chips)
bourgeois50: posts small blind $1
Actionni13: posts big blind $3
*** HOLE CARDS ***
bourgeois50: raises $3 to $6
Actionni13: calls $3
*** FLOP *** [Ts Ac 2c]
Actionni13: checks
bourgeois50: bets $3
Actionni13: calls $3
*** TURN *** [Ts Ac 2c] [7s]
Actionni13: checks
bourgeois50: bets $6
Actionni13: folds
Uncalled bet ($6) returned to bourgeois50
bourgeois50 collected $17.64 from pot
*** SUMMARY ***
Total pot $18 | Rake $0.36
Board [Ts Ac 2c 7s]
Seat 1: bourgeois50 (button) (small blind) collected ($17.64)
Seat 4: Actionni13 (big blind) folded on the Turn


PokerStars Hand #165900560519:  Hold'em Limit ($3/$6 USD) - 2017/02/08 16:00:13 ET
Table 'Pasiphae' 6-max Seat #1 is the button
Seat 1: bourgeois50 ($69.21 in chips)
Seat 4: Actionni13 ($203.34 in chips)
bourgeois50: posts small blind $1
Actionni13: posts big blind $3
*** HOLE CARDS ***
bourgeois50: raises $3 to $6
Actionni13: calls $3
*** FLOP *** [3s 7c 4h]
Actionni13: checks
bourgeois50: bets $3
Actionni13: raises $3 to $6
bourgeois50: calls $3
*** TURN *** [3s 7c 4h] [Js]
Actionni13: bets $6
bourgeois50: raises $6 to $12
Actionni13: calls $6
*** RIVER *** [3s 7c 4h Js] [4c]
Actionni13: checks
bourgeois50: bets $6
Actionni13: folds
Uncalled bet ($6) returned to bourgeois50
bourgeois50 collected $47.50 from pot
*** SUMMARY ***
Total pot $48 | Rake $0.50
Board [3s 7c 4h Js 4c]
Seat 1: bourgeois50 (button) (small blind) collected ($47.50)
Seat 4: Actionni13 (big blind) folded on the River


PokerStars Hand #165900537529:  Hold'em Limit ($3/$6 USD) - 2017/02/08 15:59:49 ET
Table 'Pasiphae' 6-max Seat #1 is the button
Seat 1: bourgeois50 ($63.69 in chips)
Seat 4: Actionni13 ($209.58 in chips)
bourgeois50: posts small blind $1
Actionni13: posts big blind $3
*** HOLE CARDS ***
bourgeois50: raises $3 to $6
Actionni13: raises $3 to $9
bourgeois50: calls $3
*** FLOP *** [7d 2d Jh]
Actionni13: bets $3
bourgeois50: raises $3 to $6
Actionni13: folds
Uncalled bet ($3) returned to bourgeois50
bourgeois50 collected $23.52 from pot
*** SUMMARY ***
Total pot $24 | Rake $0.48
Board [7d 2d Jh]
Seat 1: bourgeois50 (button) (small blind) collected ($23.52)
Seat 4: Actionni13 (big blind) folded on the Flop


PokerStars Hand #165900550607:  Hold'em Limit ($3/$6 USD) - 2017/02/08 16:00:05 ET
Table 'Pasiphae' 6-max Seat #4 is the button
Seat 1: bourgeois50 ($75.21 in chips)
Seat 4: Actionni13 ($197.58 in chips)
Actionni13: posts small blind $1
bourgeois50: posts big blind $3
*** HOLE CARDS ***
Actionni13: raises $3 to $6
bourgeois50: calls $3
*** FLOP *** [5d Ks Jh]
bourgeois50: checks
Actionni13: bets $3
bourgeois50: folds
Uncalled bet ($3) returned to Actionni13
Actionni13 collected $11.76 from pot
*** SUMMARY ***
Total pot $12 | Rake $0.24
Board [5d Ks Jh]
Seat 1: bourgeois50 (big blind) folded on the Flop
Seat 4: Actionni13 (button) (small blind) collected ($11.76)


PokerStars Hand #165900385443:  Hold'em Limit ($3/$6 USD) - 2017/02/08 15:56:42 ET
Table 'Pasiphae' 6-max Seat #4 is the button
Seat 1: bourgeois50 ($69.80 in chips)
Seat 4: Actionni13 ($177.31 in chips)
Actionni13: posts small blind $1
bourgeois50: posts big blind $3
*** HOLE CARDS ***
Actionni13: raises $3 to $6
bourgeois50: calls $3
*** FLOP *** [2d 7d 7h]
bourgeois50: checks
Actionni13: checks
*** TURN *** [2d 7d 7h] [As]
bourgeois50: bets $6
Actionni13: calls $6
*** RIVER *** [2d 7d 7h As] [6c]
bourgeois50: bets $6
Actionni13: calls $6
*** SHOW DOWN ***
bourgeois50: shows [Ac 3d] (two pair, Aces and Sevens)
Actionni13: mucks hand
bourgeois50 collected $35.50 from pot
*** SUMMARY ***
Total pot $36 | Rake $0.50
Board [2d 7d 7h As 6c]
Seat 1: bourgeois50 (big blind) showed [Ac 3d] and won ($35.50) with two pair, Aces and Sevens
Seat 4: Actionni13 (button) (small blind) mucked


PokerStars Hand #165900410344:  Hold'em Limit ($3/$6 USD) - 2017/02/08 15:57:13 ET
Table 'Pasiphae' 6-max Seat #1 is the button
Seat 1: bourgeois50 ($87.30 in chips)
Seat 4: Actionni13 ($159.31 in chips)
bourgeois50: posts small blind $1
Actionni13: posts big blind $3
*** HOLE CARDS ***
bourgeois50: raises $3 to $6
Actionni13: calls $3
*** FLOP *** [Jd Js Ks]
Actionni13: checks
bourgeois50: bets $3
Actionni13: raises $3 to $6
bourgeois50: folds
Uncalled bet ($3) returned to Actionni13
Actionni13 collected $17.64 from pot
*** SUMMARY ***
Total pot $18 | Rake $0.36
Board [Jd Js Ks]
Seat 1: bourgeois50 (button) (small blind) folded on the Flop
Seat 4: Actionni13 (big blind) collected ($17.64)


PokerStars Hand #165900420634:  Hold'em Limit ($3/$6 USD) - 2017/02/08 15:57:25 ET
Table 'Pasiphae' 6-max Seat #4 is the button
Seat 1: bourgeois50 ($78.30 in chips)
Seat 4: Actionni13 ($167.95 in chips)
ebachev71 joins the table at seat #6
Actionni13: posts small blind $1
bourgeois50: posts big blind $3
*** HOLE CARDS ***
Actionni13: raises $3 to $6
bourgeois50: calls $3
*** FLOP *** [6s Jc 5d]
bourgeois50: checks
Actionni13: bets $3
bourgeois50: folds
Uncalled bet ($3) returned to Actionni13
Actionni13 collected $11.76 from pot
*** SUMMARY ***
Total pot $12 | Rake $0.24
Board [6s Jc 5d]
Seat 1: bourgeois50 (big blind) folded on the Flop
Seat 4: Actionni13 (button) (small blind) collected ($11.76)


PokerStars Hand #165900591935:  Hold'em Limit ($3/$6 USD) - 2017/02/08 16:00:50 ET
Table 'Pasiphae' 6-max Seat #4 is the button
Seat 1: bourgeois50 ($92.71 in chips)
Seat 4: Actionni13 ($179.34 in chips)
Actionni13: posts small blind $1
bourgeois50: posts big blind $3
*** HOLE CARDS ***
Actionni13: raises $3 to $6
bourgeois50: calls $3
*** FLOP *** [Td 6h Qc]
bourgeois50: checks
Actionni13: bets $3
bourgeois50: calls $3
*** TURN *** [Td 6h Qc] [Qh]
bourgeois50: checks
Actionni13: bets $6
bourgeois50: calls $6
*** RIVER *** [Td 6h Qc Qh] [Js]
bourgeois50: checks
Actionni13: bets $6
bourgeois50: folds
Uncalled bet ($6) returned to Actionni13
Actionni13 collected $29.50 from pot
*** SUMMARY ***
Total pot $30 | Rake $0.50
Board [Td 6h Qc Qh Js]
Seat 1: bourgeois50 (big blind) folded on the River
Seat 4: Actionni13 (button) (small blind) collected ($29.50)


PokerStars Hand #165900611715:  Hold'em Limit ($3/$6 USD) - 2017/02/08 16:01:11 ET
Table 'Pasiphae' 6-max Seat #1 is the button
Seat 1: bourgeois50 ($77.71 in chips)
Seat 4: Actionni13 ($193.84 in chips)
bourgeois50: posts small blind $1
Actionni13: posts big blind $3
*** HOLE CARDS ***
bourgeois50: raises $3 to $6
Actionni13: calls $3
*** FLOP *** [6c Kh Qs]
Actionni13: checks
bourgeois50: bets $3
Actionni13: calls $3
*** TURN *** [6c Kh Qs] [9d]
Actionni13: checks
bourgeois50: checks
*** RIVER *** [6c Kh Qs 9d] [Ts]
Actionni13: checks
bourgeois50: checks
*** SHOW DOWN ***
Actionni13: shows [Ah 2d] (high card Ace)
bourgeois50: shows [4d Ac] (high card Ace)
Actionni13 collected $8.82 from pot
bourgeois50 collected $8.82 from pot
*** SUMMARY ***
Total pot $18 | Rake $0.36
Board [6c Kh Qs 9d Ts]
Seat 1: bourgeois50 (button) (small blind) showed [4d Ac] and won ($8.82) with high card Ace
Seat 4: Actionni13 (big blind) showed [Ah 2d] and won ($8.82) with high card Ace


PokerStars Hand #165900649623:  Hold'em Limit ($3/$6 USD) - 2017/02/08 16:01:52 ET
Table 'Pasiphae' 6-max Seat #1 is the button
Seat 1: bourgeois50 ($78.53 in chips)
Seat 4: Actionni13 ($192.66 in chips)
bourgeois50: posts small blind $1
Actionni13: posts big blind $3
*** HOLE CARDS ***
bourgeois50: folds
Uncalled bet ($2) returned to Actionni13
Actionni13 collected $2 from pot
*** SUMMARY ***
Total pot $2 | Rake $0
Seat 1: bourgeois50 (button) (small blind) folded before Flop
Seat 4: Actionni13 (big blind) collected ($2)


PokerStars Hand #165900636306:  Hold'em Limit ($3/$6 USD) - 2017/02/08 16:01:38 ET
Table 'Pasiphae' 6-max Seat #4 is the button
Seat 1: bourgeois50 ($77.53 in chips)
Seat 4: Actionni13 ($193.66 in chips)
Actionni13: posts small blind $1
bourgeois50: posts big blind $3
*** HOLE CARDS ***
Actionni13: folds
Uncalled bet ($2) returned to bourgeois50
bourgeois50 collected $2 from pot
*** SUMMARY ***
Total pot $2 | Rake $0
Seat 1: bourgeois50 (big blind) collected ($2)
Seat 4: Actionni13 (button) (small blind) folded before Flop


PokerStars Hand #165900655183:  Hold'em Limit ($3/$6 USD) - 2017/02/08 16:01:57 ET
Table 'Pasiphae' 6-max Seat #4 is the button
Seat 1: bourgeois50 ($77.53 in chips)
Seat 4: Actionni13 ($193.66 in chips)
Actionni13: posts small blind $1
bourgeois50: posts big blind $3
*** HOLE CARDS ***
Actionni13: raises $3 to $6
bourgeois50: calls $3
*** FLOP *** [Ts Qh 8h]
bourgeois50: checks
Actionni13: bets $3
bourgeois50 said, "play idiot"
bourgeois50: calls $3
*** TURN *** [Ts Qh 8h] [9d]
bourgeois50: checks
Actionni13: bets $6
bourgeois50: folds
Uncalled bet ($6) returned to Actionni13
Actionni13 collected $17.64 from pot
*** SUMMARY ***
Total pot $18 | Rake $0.36
Board [Ts Qh 8h 9d]
Seat 1: bourgeois50 (big blind) folded on the Turn
Seat 4: Actionni13 (button) (small blind) collected ($17.64)


PokerStars Hand #165900685655:  Hold'em Limit ($3/$6 USD) - 2017/02/08 16:02:28 ET
Table 'Pasiphae' 6-max Seat #1 is the button
Seat 1: bourgeois50 ($68.53 in chips)
Seat 4: Actionni13 ($202.30 in chips)
bourgeois50: posts small blind $1
Actionni13: posts big blind $3
*** HOLE CARDS ***
bourgeois50: raises $3 to $6
Actionni13: folds
Uncalled bet ($3) returned to bourgeois50
bourgeois50 collected $6 from pot
*** SUMMARY ***
Total pot $6 | Rake $0
Seat 1: bourgeois50 (button) (small blind) collected ($6)
Seat 4: Actionni13 (big blind) folded before Flop


PokerStars Hand #165900705471:  Hold'em Limit ($3/$6 USD) - 2017/02/08 16:02:49 ET
Table 'Pasiphae' 6-max Seat #1 is the button
Seat 1: bourgeois50 ($80.17 in chips)
Seat 4: Actionni13 ($190.30 in chips)
bourgeois50: posts small blind $1
Actionni13: posts big blind $3
*** HOLE CARDS ***
bourgeois50: folds
Uncalled bet ($2) returned to Actionni13
Actionni13 collected $2 from pot
*** SUMMARY ***
Total pot $2 | Rake $0
Seat 1: bourgeois50 (button) (small blind) folded before Flop
Seat 4: Actionni13 (big blind) collected ($2)


PokerStars Hand #165900691954:  Hold'em Limit ($3/$6 USD) - 2017/02/08 16:02:35 ET
Table 'Pasiphae' 6-max Seat #4 is the button
Seat 1: bourgeois50 ($71.53 in chips)
Seat 4: Actionni13 ($199.30 in chips)
Actionni13: posts small blind $1
bourgeois50: posts big blind $3
*** HOLE CARDS ***
Actionni13: raises $3 to $6
bourgeois50: calls $3
*** FLOP *** [2c 8d 5s]
bourgeois50: checks
Actionni13: bets $3
bourgeois50: raises $3 to $6
Actionni13: folds
Uncalled bet ($3) returned to bourgeois50
bourgeois50 collected $17.64 from pot
*** SUMMARY ***
Total pot $18 | Rake $0.36
Board [2c 8d 5s]
Seat 1: bourgeois50 (big blind) collected ($17.64)
Seat 4: Actionni13 (button) (small blind) folded on the Flop


PokerStars Hand #165900709860:  Hold'em Limit ($3/$6 USD) - 2017/02/08 16:02:53 ET
Table 'Pasiphae' 6-max Seat #4 is the button
Seat 1: bourgeois50 ($79.17 in chips)
Seat 4: Actionni13 ($191.30 in chips)
Actionni13: posts small blind $1
bourgeois50: posts big blind $3
*** HOLE CARDS ***
Actionni13: raises $3 to $6
bourgeois50: calls $3
*** FLOP *** [3s Jh 7h]
bourgeois50: checks
Actionni13: bets $3
bourgeois50: folds
Uncalled bet ($3) returned to Actionni13
Actionni13 collected $11.76 from pot
*** SUMMARY ***
Total pot $12 | Rake $0.24
Board [3s Jh 7h]
Seat 1: bourgeois50 (big blind) folded on the Flop
Seat 4: Actionni13 (button) (small blind) collected ($11.76)


PokerStars Hand #165900735311:  Hold'em Limit ($3/$6 USD) - 2017/02/08 16:03:18 ET
Table 'Pasiphae' 6-max Seat #4 is the button
Seat 1: bourgeois50 ($81.81 in chips)
Seat 4: Actionni13 ($188.06 in chips)
Actionni13: posts small blind $1
bourgeois50: posts big blind $3
*** HOLE CARDS ***
Actionni13: raises $3 to $6
bourgeois50: calls $3
*** FLOP *** [As 9h 7h]
bourgeois50: checks
Actionni13: bets $3
bourgeois50: folds
Uncalled bet ($3) returned to Actionni13
Actionni13 collected $11.76 from pot
*** SUMMARY ***
Total pot $12 | Rake $0.24
Board [As 9h 7h]
Seat 1: bourgeois50 (big blind) folded on the Flop
Seat 4: Actionni13 (button) (small blind) collected ($11.76)


PokerStars Hand #165900763711:  Hold'em Limit ($3/$6 USD) - 2017/02/08 16:03:46 ET
Table 'Pasiphae' 6-max Seat #4 is the button
Seat 1: bourgeois50 ($66.81 in chips)
Seat 4: Actionni13 ($202.46 in chips)
Actionni13: posts small blind $1
bourgeois50: posts big blind $3
*** HOLE CARDS ***
Actionni13: folds
Uncalled bet ($2) returned to bourgeois50
bourgeois50 collected $2 from pot
*** SUMMARY ***
Total pot $2 | Rake $0
Seat 1: bourgeois50 (big blind) collected ($2)
Seat 4: Actionni13 (button) (small blind) folded before Flop


PokerStars Hand #165900744906:  Hold'em Limit ($3/$6 USD) - 2017/02/08 16:03:28 ET
Table 'Pasiphae' 6-max Seat #1 is the button
Seat 1: bourgeois50 ($75.81 in chips)
Seat 4: Actionni13 ($193.82 in chips)
bourgeois50: posts small blind $1
Actionni13: posts big blind $3
*** HOLE CARDS ***
bourgeois50: raises $3 to $6
Actionni13: calls $3
*** FLOP *** [7c As Ah]
Actionni13: checks
bourgeois50: bets $3
Actionni13: calls $3
*** TURN *** [7c As Ah] [Jd]
Actionni13: checks
bourgeois50: checks
*** RIVER *** [7c As Ah Jd] [8s]
Actionni13: checks
bourgeois50: checks
*** SHOW DOWN ***
Actionni13: shows [2h 2d] (two pair, Aces and Deuces)
bourgeois50: mucks hand
Actionni13 collected $17.64 from pot
*** SUMMARY ***
Total pot $18 | Rake $0.36
Board [7c As Ah Jd 8s]
Seat 1: bourgeois50 (button) (small blind) mucked
Seat 4: Actionni13 (big blind) showed [2h 2d] and won ($17.64) with two pair, Aces and Deuces


PokerStars Hand #165900769508:  Hold'em Limit ($3/$6 USD) - 2017/02/08 16:03:52 ET
Table 'Pasiphae' 6-max Seat #1 is the button
Seat 1: bourgeois50 ($67.81 in chips)
Seat 4: Actionni13 ($201.46 in chips)
bourgeois50: posts small blind $1
Actionni13: posts big blind $3
*** HOLE CARDS ***
bourgeois50: raises $3 to $6
Actionni13: folds
Uncalled bet ($3) returned to bourgeois50
bourgeois50 collected $6 from pot
*** SUMMARY ***
Total pot $6 | Rake $0
Seat 1: bourgeois50 (button) (small blind) collected ($6)
Seat 4: Actionni13 (big blind) folded before Flop


PokerStars Hand #165900718657:  Hold'em Limit ($3/$6 USD) - 2017/02/08 16:03:02 ET
Table 'Pasiphae' 6-max Seat #1 is the button
Seat 1: bourgeois50 ($73.17 in chips)
Seat 4: Actionni13 ($197.06 in chips)
bourgeois50: posts small blind $1
Actionni13: posts big blind $3
*** HOLE CARDS ***
bourgeois50: raises $3 to $6
Actionni13: calls $3
*** FLOP *** [8d 9s 4s]
Actionni13: checks
bourgeois50: bets $3
Actionni13: calls $3
*** TURN *** [8d 9s 4s] [2d]
Actionni13: checks
bourgeois50: bets $6
Actionni13: folds
Uncalled bet ($6) returned to bourgeois50
bourgeois50 collected $17.64 from pot
*** SUMMARY ***
Total pot $18 | Rake $0.36
Board [8d 9s 4s 2d]
Seat 1: bourgeois50 (button) (small blind) collected ($17.64)
Seat 4: Actionni13 (big blind) folded on the Turn


PokerStars Hand #165900775701:  Hold'em Limit ($3/$6 USD) - 2017/02/08 16:03:58 ET
Table 'Pasiphae' 6-max Seat #4 is the button
Seat 1: bourgeois50 ($70.81 in chips)
Seat 4: Actionni13 ($198.46 in chips)
Actionni13: posts small blind $1
bourgeois50: posts big blind $3
*** HOLE CARDS ***
Actionni13: raises $3 to $6
bourgeois50: raises $3 to $9
Actionni13: calls $3
*** FLOP *** [Td 5d 8h]
bourgeois50: bets $3
Actionni13: calls $3
*** TURN *** [Td 5d 8h] [2c]
bourgeois50: bets $6
Actionni13: calls $6
*** RIVER *** [Td 5d 8h 2c] [9c]
bourgeois50: bets $6
Actionni13: folds
Uncalled bet ($6) returned to bourgeois50
bourgeois50 collected $35.50 from pot
*** SUMMARY ***
Total pot $36 | Rake $0.50
Board [Td 5d 8h 2c 9c]
Seat 1: bourgeois50 (big blind) collected ($35.50)
Seat 4: Actionni13 (button) (small blind) folded on the River


PokerStars Hand #165900807224:  Hold'em Limit ($3/$6 USD) - 2017/02/08 16:04:29 ET
Table 'Pasiphae' 6-max Seat #1 is the button
Seat 1: bourgeois50 ($88.31 in chips)
Seat 4: Actionni13 ($180.46 in chips)
bourgeois50: posts small blind $1
Actionni13: posts big blind $3
*** HOLE CARDS ***
bourgeois50: raises $3 to $6
Actionni13: calls $3
*** FLOP *** [3c 8s Jc]
Actionni13: checks
bourgeois50: checks
*** TURN *** [3c 8s Jc] [7d]
Actionni13: checks
bourgeois50: checks
*** RIVER *** [3c 8s Jc 7d] [3h]
Actionni13: checks
bourgeois50: bets $6
Actionni13: folds
Uncalled bet ($6) returned to bourgeois50
bourgeois50 collected $11.76 from pot
*** SUMMARY ***
Total pot $12 | Rake $0.24
Board [3c 8s Jc 7d 3h]
Seat 1: bourgeois50 (button) (small blind) collected ($11.76)
Seat 4: Actionni13 (big blind) folded on the River


PokerStars Hand #165900834805:  Hold'em Limit ($3/$6 USD) - 2017/02/08 16:04:57 ET
Table 'Pasiphae' 6-max Seat #1 is the button
Seat 1: bourgeois50 ($88.07 in chips)
Seat 4: Actionni13 ($180.22 in chips)
bourgeois50: posts small blind $1
Actionni13: posts big blind $3
*** HOLE CARDS ***
bourgeois50: folds
Uncalled bet ($2) returned to Actionni13
Actionni13 collected $2 from pot
*** SUMMARY ***
Total pot $2 | Rake $0
Seat 1: bourgeois50 (button) (small blind) folded before Flop
Seat 4: Actionni13 (big blind) collected ($2)


PokerStars Hand #165900824159:  Hold'em Limit ($3/$6 USD) - 2017/02/08 16:04:46 ET
Table 'Pasiphae' 6-max Seat #4 is the button
Seat 1: bourgeois50 ($94.07 in chips)
Seat 4: Actionni13 ($174.46 in chips)
Actionni13: posts small blind $1
bourgeois50: posts big blind $3
*** HOLE CARDS ***
Actionni13: raises $3 to $6
bourgeois50: calls $3
*** FLOP *** [As 7d Kh]
bourgeois50: checks
Actionni13: bets $3
bourgeois50: folds
Uncalled bet ($3) returned to Actionni13
Actionni13 collected $11.76 from pot
*** SUMMARY ***
Total pot $12 | Rake $0.24
Board [As 7d Kh]
Seat 1: bourgeois50 (big blind) folded on the Flop
Seat 4: Actionni13 (button) (small blind) collected ($11.76)


PokerStars Hand #165900839778:  Hold'em Limit ($3/$6 USD) - 2017/02/08 16:05:02 ET
Table 'Pasiphae' 6-max Seat #4 is the button
Seat 1: bourgeois50 ($87.07 in chips)
Seat 4: Actionni13 ($181.22 in chips)
Actionni13: posts small blind $1
bourgeois50: posts big blind $3
*** HOLE CARDS ***
Actionni13: raises $3 to $6
bourgeois50: raises $3 to $9
Actionni13: calls $3
*** FLOP *** [6s 8s 9c]
bourgeois50: bets $3
Actionni13: calls $3
*** TURN *** [6s 8s 9c] [Ac]
bourgeois50: bets $6
Actionni13: folds
Uncalled bet ($6) returned to bourgeois50
bourgeois50 collected $23.52 from pot
*** SUMMARY ***
Total pot $24 | Rake $0.48
Board [6s 8s 9c Ac]
Seat 1: bourgeois50 (big blind) collected ($23.52)
Seat 4: Actionni13 (button) (small blind) folded on the Turn


PokerStars Hand #165900864649:  Hold'em Limit ($3/$6 USD) - 2017/02/08 16:05:27 ET
Table 'Pasiphae' 6-max Seat #4 is the button
Seat 1: bourgeois50 ($101.59 in chips)
Seat 4: Actionni13 ($166.22 in chips)
Actionni13: posts small blind $1
bourgeois50: posts big blind $3
*** HOLE CARDS ***
Actionni13: folds
Uncalled bet ($2) returned to bourgeois50
bourgeois50 collected $2 from pot
*** SUMMARY ***
Total pot $2 | Rake $0
Seat 1: bourgeois50 (big blind) collected ($2)
Seat 4: Actionni13 (button) (small blind) folded before Flop


PokerStars Hand #165900855834:  Hold'em Limit ($3/$6 USD) - 2017/02/08 16:05:18 ET
Table 'Pasiphae' 6-max Seat #1 is the button
Seat 1: bourgeois50 ($98.59 in chips)
Seat 4: Actionni13 ($169.22 in chips)
bourgeois50: posts small blind $1
Actionni13: posts big blind $3
*** HOLE CARDS ***
bourgeois50: raises $3 to $6
Actionni13: folds
Uncalled bet ($3) returned to bourgeois50
bourgeois50 collected $6 from pot
*** SUMMARY ***
Total pot $6 | Rake $0
Seat 1: bourgeois50 (button) (small blind) collected ($6)
Seat 4: Actionni13 (big blind) folded before Flop


PokerStars Hand #165900869429:  Hold'em Limit ($3/$6 USD) - 2017/02/08 16:05:31 ET
Table 'Pasiphae' 6-max Seat #1 is the button
Seat 1: bourgeois50 ($102.59 in chips)
Seat 4: Actionni13 ($165.22 in chips)
bourgeois50: posts small blind $1
Actionni13: posts big blind $3
*** HOLE CARDS ***
bourgeois50: folds
Uncalled bet ($2) returned to Actionni13
Actionni13 collected $2 from pot
*** SUMMARY ***
Total pot $2 | Rake $0
Seat 1: bourgeois50 (button) (small blind) folded before Flop
Seat 4: Actionni13 (big blind) collected ($2)


PokerStars Hand #165900874170:  Hold'em Limit ($3/$6 USD) - 2017/02/08 16:05:36 ET
Table 'Pasiphae' 6-max Seat #4 is the button
Seat 1: bourgeois50 ($101.59 in chips)
Seat 4: Actionni13 ($166.22 in chips)
Actionni13: posts small blind $1
bourgeois50: posts big blind $3
*** HOLE CARDS ***
Actionni13: raises $3 to $6
bourgeois50: calls $3
*** FLOP *** [Jc 8s 2d]
bourgeois50: checks
Actionni13: bets $3
bourgeois50: raises $3 to $6
Actionni13: folds
Uncalled bet ($3) returned to bourgeois50
bourgeois50 collected $17.64 from pot
*** SUMMARY ***
Total pot $18 | Rake $0.36
Board [Jc 8s 2d]
Seat 1: bourgeois50 (big blind) collected ($17.64)
Seat 4: Actionni13 (button) (small blind) folded on the Flop


PokerStars Hand #165900943226:  Hold'em Limit ($3/$6 USD) - 2017/02/08 16:06:45 ET
Table 'Pasiphae' 6-max Seat #1 is the button
Seat 1: bourgeois50 ($115.73 in chips)
Seat 4: Actionni13 ($154 in chips)
bourgeois50: posts small blind $1
Actionni13: posts big blind $3
*** HOLE CARDS ***
bourgeois50: raises $3 to $6
Actionni13: raises $3 to $9
bourgeois50: calls $3
*** FLOP *** [3d 2c 8c]
Actionni13: bets $3
bourgeois50: calls $3
*** TURN *** [3d 2c 8c] [Ah]
Actionni13: bets $6
bourgeois50: folds
Uncalled bet ($6) returned to Actionni13
Actionni13 collected $23.52 from pot
*** SUMMARY ***
Total pot $24 | Rake $0.48
Board [3d 2c 8c Ah]
Seat 1: bourgeois50 (button) (small blind) folded on the Turn
Seat 4: Actionni13 (big blind) collected ($23.52)


PokerStars Hand #165900908258:  Hold'em Limit ($3/$6 USD) - 2017/02/08 16:06:10 ET
Table 'Pasiphae' 6-max Seat #1 is the button
Seat 1: bourgeois50 ($95.23 in chips)
Seat 4: Actionni13 ($171.74 in chips)
bourgeois50: posts small blind $1
Actionni13: posts big blind $3
*** HOLE CARDS ***
bourgeois50: raises $3 to $6
Actionni13: calls $3
*** FLOP *** [Ac 5d 7s]
Actionni13: checks
bourgeois50: bets $3
Actionni13: raises $3 to $6
bourgeois50: calls $3
*** TURN *** [Ac 5d 7s] [9c]
Actionni13: bets $6
bourgeois50: calls $6
*** RIVER *** [Ac 5d 7s 9c] [Js]
Actionni13: bets $6
bourgeois50: raises $6 to $12
Actionni13: folds
Uncalled bet ($6) returned to bourgeois50
bourgeois50 collected $47.50 from pot
*** SUMMARY ***
Total pot $48 | Rake $0.50
Board [Ac 5d 7s 9c Js]
Seat 1: bourgeois50 (button) (small blind) collected ($47.50)
Seat 4: Actionni13 (big blind) folded on the River


PokerStars Hand #165900933015:  Hold'em Limit ($3/$6 USD) - 2017/02/08 16:06:35 ET
Table 'Pasiphae' 6-max Seat #1 is the button
Seat 1: bourgeois50 ($119.73 in chips)
Seat 4: Actionni13 ($150 in chips)
bourgeois50: posts small blind $1
Actionni13: posts big blind $3
*** HOLE CARDS ***
bourgeois50: folds
Uncalled bet ($2) returned to Actionni13
Actionni13 collected $2 from pot
*** SUMMARY ***
Total pot $2 | Rake $0
Seat 1: bourgeois50 (button) (small blind) folded before Flop
Seat 4: Actionni13 (big blind) collected ($2)


PokerStars Hand #165900927825:  Hold'em Limit ($3/$6 USD) - 2017/02/08 16:06:30 ET
Table 'Pasiphae' 6-max Seat #4 is the button
Seat 1: bourgeois50 ($118.73 in chips)
Seat 4: Actionni13 ($150 in chips)
Actionni13: posts small blind $1
bourgeois50: posts big blind $3
*** HOLE CARDS ***
Actionni13: folds
Uncalled bet ($2) returned to bourgeois50
bourgeois50 collected $2 from pot
*** SUMMARY ***
Total pot $2 | Rake $0
Seat 1: bourgeois50 (big blind) collected ($2)
Seat 4: Actionni13 (button) (small blind) folded before Flop


PokerStars Hand #165900901749:  Hold'em Limit ($3/$6 USD) - 2017/02/08 16:06:03 ET
Table 'Pasiphae' 6-max Seat #4 is the button
Seat 1: bourgeois50 ($98.23 in chips)
Seat 4: Actionni13 ($168.74 in chips)
Actionni13: posts small blind $1
bourgeois50: posts big blind $3
*** HOLE CARDS ***
Actionni13: raises $3 to $6
bourgeois50: folds
Uncalled bet ($3) returned to Actionni13
Actionni13 collected $6 from pot
*** SUMMARY ***
Total pot $6 | Rake $0
Seat 1: bourgeois50 (big blind) folded before Flop
Seat 4: Actionni13 (button) (small blind) collected ($6)


PokerStars Hand #165900887958:  Hold'em Limit ($3/$6 USD) - 2017/02/08 16:05:50 ET
Table 'Pasiphae' 6-max Seat #1 is the button
Seat 1: bourgeois50 ($110.23 in chips)
Seat 4: Actionni13 ($157.22 in chips)
bourgeois50: posts small blind $1
Actionni13: posts big blind $3
*** HOLE CARDS ***
bourgeois50: raises $3 to $6
Actionni13: raises $3 to $9
bourgeois50: calls $3
*** FLOP *** [5h 2d 4d]
Actionni13: bets $3
bourgeois50: calls $3
*** TURN *** [5h 2d 4d] [Ah]
Actionni13: bets $6
bourgeois50: folds
Uncalled bet ($6) returned to Actionni13
Actionni13 collected $23.52 from pot
*** SUMMARY ***
Total pot $24 | Rake $0.48
Board [5h 2d 4d Ah]
Seat 1: bourgeois50 (button) (small blind) folded on the Turn
Seat 4: Actionni13 (big blind) collected ($23.52)


PokerStars Hand #165900957036:  Hold'em Limit ($3/$6 USD) - 2017/02/08 16:06:59 ET
Table 'Pasiphae' 6-max Seat #4 is the button
Seat 1: bourgeois50 ($103.73 in chips)
Seat 4: Actionni13 ($165.52 in chips)
Actionni13: posts small blind $1
bourgeois50: posts big blind $3
*** HOLE CARDS ***
Actionni13: raises $3 to $6
bourgeois50: calls $3
*** FLOP *** [7d 2d 5s]
bourgeois50: checks
Actionni13: bets $3
bourgeois50: calls $3
*** TURN *** [7d 2d 5s] [6s]
bourgeois50: checks
Actionni13: checks
*** RIVER *** [7d 2d 5s 6s] [7h]
bourgeois50: bets $6
Actionni13: calls $6
*** SHOW DOWN ***
bourgeois50: shows [7c Ad] (three of a kind, Sevens)
Actionni13: mucks hand
bourgeois50 collected $29.50 from pot
*** SUMMARY ***
Total pot $30 | Rake $0.50
Board [7d 2d 5s 6s 7h]
Seat 1: bourgeois50 (big blind) showed [7c Ad] and won ($29.50) with three of a kind, Sevens
Seat 4: Actionni13 (button) (small blind) mucked


PokerStars Hand #165900974936:  Hold'em Limit ($3/$6 USD) - 2017/02/08 16:07:17 ET
Table 'Pasiphae' 6-max Seat #1 is the button
Seat 1: bourgeois50 ($118.23 in chips)
Seat 4: Actionni13 ($150.52 in chips)
bourgeois50: posts small blind $1
Actionni13: posts big blind $3
*** HOLE CARDS ***
bourgeois50: raises $3 to $6
Actionni13: calls $3
*** FLOP *** [7h 6h 6c]
Actionni13: checks
bourgeois50: bets $3
Actionni13: raises $3 to $6
bourgeois50: calls $3
*** TURN *** [7h 6h 6c] [Qc]
Actionni13: bets $6
bourgeois50: folds
Uncalled bet ($6) returned to Actionni13
Actionni13 collected $23.52 from pot
*** SUMMARY ***
Total pot $24 | Rake $0.48
Board [7h 6h 6c Qc]
Seat 1: bourgeois50 (button) (small blind) folded on the Turn
Seat 4: Actionni13 (big blind) collected ($23.52)


PokerStars Hand #165901015722:  Hold'em Limit ($3/$6 USD) - 2017/02/08 16:07:57 ET
Table 'Pasiphae' 6-max Seat #1 is the button
Seat 1: bourgeois50 ($82.23 in chips)
Seat 4: Actionni13 ($185.54 in chips)
bourgeois50: posts small blind $1
Actionni13: posts big blind $3
*** HOLE CARDS ***
bourgeois50: folds
Uncalled bet ($2) returned to Actionni13
Actionni13 collected $2 from pot
*** SUMMARY ***
Total pot $2 | Rake $0
Seat 1: bourgeois50 (button) (small blind) folded before Flop
Seat 4: Actionni13 (big blind) collected ($2)


PokerStars Hand #165900989526:  Hold'em Limit ($3/$6 USD) - 2017/02/08 16:07:31 ET
Table 'Pasiphae' 6-max Seat #4 is the button
Seat 1: bourgeois50 ($106.23 in chips)
Seat 4: Actionni13 ($162.04 in chips)
Actionni13: posts small blind $1
bourgeois50: posts big blind $3
*** HOLE CARDS ***
Actionni13: raises $3 to $6
bourgeois50: calls $3
*** FLOP *** [2s Ts 8s]
bourgeois50: checks
Actionni13: bets $3
bourgeois50: raises $3 to $6
Actionni13: calls $3
*** TURN *** [2s Ts 8s] [Kd]
bourgeois50: bets $6
Actionni13: raises $6 to $12
bourgeois50: calls $6
*** RIVER *** [2s Ts 8s Kd] [7s]
bourgeois50: checks
Actionni13: bets $6
bourgeois50: folds
Uncalled bet ($6) returned to Actionni13
Actionni13 collected $47.50 from pot
*** SUMMARY ***
Total pot $48 | Rake $0.50
Board [2s Ts 8s Kd 7s]
Seat 1: bourgeois50 (big blind) folded on the River
Seat 4: Actionni13 (button) (small blind) collected ($47.50)


PokerStars Hand #165901020650:  Hold'em Limit ($3/$6 USD) - 2017/02/08 16:08:02 ET
Table 'Pasiphae' 6-max Seat #4 is the button
Seat 1: bourgeois50 ($81.23 in chips)
Seat 4: Actionni13 ($186.54 in chips)
Actionni13: posts small blind $1
bourgeois50: posts big blind $3
*** HOLE CARDS ***
Actionni13: raises $3 to $6
bourgeois50: folds
Uncalled bet ($3) returned to Actionni13
Actionni13 collected $6 from pot
*** SUMMARY ***
Total pot $6 | Rake $0
Seat 1: bourgeois50 (big blind) folded before Flop
Seat 4: Actionni13 (button) (small blind) collected ($6)


PokerStars Hand #165901029597:  Hold'em Limit ($3/$6 USD) - 2017/02/08 16:08:11 ET
Table 'Pasiphae' 6-max Seat #1 is the button
Seat 1: bourgeois50 ($78.23 in chips)
Seat 4: Actionni13 ($189.54 in chips)
bourgeois50: posts small blind $1
Actionni13: posts big blind $3
*** HOLE CARDS ***
bourgeois50: raises $3 to $6
Actionni13: raises $3 to $9
bourgeois50: calls $3
*** FLOP *** [5c Jc 9h]
Actionni13: bets $3
bourgeois50: calls $3
*** TURN *** [5c Jc 9h] [2s]
Actionni13: bets $6
bourgeois50: raises $6 to $12
Actionni13: raises $6 to $18
bourgeois50: calls $6
*** RIVER *** [5c Jc 9h 2s] [Ah]
Actionni13: bets $6
bourgeois50: folds
Uncalled bet ($6) returned to Actionni13
Actionni13 collected $59.50 from pot
*** SUMMARY ***
Total pot $60 | Rake $0.50
Board [5c Jc 9h 2s Ah]
Seat 1: bourgeois50 (button) (small blind) folded on the River
Seat 4: Actionni13 (big blind) collected ($59.50)


PokerStars Hand #165901051865:  Hold'em Limit ($3/$6 USD) - 2017/02/08 16:08:33 ET
Table 'Pasiphae' 6-max Seat #4 is the button
Seat 1: bourgeois50 ($48.23 in chips)
Seat 4: Actionni13 ($219.04 in chips)
Actionni13: posts small blind $1
bourgeois50: posts big blind $3
*** HOLE CARDS ***
Actionni13: raises $3 to $6
bourgeois50: raises $3 to $9
Actionni13: calls $3
*** FLOP *** [4d Qd 6h]
bourgeois50: bets $3
Actionni13: folds
Uncalled bet ($3) returned to bourgeois50
bourgeois50 collected $17.64 from pot
*** SUMMARY ***
Total pot $18 | Rake $0.36
Board [4d Qd 6h]
Seat 1: bourgeois50 (big blind) collected ($17.64)
Seat 4: Actionni13 (button) (small blind) folded on the Flop


PokerStars Hand #165901075555:  Hold'em Limit ($3/$6 USD) - 2017/02/08 16:08:57 ET
Table 'Pasiphae' 6-max Seat #4 is the button
Seat 1: bourgeois50 ($47.87 in chips)
Seat 4: Actionni13 ($218.68 in chips)
Actionni13: posts small blind $1
bourgeois50: posts big blind $3
*** HOLE CARDS ***
Actionni13: folds
Uncalled bet ($2) returned to bourgeois50
bourgeois50 collected $2 from pot
*** SUMMARY ***
Total pot $2 | Rake $0
Seat 1: bourgeois50 (big blind) collected ($2)
Seat 4: Actionni13 (button) (small blind) folded before Flop


PokerStars Hand #165901061739:  Hold'em Limit ($3/$6 USD) - 2017/02/08 16:08:43 ET
Table 'Pasiphae' 6-max Seat #1 is the button
Seat 1: bourgeois50 ($56.87 in chips)
Seat 4: Actionni13 ($210.04 in chips)
bourgeois50: posts small blind $1
Actionni13: posts big blind $3
*** HOLE CARDS ***
bourgeois50: raises $3 to $6
Actionni13: calls $3
*** FLOP *** [6d Kd 2d]
Actionni13: checks
bourgeois50: bets $3
Actionni13: raises $3 to $6
bourgeois50: folds
Uncalled bet ($3) returned to Actionni13
Actionni13 collected $17.64 from pot
*** SUMMARY ***
Total pot $18 | Rake $0.36
Board [6d Kd 2d]
Seat 1: bourgeois50 (button) (small blind) folded on the Flop
Seat 4: Actionni13 (big blind) collected ($17.64)


PokerStars Hand #165901081326:  Hold'em Limit ($3/$6 USD) - 2017/02/08 16:09:03 ET
Table 'Pasiphae' 6-max Seat #1 is the button
Seat 1: bourgeois50 ($48.87 in chips)
Seat 4: Actionni13 ($217.68 in chips)
bourgeois50: posts small blind $1
Actionni13: posts big blind $3
*** HOLE CARDS ***
bourgeois50: raises $3 to $6
Actionni13: calls $3
*** FLOP *** [3d Ac 2c]
Actionni13: checks
bourgeois50: bets $3
Actionni13: calls $3
*** TURN *** [3d Ac 2c] [7h]
Actionni13: checks
bourgeois50: bets $6
Actionni13: folds
Uncalled bet ($6) returned to bourgeois50
bourgeois50 collected $17.64 from pot
*** SUMMARY ***
Total pot $18 | Rake $0.36
Board [3d Ac 2c 7h]
Seat 1: bourgeois50 (button) (small blind) collected ($17.64)
Seat 4: Actionni13 (big blind) folded on the Turn


PokerStars Hand #165901103934:  Hold'em Limit ($3/$6 USD) - 2017/02/08 16:09:26 ET
Table 'Pasiphae' 6-max Seat #4 is the button
Seat 1: bourgeois50 ($57.51 in chips)
Seat 4: Actionni13 ($208.68 in chips)
Actionni13: posts small blind $1
bourgeois50: posts big blind $3
*** HOLE CARDS ***
Actionni13: raises $3 to $6
bourgeois50: raises $3 to $9
Actionni13: calls $3
*** FLOP *** [Qd Tc 3h]
bourgeois50: bets $3
Actionni13: folds
Uncalled bet ($3) returned to bourgeois50
bourgeois50 collected $17.64 from pot
*** SUMMARY ***
Total pot $18 | Rake $0.36
Board [Qd Tc 3h]
Seat 1: bourgeois50 (big blind) collected ($17.64)
Seat 4: Actionni13 (button) (small blind) folded on the Flop


PokerStars Hand #165901114012:  Hold'em Limit ($3/$6 USD) - 2017/02/08 16:09:36 ET
Table 'Pasiphae' 6-max Seat #1 is the button
Seat 1: bourgeois50 ($66.15 in chips)
Seat 4: Actionni13 ($199.68 in chips)
bourgeois50: posts small blind $1
Actionni13: posts big blind $3
*** HOLE CARDS ***
bourgeois50: raises $3 to $6
Actionni13: calls $3
*** FLOP *** [Td 4c 9h]
Actionni13: checks
bourgeois50: checks
*** TURN *** [Td 4c 9h] [8h]
Actionni13: checks
bourgeois50: bets $6
gamblinbudd joins the table at seat #3
Actionni13: folds
Uncalled bet ($6) returned to bourgeois50
bourgeois50 collected $11.76 from pot
*** SUMMARY ***
Total pot $12 | Rake $0.24
Board [Td 4c 9h 8h]
Seat 1: bourgeois50 (button) (small blind) collected ($11.76)
Seat 4: Actionni13 (big blind) folded on the Turn


PokerStars Hand #165901129376:  Hold'em Limit ($3/$6 USD) - 2017/02/08 16:09:51 ET
Table 'Pasiphae' 6-max Seat #4 is the button
Seat 1: bourgeois50 ($71.91 in chips)
Seat 4: Actionni13 ($193.68 in chips)
Actionni13: posts small blind $1
bourgeois50: posts big blind $3
*** HOLE CARDS ***
Actionni13: raises $3 to $6
bourgeois50: calls $3
*** FLOP *** [9h 4h Ac]
bourgeois50: checks
Actionni13: bets $3
bourgeois50: raises $3 to $6
Actionni13: calls $3
*** TURN *** [9h 4h Ac] [Jd]
bourgeois50: checks
Actionni13: checks
*** RIVER *** [9h 4h Ac Jd] [Js]
bourgeois50: bets $6
Actionni13: calls $6
*** SHOW DOWN ***
bourgeois50: shows [8d Qd] (a pair of Jacks)
Actionni13: shows [Ah 7c] (two pair, Aces and Jacks)
Actionni13 collected $35.50 from pot
*** SUMMARY ***
Total pot $36 | Rake $0.50
Board [9h 4h Ac Jd Js]
Seat 1: bourgeois50 (big blind) showed [8d Qd] and lost with a pair of Jacks
Seat 4: Actionni13 (button) (small blind) showed [Ah 7c] and won ($35.50) with two pair, Aces and Jacks


PokerStars Hand #165907666759:  Hold'em Limit ($3/$6 USD) - 2017/02/08 18:09:16 ET
Table 'Pasiphae' 6-max Seat #6 is the button
Seat 2: RaisemyNut$ ($177.17 in chips)
Seat 6: krytalex ($98.89 in chips)
krytalex: posts small blind $1
RaisemyNut$: posts big blind $3
*** HOLE CARDS ***
ralf64 leaves the table
krytalex: folds
Uncalled bet ($2) returned to RaisemyNut$
RaisemyNut$ collected $2 from pot
RaisemyNut$: doesn't show hand
*** SUMMARY ***
Total pot $2 | Rake $0
Seat 2: RaisemyNut$ (big blind) collected ($2)
Seat 6: krytalex (button) (small blind) folded before Flop


