PokerStars Hand #161905585111:  Hold'em Limit ($3/$6 USD) - 2016/11/24 16:02:40 ET
Table 'Pasiphae II' 6-max Seat #4 is the button
Seat 1: TinaTurner72 ($261.32 in chips)
Seat 4: laubes04 ($162.44 in chips)
laubes04: posts small blind $1
TinaTurner72: posts big blind $3
*** HOLE CARDS ***
laubes04: raises $3 to $6
TinaTurner72: calls $3
*** FLOP *** [3d 9h Ks]
TinaTurner72: checks
laubes04: bets $3
TinaTurner72: raises $3 to $6
laubes04: calls $3
*** TURN *** [3d 9h Ks] [8d]
TinaTurner72: checks
laubes04: bets $6
TinaTurner72: calls $6
*** RIVER *** [3d 9h Ks 8d] [6s]
TinaTurner72: checks
laubes04: bets $6
TinaTurner72: calls $6
*** SHOW DOWN ***
laubes04: shows [Kh Jd] (a pair of Kings)
TinaTurner72: mucks hand
laubes04 collected $47.50 from pot
*** SUMMARY ***
Total pot $48 | Rake $0.50
Board [3d 9h Ks 8d 6s]
Seat 1: TinaTurner72 (big blind) mucked
Seat 4: laubes04 (button) (small blind) showed [Kh Jd] and won ($47.50) with a pair of Kings


PokerStars Hand #161905615927:  Hold'em Limit ($3/$6 USD) - 2016/11/24 16:03:13 ET
Table 'Pasiphae II' 6-max Seat #1 is the button
Seat 1: TinaTurner72 ($237.32 in chips)
Seat 4: laubes04 ($185.94 in chips)
TinaTurner72: posts small blind $1
laubes04: posts big blind $3
*** HOLE CARDS ***
TinaTurner72: raises $3 to $6
laubes04: calls $3
*** FLOP *** [Qs 4c Ac]
laubes04: checks
TinaTurner72: bets $3
laubes04: calls $3
*** TURN *** [Qs 4c Ac] [Ah]
laubes04: checks
TinaTurner72: checks
*** RIVER *** [Qs 4c Ac Ah] [6d]
laubes04: bets $6
TinaTurner72: folds
Uncalled bet ($6) returned to laubes04
laubes04 collected $17.64 from pot
laubes04: doesn't show hand
*** SUMMARY ***
Total pot $18 | Rake $0.36
Board [Qs 4c Ac Ah 6d]
Seat 1: TinaTurner72 (button) (small blind) folded on the River
Seat 4: laubes04 (big blind) collected ($17.64)


PokerStars Hand #161905642894:  Hold'em Limit ($3/$6 USD) - 2016/11/24 16:03:41 ET
Table 'Pasiphae II' 6-max Seat #4 is the button
Seat 1: TinaTurner72 ($228.32 in chips)
Seat 4: laubes04 ($194.58 in chips)
laubes04: posts small blind $1
TinaTurner72: posts big blind $3
*** HOLE CARDS ***
BIG MAK7777 leaves the table
laubes04: raises $3 to $6
TinaTurner72: calls $3
*** FLOP *** [9d Kd 5h]
TinaTurner72: checks
laubes04: bets $3
TinaTurner72: calls $3
*** TURN *** [9d Kd 5h] [6c]
TinaTurner72: checks
laubes04: bets $6
TinaTurner72: folds
Uncalled bet ($6) returned to laubes04
laubes04 collected $17.64 from pot
laubes04: doesn't show hand
*** SUMMARY ***
Total pot $18 | Rake $0.36
Board [9d Kd 5h 6c]
Seat 1: TinaTurner72 (big blind) folded on the Turn
Seat 4: laubes04 (button) (small blind) collected ($17.64)


PokerStars Hand #161905668187:  Hold'em Limit ($3/$6 USD) - 2016/11/24 16:04:09 ET
Table 'Pasiphae II' 6-max Seat #1 is the button
Seat 1: TinaTurner72 ($219.32 in chips)
Seat 4: laubes04 ($203.22 in chips)
TinaTurner72: posts small blind $1
laubes04: posts big blind $3
*** HOLE CARDS ***
TinaTurner72: raises $3 to $6
laubes04: calls $3
*** FLOP *** [7c 3d 5h]
Zubasa07 joins the table at seat #6
laubes04: checks
TinaTurner72: bets $3
laubes04: raises $3 to $6
TinaTurner72: calls $3
*** TURN *** [7c 3d 5h] [6s]
laubes04: bets $6
TinaTurner72: calls $6
*** RIVER *** [7c 3d 5h 6s] [4d]
laubes04: checks
TinaTurner72: checks
*** SHOW DOWN ***
laubes04: shows [2s 5s] (a straight, Three to Seven)
TinaTurner72: shows [Ts 6h] (a straight, Three to Seven)
laubes04 collected $17.75 from pot
TinaTurner72 collected $17.75 from pot
*** SUMMARY ***
Total pot $36 | Rake $0.50
Board [7c 3d 5h 6s 4d]
Seat 1: TinaTurner72 (button) (small blind) showed [Ts 6h] and won ($17.75) with a straight, Three to Seven
Seat 4: laubes04 (big blind) showed [2s 5s] and won ($17.75) with a straight, Three to Seven


