PokerStars Hand #149591124304:  Hold'em Limit ($3/$6 USD) - 2016/02/28 19:59:50 ET
Table 'Patientia II' 6-max Seat #6 is the button
Seat 4: AzureCaper ($72 in chips)
Seat 6: wuck249 ($101.90 in chips)
wuck249: posts small blind $1
AzureCaper: posts big blind $3
*** HOLE CARDS ***
wuck249: raises $3 to $6
AzureCaper: folds
Uncalled bet ($3) returned to wuck249
wuck249 collected $6 from pot
wuck249: doesn't show hand
*** SUMMARY ***
Total pot $6 | Rake $0
Seat 4: AzureCaper (big blind) folded before Flop
Seat 6: wuck249 (button) (small blind) collected ($6)


PokerStars Hand #149591128640:  Hold'em Limit ($3/$6 USD) - 2016/02/28 19:59:59 ET
Table 'Patientia II' 6-max Seat #4 is the button
Seat 4: AzureCaper ($72 in chips)
Seat 6: wuck249 ($104.90 in chips)
AzureCaper: posts small blind $1
wuck249: posts big blind $3
*** HOLE CARDS ***
AzureCaper: folds
Uncalled bet ($2) returned to wuck249
wuck249 collected $2 from pot
wuck249: doesn't show hand
*** SUMMARY ***
Total pot $2 | Rake $0
Seat 4: AzureCaper (button) (small blind) folded before Flop
Seat 6: wuck249 (big blind) collected ($2)


PokerStars Hand #149591131495:  Hold'em Limit ($3/$6 USD) - 2016/02/28 20:00:05 ET
Table 'Patientia II' 6-max Seat #6 is the button
Seat 4: AzureCaper ($72 in chips)
Seat 6: wuck249 ($105.90 in chips)
wuck249: posts small blind $1
AzureCaper: posts big blind $3
*** HOLE CARDS ***
$i1ver joins the table at seat #3
wuck249: raises $3 to $6
AzureCaper: folds
Uncalled bet ($3) returned to wuck249
wuck249 collected $6 from pot
wuck249: doesn't show hand
*** SUMMARY ***
Total pot $6 | Rake $0
Seat 4: AzureCaper (big blind) folded before Flop
Seat 6: wuck249 (button) (small blind) collected ($6)


PokerStars Hand #149591136538:  Hold'em Limit ($3/$6 USD) - 2016/02/28 20:00:15 ET
Table 'Patientia II' 6-max Seat #4 is the button
Seat 4: AzureCaper ($72 in chips)
Seat 6: wuck249 ($108.90 in chips)
AzureCaper: posts small blind $1
wuck249: posts big blind $3
*** HOLE CARDS ***
AzureCaper: raises $3 to $6
wuck249: raises $3 to $9
AzureCaper: calls $3
*** FLOP *** [Qc Jd 7s]
wuck249: bets $3
AzureCaper: raises $3 to $6
wuck249: calls $3
*** TURN *** [Qc Jd 7s] [3s]
wuck249: checks
Mr Snugfit joins the table at seat #1
AzureCaper: bets $6
wuck249: calls $6
*** RIVER *** [Qc Jd 7s 3s] [8c]
wuck249: checks
AzureCaper: bets $6
wuck249: calls $6
*** SHOW DOWN ***
AzureCaper: shows [Qd Kd] (a pair of Queens)
wuck249: mucks hand
AzureCaper collected $53.50 from pot
*** SUMMARY ***
Total pot $54 | Rake $0.50
Board [Qc Jd 7s 3s 8c]
Seat 4: AzureCaper (button) (small blind) showed [Qd Kd] and won ($53.50) with a pair of Queens
Seat 6: wuck249 (big blind) mucked


PokerStars Hand #149592737778:  Hold'em Limit ($3/$6 USD) - 2016/02/28 20:50:47 ET
Table 'Patientia II' 6-max Seat #2 is the button
Seat 1: Mr Snugfit ($45.21 in chips)
Seat 2: Chessnok ($184.67 in chips)
Chessnok: posts small blind $1
Mr Snugfit: posts big blind $3
*** HOLE CARDS ***
Chessnok: raises $3 to $6
Mr Snugfit: calls $3
*** FLOP *** [Jh 9h 3h]
Mr Snugfit: checks
Chessnok: bets $3
Mr Snugfit: folds
Uncalled bet ($3) returned to Chessnok
Chessnok collected $11.76 from pot
Chessnok: doesn't show hand
*** SUMMARY ***
Total pot $12 | Rake $0.24
Board [Jh 9h 3h]
Seat 1: Mr Snugfit (big blind) folded on the Flop
Seat 2: Chessnok (button) (small blind) collected ($11.76)


PokerStars Hand #149592723209:  Hold'em Limit ($3/$6 USD) - 2016/02/28 20:50:17 ET
Table 'Patientia II' 6-max Seat #1 is the button
Seat 1: Mr Snugfit ($54.21 in chips)
Seat 2: Chessnok ($176.03 in chips)
Mr Snugfit: posts small blind $1
Chessnok: posts big blind $3
*** HOLE CARDS ***
win888day leaves the table
Mr Snugfit: raises $3 to $6
Chessnok: calls $3
*** FLOP *** [Kc 4s Ts]
Chessnok: checks
Mr Snugfit: bets $3
Chessnok: calls $3
*** TURN *** [Kc 4s Ts] [2s]
Chessnok: checks
Mr Snugfit: checks
*** RIVER *** [Kc 4s Ts 2s] [9c]
Chessnok: bets $6
Mr Snugfit: folds
Uncalled bet ($6) returned to Chessnok
Chessnok collected $17.64 from pot
Chessnok: doesn't show hand
*** SUMMARY ***
Total pot $18 | Rake $0.36
Board [Kc 4s Ts 2s 9c]
Seat 1: Mr Snugfit (button) (small blind) folded on the River
Seat 2: Chessnok (big blind) collected ($17.64)


