PokerStars Hand #156857229525:  Hold'em Limit ($3/$6 USD) - 2016/08/04 12:31:22 ET
Table 'Patria' 6-max Seat #5 is the button
Seat 3: ChipsOrre ($123 in chips)
Seat 5: Pandakey ($117 in chips)
Pandakey: posts small blind $1
ChipsOrre: posts big blind $3
*** HOLE CARDS ***
Pandakey: raises $3 to $6
ChipsOrre: calls $3
*** FLOP *** [Td Kh Qs]
ChipsOrre: checks
Pandakey: bets $3
ChipsOrre: calls $3
*** TURN *** [Td Kh Qs] [8c]
ChipsOrre: checks
Pandakey: checks
*** RIVER *** [Td Kh Qs 8c] [4s]
ChipsOrre: checks
Pandakey: checks
*** SHOW DOWN ***
ChipsOrre: shows [Jc 6d] (high card King)
Pandakey: mucks hand
ChipsOrre collected $17.64 from pot
*** SUMMARY ***
Total pot $18 | Rake $0.36
Board [Td Kh Qs 8c 4s]
Seat 3: ChipsOrre (big blind) showed [Jc 6d] and won ($17.64) with high card King
Seat 5: Pandakey (button) (small blind) mucked


PokerStars Hand #156857269164:  Hold'em Limit ($3/$6 USD) - 2016/08/04 12:32:24 ET
Table 'Patria' 6-max Seat #3 is the button
Seat 3: ChipsOrre ($123.64 in chips)
Seat 5: Pandakey ($115.64 in chips)
ChipsOrre: posts small blind $1
Pandakey: posts big blind $3
*** HOLE CARDS ***
ChipsOrre: raises $3 to $6
Pandakey: calls $3
*** FLOP *** [5d Jc 4s]
Pandakey: checks
ChipsOrre: bets $3
Pandakey: calls $3
*** TURN *** [5d Jc 4s] [Js]
Pandakey: checks
ChipsOrre: checks
*** RIVER *** [5d Jc 4s Js] [6d]
Pandakey: checks
ChipsOrre: checks
*** SHOW DOWN ***
Pandakey: shows [9s Kd] (a pair of Jacks)
ChipsOrre: mucks hand
Pandakey collected $17.64 from pot
*** SUMMARY ***
Total pot $18 | Rake $0.36
Board [5d Jc 4s Js 6d]
Seat 3: ChipsOrre (button) (small blind) mucked
Seat 5: Pandakey (big blind) showed [9s Kd] and won ($17.64) with a pair of Jacks


PokerStars Hand #156857266248:  Hold'em Limit ($3/$6 USD) - 2016/08/04 12:32:19 ET
Table 'Patria' 6-max Seat #5 is the button
Seat 3: ChipsOrre ($122.64 in chips)
Seat 5: Pandakey ($116.64 in chips)
Pandakey: posts small blind $1
ChipsOrre: posts big blind $3
*** HOLE CARDS ***
Pandakey: folds
Uncalled bet ($2) returned to ChipsOrre
ChipsOrre collected $2 from pot
ChipsOrre: doesn't show hand
*** SUMMARY ***
Total pot $2 | Rake $0
Seat 3: ChipsOrre (big blind) collected ($2)
Seat 5: Pandakey (button) (small blind) folded before Flop


PokerStars Hand #156857244020:  Hold'em Limit ($3/$6 USD) - 2016/08/04 12:31:45 ET
Table 'Patria' 6-max Seat #3 is the button
Seat 3: ChipsOrre ($131.64 in chips)
Seat 5: Pandakey ($108 in chips)
ChipsOrre: posts small blind $1
Pandakey: posts big blind $3
*** HOLE CARDS ***
ChipsOrre: raises $3 to $6
Pandakey: calls $3
*** FLOP *** [6c Th 8h]
Pandakey: bets $3
ChipsOrre: calls $3
*** TURN *** [6c Th 8h] [Kd]
Pandakey: bets $6
ChipsOrre: folds
Uncalled bet ($6) returned to Pandakey
Pandakey collected $17.64 from pot
Pandakey: doesn't show hand
*** SUMMARY ***
Total pot $18 | Rake $0.36
Board [6c Th 8h Kd]
Seat 3: ChipsOrre (button) (small blind) folded on the Turn
Seat 5: Pandakey (big blind) collected ($17.64)


PokerStars Hand #156857284407:  Hold'em Limit ($3/$6 USD) - 2016/08/04 12:32:48 ET
Table 'Patria' 6-max Seat #3 is the button
Seat 3: ChipsOrre ($111.64 in chips)
Seat 5: Pandakey ($127.28 in chips)
ChipsOrre: posts small blind $1
Pandakey: posts big blind $3
*** HOLE CARDS ***
ChipsOrre: folds
Uncalled bet ($2) returned to Pandakey
Pandakey collected $2 from pot
Pandakey: doesn't show hand
*** SUMMARY ***
Total pot $2 | Rake $0
Seat 3: ChipsOrre (button) (small blind) folded before Flop
Seat 5: Pandakey (big blind) collected ($2)


PokerStars Hand #156857300558:  Hold'em Limit ($3/$6 USD) - 2016/08/04 12:33:12 ET
Table 'Patria' 6-max Seat #3 is the button
Seat 3: ChipsOrre ($125.14 in chips)
Seat 5: Pandakey ($113.28 in chips)
ChipsOrre: posts small blind $1
Pandakey: posts big blind $3
*** HOLE CARDS ***
ChipsOrre: raises $3 to $6
Pandakey: calls $3
*** FLOP *** [3h 7s As]
Pandakey: checks
ChipsOrre: bets $3
Pandakey: calls $3
*** TURN *** [3h 7s As] [2s]
Pandakey: checks
ChipsOrre: checks
*** RIVER *** [3h 7s As 2s] [Jd]
Pandakey: bets $6
ChipsOrre: folds
Uncalled bet ($6) returned to Pandakey
Pandakey collected $17.64 from pot
Pandakey: doesn't show hand
*** SUMMARY ***
Total pot $18 | Rake $0.36
Board [3h 7s As 2s Jd]
Seat 3: ChipsOrre (button) (small blind) folded on the River
Seat 5: Pandakey (big blind) collected ($17.64)


PokerStars Hand #156857287156:  Hold'em Limit ($3/$6 USD) - 2016/08/04 12:32:52 ET
Table 'Patria' 6-max Seat #5 is the button
Seat 3: ChipsOrre ($110.64 in chips)
Seat 5: Pandakey ($128.28 in chips)
Pandakey: posts small blind $1
ChipsOrre: posts big blind $3
*** HOLE CARDS ***
Pandakey: raises $3 to $6
ChipsOrre: calls $3
*** FLOP *** [8s 9s 3c]
ChipsOrre: checks
Pandakey: bets $3
ChipsOrre: calls $3
*** TURN *** [8s 9s 3c] [Jh]
ChipsOrre: checks
Pandakey: checks
*** RIVER *** [8s 9s 3c Jh] [3d]
ChipsOrre: checks
Pandakey: bets $6
ChipsOrre: calls $6
*** SHOW DOWN ***
Pandakey: shows [7c 5h] (a pair of Threes)
ChipsOrre: shows [Ks 2d] (a pair of Threes - King kicker)
ChipsOrre collected $29.50 from pot
*** SUMMARY ***
Total pot $30 | Rake $0.50
Board [8s 9s 3c Jh 3d]
Seat 3: ChipsOrre (big blind) showed [Ks 2d] and won ($29.50) with a pair of Threes
Seat 5: Pandakey (button) (small blind) showed [7c 5h] and lost with a pair of Threes


PokerStars Hand #156857335311:  Hold'em Limit ($3/$6 USD) - 2016/08/04 12:34:06 ET
Table 'Patria' 6-max Seat #5 is the button
Seat 3: ChipsOrre ($113.14 in chips)
Seat 5: Pandakey ($124.68 in chips)
Pandakey: posts small blind $1
ChipsOrre: posts big blind $3
*** HOLE CARDS ***
Pandakey: raises $3 to $6
ChipsOrre: calls $3
*** FLOP *** [5h 9s 4s]
ChipsOrre: checks
Pandakey: bets $3
ChipsOrre: calls $3
*** TURN *** [5h 9s 4s] [Jc]
ChipsOrre: checks
Pandakey: bets $6
ChipsOrre: folds
Uncalled bet ($6) returned to Pandakey
Pandakey collected $17.64 from pot
Pandakey: doesn't show hand
*** SUMMARY ***
Total pot $18 | Rake $0.36
Board [5h 9s 4s Jc]
Seat 3: ChipsOrre (big blind) folded on the Turn
Seat 5: Pandakey (button) (small blind) collected ($17.64)


PokerStars Hand #156857314128:  Hold'em Limit ($3/$6 USD) - 2016/08/04 12:33:33 ET
Table 'Patria' 6-max Seat #5 is the button
Seat 3: ChipsOrre ($116.14 in chips)
Seat 5: Pandakey ($121.92 in chips)
Pandakey: posts small blind $1
ChipsOrre: posts big blind $3
*** HOLE CARDS ***
Pandakey: raises $3 to $6
ChipsOrre: calls $3
*** FLOP *** [6h 2s Ad]
ChipsOrre: checks
Pandakey: bets $3
ChipsOrre: folds
Uncalled bet ($3) returned to Pandakey
Pandakey collected $11.76 from pot
Pandakey: doesn't show hand
*** SUMMARY ***
Total pot $12 | Rake $0.24
Board [6h 2s Ad]
Seat 3: ChipsOrre (big blind) folded on the Flop
Seat 5: Pandakey (button) (small blind) collected ($11.76)


PokerStars Hand #156857349677:  Hold'em Limit ($3/$6 USD) - 2016/08/04 12:34:28 ET
Table 'Patria' 6-max Seat #3 is the button
Seat 3: ChipsOrre ($104.14 in chips)
Seat 5: Pandakey ($133.32 in chips)
ChipsOrre: posts small blind $1
Pandakey: posts big blind $3
*** HOLE CARDS ***
ChipsOrre: raises $3 to $6
Pandakey: calls $3
*** FLOP *** [7c 5h Th]
Pandakey: checks
ChipsOrre: bets $3
Pandakey: folds
Uncalled bet ($3) returned to ChipsOrre
ChipsOrre collected $11.76 from pot
ChipsOrre: doesn't show hand
*** SUMMARY ***
Total pot $12 | Rake $0.24
Board [7c 5h Th]
Seat 3: ChipsOrre (button) (small blind) collected ($11.76)
Seat 5: Pandakey (big blind) folded on the Flop


PokerStars Hand #156857387356:  Hold'em Limit ($3/$6 USD) - 2016/08/04 12:35:27 ET
Table 'Patria' 6-max Seat #3 is the button
Seat 3: ChipsOrre ($94.90 in chips)
Seat 5: Pandakey ($141.82 in chips)
ChipsOrre: posts small blind $1
Pandakey: posts big blind $3
*** HOLE CARDS ***
ChipsOrre: raises $3 to $6
Pandakey: calls $3
*** FLOP *** [9h Tc 6s]
Pandakey: checks
ChipsOrre: bets $3
Pandakey: raises $3 to $6
ChipsOrre: calls $3
*** TURN *** [9h Tc 6s] [3c]
Pandakey: bets $6
ChipsOrre: calls $6
*** RIVER *** [9h Tc 6s 3c] [7c]
Pandakey: checks
ChipsOrre: bets $6
Pandakey: calls $6
*** SHOW DOWN ***
ChipsOrre: shows [Kh 8s] (a straight, Six to Ten)
Pandakey: mucks hand
ChipsOrre collected $47.50 from pot
*** SUMMARY ***
Total pot $48 | Rake $0.50
Board [9h Tc 6s 3c 7c]
Seat 3: ChipsOrre (button) (small blind) showed [Kh 8s] and won ($47.50) with a straight, Six to Ten
Seat 5: Pandakey (big blind) mucked


PokerStars Hand #156857384475:  Hold'em Limit ($3/$6 USD) - 2016/08/04 12:35:23 ET
Table 'Patria' 6-max Seat #5 is the button
Seat 3: ChipsOrre ($93.90 in chips)
Seat 5: Pandakey ($142.82 in chips)
Pandakey: posts small blind $1
ChipsOrre: posts big blind $3
*** HOLE CARDS ***
Pandakey: folds
Uncalled bet ($2) returned to ChipsOrre
ChipsOrre collected $2 from pot
ChipsOrre: doesn't show hand
*** SUMMARY ***
Total pot $2 | Rake $0
Seat 3: ChipsOrre (big blind) collected ($2)
Seat 5: Pandakey (button) (small blind) folded before Flop


PokerStars Hand #156857381085:  Hold'em Limit ($3/$6 USD) - 2016/08/04 12:35:17 ET
Table 'Patria' 6-max Seat #3 is the button
Seat 3: ChipsOrre ($94.90 in chips)
Seat 5: Pandakey ($141.82 in chips)
ChipsOrre: posts small blind $1
Pandakey: posts big blind $3
*** HOLE CARDS ***
ChipsOrre: folds
Uncalled bet ($2) returned to Pandakey
Pandakey collected $2 from pot
Pandakey: doesn't show hand
*** SUMMARY ***
Total pot $2 | Rake $0
Seat 3: ChipsOrre (button) (small blind) folded before Flop
Seat 5: Pandakey (big blind) collected ($2)


PokerStars Hand #156857362571:  Hold'em Limit ($3/$6 USD) - 2016/08/04 12:34:49 ET
Table 'Patria' 6-max Seat #5 is the button
Seat 3: ChipsOrre ($109.90 in chips)
Seat 5: Pandakey ($127.32 in chips)
Pandakey: posts small blind $1
ChipsOrre: posts big blind $3
*** HOLE CARDS ***
Pandakey: raises $3 to $6
ChipsOrre: calls $3
*** FLOP *** [Ah 6c 8h]
ChipsOrre: checks
Pandakey: bets $3
ChipsOrre: calls $3
*** TURN *** [Ah 6c 8h] [Ac]
ChipsOrre: checks
Pandakey: bets $6
ChipsOrre: calls $6
*** RIVER *** [Ah 6c 8h Ac] [Ts]
ChipsOrre: checks
Pandakey: checks
*** SHOW DOWN ***
ChipsOrre: shows [Qd 4h] (a pair of Aces)
Pandakey: shows [2d 2c] (two pair, Aces and Deuces)
Pandakey collected $29.50 from pot
*** SUMMARY ***
Total pot $30 | Rake $0.50
Board [Ah 6c 8h Ac Ts]
Seat 3: ChipsOrre (big blind) showed [Qd 4h] and lost with a pair of Aces
Seat 5: Pandakey (button) (small blind) showed [2d 2c] and won ($29.50) with two pair, Aces and Deuces


PokerStars Hand #156857407517:  Hold'em Limit ($3/$6 USD) - 2016/08/04 12:35:59 ET
Table 'Patria' 6-max Seat #3 is the button
Seat 3: ChipsOrre ($115.40 in chips)
Seat 5: Pandakey ($120.82 in chips)
ChipsOrre: posts small blind $1
Pandakey: posts big blind $3
*** HOLE CARDS ***
ChipsOrre: raises $3 to $6
Pandakey: calls $3
*** FLOP *** [8c 2s 5h]
Pandakey: checks
ChipsOrre: bets $3
Pandakey: raises $3 to $6
ChipsOrre: calls $3
*** TURN *** [8c 2s 5h] [2h]
Pandakey: bets $6
ChipsOrre: raises $6 to $12
Pandakey: calls $6
*** RIVER *** [8c 2s 5h 2h] [6s]
Pandakey: checks
ChipsOrre: bets $6
Pandakey: calls $6
*** SHOW DOWN ***
ChipsOrre: shows [Ah 8d] (two pair, Eights and Deuces)
Pandakey: mucks hand
ChipsOrre collected $59.50 from pot
*** SUMMARY ***
Total pot $60 | Rake $0.50
Board [8c 2s 5h 2h 6s]
Seat 3: ChipsOrre (button) (small blind) showed [Ah 8d] and won ($59.50) with two pair, Eights and Deuces
Seat 5: Pandakey (big blind) mucked


PokerStars Hand #156857403700:  Hold'em Limit ($3/$6 USD) - 2016/08/04 12:35:53 ET
Table 'Patria' 6-max Seat #5 is the button
Seat 3: ChipsOrre ($118.40 in chips)
Seat 5: Pandakey ($117.82 in chips)
Pandakey: posts small blind $1
ChipsOrre: posts big blind $3
*** HOLE CARDS ***
Pandakey: raises $3 to $6
ChipsOrre: folds
Uncalled bet ($3) returned to Pandakey
Pandakey collected $6 from pot
Pandakey: doesn't show hand
*** SUMMARY ***
Total pot $6 | Rake $0
Seat 3: ChipsOrre (big blind) folded before Flop
Seat 5: Pandakey (button) (small blind) collected ($6)


PokerStars Hand #156857451914:  Hold'em Limit ($3/$6 USD) - 2016/08/04 12:37:08 ET
Table 'Patria' 6-max Seat #3 is the button
Seat 3: ChipsOrre ($129.90 in chips)
Seat 5: Pandakey ($105.32 in chips)
ChipsOrre: posts small blind $1
Pandakey: posts big blind $3
*** HOLE CARDS ***
ChipsOrre: raises $3 to $6
Pandakey: calls $3
*** FLOP *** [4s 7s Td]
Pandakey: checks
ChipsOrre: bets $3
Pandakey: calls $3
*** TURN *** [4s 7s Td] [3s]
Pandakey: checks
ChipsOrre: bets $6
Pandakey: calls $6
*** RIVER *** [4s 7s Td 3s] [2d]
Pandakey: checks
ChipsOrre: bets $6
Pandakey: calls $6
*** SHOW DOWN ***
ChipsOrre: shows [Ah 7h] (a pair of Sevens)
Pandakey: mucks hand
ChipsOrre collected $41.50 from pot
*** SUMMARY ***
Total pot $42 | Rake $0.50
Board [4s 7s Td 3s 2d]
Seat 3: ChipsOrre (button) (small blind) showed [Ah 7h] and won ($41.50) with a pair of Sevens
Seat 5: Pandakey (big blind) mucked


PokerStars Hand #156857426781:  Hold'em Limit ($3/$6 USD) - 2016/08/04 12:36:28 ET
Table 'Patria' 6-max Seat #5 is the button
Seat 3: ChipsOrre ($144.90 in chips)
Seat 5: Pandakey ($90.82 in chips)
Pandakey: posts small blind $1
ChipsOrre: posts big blind $3
*** HOLE CARDS ***
Pandakey: raises $3 to $6
ChipsOrre: calls $3
*** FLOP *** [9c 3d 6s]
ChipsOrre: checks
Pandakey: bets $3
ChipsOrre: calls $3
*** TURN *** [9c 3d 6s] [Ad]
hasky156 joins the table at seat #6
ChipsOrre: checks
Kit Liem joins the table at seat #1
Pandakey: checks
*** RIVER *** [9c 3d 6s Ad] [4h]
ChipsOrre: checks
Pandakey: bets $6
ChipsOrre: calls $6
*** SHOW DOWN ***
Pandakey: shows [Qs 6h] (a pair of Sixes)
ChipsOrre: mucks hand
Pandakey collected $29.50 from pot
*** SUMMARY ***
Total pot $30 | Rake $0.50
Board [9c 3d 6s Ad 4h]
Seat 3: ChipsOrre (big blind) mucked
Seat 5: Pandakey (button) (small blind) showed [Qs 6h] and won ($29.50) with a pair of Sixes


PokerStars Hand #156866674468:  Hold'em Limit ($3/$6 USD) - 2016/08/04 16:12:35 ET
Table 'Patria' 6-max Seat #2 is the button
Seat 2: Wurst2000 ($50.15 in chips)
Seat 5: Murrrr_@T ($161.91 in chips)
Wurst2000: posts small blind $1
Murrrr_@T: posts big blind $3
*** HOLE CARDS ***
tufing leaves the table
Wurst2000: raises $3 to $6
Murrrr_@T: calls $3
*** FLOP *** [Jd 5d 4h]
Murrrr_@T: checks
Wurst2000: bets $3
Murrrr_@T: raises $3 to $6
Wurst2000: calls $3
*** TURN *** [Jd 5d 4h] [9c]
Murrrr_@T: bets $6
Longstaaf leaves the table
Wurst2000: raises $6 to $12
Luluka2012 leaves the table
Murrrr_@T: calls $6
*** RIVER *** [Jd 5d 4h 9c] [2h]
Murrrr_@T: checks
Wurst2000: bets $6
Murrrr_@T: folds
Uncalled bet ($6) returned to Wurst2000
Wurst2000 collected $47.50 from pot
Wurst2000: doesn't show hand
*** SUMMARY ***
Total pot $48 | Rake $0.50
Board [Jd 5d 4h 9c 2h]
Seat 2: Wurst2000 (button) (small blind) collected ($47.50)
Seat 5: Murrrr_@T (big blind) folded on the River


