PokerStars Hand #173158616662:  Hold'em Limit ($3/$6 USD) - 2017/07/17 14:09:14 ET
Table 'Patricia' 6-max Seat #4 is the button
Seat 4: AzureCaper ($81.46 in chips)
Seat 6: ogdealer ($25 in chips)
AzureCaper: posts small blind $1
ogdealer: posts big blind $3
*** HOLE CARDS ***
sim5sim5 joins the table at seat #5
AzureCaper: raises $3 to $6
ogdealer: folds
Uncalled bet ($3) returned to AzureCaper
AzureCaper collected $6 from pot
AzureCaper: doesn't show hand
*** SUMMARY ***
Total pot $6 | Rake $0
Seat 4: AzureCaper (button) (small blind) collected ($6)
Seat 6: ogdealer (big blind) folded before Flop


PokerStars Hand #173158612536:  Hold'em Limit ($3/$6 USD) - 2017/07/17 14:09:09 ET
Table 'Patricia' 6-max Seat #6 is the button
Seat 4: AzureCaper ($80.46 in chips)
Seat 6: ogdealer ($26 in chips)
ogdealer: posts small blind $1
AzureCaper: posts big blind $3
*** HOLE CARDS ***
ogdealer: folds
Uncalled bet ($2) returned to AzureCaper
AzureCaper collected $2 from pot
AzureCaper: doesn't show hand
*** SUMMARY ***
Total pot $2 | Rake $0
Seat 4: AzureCaper (big blind) collected ($2)
Seat 6: ogdealer (button) (small blind) folded before Flop


PokerStars Hand #173158729207:  Hold'em Limit ($3/$6 USD) - 2017/07/17 14:11:36 ET
Table 'Patricia' 6-max Seat #4 is the button
Seat 4: AzureCaper ($103.38 in chips)
Seat 5: sim5sim5 ($72.43 in chips)
AzureCaper: posts small blind $1
sim5sim5: posts big blind $3
*** HOLE CARDS ***
AzureCaper: raises $3 to $6
sim5sim5: folds
Uncalled bet ($3) returned to AzureCaper
AzureCaper collected $6 from pot
AzureCaper: doesn't show hand
*** SUMMARY ***
Total pot $6 | Rake $0
Seat 4: AzureCaper (button) (small blind) collected ($6)
Seat 5: sim5sim5 (big blind) folded before Flop


PokerStars Hand #173158694388:  Hold'em Limit ($3/$6 USD) - 2017/07/17 14:10:52 ET
Table 'Patricia' 6-max Seat #5 is the button
Seat 4: AzureCaper ($94.74 in chips)
Seat 5: sim5sim5 ($81.43 in chips)
sim5sim5: posts small blind $1
AzureCaper: posts big blind $3
*** HOLE CARDS ***
sim5sim5: raises $3 to $6
AzureCaper: calls $3
*** FLOP *** [2c 8s 8h]
AzureCaper: checks
sim5sim5: bets $3
AzureCaper: calls $3
*** TURN *** [2c 8s 8h] [7d]
AzureCaper: checks
sim5sim5: checks
*** RIVER *** [2c 8s 8h 7d] [2d]
AzureCaper: checks
sim5sim5: checks
*** SHOW DOWN ***
AzureCaper: shows [Ks 9c] (two pair, Eights and Deuces)
sim5sim5: mucks hand
AzureCaper collected $17.64 from pot
*** SUMMARY ***
Total pot $18 | Rake $0.36
Board [2c 8s 8h 7d 2d]
Seat 4: AzureCaper (big blind) showed [Ks 9c] and won ($17.64) with two pair, Eights and Deuces
Seat 5: sim5sim5 (button) (small blind) mucked


PokerStars Hand #173160505114:  Hold'em Limit ($3/$6 USD) - 2017/07/17 14:48:03 ET
Table 'Patricia' 6-max Seat #2 is the button
Seat 2: rainbow28 ($98.85 in chips)
Seat 3: terrapevt73 ($158.61 in chips)
rainbow28: posts small blind $1
terrapevt73: posts big blind $3
*** HOLE CARDS ***
rainbow28: folds
Uncalled bet ($2) returned to terrapevt73
terrapevt73 collected $2 from pot
*** SUMMARY ***
Total pot $2 | Rake $0
Seat 2: rainbow28 (button) (small blind) folded before Flop
Seat 3: terrapevt73 (big blind) collected ($2)


PokerStars Hand #173160509745:  Hold'em Limit ($3/$6 USD) - 2017/07/17 14:48:09 ET
Table 'Patricia' 6-max Seat #3 is the button
Seat 2: rainbow28 ($97.85 in chips)
Seat 3: terrapevt73 ($159.61 in chips)
terrapevt73: posts small blind $1
rainbow28: posts big blind $3
*** HOLE CARDS ***
terrapevt73: raises $3 to $6
rainbow28: raises $3 to $9
terrapevt73: raises $3 to $12
Betting is capped
rainbow28: calls $3
*** FLOP *** [3h Tc Kc]
rainbow28: bets $3
terrapevt73: calls $3
*** TURN *** [3h Tc Kc] [4d]
rainbow28: bets $6
terrapevt73: calls $6
*** RIVER *** [3h Tc Kc 4d] [9d]
rainbow28: bets $6
terrapevt73: calls $6
*** SHOW DOWN ***
rainbow28: shows [6h Ad] (high card Ace)
terrapevt73: shows [5c 5h] (a pair of Fives)
terrapevt73 collected $53.50 from pot
*** SUMMARY ***
Total pot $54 | Rake $0.50
Board [3h Tc Kc 4d 9d]
Seat 2: rainbow28 (big blind) showed [6h Ad] and lost with high card Ace
Seat 3: terrapevt73 (button) (small blind) showed [5c 5h] and won ($53.50) with a pair of Fives


PokerStars Hand #173160524060:  Hold'em Limit ($3/$6 USD) - 2017/07/17 14:48:26 ET
Table 'Patricia' 6-max Seat #2 is the button
Seat 2: rainbow28 ($70.85 in chips)
Seat 3: terrapevt73 ($186.11 in chips)
rainbow28: posts small blind $1
terrapevt73: posts big blind $3
*** HOLE CARDS ***
oldtimers XX joins the table at seat #4
rainbow28: calls $2
terrapevt73: raises $3 to $6
rainbow28: raises $3 to $9
terrapevt73: calls $3
*** FLOP *** [3c Kd Tc]
vlaprok joins the table at seat #5
terrapevt73: bets $3
rainbow28: calls $3
*** TURN *** [3c Kd Tc] [7d]
terrapevt73: bets $6
rainbow28: folds
Uncalled bet ($6) returned to terrapevt73
terrapevt73 collected $23.52 from pot
*** SUMMARY ***
Total pot $24 | Rake $0.48
Board [3c Kd Tc 7d]
Seat 2: rainbow28 (button) (small blind) folded on the Turn
Seat 3: terrapevt73 (big blind) collected ($23.52)


PokerStars Hand #173160499399:  Hold'em Limit ($3/$6 USD) - 2017/07/17 14:47:57 ET
Table 'Patricia' 6-max Seat #3 is the button
Seat 2: rainbow28 ($101.85 in chips)
Seat 3: terrapevt73 ($155.61 in chips)
terrapevt73: posts small blind $1
AzureCaper: is sitting out
rainbow28: posts big blind $3
*** HOLE CARDS ***
terrapevt73: raises $3 to $6
AzureCaper leaves the table
rainbow28: folds
Uncalled bet ($3) returned to terrapevt73
terrapevt73 collected $6 from pot
*** SUMMARY ***
Total pot $6 | Rake $0
Seat 2: rainbow28 (big blind) folded before Flop
Seat 3: terrapevt73 (button) (small blind) collected ($6)


PokerStars Hand #173170529810:  Hold'em Limit ($3/$6 USD) - 2017/07/17 18:12:50 ET
Table 'Patricia' 6-max Seat #1 is the button
Seat 1: cocoocean222 ($106.69 in chips)
Seat 4: karambakilla ($205.56 in chips)
cocoocean222: posts small blind $1
karambakilla: posts big blind $3
*** HOLE CARDS ***
NewRocker joins the table at seat #5
cocoocean222: folds
Uncalled bet ($2) returned to karambakilla
karambakilla collected $2 from pot
karambakilla: doesn't show hand
*** SUMMARY ***
Total pot $2 | Rake $0
Seat 1: cocoocean222 (button) (small blind) folded before Flop
Seat 4: karambakilla (big blind) collected ($2)


PokerStars Hand #173170898488:  Hold'em Limit ($3/$6 USD) - 2017/07/17 18:21:23 ET
Table 'Patricia' 6-max Seat #5 is the button
Seat 3: krytalex ($146.44 in chips)
Seat 5: NewRocker ($165.62 in chips)
NewRocker: posts small blind $1
krytalex: posts big blind $3
*** HOLE CARDS ***
karambakilla joins the table at seat #6
NewRocker: raises $3 to $6
krytalex: raises $3 to $9
NewRocker: calls $3
*** FLOP *** [4c Th Ad]
krytalex: bets $3
NewRocker: calls $3
*** TURN *** [4c Th Ad] [8c]
krytalex: bets $6
NewRocker: calls $6
*** RIVER *** [4c Th Ad 8c] [3s]
krytalex: checks
NewRocker: bets $6
krytalex: calls $6
*** SHOW DOWN ***
NewRocker: shows [Js Kc] (high card Ace)
krytalex: shows [6h 6c] (a pair of Sixes)
krytalex collected $47.50 from pot
*** SUMMARY ***
Total pot $48 | Rake $0.50
Board [4c Th Ad 8c 3s]
Seat 3: krytalex (big blind) showed [6h 6c] and won ($47.50) with a pair of Sixes
Seat 5: NewRocker (button) (small blind) showed [Js Kc] and lost with high card Ace


PokerStars Hand #173170949303:  Hold'em Limit ($3/$6 USD) - 2017/07/17 18:22:35 ET
Table 'Patricia' 6-max Seat #3 is the button
Seat 3: krytalex ($169.94 in chips)
Seat 5: NewRocker ($141.62 in chips)
krytalex: posts small blind $1
NewRocker: posts big blind $3
*** HOLE CARDS ***
krytalex: raises $3 to $6
NewRocker: folds
Uncalled bet ($3) returned to krytalex
krytalex collected $6 from pot
*** SUMMARY ***
Total pot $6 | Rake $0
Seat 3: krytalex (button) (small blind) collected ($6)
Seat 5: NewRocker (big blind) folded before Flop


PokerStars Hand #173170959195:  Hold'em Limit ($3/$6 USD) - 2017/07/17 18:22:49 ET
Table 'Patricia' 6-max Seat #5 is the button
Seat 3: krytalex ($172.94 in chips)
Seat 5: NewRocker ($138.62 in chips)
NewRocker: posts small blind $1
krytalex: posts big blind $3
*** HOLE CARDS ***
NewRocker: folds
Uncalled bet ($2) returned to krytalex
krytalex collected $2 from pot
*** SUMMARY ***
Total pot $2 | Rake $0
Seat 3: krytalex (big blind) collected ($2)
Seat 5: NewRocker (button) (small blind) folded before Flop


PokerStars Hand #173170966359:  Hold'em Limit ($3/$6 USD) - 2017/07/17 18:22:59 ET
Table 'Patricia' 6-max Seat #3 is the button
Seat 3: krytalex ($173.94 in chips)
Seat 5: NewRocker ($137.62 in chips)
krytalex: posts small blind $1
NewRocker: posts big blind $3
*** HOLE CARDS ***
krytalex: raises $3 to $6
NewRocker: calls $3
*** FLOP *** [7s 9s 2d]
NewRocker: checks
krytalex has timed out
krytalex: checks
*** TURN *** [7s 9s 2d] [Qh]
NewRocker: checks
krytalex: bets $6
NewRocker: folds
Uncalled bet ($6) returned to krytalex
krytalex collected $11.76 from pot
*** SUMMARY ***
Total pot $12 | Rake $0.24
Board [7s 9s 2d Qh]
Seat 3: krytalex (button) (small blind) collected ($11.76)
Seat 5: NewRocker (big blind) folded on the Turn


