PokerStars Hand #162747372044:  Hold'em Limit ($3/$6 USD) - 2016/12/10 20:30:52 ET
Table 'Patroclus' 6-max Seat #1 is the button
Seat 1: LifeisagameX ($84 in chips)
Seat 2: hairy1961 ($60 in chips)
LifeisagameX: posts small blind $1
hairy1961: posts big blind $3
*** HOLE CARDS ***
LifeisagameX: raises $3 to $6
hairy1961: calls $3
*** FLOP *** [Ah 9s 3h]
hairy1961: checks
LifeisagameX: bets $3
hairy1961: raises $3 to $6
LifeisagameX: calls $3
*** TURN *** [Ah 9s 3h] [2h]
hairy1961: bets $6
LifeisagameX: calls $6
*** RIVER *** [Ah 9s 3h 2h] [Kd]
hairy1961: bets $6
LifeisagameX: calls $6
*** SHOW DOWN ***
hairy1961: shows [Jc 8h] (high card Ace)
LifeisagameX: shows [3d 7d] (a pair of Threes)
LifeisagameX collected $47.50 from pot
*** SUMMARY ***
Total pot $48 | Rake $0.50
Board [Ah 9s 3h 2h Kd]
Seat 1: LifeisagameX (button) (small blind) showed [3d 7d] and won ($47.50) with a pair of Threes
Seat 2: hairy1961 (big blind) showed [Jc 8h] and lost with high card Ace


PokerStars Hand #162747405208:  Hold'em Limit ($3/$6 USD) - 2016/12/10 20:31:51 ET
Table 'Patroclus' 6-max Seat #2 is the button
Seat 1: LifeisagameX ($107.50 in chips)
Seat 2: hairy1961 ($36 in chips)
hairy1961: posts small blind $1
LifeisagameX: posts big blind $3
*** HOLE CARDS ***
hairy1961: raises $3 to $6
LifeisagameX: calls $3
*** FLOP *** [2d Qc Ad]
LifeisagameX: checks
hairy1961: bets $3
LifeisagameX: folds
Uncalled bet ($3) returned to hairy1961
hairy1961 collected $11.76 from pot
hairy1961: doesn't show hand
*** SUMMARY ***
Total pot $12 | Rake $0.24
Board [2d Qc Ad]
Seat 1: LifeisagameX (big blind) folded on the Flop
Seat 2: hairy1961 (button) (small blind) collected ($11.76)


PokerStars Hand #162747423539:  Hold'em Limit ($3/$6 USD) - 2016/12/10 20:32:24 ET
Table 'Patroclus' 6-max Seat #1 is the button
Seat 1: LifeisagameX ($101.50 in chips)
Seat 2: hairy1961 ($41.76 in chips)
LifeisagameX: posts small blind $1
hairy1961: posts big blind $3
*** HOLE CARDS ***
LifeisagameX: raises $3 to $6
hairy1961: folds
Uncalled bet ($3) returned to LifeisagameX
LifeisagameX collected $6 from pot
LifeisagameX: doesn't show hand
*** SUMMARY ***
Total pot $6 | Rake $0
Seat 1: LifeisagameX (button) (small blind) collected ($6)
Seat 2: hairy1961 (big blind) folded before Flop


PokerStars Hand #162747428284:  Hold'em Limit ($3/$6 USD) - 2016/12/10 20:32:32 ET
Table 'Patroclus' 6-max Seat #2 is the button
Seat 1: LifeisagameX ($104.50 in chips)
Seat 2: hairy1961 ($38.76 in chips)
hairy1961: posts small blind $1
LifeisagameX: posts big blind $3
*** HOLE CARDS ***
hairy1961: raises $3 to $6
LifeisagameX: calls $3
*** FLOP *** [Jd Ah 9h]
LifeisagameX: checks
hairy1961: bets $3
LifeisagameX: calls $3
*** TURN *** [Jd Ah 9h] [Qd]
LifeisagameX: checks
hairy1961: checks
*** RIVER *** [Jd Ah 9h Qd] [Kc]
LifeisagameX: checks
hairy1961: checks
*** SHOW DOWN ***
LifeisagameX: shows [2c Jh] (a pair of Jacks)
hairy1961: mucks hand
LifeisagameX collected $17.64 from pot
*** SUMMARY ***
Total pot $18 | Rake $0.36
Board [Jd Ah 9h Qd Kc]
Seat 1: LifeisagameX (big blind) showed [2c Jh] and won ($17.64) with a pair of Jacks
Seat 2: hairy1961 (button) (small blind) mucked


