PokerStars Hand #147482851568:  Hold'em Limit ($3/$6 USD) - 2016/01/22 11:30:40 ET
Table 'Patria' 6-max Seat #4 is the button
Seat 1: Sad Joker 00 ($38 in chips)
Seat 4: AzureCaper ($117 in chips)
AzureCaper: posts small blind $1
Sad Joker 00: posts big blind $3
*** HOLE CARDS ***
AzureCaper: raises $3 to $6
Sad Joker 00: calls $3
*** FLOP *** [2h Ac 2d]
Sad Joker 00: checks
AzureCaper: checks
*** TURN *** [2h Ac 2d] [3s]
Sad Joker 00: checks
AzureCaper: bets $6
Sad Joker 00: calls $6
*** RIVER *** [2h Ac 2d 3s] [9d]
Sad Joker 00: checks
AzureCaper: checks
*** SHOW DOWN ***
Sad Joker 00: shows [8h 7s] (a pair of Deuces)
AzureCaper: shows [Ks Qs] (a pair of Deuces - Ace+King kicker)
AzureCaper collected $23.52 from pot
*** SUMMARY ***
Total pot $24 | Rake $0.48
Board [2h Ac 2d 3s 9d]
Seat 1: Sad Joker 00 (big blind) showed [8h 7s] and lost with a pair of Deuces
Seat 4: AzureCaper (button) (small blind) showed [Ks Qs] and won ($23.52) with a pair of Deuces


PokerStars Hand #147482837624:  Hold'em Limit ($3/$6 USD) - 2016/01/22 11:30:24 ET
Table 'Patria' 6-max Seat #1 is the button
Seat 1: Sad Joker 00 ($53 in chips)
Seat 4: AzureCaper ($102.50 in chips)
Sad Joker 00: posts small blind $1
AzureCaper: posts big blind $3
*** HOLE CARDS ***
Sad Joker 00: raises $3 to $6
AzureCaper: calls $3
*** FLOP *** [6s 8s 2c]
AzureCaper: checks
Sad Joker 00: bets $3
AzureCaper: calls $3
*** TURN *** [6s 8s 2c] [5d]
AzureCaper: checks
Sad Joker 00: checks
*** RIVER *** [6s 8s 2c 5d] [Qh]
AzureCaper: bets $6
Sad Joker 00: calls $6
*** SHOW DOWN ***
AzureCaper: shows [7s 9h] (a straight, Five to Nine)
Sad Joker 00: mucks hand
AzureCaper collected $29.50 from pot
*** SUMMARY ***
Total pot $30 | Rake $0.50
Board [6s 8s 2c 5d Qh]
Seat 1: Sad Joker 00 (button) (small blind) mucked
Seat 4: AzureCaper (big blind) showed [7s 9h] and won ($29.50) with a straight, Five to Nine


PokerStars Hand #147482916955:  Hold'em Limit ($3/$6 USD) - 2016/01/22 11:31:55 ET
Table 'Patria' 6-max Seat #4 is the button
Seat 1: Sad Joker 00 ($51.04 in chips)
Seat 4: AzureCaper ($102.52 in chips)
AzureCaper: posts small blind $1
Sad Joker 00: posts big blind $3
*** HOLE CARDS ***
AzureCaper: folds
Uncalled bet ($2) returned to Sad Joker 00
Sad Joker 00 collected $2 from pot
Sad Joker 00: doesn't show hand
*** SUMMARY ***
Total pot $2 | Rake $0
Seat 1: Sad Joker 00 (big blind) collected ($2)
Seat 4: AzureCaper (button) (small blind) folded before Flop


PokerStars Hand #147482898457:  Hold'em Limit ($3/$6 USD) - 2016/01/22 11:31:34 ET
Table 'Patria' 6-max Seat #1 is the button
Seat 1: Sad Joker 00 ($42.40 in chips)
Seat 4: AzureCaper ($111.52 in chips)
Sad Joker 00: posts small blind $1
AzureCaper: posts big blind $3
*** HOLE CARDS ***
Sad Joker 00: raises $3 to $6
AzureCaper: calls $3
*** FLOP *** [Qs 7s Jd]
AzureCaper: checks
Sad Joker 00: bets $3
AzureCaper: calls $3
*** TURN *** [Qs 7s Jd] [4c]
AzureCaper: checks
Sad Joker 00: bets $6
AzureCaper: folds
Uncalled bet ($6) returned to Sad Joker 00
Sad Joker 00 collected $17.64 from pot
Sad Joker 00: doesn't show hand
*** SUMMARY ***
Total pot $18 | Rake $0.36
Board [Qs 7s Jd 4c]
Seat 1: Sad Joker 00 (button) (small blind) collected ($17.64)
Seat 4: AzureCaper (big blind) folded on the Turn


PokerStars Hand #147482894424:  Hold'em Limit ($3/$6 USD) - 2016/01/22 11:31:30 ET
Table 'Patria' 6-max Seat #4 is the button
Seat 1: Sad Joker 00 ($41.40 in chips)
Seat 4: AzureCaper ($112.52 in chips)
AzureCaper: posts small blind $1
Sad Joker 00: posts big blind $3
*** HOLE CARDS ***
AzureCaper: folds
Uncalled bet ($2) returned to Sad Joker 00
Sad Joker 00 collected $2 from pot
Sad Joker 00: doesn't show hand
*** SUMMARY ***
Total pot $2 | Rake $0
Seat 1: Sad Joker 00 (big blind) collected ($2)
Seat 4: AzureCaper (button) (small blind) folded before Flop


PokerStars Hand #147482885917:  Hold'em Limit ($3/$6 USD) - 2016/01/22 11:31:20 ET
Table 'Patria' 6-max Seat #1 is the button
Seat 1: Sad Joker 00 ($35.64 in chips)
Seat 4: AzureCaper ($118.52 in chips)
Sad Joker 00: posts small blind $1
AzureCaper: posts big blind $3
*** HOLE CARDS ***
Sad Joker 00: raises $3 to $6
AzureCaper: calls $3
*** FLOP *** [Ah Kh 2d]
AzureCaper: checks
Sad Joker 00: bets $3
AzureCaper: folds
Uncalled bet ($3) returned to Sad Joker 00
Sad Joker 00 collected $11.76 from pot
Sad Joker 00: doesn't show hand
*** SUMMARY ***
Total pot $12 | Rake $0.24
Board [Ah Kh 2d]
Seat 1: Sad Joker 00 (button) (small blind) collected ($11.76)
Seat 4: AzureCaper (big blind) folded on the Flop


PokerStars Hand #147482881187:  Hold'em Limit ($3/$6 USD) - 2016/01/22 11:31:14 ET
Table 'Patria' 6-max Seat #4 is the button
Seat 1: Sad Joker 00 ($34.64 in chips)
Seat 4: AzureCaper ($119.52 in chips)
AzureCaper: posts small blind $1
Sad Joker 00: posts big blind $3
*** HOLE CARDS ***
AzureCaper: folds
Uncalled bet ($2) returned to Sad Joker 00
Sad Joker 00 collected $2 from pot
Sad Joker 00: doesn't show hand
*** SUMMARY ***
Total pot $2 | Rake $0
Seat 1: Sad Joker 00 (big blind) collected ($2)
Seat 4: AzureCaper (button) (small blind) folded before Flop


PokerStars Hand #147482867904:  Hold'em Limit ($3/$6 USD) - 2016/01/22 11:30:59 ET
Table 'Patria' 6-max Seat #1 is the button
Seat 1: Sad Joker 00 ($26 in chips)
Seat 4: AzureCaper ($128.52 in chips)
Sad Joker 00: posts small blind $1
AzureCaper: posts big blind $3
*** HOLE CARDS ***
Sad Joker 00: raises $3 to $6
AzureCaper: calls $3
*** FLOP *** [9d 2s 4c]
AzureCaper: checks
Sad Joker 00: bets $3
AzureCaper: calls $3
*** TURN *** [9d 2s 4c] [As]
AzureCaper: checks
Sad Joker 00: bets $6
AzureCaper: folds
Uncalled bet ($6) returned to Sad Joker 00
Sad Joker 00 collected $17.64 from pot
Sad Joker 00: doesn't show hand
*** SUMMARY ***
Total pot $18 | Rake $0.36
Board [9d 2s 4c As]
Seat 1: Sad Joker 00 (button) (small blind) collected ($17.64)
Seat 4: AzureCaper (big blind) folded on the Turn


PokerStars Hand #147482979575:  Hold'em Limit ($3/$6 USD) - 2016/01/22 11:33:01 ET
Table 'Patria' 6-max Seat #1 is the button
Seat 1: Sad Joker 00 ($26.80 in chips)
Seat 4: AzureCaper ($125.66 in chips)
Sad Joker 00: posts small blind $1
AzureCaper: posts big blind $3
*** HOLE CARDS ***
Sad Joker 00: raises $3 to $6
AzureCaper: folds
Uncalled bet ($3) returned to Sad Joker 00
Sad Joker 00 collected $6 from pot
Sad Joker 00: doesn't show hand
*** SUMMARY ***
Total pot $6 | Rake $0
Seat 1: Sad Joker 00 (button) (small blind) collected ($6)
Seat 4: AzureCaper (big blind) folded before Flop


PokerStars Hand #147482975751:  Hold'em Limit ($3/$6 USD) - 2016/01/22 11:32:56 ET
Table 'Patria' 6-max Seat #4 is the button
Seat 1: Sad Joker 00 ($25.80 in chips)
Seat 4: AzureCaper ($126.66 in chips)
AzureCaper: posts small blind $1
Sad Joker 00: posts big blind $3
*** HOLE CARDS ***
AzureCaper: folds
Uncalled bet ($2) returned to Sad Joker 00
Sad Joker 00 collected $2 from pot
Sad Joker 00: doesn't show hand
*** SUMMARY ***
Total pot $2 | Rake $0
Seat 1: Sad Joker 00 (big blind) collected ($2)
Seat 4: AzureCaper (button) (small blind) folded before Flop


PokerStars Hand #147482957904:  Hold'em Limit ($3/$6 USD) - 2016/01/22 11:32:36 ET
Table 'Patria' 6-max Seat #1 is the button
Seat 1: Sad Joker 00 ($46.80 in chips)
Seat 4: AzureCaper ($106.16 in chips)
Sad Joker 00: posts small blind $1
AzureCaper: posts big blind $3
*** HOLE CARDS ***
Sad Joker 00: raises $3 to $6
AzureCaper: calls $3
*** FLOP *** [7s 4s 5d]
AzureCaper: checks
Sad Joker 00: bets $3
AzureCaper: calls $3
*** TURN *** [7s 4s 5d] [2c]
AzureCaper: checks
Sad Joker 00: bets $6
AzureCaper: calls $6
*** RIVER *** [7s 4s 5d 2c] [Ad]
AzureCaper: checks
Sad Joker 00: bets $6
AzureCaper: raises $6 to $12
Sad Joker 00: folds
Uncalled bet ($6) returned to AzureCaper
AzureCaper collected $41.50 from pot
AzureCaper: doesn't show hand
*** SUMMARY ***
Total pot $42 | Rake $0.50
Board [7s 4s 5d 2c Ad]
Seat 1: Sad Joker 00 (button) (small blind) folded on the River
Seat 4: AzureCaper (big blind) collected ($41.50)


PokerStars Hand #147482953130:  Hold'em Limit ($3/$6 USD) - 2016/01/22 11:32:30 ET
Table 'Patria' 6-max Seat #4 is the button
Seat 1: Sad Joker 00 ($49.80 in chips)
Seat 4: AzureCaper ($103.16 in chips)
AzureCaper: posts small blind $1
Sad Joker 00: posts big blind $3
*** HOLE CARDS ***
AzureCaper: raises $3 to $6
Sad Joker 00: folds
Uncalled bet ($3) returned to AzureCaper
AzureCaper collected $6 from pot
AzureCaper: doesn't show hand
*** SUMMARY ***
Total pot $6 | Rake $0
Seat 1: Sad Joker 00 (big blind) folded before Flop
Seat 4: AzureCaper (button) (small blind) collected ($6)


PokerStars Hand #147482941095:  Hold'em Limit ($3/$6 USD) - 2016/01/22 11:32:17 ET
Table 'Patria' 6-max Seat #1 is the button
Seat 1: Sad Joker 00 ($58.80 in chips)
Seat 4: AzureCaper ($94.52 in chips)
Sad Joker 00: posts small blind $1
AzureCaper: posts big blind $3
*** HOLE CARDS ***
Sad Joker 00: raises $3 to $6
AzureCaper: raises $3 to $9
Sad Joker 00: calls $3
*** FLOP *** [Jc 6s 4s]
AzureCaper: bets $3
Sad Joker 00: folds
Uncalled bet ($3) returned to AzureCaper
AzureCaper collected $17.64 from pot
AzureCaper: doesn't show hand
*** SUMMARY ***
Total pot $18 | Rake $0.36
Board [Jc 6s 4s]
Seat 1: Sad Joker 00 (button) (small blind) folded on the Flop
Seat 4: AzureCaper (big blind) collected ($17.64)


PokerStars Hand #147482931162:  Hold'em Limit ($3/$6 USD) - 2016/01/22 11:32:12 ET
Table 'Patria' 6-max Seat #4 is the button
Seat 1: Sad Joker 00 ($57.80 in chips)
Seat 4: AzureCaper ($95.52 in chips)
AzureCaper: posts small blind $1
Sad Joker 00: posts big blind $3
*** HOLE CARDS ***
AzureCaper: folds
Uncalled bet ($2) returned to Sad Joker 00
Sad Joker 00 collected $2 from pot
Sad Joker 00: doesn't show hand
*** SUMMARY ***
Total pot $2 | Rake $0
Seat 1: Sad Joker 00 (big blind) collected ($2)
Seat 4: AzureCaper (button) (small blind) folded before Flop


PokerStars Hand #147482920492:  Hold'em Limit ($3/$6 USD) - 2016/01/22 11:32:00 ET
Table 'Patria' 6-max Seat #1 is the button
Seat 1: Sad Joker 00 ($52.04 in chips)
Seat 4: AzureCaper ($101.52 in chips)
Sad Joker 00: posts small blind $1
AzureCaper: posts big blind $3
*** HOLE CARDS ***
Sad Joker 00: raises $3 to $6
AzureCaper: calls $3
*** FLOP *** [3c 6c Kd]
AzureCaper: checks
Sad Joker 00: bets $3
AzureCaper: folds
Uncalled bet ($3) returned to Sad Joker 00
Sad Joker 00 collected $11.76 from pot
Sad Joker 00: doesn't show hand
*** SUMMARY ***
Total pot $12 | Rake $0.24
Board [3c 6c Kd]
Seat 1: Sad Joker 00 (button) (small blind) collected ($11.76)
Seat 4: AzureCaper (big blind) folded on the Flop


PokerStars Hand #147483031656:  Hold'em Limit ($3/$6 USD) - 2016/01/22 11:34:01 ET
Table 'Patria' 6-max Seat #4 is the button
Seat 1: Sad Joker 00 ($64.70 in chips)
Seat 4: AzureCaper ($86.66 in chips)
AzureCaper: posts small blind $1
Sad Joker 00: posts big blind $3
*** HOLE CARDS ***
AzureCaper: folds
Uncalled bet ($2) returned to Sad Joker 00
Sad Joker 00 collected $2 from pot
Sad Joker 00: doesn't show hand
*** SUMMARY ***
Total pot $2 | Rake $0
Seat 1: Sad Joker 00 (big blind) collected ($2)
Seat 4: AzureCaper (button) (small blind) folded before Flop


PokerStars Hand #147483017182:  Hold'em Limit ($3/$6 USD) - 2016/01/22 11:33:45 ET
Table 'Patria' 6-max Seat #1 is the button
Seat 1: Sad Joker 00 ($58.94 in chips)
Seat 4: AzureCaper ($92.66 in chips)
Sad Joker 00: posts small blind $1
AzureCaper: posts big blind $3
*** HOLE CARDS ***
Sad Joker 00: raises $3 to $6
AzureCaper: calls $3
*** FLOP *** [Qd 9d Jc]
AzureCaper: checks
Sad Joker 00: bets $3
AzureCaper: folds
Uncalled bet ($3) returned to Sad Joker 00
Sad Joker 00 collected $11.76 from pot
Sad Joker 00: doesn't show hand
*** SUMMARY ***
Total pot $12 | Rake $0.24
Board [Qd 9d Jc]
Seat 1: Sad Joker 00 (button) (small blind) collected ($11.76)
Seat 4: AzureCaper (big blind) folded on the Flop


PokerStars Hand #147483004102:  Hold'em Limit ($3/$6 USD) - 2016/01/22 11:33:30 ET
Table 'Patria' 6-max Seat #4 is the button
Seat 1: Sad Joker 00 ($35.44 in chips)
Seat 4: AzureCaper ($116.66 in chips)
AzureCaper: posts small blind $1
Sad Joker 00: posts big blind $3
*** HOLE CARDS ***
AzureCaper: raises $3 to $6
Sad Joker 00: raises $3 to $9
AzureCaper: calls $3
*** FLOP *** [2d 6s Ah]
Sad Joker 00: bets $3
AzureCaper: calls $3
*** TURN *** [2d 6s Ah] [6h]
Sad Joker 00: bets $6
AzureCaper: calls $6
*** RIVER *** [2d 6s Ah 6h] [Kh]
Sad Joker 00: bets $6
AzureCaper: calls $6
*** SHOW DOWN ***
Sad Joker 00: shows [7d 7s] (two pair, Sevens and Sixes)
AzureCaper: mucks hand
Sad Joker 00 collected $47.50 from pot
*** SUMMARY ***
Total pot $48 | Rake $0.50
Board [2d 6s Ah 6h Kh]
Seat 1: Sad Joker 00 (big blind) showed [7d 7s] and won ($47.50) with two pair, Sevens and Sixes
Seat 4: AzureCaper (button) (small blind) mucked


PokerStars Hand #147482991431:  Hold'em Limit ($3/$6 USD) - 2016/01/22 11:33:15 ET
Table 'Patria' 6-max Seat #1 is the button
Seat 1: Sad Joker 00 ($26.80 in chips)
Seat 4: AzureCaper ($125.66 in chips)
Sad Joker 00: posts small blind $1
AzureCaper: posts big blind $3
*** HOLE CARDS ***
Sad Joker 00: raises $3 to $6
AzureCaper: calls $3
*** FLOP *** [Th 5s Tc]
AzureCaper: checks
Sad Joker 00: bets $3
AzureCaper: calls $3
*** TURN *** [Th 5s Tc] [2c]
AzureCaper: checks
Sad Joker 00: bets $6
AzureCaper: folds
Uncalled bet ($6) returned to Sad Joker 00
Sad Joker 00 collected $17.64 from pot
Sad Joker 00: doesn't show hand
*** SUMMARY ***
Total pot $18 | Rake $0.36
Board [Th 5s Tc 2c]
Seat 1: Sad Joker 00 (button) (small blind) collected ($17.64)
Seat 4: AzureCaper (big blind) folded on the Turn


PokerStars Hand #147482986150:  Hold'em Limit ($3/$6 USD) - 2016/01/22 11:33:09 ET
Table 'Patria' 6-max Seat #4 is the button
Seat 1: Sad Joker 00 ($29.80 in chips)
Seat 4: AzureCaper ($122.66 in chips)
AzureCaper: posts small blind $1
Sad Joker 00: posts big blind $3
*** HOLE CARDS ***
AzureCaper: raises $3 to $6
Sad Joker 00: folds
Uncalled bet ($3) returned to AzureCaper
AzureCaper collected $6 from pot
AzureCaper: doesn't show hand
*** SUMMARY ***
Total pot $6 | Rake $0
Seat 1: Sad Joker 00 (big blind) folded before Flop
Seat 4: AzureCaper (button) (small blind) collected ($6)


PokerStars Hand #147483074529:  Hold'em Limit ($3/$6 USD) - 2016/01/22 11:34:51 ET
Table 'Patria' 6-max Seat #4 is the button
Seat 1: Sad Joker 00 ($88.96 in chips)
Seat 4: AzureCaper ($72 in chips)
AzureCaper: posts small blind $1
Sad Joker 00: posts big blind $3
*** HOLE CARDS ***
AzureCaper: folds
Uncalled bet ($2) returned to Sad Joker 00
Sad Joker 00 collected $2 from pot
Sad Joker 00: doesn't show hand
*** SUMMARY ***
Total pot $2 | Rake $0
Seat 1: Sad Joker 00 (big blind) collected ($2)
Seat 4: AzureCaper (button) (small blind) folded before Flop


PokerStars Hand #147483050723:  Hold'em Limit ($3/$6 USD) - 2016/01/22 11:34:24 ET
Table 'Patria' 6-max Seat #1 is the button
Seat 1: Sad Joker 00 ($68.46 in chips)
Seat 4: AzureCaper ($82.66 in chips)
Sad Joker 00: posts small blind $1
AzureCaper: posts big blind $3
*** HOLE CARDS ***
Sad Joker 00: raises $3 to $6
AzureCaper: calls $3
*** FLOP *** [9d Jh 9h]
AzureCaper: checks
Sad Joker 00: bets $3
AzureCaper: calls $3
*** TURN *** [9d Jh 9h] [Ts]
AzureCaper: checks
Sad Joker 00: bets $6
AzureCaper: calls $6
*** RIVER *** [9d Jh 9h Ts] [9s]
AzureCaper: checks
Sad Joker 00: bets $6
AzureCaper: calls $6
*** SHOW DOWN ***
Sad Joker 00: shows [9c 8s] (four of a kind, Nines)
AzureCaper: mucks hand
Sad Joker 00 collected $41.50 from pot
*** SUMMARY ***
Total pot $42 | Rake $0.50
Board [9d Jh 9h Ts 9s]
Seat 1: Sad Joker 00 (button) (small blind) showed [9c 8s] and won ($41.50) with four of a kind, Nines
Seat 4: AzureCaper (big blind) mucked


PokerStars Hand #147483045523:  Hold'em Limit ($3/$6 USD) - 2016/01/22 11:34:18 ET
Table 'Patria' 6-max Seat #4 is the button
Seat 1: Sad Joker 00 ($71.46 in chips)
Seat 4: AzureCaper ($79.66 in chips)
AzureCaper: posts small blind $1
Sad Joker 00: posts big blind $3
*** HOLE CARDS ***
AzureCaper: raises $3 to $6
Sad Joker 00: folds
Uncalled bet ($3) returned to AzureCaper
AzureCaper collected $6 from pot
AzureCaper: doesn't show hand
*** SUMMARY ***
Total pot $6 | Rake $0
Seat 1: Sad Joker 00 (big blind) folded before Flop
Seat 4: AzureCaper (button) (small blind) collected ($6)


PokerStars Hand #147483035638:  Hold'em Limit ($3/$6 USD) - 2016/01/22 11:34:06 ET
Table 'Patria' 6-max Seat #1 is the button
Seat 1: Sad Joker 00 ($65.70 in chips)
Seat 4: AzureCaper ($85.66 in chips)
Sad Joker 00: posts small blind $1
AzureCaper: posts big blind $3
*** HOLE CARDS ***
Sad Joker 00: raises $3 to $6
AzureCaper: calls $3
*** FLOP *** [2h Qd 8s]
AzureCaper: checks
Sad Joker 00: bets $3
AzureCaper: folds
Uncalled bet ($3) returned to Sad Joker 00
Sad Joker 00 collected $11.76 from pot
Sad Joker 00: doesn't show hand
*** SUMMARY ***
Total pot $12 | Rake $0.24
Board [2h Qd 8s]
Seat 1: Sad Joker 00 (button) (small blind) collected ($11.76)
Seat 4: AzureCaper (big blind) folded on the Flop


PokerStars Hand #147483129957:  Hold'em Limit ($3/$6 USD) - 2016/01/22 11:35:55 ET
Table 'Patria' 6-max Seat #1 is the button
Seat 1: Sad Joker 00 ($63.96 in chips)
Seat 4: AzureCaper ($97.14 in chips)
Sad Joker 00: posts small blind $1
AzureCaper: posts big blind $3
*** HOLE CARDS ***
Sad Joker 00: folds
Uncalled bet ($2) returned to AzureCaper
AzureCaper collected $2 from pot
AzureCaper: doesn't show hand
*** SUMMARY ***
Total pot $2 | Rake $0
Seat 1: Sad Joker 00 (button) (small blind) folded before Flop
Seat 4: AzureCaper (big blind) collected ($2)


PokerStars Hand #147483125993:  Hold'em Limit ($3/$6 USD) - 2016/01/22 11:35:51 ET
Table 'Patria' 6-max Seat #4 is the button
Seat 1: Sad Joker 00 ($62.96 in chips)
Seat 4: AzureCaper ($98.14 in chips)
AzureCaper: posts small blind $1
Sad Joker 00: posts big blind $3
*** HOLE CARDS ***
AzureCaper: folds
Uncalled bet ($2) returned to Sad Joker 00
Sad Joker 00 collected $2 from pot
Sad Joker 00: doesn't show hand
*** SUMMARY ***
Total pot $2 | Rake $0
Seat 1: Sad Joker 00 (big blind) collected ($2)
Seat 4: AzureCaper (button) (small blind) folded before Flop


PokerStars Hand #147483121082:  Hold'em Limit ($3/$6 USD) - 2016/01/22 11:35:45 ET
Table 'Patria' 6-max Seat #1 is the button
Seat 1: Sad Joker 00 ($63.96 in chips)
Seat 4: AzureCaper ($97.14 in chips)
Sad Joker 00: posts small blind $1
AzureCaper: posts big blind $3
*** HOLE CARDS ***
Sad Joker 00: folds
Uncalled bet ($2) returned to AzureCaper
AzureCaper collected $2 from pot
AzureCaper: doesn't show hand
*** SUMMARY ***
Total pot $2 | Rake $0
Seat 1: Sad Joker 00 (button) (small blind) folded before Flop
Seat 4: AzureCaper (big blind) collected ($2)


PokerStars Hand #147483115232:  Hold'em Limit ($3/$6 USD) - 2016/01/22 11:35:38 ET
Table 'Patria' 6-max Seat #4 is the button
Seat 1: Sad Joker 00 ($66.96 in chips)
Seat 4: AzureCaper ($94.14 in chips)
AzureCaper: posts small blind $1
Sad Joker 00: posts big blind $3
*** HOLE CARDS ***
AzureCaper: raises $3 to $6
Sad Joker 00: folds
Uncalled bet ($3) returned to AzureCaper
AzureCaper collected $6 from pot
AzureCaper: doesn't show hand
*** SUMMARY ***
Total pot $6 | Rake $0
Seat 1: Sad Joker 00 (big blind) folded before Flop
Seat 4: AzureCaper (button) (small blind) collected ($6)


PokerStars Hand #147483097656:  Hold'em Limit ($3/$6 USD) - 2016/01/22 11:35:18 ET
Table 'Patria' 6-max Seat #1 is the button
Seat 1: Sad Joker 00 ($75.96 in chips)
Seat 4: AzureCaper ($85.50 in chips)
Sad Joker 00: posts small blind $1
AzureCaper: posts big blind $3
*** HOLE CARDS ***
Sad Joker 00: raises $3 to $6
AzureCaper: calls $3
*** FLOP *** [3c Th Ac]
AzureCaper: checks
Sad Joker 00: bets $3
AzureCaper: calls $3
*** TURN *** [3c Th Ac] [Kd]
AzureCaper: checks
Sad Joker 00: checks
*** RIVER *** [3c Th Ac Kd] [2s]
AzureCaper: checks
Sad Joker 00: checks
*** SHOW DOWN ***
AzureCaper: shows [8c Qc] (high card Ace)
Sad Joker 00: mucks hand
AzureCaper collected $17.64 from pot
*** SUMMARY ***
Total pot $18 | Rake $0.36
Board [3c Th Ac Kd 2s]
Seat 1: Sad Joker 00 (button) (small blind) mucked
Seat 4: AzureCaper (big blind) showed [8c Qc] and won ($17.64) with high card Ace


PokerStars Hand #147483093540:  Hold'em Limit ($3/$6 USD) - 2016/01/22 11:35:13 ET
Table 'Patria' 6-max Seat #4 is the button
Seat 1: Sad Joker 00 ($74.96 in chips)
Seat 4: AzureCaper ($86.50 in chips)
AzureCaper: posts small blind $1
Sad Joker 00: posts big blind $3
*** HOLE CARDS ***
AzureCaper: folds
Uncalled bet ($2) returned to Sad Joker 00
Sad Joker 00 collected $2 from pot
Sad Joker 00: doesn't show hand
*** SUMMARY ***
Total pot $2 | Rake $0
Seat 1: Sad Joker 00 (big blind) collected ($2)
Seat 4: AzureCaper (button) (small blind) folded before Flop


PokerStars Hand #147483078468:  Hold'em Limit ($3/$6 USD) - 2016/01/22 11:34:56 ET
Table 'Patria' 6-max Seat #1 is the button
Seat 1: Sad Joker 00 ($89.96 in chips)
Seat 4: AzureCaper ($72 in chips)
Sad Joker 00: posts small blind $1
AzureCaper: posts big blind $3
*** HOLE CARDS ***
Sad Joker 00: raises $3 to $6
AzureCaper: calls $3
*** FLOP *** [5c 7h 6h]
AzureCaper: checks
Sad Joker 00: bets $3
AzureCaper: calls $3
*** TURN *** [5c 7h 6h] [Ac]
AzureCaper: checks
Sad Joker 00: bets $6
AzureCaper: calls $6
*** RIVER *** [5c 7h 6h Ac] [Kh]
AzureCaper: checks
Sad Joker 00: checks
*** SHOW DOWN ***
AzureCaper: shows [3d 5h] (a pair of Fives)
Sad Joker 00: mucks hand
AzureCaper collected $29.50 from pot
*** SUMMARY ***
Total pot $30 | Rake $0.50
Board [5c 7h 6h Ac Kh]
Seat 1: Sad Joker 00 (button) (small blind) mucked
Seat 4: AzureCaper (big blind) showed [3d 5h] and won ($29.50) with a pair of Fives


PokerStars Hand #147483174406:  Hold'em Limit ($3/$6 USD) - 2016/01/22 11:36:46 ET
Table 'Patria' 6-max Seat #1 is the button
Seat 1: Sad Joker 00 ($80.22 in chips)
Seat 4: AzureCaper ($80.64 in chips)
Sad Joker 00: posts small blind $1
AzureCaper: posts big blind $3
*** HOLE CARDS ***
Sad Joker 00: folds
Uncalled bet ($2) returned to AzureCaper
AzureCaper collected $2 from pot
AzureCaper: doesn't show hand
*** SUMMARY ***
Total pot $2 | Rake $0
Seat 1: Sad Joker 00 (button) (small blind) folded before Flop
Seat 4: AzureCaper (big blind) collected ($2)


PokerStars Hand #147483160047:  Hold'em Limit ($3/$6 USD) - 2016/01/22 11:36:30 ET
Table 'Patria' 6-max Seat #4 is the button
Seat 1: Sad Joker 00 ($89.22 in chips)
Seat 4: AzureCaper ($72 in chips)
AzureCaper: posts small blind $1
Sad Joker 00: posts big blind $3
*** HOLE CARDS ***
AzureCaper: raises $3 to $6
Sad Joker 00: calls $3
*** FLOP *** [4c Th Ac]
Sad Joker 00: bets $3
AzureCaper: raises $3 to $6
Sad Joker 00: folds
Uncalled bet ($3) returned to AzureCaper
AzureCaper collected $17.64 from pot
AzureCaper: doesn't show hand
*** SUMMARY ***
Total pot $18 | Rake $0.36
Board [4c Th Ac]
Seat 1: Sad Joker 00 (big blind) folded on the Flop
Seat 4: AzureCaper (button) (small blind) collected ($17.64)


PokerStars Hand #147483148192:  Hold'em Limit ($3/$6 USD) - 2016/01/22 11:36:16 ET
Table 'Patria' 6-max Seat #1 is the button
Seat 1: Sad Joker 00 ($83.46 in chips)
Seat 4: AzureCaper ($77.14 in chips)
Sad Joker 00: posts small blind $1
AzureCaper: posts big blind $3
*** HOLE CARDS ***
Sad Joker 00: raises $3 to $6
AzureCaper: calls $3
*** FLOP *** [6h Ts 8s]
AzureCaper: checks
Sad Joker 00: bets $3
AzureCaper: folds
Uncalled bet ($3) returned to Sad Joker 00
Sad Joker 00 collected $11.76 from pot
Sad Joker 00: doesn't show hand
*** SUMMARY ***
Total pot $12 | Rake $0.24
Board [6h Ts 8s]
Seat 1: Sad Joker 00 (button) (small blind) collected ($11.76)
Seat 4: AzureCaper (big blind) folded on the Flop


PokerStars Hand #147483134163:  Hold'em Limit ($3/$6 USD) - 2016/01/22 11:36:00 ET
Table 'Patria' 6-max Seat #4 is the button
Seat 1: Sad Joker 00 ($62.96 in chips)
Seat 4: AzureCaper ($98.14 in chips)
AzureCaper: posts small blind $1
Sad Joker 00: posts big blind $3
*** HOLE CARDS ***
AzureCaper: raises $3 to $6
Sad Joker 00: calls $3
*** FLOP *** [Qd 5c Kh]
Sad Joker 00: bets $3
AzureCaper: calls $3
*** TURN *** [Qd 5c Kh] [Kc]
Sad Joker 00: bets $6
AzureCaper: calls $6
*** RIVER *** [Qd 5c Kh Kc] [Js]
Sad Joker 00: bets $6
AzureCaper: calls $6
*** SHOW DOWN ***
Sad Joker 00: shows [2h Qs] (two pair, Kings and Queens)
AzureCaper: mucks hand
Sad Joker 00 collected $41.50 from pot
*** SUMMARY ***
Total pot $42 | Rake $0.50
Board [Qd 5c Kh Kc Js]
Seat 1: Sad Joker 00 (big blind) showed [2h Qs] and won ($41.50) with two pair, Kings and Queens
Seat 4: AzureCaper (button) (small blind) mucked


PokerStars Hand #147483237046:  Hold'em Limit ($3/$6 USD) - 2016/01/22 11:37:58 ET
Table 'Patria' 6-max Seat #4 is the button
Seat 1: Sad Joker 00 ($77.98 in chips)
Seat 4: AzureCaper ($82.14 in chips)
AzureCaper: posts small blind $1
Sad Joker 00: posts big blind $3
*** HOLE CARDS ***
AzureCaper: folds
Uncalled bet ($2) returned to Sad Joker 00
Sad Joker 00 collected $2 from pot
Sad Joker 00: doesn't show hand
*** SUMMARY ***
Total pot $2 | Rake $0
Seat 1: Sad Joker 00 (big blind) collected ($2)
Seat 4: AzureCaper (button) (small blind) folded before Flop


PokerStars Hand #147483231270:  Hold'em Limit ($3/$6 USD) - 2016/01/22 11:37:52 ET
Table 'Patria' 6-max Seat #1 is the button
Seat 1: Sad Joker 00 ($74.98 in chips)
Seat 4: AzureCaper ($85.14 in chips)
Sad Joker 00: posts small blind $1
AzureCaper: posts big blind $3
*** HOLE CARDS ***
Sad Joker 00: raises $3 to $6
AzureCaper: folds
Uncalled bet ($3) returned to Sad Joker 00
Sad Joker 00 collected $6 from pot
Sad Joker 00: doesn't show hand
*** SUMMARY ***
Total pot $6 | Rake $0
Seat 1: Sad Joker 00 (button) (small blind) collected ($6)
Seat 4: AzureCaper (big blind) folded before Flop


PokerStars Hand #147483224603:  Hold'em Limit ($3/$6 USD) - 2016/01/22 11:37:44 ET
Table 'Patria' 6-max Seat #4 is the button
Seat 1: Sad Joker 00 ($73.98 in chips)
Seat 4: AzureCaper ($86.14 in chips)
AzureCaper: posts small blind $1
Sad Joker 00: posts big blind $3
*** HOLE CARDS ***
AzureCaper: folds
Uncalled bet ($2) returned to Sad Joker 00
Sad Joker 00 collected $2 from pot
Sad Joker 00: doesn't show hand
*** SUMMARY ***
Total pot $2 | Rake $0
Seat 1: Sad Joker 00 (big blind) collected ($2)
Seat 4: AzureCaper (button) (small blind) folded before Flop


PokerStars Hand #147483216138:  Hold'em Limit ($3/$6 USD) - 2016/01/22 11:37:35 ET
Table 'Patria' 6-max Seat #1 is the button
Seat 1: Sad Joker 00 ($70.98 in chips)
Seat 4: AzureCaper ($89.14 in chips)
Sad Joker 00: posts small blind $1
AzureCaper: posts big blind $3
*** HOLE CARDS ***
Sad Joker 00: raises $3 to $6
AzureCaper: folds
Uncalled bet ($3) returned to Sad Joker 00
Sad Joker 00 collected $6 from pot
Sad Joker 00: doesn't show hand
*** SUMMARY ***
Total pot $6 | Rake $0
Seat 1: Sad Joker 00 (button) (small blind) collected ($6)
Seat 4: AzureCaper (big blind) folded before Flop


PokerStars Hand #147483211295:  Hold'em Limit ($3/$6 USD) - 2016/01/22 11:37:29 ET
Table 'Patria' 6-max Seat #4 is the button
Seat 1: Sad Joker 00 ($69.98 in chips)
Seat 4: AzureCaper ($90.14 in chips)
AzureCaper: posts small blind $1
Sad Joker 00: posts big blind $3
*** HOLE CARDS ***
AzureCaper: folds
Uncalled bet ($2) returned to Sad Joker 00
Sad Joker 00 collected $2 from pot
Sad Joker 00: doesn't show hand
*** SUMMARY ***
Total pot $2 | Rake $0
Seat 1: Sad Joker 00 (big blind) collected ($2)
Seat 4: AzureCaper (button) (small blind) folded before Flop


PokerStars Hand #147483198065:  Hold'em Limit ($3/$6 USD) - 2016/01/22 11:37:14 ET
Table 'Patria' 6-max Seat #1 is the button
Seat 1: Sad Joker 00 ($64.22 in chips)
Seat 4: AzureCaper ($96.14 in chips)
Sad Joker 00: posts small blind $1
AzureCaper: posts big blind $3
*** HOLE CARDS ***
Sad Joker 00: raises $3 to $6
AzureCaper: calls $3
*** FLOP *** [8s Qh 3c]
AzureCaper: checks
Sad Joker 00: bets $3
AzureCaper: folds
Uncalled bet ($3) returned to Sad Joker 00
Sad Joker 00 collected $11.76 from pot
Sad Joker 00: doesn't show hand
*** SUMMARY ***
Total pot $12 | Rake $0.24
Board [8s Qh 3c]
Seat 1: Sad Joker 00 (button) (small blind) collected ($11.76)
Seat 4: AzureCaper (big blind) folded on the Flop


PokerStars Hand #147483178560:  Hold'em Limit ($3/$6 USD) - 2016/01/22 11:36:51 ET
Table 'Patria' 6-max Seat #4 is the button
Seat 1: Sad Joker 00 ($79.22 in chips)
Seat 4: AzureCaper ($81.64 in chips)
AzureCaper: posts small blind $1
Sad Joker 00: posts big blind $3
*** HOLE CARDS ***
AzureCaper: raises $3 to $6
Sad Joker 00: raises $3 to $9
AzureCaper: raises $3 to $12
Betting is capped
Sad Joker 00: calls $3
*** FLOP *** [3d 7d 4s]
Sad Joker 00: checks
AzureCaper: bets $3
Sad Joker 00: calls $3
*** TURN *** [3d 7d 4s] [6c]
Sad Joker 00: checks
AzureCaper: bets $6
Sad Joker 00: folds
Uncalled bet ($6) returned to AzureCaper
AzureCaper collected $29.50 from pot
AzureCaper: doesn't show hand
*** SUMMARY ***
Total pot $30 | Rake $0.50
Board [3d 7d 4s 6c]
Seat 1: Sad Joker 00 (big blind) folded on the Turn
Seat 4: AzureCaper (button) (small blind) collected ($29.50)


PokerStars Hand #147483293511:  Hold'em Limit ($3/$6 USD) - 2016/01/22 11:39:03 ET
Table 'Patria' 6-max Seat #4 is the button
Seat 1: Sad Joker 00 ($73.50 in chips)
Seat 4: AzureCaper ($85.64 in chips)
AzureCaper: posts small blind $1
Sad Joker 00: posts big blind $3
*** HOLE CARDS ***
AzureCaper: raises $3 to $6
Sad Joker 00: folds
Uncalled bet ($3) returned to AzureCaper
AzureCaper collected $6 from pot
AzureCaper: doesn't show hand
*** SUMMARY ***
Total pot $6 | Rake $0
Seat 1: Sad Joker 00 (big blind) folded before Flop
Seat 4: AzureCaper (button) (small blind) collected ($6)


PokerStars Hand #147483282081:  Hold'em Limit ($3/$6 USD) - 2016/01/22 11:38:50 ET
Table 'Patria' 6-max Seat #1 is the button
Seat 1: Sad Joker 00 ($67.74 in chips)
Seat 4: AzureCaper ($91.64 in chips)
Sad Joker 00: posts small blind $1
AzureCaper: posts big blind $3
*** HOLE CARDS ***
Sad Joker 00: raises $3 to $6
AzureCaper: calls $3
*** FLOP *** [Ah As 3d]
AzureCaper: checks
Sad Joker 00: bets $3
AzureCaper: folds
Uncalled bet ($3) returned to Sad Joker 00
Sad Joker 00 collected $11.76 from pot
Sad Joker 00: doesn't show hand
*** SUMMARY ***
Total pot $12 | Rake $0.24
Board [Ah As 3d]
Seat 1: Sad Joker 00 (button) (small blind) collected ($11.76)
Seat 4: AzureCaper (big blind) folded on the Flop


PokerStars Hand #147483271854:  Hold'em Limit ($3/$6 USD) - 2016/01/22 11:38:38 ET
Table 'Patria' 6-max Seat #4 is the button
Seat 1: Sad Joker 00 ($70.74 in chips)
Seat 4: AzureCaper ($88.64 in chips)
AzureCaper: posts small blind $1
Sad Joker 00: posts big blind $3
*** HOLE CARDS ***
AzureCaper: raises $3 to $6
Sad Joker 00: folds
Uncalled bet ($3) returned to AzureCaper
AzureCaper collected $6 from pot
AzureCaper: doesn't show hand
*** SUMMARY ***
Total pot $6 | Rake $0
Seat 1: Sad Joker 00 (big blind) folded before Flop
Seat 4: AzureCaper (button) (small blind) collected ($6)


PokerStars Hand #147483263308:  Hold'em Limit ($3/$6 USD) - 2016/01/22 11:38:29 ET
Table 'Patria' 6-max Seat #1 is the button
Seat 1: Sad Joker 00 ($64.98 in chips)
Seat 4: AzureCaper ($94.64 in chips)
Sad Joker 00: posts small blind $1
AzureCaper: posts big blind $3
*** HOLE CARDS ***
Sad Joker 00: raises $3 to $6
AzureCaper: calls $3
*** FLOP *** [Qh Kd 4c]
AzureCaper: checks
Sad Joker 00: bets $3
AzureCaper: folds
Uncalled bet ($3) returned to Sad Joker 00
Sad Joker 00 collected $11.76 from pot
Sad Joker 00: doesn't show hand
*** SUMMARY ***
Total pot $12 | Rake $0.24
Board [Qh Kd 4c]
Seat 1: Sad Joker 00 (button) (small blind) collected ($11.76)
Seat 4: AzureCaper (big blind) folded on the Flop


PokerStars Hand #147483257906:  Hold'em Limit ($3/$6 USD) - 2016/01/22 11:38:22 ET
Table 'Patria' 6-max Seat #4 is the button
Seat 1: Sad Joker 00 ($63.98 in chips)
Seat 4: AzureCaper ($95.64 in chips)
AzureCaper: posts small blind $1
Sad Joker 00: posts big blind $3
*** HOLE CARDS ***
AzureCaper: folds
Uncalled bet ($2) returned to Sad Joker 00
Sad Joker 00 collected $2 from pot
Sad Joker 00: doesn't show hand
*** SUMMARY ***
Total pot $2 | Rake $0
Seat 1: Sad Joker 00 (big blind) collected ($2)
Seat 4: AzureCaper (button) (small blind) folded before Flop


PokerStars Hand #147483241024:  Hold'em Limit ($3/$6 USD) - 2016/01/22 11:38:03 ET
Table 'Patria' 6-max Seat #1 is the button
Seat 1: Sad Joker 00 ($78.98 in chips)
Seat 4: AzureCaper ($81.14 in chips)
Sad Joker 00: posts small blind $1
AzureCaper: posts big blind $3
*** HOLE CARDS ***
Sad Joker 00: raises $3 to $6
AzureCaper: calls $3
*** FLOP *** [Th 4d 6s]
AzureCaper: checks
Sad Joker 00: bets $3
AzureCaper: calls $3
*** TURN *** [Th 4d 6s] [8s]
AzureCaper: checks
Sad Joker 00: checks
*** RIVER *** [Th 4d 6s 8s] [4h]
AzureCaper: bets $6
Sad Joker 00: calls $6
*** SHOW DOWN ***
AzureCaper: shows [Qs 4s] (three of a kind, Fours)
Sad Joker 00: mucks hand
AzureCaper collected $29.50 from pot
*** SUMMARY ***
Total pot $30 | Rake $0.50
Board [Th 4d 6s 8s 4h]
Seat 1: Sad Joker 00 (button) (small blind) mucked
Seat 4: AzureCaper (big blind) showed [Qs 4s] and won ($29.50) with three of a kind, Fours


PokerStars Hand #147483329786:  Hold'em Limit ($3/$6 USD) - 2016/01/22 11:39:44 ET
Table 'Patria' 6-max Seat #4 is the button
Seat 1: Sad Joker 00 ($76.26 in chips)
Seat 4: AzureCaper ($82.64 in chips)
AzureCaper: posts small blind $1
Sad Joker 00: posts big blind $3
*** HOLE CARDS ***
AzureCaper: folds
Uncalled bet ($2) returned to Sad Joker 00
Sad Joker 00 collected $2 from pot
Sad Joker 00: doesn't show hand
*** SUMMARY ***
Total pot $2 | Rake $0
Seat 1: Sad Joker 00 (big blind) collected ($2)
Seat 4: AzureCaper (button) (small blind) folded before Flop


PokerStars Hand #147483324406:  Hold'em Limit ($3/$6 USD) - 2016/01/22 11:39:38 ET
Table 'Patria' 6-max Seat #1 is the button
Seat 1: Sad Joker 00 ($77.26 in chips)
Seat 4: AzureCaper ($81.64 in chips)
Sad Joker 00: posts small blind $1
AzureCaper: posts big blind $3
*** HOLE CARDS ***
Sad Joker 00: folds
Uncalled bet ($2) returned to AzureCaper
AzureCaper collected $2 from pot
AzureCaper: doesn't show hand
*** SUMMARY ***
Total pot $2 | Rake $0
Seat 1: Sad Joker 00 (button) (small blind) folded before Flop
Seat 4: AzureCaper (big blind) collected ($2)


PokerStars Hand #147483319344:  Hold'em Limit ($3/$6 USD) - 2016/01/22 11:39:33 ET
Table 'Patria' 6-max Seat #4 is the button
Seat 1: Sad Joker 00 ($80.26 in chips)
Seat 4: AzureCaper ($78.64 in chips)
AzureCaper: posts small blind $1
Sad Joker 00: posts big blind $3
*** HOLE CARDS ***
AzureCaper: raises $3 to $6
Sad Joker 00: folds
Uncalled bet ($3) returned to AzureCaper
AzureCaper collected $6 from pot
AzureCaper: doesn't show hand
*** SUMMARY ***
Total pot $6 | Rake $0
Seat 1: Sad Joker 00 (big blind) folded before Flop
Seat 4: AzureCaper (button) (small blind) collected ($6)


PokerStars Hand #147483308986:  Hold'em Limit ($3/$6 USD) - 2016/01/22 11:39:21 ET
Table 'Patria' 6-max Seat #1 is the button
Seat 1: Sad Joker 00 ($74.50 in chips)
Seat 4: AzureCaper ($84.64 in chips)
Sad Joker 00: posts small blind $1
AzureCaper: posts big blind $3
*** HOLE CARDS ***
Sad Joker 00: raises $3 to $6
AzureCaper: calls $3
*** FLOP *** [Ac Js 5d]
AzureCaper: checks
Sad Joker 00: bets $3
AzureCaper: folds
Uncalled bet ($3) returned to Sad Joker 00
Sad Joker 00 collected $11.76 from pot
Sad Joker 00: doesn't show hand
*** SUMMARY ***
Total pot $12 | Rake $0.24
Board [Ac Js 5d]
Seat 1: Sad Joker 00 (button) (small blind) collected ($11.76)
Seat 4: AzureCaper (big blind) folded on the Flop


PokerStars Hand #147483304629:  Hold'em Limit ($3/$6 USD) - 2016/01/22 11:39:16 ET
Table 'Patria' 6-max Seat #4 is the button
Seat 1: Sad Joker 00 ($73.50 in chips)
Seat 4: AzureCaper ($85.64 in chips)
AzureCaper: posts small blind $1
Sad Joker 00: posts big blind $3
*** HOLE CARDS ***
AzureCaper: folds
Uncalled bet ($2) returned to Sad Joker 00
Sad Joker 00 collected $2 from pot
Sad Joker 00: doesn't show hand
*** SUMMARY ***
Total pot $2 | Rake $0
Seat 1: Sad Joker 00 (big blind) collected ($2)
Seat 4: AzureCaper (button) (small blind) folded before Flop


PokerStars Hand #147483298720:  Hold'em Limit ($3/$6 USD) - 2016/01/22 11:39:09 ET
Table 'Patria' 6-max Seat #1 is the button
Seat 1: Sad Joker 00 ($70.50 in chips)
Seat 4: AzureCaper ($88.64 in chips)
Sad Joker 00: posts small blind $1
AzureCaper: posts big blind $3
*** HOLE CARDS ***
Sad Joker 00: raises $3 to $6
AzureCaper: folds
Uncalled bet ($3) returned to Sad Joker 00
Sad Joker 00 collected $6 from pot
Sad Joker 00: doesn't show hand
*** SUMMARY ***
Total pot $6 | Rake $0
Seat 1: Sad Joker 00 (button) (small blind) collected ($6)
Seat 4: AzureCaper (big blind) folded before Flop


PokerStars Hand #147483387346:  Hold'em Limit ($3/$6 USD) - 2016/01/22 11:40:50 ET
Table 'Patria' 6-max Seat #1 is the button
Seat 1: Sad Joker 00 ($52.26 in chips)
Seat 4: AzureCaper ($105.64 in chips)
Sad Joker 00: posts small blind $1
AzureCaper: posts big blind $3
*** HOLE CARDS ***
Sad Joker 00: raises $3 to $6
AzureCaper: calls $3
*** FLOP *** [3s Qd 9c]
AzureCaper: checks
Sad Joker 00: bets $3
AzureCaper: folds
Uncalled bet ($3) returned to Sad Joker 00
Sad Joker 00 collected $11.76 from pot
Sad Joker 00: doesn't show hand
*** SUMMARY ***
Total pot $12 | Rake $0.24
Board [3s Qd 9c]
Seat 1: Sad Joker 00 (button) (small blind) collected ($11.76)
Seat 4: AzureCaper (big blind) folded on the Flop


PokerStars Hand #147483382757:  Hold'em Limit ($3/$6 USD) - 2016/01/22 11:40:45 ET
Table 'Patria' 6-max Seat #4 is the button
Seat 1: Sad Joker 00 ($51.26 in chips)
Seat 4: AzureCaper ($106.64 in chips)
AzureCaper: posts small blind $1
Sad Joker 00: posts big blind $3
*** HOLE CARDS ***
Gin777 joins the table at seat #6
AzureCaper: folds
Uncalled bet ($2) returned to Sad Joker 00
Sad Joker 00 collected $2 from pot
Sad Joker 00: doesn't show hand
*** SUMMARY ***
Total pot $2 | Rake $0
Seat 1: Sad Joker 00 (big blind) collected ($2)
Seat 4: AzureCaper (button) (small blind) folded before Flop


PokerStars Hand #147483377615:  Hold'em Limit ($3/$6 USD) - 2016/01/22 11:40:39 ET
Table 'Patria' 6-max Seat #1 is the button
Seat 1: Sad Joker 00 ($48.26 in chips)
Seat 4: AzureCaper ($109.64 in chips)
Sad Joker 00: posts small blind $1
AzureCaper: posts big blind $3
*** HOLE CARDS ***
Sad Joker 00: raises $3 to $6
AzureCaper: folds
Uncalled bet ($3) returned to Sad Joker 00
Sad Joker 00 collected $6 from pot
Sad Joker 00: doesn't show hand
*** SUMMARY ***
Total pot $6 | Rake $0
Seat 1: Sad Joker 00 (button) (small blind) collected ($6)
Seat 4: AzureCaper (big blind) folded before Flop


PokerStars Hand #147483362002:  Hold'em Limit ($3/$6 USD) - 2016/01/22 11:40:21 ET
Table 'Patria' 6-max Seat #4 is the button
Seat 1: Sad Joker 00 ($66.26 in chips)
Seat 4: AzureCaper ($92.14 in chips)
AzureCaper: posts small blind $1
Sad Joker 00: posts big blind $3
*** HOLE CARDS ***
AzureCaper: raises $3 to $6
Sad Joker 00: raises $3 to $9
AzureCaper: calls $3
*** FLOP *** [6s Tc 6c]
Sad Joker 00: bets $3
AzureCaper: calls $3
*** TURN *** [6s Tc 6c] [Qs]
Sad Joker 00: bets $6
AzureCaper: raises $6 to $12
Sad Joker 00: folds
Uncalled bet ($6) returned to AzureCaper
AzureCaper collected $35.50 from pot
AzureCaper: doesn't show hand
*** SUMMARY ***
Total pot $36 | Rake $0.50
Board [6s Tc 6c Qs]
Seat 1: Sad Joker 00 (big blind) folded on the Turn
Seat 4: AzureCaper (button) (small blind) collected ($35.50)


PokerStars Hand #147483356867:  Hold'em Limit ($3/$6 USD) - 2016/01/22 11:40:16 ET
Table 'Patria' 6-max Seat #1 is the button
Seat 1: Sad Joker 00 ($63.26 in chips)
Seat 4: AzureCaper ($95.14 in chips)
Sad Joker 00: posts small blind $1
AzureCaper: posts big blind $3
*** HOLE CARDS ***
Sad Joker 00: raises $3 to $6
AzureCaper: folds
Uncalled bet ($3) returned to Sad Joker 00
Sad Joker 00 collected $6 from pot
Sad Joker 00: doesn't show hand
*** SUMMARY ***
Total pot $6 | Rake $0
Seat 1: Sad Joker 00 (button) (small blind) collected ($6)
Seat 4: AzureCaper (big blind) folded before Flop


PokerStars Hand #147483352822:  Hold'em Limit ($3/$6 USD) - 2016/01/22 11:40:11 ET
Table 'Patria' 6-max Seat #4 is the button
Seat 1: Sad Joker 00 ($62.26 in chips)
Seat 4: AzureCaper ($96.14 in chips)
AzureCaper: posts small blind $1
Sad Joker 00: posts big blind $3
*** HOLE CARDS ***
AzureCaper: folds
Uncalled bet ($2) returned to Sad Joker 00
Sad Joker 00 collected $2 from pot
Sad Joker 00: doesn't show hand
*** SUMMARY ***
Total pot $2 | Rake $0
Seat 1: Sad Joker 00 (big blind) collected ($2)
Seat 4: AzureCaper (button) (small blind) folded before Flop


PokerStars Hand #147483334487:  Hold'em Limit ($3/$6 USD) - 2016/01/22 11:39:50 ET
Table 'Patria' 6-max Seat #1 is the button
Seat 1: Sad Joker 00 ($77.26 in chips)
Seat 4: AzureCaper ($81.64 in chips)
Sad Joker 00: posts small blind $1
AzureCaper: posts big blind $3
*** HOLE CARDS ***
Sad Joker 00: raises $3 to $6
AzureCaper: calls $3
*** FLOP *** [3h Th 9d]
AzureCaper: checks
Sad Joker 00: bets $3
AzureCaper: calls $3
*** TURN *** [3h Th 9d] [Ah]
AzureCaper: checks
Sad Joker 00: bets $6
AzureCaper: calls $6
*** RIVER *** [3h Th 9d Ah] [4c]
AzureCaper: checks
Sad Joker 00: checks
*** SHOW DOWN ***
AzureCaper: shows [Ad 5d] (a pair of Aces)
Sad Joker 00: mucks hand
AzureCaper collected $29.50 from pot
*** SUMMARY ***
Total pot $30 | Rake $0.50
Board [3h Th 9d Ah 4c]
Seat 1: Sad Joker 00 (button) (small blind) mucked
Seat 4: AzureCaper (big blind) showed [Ad 5d] and won ($29.50) with a pair of Aces


PokerStars Hand #147483606720:  Hold'em Limit ($3/$6 USD) - 2016/01/22 11:45:01 ET
Table 'Patria' 6-max Seat #2 is the button
Seat 2: ice0034 ($137.35 in chips)
Seat 5: MSC1121 ($143 in chips)
ice0034: posts small blind $1
AzureCaper: is sitting out
MSC1121: posts big blind $3
*** HOLE CARDS ***
AzureCaper leaves the table
ice0034: raises $3 to $6
MSC1121: calls $3
*** FLOP *** [7c 3c 5c]
MSC1121: checks
ice0034: bets $3
MSC1121: calls $3
*** TURN *** [7c 3c 5c] [6c]
MSC1121: checks
ice0034: checks
*** RIVER *** [7c 3c 5c 6c] [Kc]
MSC1121: checks
ice0034: checks
*** SHOW DOWN ***
MSC1121: shows [Kd 8d] (a flush, King high)
ice0034: shows [Qd 8h] (a flush, King high)
MSC1121 collected $8.82 from pot
ice0034 collected $8.82 from pot
*** SUMMARY ***
Total pot $18 | Rake $0.36
Board [7c 3c 5c 6c Kc]
Seat 2: ice0034 (button) (small blind) showed [Qd 8h] and won ($8.82) with a flush, King high
Seat 5: MSC1121 (big blind) showed [Kd 8d] and won ($8.82) with a flush, King high


