PokerStars Hand #155646735035:  Hold'em Limit ($3/$6 USD) - 2016/07/06 15:55:58 ET
Table 'Patria' 6-max Seat #3 is the button
Seat 3: winwinner69 ($48.55 in chips)
Seat 4: BuzovaPro ($72 in chips)
winwinner69: posts small blind $1
BuzovaPro: posts big blind $3
*** HOLE CARDS ***
winwinner69: calls $2
BuzovaPro: raises $3 to $6
winwinner69: calls $3
*** FLOP *** [4h Jd Th]
BuzovaPro: checks
winwinner69: bets $3
BuzovaPro: calls $3
*** TURN *** [4h Jd Th] [8s]
BuzovaPro: checks
winwinner69: checks
*** RIVER *** [4h Jd Th 8s] [3d]
BuzovaPro: checks
winwinner69: checks
*** SHOW DOWN ***
BuzovaPro: shows [3s As] (a pair of Threes)
winwinner69: mucks hand
BuzovaPro collected $17.64 from pot
*** SUMMARY ***
Total pot $18 | Rake $0.36
Board [4h Jd Th 8s 3d]
Seat 3: winwinner69 (button) (small blind) mucked
Seat 4: BuzovaPro (big blind) showed [3s As] and won ($17.64) with a pair of Threes


PokerStars Hand #155646776450:  Hold'em Limit ($3/$6 USD) - 2016/07/06 15:57:08 ET
Table 'Patria' 6-max Seat #4 is the button
Seat 3: winwinner69 ($43.55 in chips)
Seat 4: BuzovaPro ($76.64 in chips)
BuzovaPro: posts small blind $1
winwinner69: posts big blind $3
*** HOLE CARDS ***
BuzovaPro: raises $3 to $6
winwinner69: calls $3
*** FLOP *** [5s Jc 4h]
winwinner69: checks
BuzovaPro: bets $3
winwinner69: calls $3
*** TURN *** [5s Jc 4h] [3d]
winwinner69: checks
BuzovaPro: checks
*** RIVER *** [5s Jc 4h 3d] [9d]
winwinner69: bets $6
BuzovaPro: calls $6
*** SHOW DOWN ***
winwinner69: shows [8s Jd] (a pair of Jacks)
BuzovaPro: mucks hand
winwinner69 collected $29.50 from pot
*** SUMMARY ***
Total pot $30 | Rake $0.50
Board [5s Jc 4h 3d 9d]
Seat 3: winwinner69 (big blind) showed [8s Jd] and won ($29.50) with a pair of Jacks
Seat 4: BuzovaPro (button) (small blind) mucked


PokerStars Hand #155646770176:  Hold'em Limit ($3/$6 USD) - 2016/07/06 15:56:57 ET
Table 'Patria' 6-max Seat #3 is the button
Seat 3: winwinner69 ($40.55 in chips)
Seat 4: BuzovaPro ($79.64 in chips)
winwinner69: posts small blind $1
BuzovaPro: posts big blind $3
*** HOLE CARDS ***
winwinner69: raises $3 to $6
BuzovaPro: folds
Uncalled bet ($3) returned to winwinner69
winwinner69 collected $6 from pot
winwinner69: doesn't show hand
*** SUMMARY ***
Total pot $6 | Rake $0
Seat 3: winwinner69 (button) (small blind) collected ($6)
Seat 4: BuzovaPro (big blind) folded before Flop


PokerStars Hand #155646764774:  Hold'em Limit ($3/$6 USD) - 2016/07/06 15:56:48 ET
Table 'Patria' 6-max Seat #4 is the button
Seat 3: winwinner69 ($39.55 in chips)
Seat 4: BuzovaPro ($80.64 in chips)
BuzovaPro: posts small blind $1
winwinner69: posts big blind $3
*** HOLE CARDS ***
BuzovaPro: folds
Uncalled bet ($2) returned to winwinner69
winwinner69 collected $2 from pot
winwinner69: doesn't show hand
*** SUMMARY ***
Total pot $2 | Rake $0
Seat 3: winwinner69 (big blind) collected ($2)
Seat 4: BuzovaPro (button) (small blind) folded before Flop


PokerStars Hand #155646789496:  Hold'em Limit ($3/$6 USD) - 2016/07/06 15:57:30 ET
Table 'Patria' 6-max Seat #3 is the button
Seat 3: winwinner69 ($58.05 in chips)
Seat 4: BuzovaPro ($72 in chips)
winwinner69: posts small blind $1
BuzovaPro: posts big blind $3
*** HOLE CARDS ***
winwinner69: raises $3 to $6
BuzovaPro: calls $3
*** FLOP *** [Ad 8d 8c]
BuzovaPro: checks
winwinner69: bets $3
BuzovaPro: calls $3
*** TURN *** [Ad 8d 8c] [3s]
BuzovaPro: checks
winwinner69: bets $6
BuzovaPro: calls $6
*** RIVER *** [Ad 8d 8c 3s] [4s]
BuzovaPro: checks
winwinner69: checks
*** SHOW DOWN ***
BuzovaPro: shows [2c Kc] (a pair of Eights)
winwinner69: shows [5s 5d] (two pair, Eights and Fives)
winwinner69 collected $29.50 from pot
*** SUMMARY ***
Total pot $30 | Rake $0.50
Board [Ad 8d 8c 3s 4s]
Seat 3: winwinner69 (button) (small blind) showed [5s 5d] and won ($29.50) with two pair, Eights and Fives
Seat 4: BuzovaPro (big blind) showed [2c Kc] and lost with a pair of Eights


PokerStars Hand #155646824866:  Hold'em Limit ($3/$6 USD) - 2016/07/06 15:58:29 ET
Table 'Patria' 6-max Seat #3 is the button
Seat 3: winwinner69 ($81.19 in chips)
Seat 4: BuzovaPro ($72 in chips)
winwinner69: posts small blind $1
BuzovaPro: posts big blind $3
*** HOLE CARDS ***
winwinner69: folds
Uncalled bet ($2) returned to BuzovaPro
BuzovaPro collected $2 from pot
BuzovaPro: doesn't show hand
*** SUMMARY ***
Total pot $2 | Rake $0
Seat 3: winwinner69 (button) (small blind) folded before Flop
Seat 4: BuzovaPro (big blind) collected ($2)


PokerStars Hand #155646809451:  Hold'em Limit ($3/$6 USD) - 2016/07/06 15:58:03 ET
Table 'Patria' 6-max Seat #4 is the button
Seat 3: winwinner69 ($72.55 in chips)
Seat 4: BuzovaPro ($72 in chips)
BuzovaPro: posts small blind $1
winwinner69: posts big blind $3
*** HOLE CARDS ***
BuzovaPro: raises $3 to $6
winwinner69: calls $3
*** FLOP *** [6h Tc 5d]
winwinner69: checks
BuzovaPro: bets $3
winwinner69: calls $3
*** TURN *** [6h Tc 5d] [Js]
winwinner69: checks
BuzovaPro: checks
*** RIVER *** [6h Tc 5d Js] [Qh]
winwinner69: checks
BuzovaPro: checks
*** SHOW DOWN ***
winwinner69: shows [2h 6d] (a pair of Sixes)
BuzovaPro: mucks hand
winwinner69 collected $17.64 from pot
*** SUMMARY ***
Total pot $18 | Rake $0.36
Board [6h Tc 5d Js Qh]
Seat 3: winwinner69 (big blind) showed [2h 6d] and won ($17.64) with a pair of Sixes
Seat 4: BuzovaPro (button) (small blind) mucked


PokerStars Hand #155646860788:  Hold'em Limit ($3/$6 USD) - 2016/07/06 15:59:28 ET
Table 'Patria' 6-max Seat #3 is the button
Seat 3: winwinner69 ($65.19 in chips)
Seat 4: BuzovaPro ($87.28 in chips)
winwinner69: posts small blind $1
BuzovaPro: posts big blind $3
*** HOLE CARDS ***
winwinner69: calls $2
BuzovaPro: checks
*** FLOP *** [As Js 5c]
BuzovaPro: checks
winwinner69: bets $3
BuzovaPro: folds
Uncalled bet ($3) returned to winwinner69
winwinner69 collected $5.88 from pot
winwinner69: doesn't show hand
*** SUMMARY ***
Total pot $6 | Rake $0.12
Board [As Js 5c]
Seat 3: winwinner69 (button) (small blind) collected ($5.88)
Seat 4: BuzovaPro (big blind) folded on the Flop


PokerStars Hand #155646844224:  Hold'em Limit ($3/$6 USD) - 2016/07/06 15:59:01 ET
Table 'Patria' 6-max Seat #4 is the button
Seat 3: winwinner69 ($74.19 in chips)
Seat 4: BuzovaPro ($78.64 in chips)
BuzovaPro: posts small blind $1
winwinner69: posts big blind $3
*** HOLE CARDS ***
BuzovaPro: raises $3 to $6
winwinner69: calls $3
*** FLOP *** [5h Kd 5d]
winwinner69: bets $3
BuzovaPro: calls $3
*** TURN *** [5h Kd 5d] [4h]
winwinner69: checks
BuzovaPro: checks
*** RIVER *** [5h Kd 5d 4h] [2d]
winwinner69: checks
BuzovaPro: checks
*** SHOW DOWN ***
winwinner69: shows [8s 3c] (a pair of Fives)
BuzovaPro: shows [Ac 9s] (a pair of Fives - Ace kicker)
BuzovaPro collected $17.64 from pot
*** SUMMARY ***
Total pot $18 | Rake $0.36
Board [5h Kd 5d 4h 2d]
Seat 3: winwinner69 (big blind) showed [8s 3c] and lost with a pair of Fives
Seat 4: BuzovaPro (button) (small blind) showed [Ac 9s] and won ($17.64) with a pair of Fives


PokerStars Hand #155646840819:  Hold'em Limit ($3/$6 USD) - 2016/07/06 15:58:55 ET
Table 'Patria' 6-max Seat #3 is the button
Seat 3: winwinner69 ($71.19 in chips)
Seat 4: BuzovaPro ($81.64 in chips)
winwinner69: posts small blind $1
BuzovaPro: posts big blind $3
*** HOLE CARDS ***
winwinner69: raises $3 to $6
BuzovaPro: folds
Uncalled bet ($3) returned to winwinner69
winwinner69 collected $6 from pot
winwinner69: doesn't show hand
*** SUMMARY ***
Total pot $6 | Rake $0
Seat 3: winwinner69 (button) (small blind) collected ($6)
Seat 4: BuzovaPro (big blind) folded before Flop


PokerStars Hand #155646828289:  Hold'em Limit ($3/$6 USD) - 2016/07/06 15:58:34 ET
Table 'Patria' 6-max Seat #4 is the button
Seat 3: winwinner69 ($80.19 in chips)
Seat 4: BuzovaPro ($73 in chips)
BuzovaPro: posts small blind $1
winwinner69: posts big blind $3
*** HOLE CARDS ***
BuzovaPro: raises $3 to $6
winwinner69: calls $3
*** FLOP *** [7c Ad Jd]
winwinner69: checks
BuzovaPro: bets $3
winwinner69: calls $3
*** TURN *** [7c Ad Jd] [3c]
winwinner69: checks
BuzovaPro: bets $6
winwinner69: folds
Uncalled bet ($6) returned to BuzovaPro
BuzovaPro collected $17.64 from pot
BuzovaPro: doesn't show hand
*** SUMMARY ***
Total pot $18 | Rake $0.36
Board [7c Ad Jd 3c]
Seat 3: winwinner69 (big blind) folded on the Turn
Seat 4: BuzovaPro (button) (small blind) collected ($17.64)


PokerStars Hand #155646871406:  Hold'em Limit ($3/$6 USD) - 2016/07/06 15:59:45 ET
Table 'Patria' 6-max Seat #4 is the button
Seat 3: winwinner69 ($68.07 in chips)
Seat 4: BuzovaPro ($84.28 in chips)
BuzovaPro: posts small blind $1
winwinner69: posts big blind $3
*** HOLE CARDS ***
BuzovaPro: raises $3 to $6
winwinner69: calls $3
*** FLOP *** [3h 8s Qh]
winwinner69: checks
BuzovaPro: checks
*** TURN *** [3h 8s Qh] [2h]
winwinner69: checks
BuzovaPro: bets $6
winwinner69: folds
Uncalled bet ($6) returned to BuzovaPro
BuzovaPro collected $11.76 from pot
BuzovaPro: doesn't show hand
*** SUMMARY ***
Total pot $12 | Rake $0.24
Board [3h 8s Qh 2h]
Seat 3: winwinner69 (big blind) folded on the Turn
Seat 4: BuzovaPro (button) (small blind) collected ($11.76)


PokerStars Hand #155646881516:  Hold'em Limit ($3/$6 USD) - 2016/07/06 16:00:02 ET
Table 'Patria' 6-max Seat #3 is the button
Seat 3: winwinner69 ($62.07 in chips)
Seat 4: BuzovaPro ($90.04 in chips)
winwinner69: posts small blind $1
BuzovaPro: posts big blind $3
*** HOLE CARDS ***
winwinner69: calls $2
BuzovaPro: raises $3 to $6
winwinner69: calls $3
*** FLOP *** [4h Qs Td]
BuzovaPro: bets $3
winwinner69: folds
Uncalled bet ($3) returned to BuzovaPro
BuzovaPro collected $11.76 from pot
BuzovaPro: doesn't show hand
*** SUMMARY ***
Total pot $12 | Rake $0.24
Board [4h Qs Td]
Seat 3: winwinner69 (button) (small blind) folded on the Flop
Seat 4: BuzovaPro (big blind) collected ($11.76)


PokerStars Hand #155646891975:  Hold'em Limit ($3/$6 USD) - 2016/07/06 16:00:18 ET
Table 'Patria' 6-max Seat #4 is the button
Seat 3: winwinner69 ($56.07 in chips)
Seat 4: BuzovaPro ($95.80 in chips)
BuzovaPro: posts small blind $1
winwinner69: posts big blind $3
*** HOLE CARDS ***
BuzovaPro: folds
Uncalled bet ($2) returned to winwinner69
winwinner69 collected $2 from pot
winwinner69: doesn't show hand
*** SUMMARY ***
Total pot $2 | Rake $0
Seat 3: winwinner69 (big blind) collected ($2)
Seat 4: BuzovaPro (button) (small blind) folded before Flop


PokerStars Hand #155646895253:  Hold'em Limit ($3/$6 USD) - 2016/07/06 16:00:23 ET
Table 'Patria' 6-max Seat #3 is the button
Seat 3: winwinner69 ($57.07 in chips)
Seat 4: BuzovaPro ($94.80 in chips)
winwinner69: posts small blind $1
BuzovaPro: posts big blind $3
*** HOLE CARDS ***
winwinner69: raises $3 to $6
BuzovaPro: raises $3 to $9
winwinner69: calls $3
*** FLOP *** [3d 2s Tc]
BuzovaPro: bets $3
winwinner69: calls $3
*** TURN *** [3d 2s Tc] [3c]
BuzovaPro: checks
winwinner69: checks
*** RIVER *** [3d 2s Tc 3c] [Qh]
BuzovaPro: bets $6
winwinner69: folds
Uncalled bet ($6) returned to BuzovaPro
BuzovaPro collected $23.52 from pot
BuzovaPro: doesn't show hand
*** SUMMARY ***
Total pot $24 | Rake $0.48
Board [3d 2s Tc 3c Qh]
Seat 3: winwinner69 (button) (small blind) folded on the River
Seat 4: BuzovaPro (big blind) collected ($23.52)


PokerStars Hand #155646927995:  Hold'em Limit ($3/$6 USD) - 2016/07/06 16:01:12 ET
Table 'Patria' 6-max Seat #3 is the button
Seat 3: winwinner69 ($65.57 in chips)
Seat 4: BuzovaPro ($85.32 in chips)
winwinner69: posts small blind $1
BuzovaPro: posts big blind $3
*** HOLE CARDS ***
winwinner69: calls $2
BuzovaPro: checks
*** FLOP *** [Kh 5s Th]
BuzovaPro: checks
winwinner69: checks
*** TURN *** [Kh 5s Th] [As]
BuzovaPro: checks
winwinner69: checks
*** RIVER *** [Kh 5s Th As] [7h]
BuzovaPro: checks
winwinner69: bets $6
BuzovaPro: folds
Uncalled bet ($6) returned to winwinner69
winwinner69 collected $5.88 from pot
winwinner69: doesn't show hand
*** SUMMARY ***
Total pot $6 | Rake $0.12
Board [Kh 5s Th As 7h]
Seat 3: winwinner69 (button) (small blind) collected ($5.88)
Seat 4: BuzovaPro (big blind) folded on the River


PokerStars Hand #155646911821:  Hold'em Limit ($3/$6 USD) - 2016/07/06 16:00:49 ET
Table 'Patria' 6-max Seat #4 is the button
Seat 3: winwinner69 ($45.07 in chips)
Seat 4: BuzovaPro ($106.32 in chips)
BuzovaPro: posts small blind $1
winwinner69: posts big blind $3
*** HOLE CARDS ***
BuzovaPro: raises $3 to $6
winwinner69: calls $3
*** FLOP *** [8h 3s 5d]
winwinner69: checks
BuzovaPro: bets $3
winwinner69: calls $3
*** TURN *** [8h 3s 5d] [As]
winwinner69: checks
BuzovaPro: bets $6
winwinner69: calls $6
*** RIVER *** [8h 3s 5d As] [2s]
winwinner69: checks
BuzovaPro: bets $6
winwinner69: calls $6
*** SHOW DOWN ***
BuzovaPro: shows [Kc Qc] (high card Ace)
winwinner69: shows [Qs 8c] (a pair of Eights)
winwinner69 collected $41.50 from pot
*** SUMMARY ***
Total pot $42 | Rake $0.50
Board [8h 3s 5d As 2s]
Seat 3: winwinner69 (big blind) showed [Qs 8c] and won ($41.50) with a pair of Eights
Seat 4: BuzovaPro (button) (small blind) showed [Kc Qc] and lost with high card Ace


PokerStars Hand #155646977671:  Hold'em Limit ($3/$6 USD) - 2016/07/06 16:02:21 ET
Table 'Patria' 6-max Seat #4 is the button
Seat 3: winwinner69 ($60.45 in chips)
Seat 4: BuzovaPro ($89.96 in chips)
BuzovaPro: posts small blind $1
winwinner69: posts big blind $3
*** HOLE CARDS ***
BuzovaPro: raises $3 to $6
winwinner69: calls $3
*** FLOP *** [Qh 3s 2s]
winwinner69: checks
BuzovaPro: bets $3
winwinner69: raises $3 to $6
BuzovaPro: folds
Uncalled bet ($3) returned to winwinner69
winwinner69 collected $17.64 from pot
winwinner69: doesn't show hand
*** SUMMARY ***
Total pot $18 | Rake $0.36
Board [Qh 3s 2s]
Seat 3: winwinner69 (big blind) collected ($17.64)
Seat 4: BuzovaPro (button) (small blind) folded on the Flop


PokerStars Hand #155646952619:  Hold'em Limit ($3/$6 USD) - 2016/07/06 16:01:47 ET
Table 'Patria' 6-max Seat #4 is the button
Seat 3: winwinner69 ($68.45 in chips)
Seat 4: BuzovaPro ($82.32 in chips)
BuzovaPro: posts small blind $1
winwinner69: posts big blind $3
*** HOLE CARDS ***
BuzovaPro: folds
Uncalled bet ($2) returned to winwinner69
winwinner69 collected $2 from pot
winwinner69: doesn't show hand
*** SUMMARY ***
Total pot $2 | Rake $0
Seat 3: winwinner69 (big blind) collected ($2)
Seat 4: BuzovaPro (button) (small blind) folded before Flop


PokerStars Hand #155646964825:  Hold'em Limit ($3/$6 USD) - 2016/07/06 16:02:04 ET
Table 'Patria' 6-max Seat #3 is the button
Seat 3: winwinner69 ($69.45 in chips)
Seat 4: BuzovaPro ($81.32 in chips)
winwinner69: posts small blind $1
BuzovaPro: posts big blind $3
*** HOLE CARDS ***
winwinner69: calls $2
BuzovaPro: raises $3 to $6
winwinner69: calls $3
*** FLOP *** [8s Qh 9d]
BuzovaPro: bets $3
winwinner69: calls $3
*** TURN *** [8s Qh 9d] [Jc]
BuzovaPro: bets $6
winwinner69: folds
Uncalled bet ($6) returned to BuzovaPro
BuzovaPro collected $17.64 from pot
BuzovaPro: doesn't show hand
*** SUMMARY ***
Total pot $18 | Rake $0.36
Board [8s Qh 9d Jc]
Seat 3: winwinner69 (button) (small blind) folded on the Turn
Seat 4: BuzovaPro (big blind) collected ($17.64)


PokerStars Hand #155646988979:  Hold'em Limit ($3/$6 USD) - 2016/07/06 16:02:36 ET
Table 'Patria' 6-max Seat #3 is the button
Seat 3: winwinner69 ($69.09 in chips)
Seat 4: BuzovaPro ($80.96 in chips)
winwinner69: posts small blind $1
BuzovaPro: posts big blind $3
*** HOLE CARDS ***
winwinner69: calls $2
BuzovaPro: checks
*** FLOP *** [3d 6c Td]
BuzovaPro: bets $3
winwinner69: calls $3
*** TURN *** [3d 6c Td] [4s]
BuzovaPro: bets $6
winwinner69: folds
Uncalled bet ($6) returned to BuzovaPro
BuzovaPro collected $11.76 from pot
BuzovaPro: doesn't show hand
*** SUMMARY ***
Total pot $12 | Rake $0.24
Board [3d 6c Td 4s]
Seat 3: winwinner69 (button) (small blind) folded on the Turn
Seat 4: BuzovaPro (big blind) collected ($11.76)


PokerStars Hand #155647013479:  Hold'em Limit ($3/$6 USD) - 2016/07/06 16:03:09 ET
Table 'Patria' 6-max Seat #3 is the button
Seat 3: winwinner69 ($68.85 in chips)
Seat 4: BuzovaPro ($80.72 in chips)
winwinner69: posts small blind $1
BuzovaPro: posts big blind $3
*** HOLE CARDS ***
winwinner69: calls $2
BuzovaPro: checks
*** FLOP *** [Js 5d 6s]
BuzovaPro: checks
winwinner69: checks
*** TURN *** [Js 5d 6s] [3c]
BuzovaPro: bets $6
winwinner69: folds
Uncalled bet ($6) returned to BuzovaPro
BuzovaPro collected $5.88 from pot
BuzovaPro: doesn't show hand
*** SUMMARY ***
Total pot $6 | Rake $0.12
Board [Js 5d 6s 3c]
Seat 3: winwinner69 (button) (small blind) folded on the Turn
Seat 4: BuzovaPro (big blind) collected ($5.88)


PokerStars Hand #155646999140:  Hold'em Limit ($3/$6 USD) - 2016/07/06 16:02:50 ET
Table 'Patria' 6-max Seat #4 is the button
Seat 3: winwinner69 ($63.09 in chips)
Seat 4: BuzovaPro ($86.72 in chips)
BuzovaPro: posts small blind $1
winwinner69: posts big blind $3
*** HOLE CARDS ***
BuzovaPro: raises $3 to $6
winwinner69: calls $3
*** FLOP *** [7c 5h Th]
winwinner69: checks
BuzovaPro: checks
*** TURN *** [7c 5h Th] [Qc]
winwinner69: bets $6
BuzovaPro: folds
Uncalled bet ($6) returned to winwinner69
winwinner69 collected $11.76 from pot
winwinner69: doesn't show hand
*** SUMMARY ***
Total pot $12 | Rake $0.24
Board [7c 5h Th Qc]
Seat 3: winwinner69 (big blind) collected ($11.76)
Seat 4: BuzovaPro (button) (small blind) folded on the Turn


PokerStars Hand #155647029254:  Hold'em Limit ($3/$6 USD) - 2016/07/06 16:03:30 ET
Table 'Patria' 6-max Seat #4 is the button
Seat 3: winwinner69 ($65.85 in chips)
Seat 4: BuzovaPro ($83.60 in chips)
BuzovaPro: posts small blind $1
winwinner69: posts big blind $3
*** HOLE CARDS ***
BuzovaPro: raises $3 to $6
winwinner69: calls $3
*** FLOP *** [8d 9c Kd]
winwinner69: checks
BuzovaPro: checks
*** TURN *** [8d 9c Kd] [Kc]
winwinner69: bets $6
BuzovaPro: raises $6 to $12
winwinner69: folds
Uncalled bet ($6) returned to BuzovaPro
BuzovaPro collected $23.52 from pot
BuzovaPro: doesn't show hand
*** SUMMARY ***
Total pot $24 | Rake $0.48
Board [8d 9c Kd Kc]
Seat 3: winwinner69 (big blind) folded on the Turn
Seat 4: BuzovaPro (button) (small blind) collected ($23.52)


PokerStars Hand #155647060433:  Hold'em Limit ($3/$6 USD) - 2016/07/06 16:04:13 ET
Table 'Patria' 6-max Seat #4 is the button
Seat 3: winwinner69 ($56.73 in chips)
Seat 4: BuzovaPro ($92.12 in chips)
BuzovaPro: posts small blind $1
winwinner69: posts big blind $3
*** HOLE CARDS ***
BuzovaPro: folds
Uncalled bet ($2) returned to winwinner69
winwinner69 collected $2 from pot
winwinner69: doesn't show hand
*** SUMMARY ***
Total pot $2 | Rake $0
Seat 3: winwinner69 (big blind) collected ($2)
Seat 4: BuzovaPro (button) (small blind) folded before Flop


PokerStars Hand #155647045690:  Hold'em Limit ($3/$6 USD) - 2016/07/06 16:03:53 ET
Table 'Patria' 6-max Seat #3 is the button
Seat 3: winwinner69 ($53.85 in chips)
Seat 4: BuzovaPro ($95.12 in chips)
winwinner69: posts small blind $1
BuzovaPro: posts big blind $3
*** HOLE CARDS ***
winwinner69: calls $2
BuzovaPro: checks
*** FLOP *** [5s 9h 9d]
BuzovaPro: checks
winwinner69: bets $3
BuzovaPro: folds
Uncalled bet ($3) returned to winwinner69
winwinner69 collected $5.88 from pot
winwinner69: doesn't show hand
*** SUMMARY ***
Total pot $6 | Rake $0.12
Board [5s 9h 9d]
Seat 3: winwinner69 (button) (small blind) collected ($5.88)
Seat 4: BuzovaPro (big blind) folded on the Flop


PokerStars Hand #155647065159:  Hold'em Limit ($3/$6 USD) - 2016/07/06 16:04:19 ET
Table 'Patria' 6-max Seat #3 is the button
Seat 3: winwinner69 ($57.73 in chips)
Seat 4: BuzovaPro ($91.12 in chips)
winwinner69: posts small blind $1
BuzovaPro: posts big blind $3
*** HOLE CARDS ***
winwinner69: calls $2
BuzovaPro is disconnected
daprom joins the table at seat #6
BuzovaPro has timed out while disconnected
BuzovaPro: checks
*** FLOP *** [6c 5s Qh]
BuzovaPro has timed out while disconnected
BuzovaPro: checks
winwinner69: bets $3
BuzovaPro has timed out while disconnected
BuzovaPro: folds
Uncalled bet ($3) returned to winwinner69
winwinner69 collected $5.88 from pot
winwinner69: doesn't show hand
*** SUMMARY ***
Total pot $6 | Rake $0.12
Board [6c 5s Qh]
Seat 3: winwinner69 (button) (small blind) collected ($5.88)
Seat 4: BuzovaPro (big blind) folded on the Flop


PokerStars Hand #155647150636:  Hold'em Limit ($3/$6 USD) - 2016/07/06 16:06:08 ET
Table 'Patria' 6-max Seat #3 is the button
Seat 3: winwinner69 ($61.61 in chips)
Seat 6: daprom ($29 in chips)
winwinner69: posts small blind $1
daprom: posts big blind $3
*** HOLE CARDS ***
winwinner69: folds
Uncalled bet ($2) returned to daprom
IUnLuCKyI joins the table at seat #5
daprom collected $2 from pot
daprom: doesn't show hand
*** SUMMARY ***
Total pot $2 | Rake $0
Seat 3: winwinner69 (button) (small blind) folded before Flop
Seat 6: daprom (big blind) collected ($2)


PokerStars Hand #155647145979:  Hold'em Limit ($3/$6 USD) - 2016/07/06 16:06:01 ET
Table 'Patria' 6-max Seat #6 is the button
Seat 3: winwinner69 ($60.61 in chips)
Seat 6: daprom ($30 in chips)
daprom: posts small blind $1
winwinner69: posts big blind $3
*** HOLE CARDS ***
daprom: folds
Uncalled bet ($2) returned to winwinner69
winwinner69 collected $2 from pot
winwinner69: doesn't show hand
*** SUMMARY ***
Total pot $2 | Rake $0
Seat 3: winwinner69 (big blind) collected ($2)
Seat 6: daprom (button) (small blind) folded before Flop


PokerStars Hand #155647154299:  Hold'em Limit ($3/$6 USD) - 2016/07/06 16:06:13 ET
Table 'Patria' 6-max Seat #6 is the button
Seat 3: winwinner69 ($60.61 in chips)
Seat 6: daprom ($30 in chips)
daprom: posts small blind $1
winwinner69: posts big blind $3
*** HOLE CARDS ***
daprom: raises $3 to $6
winwinner69: calls $3
*** FLOP *** [8d 8s Kd]
winwinner69: checks
daprom: checks
*** TURN *** [8d 8s Kd] [7c]
winwinner69: checks
daprom: bets $6
CDNballer joins the table at seat #1
winwinner69: raises $6 to $12
daprom: folds
Uncalled bet ($6) returned to winwinner69
winwinner69 collected $23.52 from pot
winwinner69: doesn't show hand
*** SUMMARY ***
Total pot $24 | Rake $0.48
Board [8d 8s Kd 7c]
Seat 3: winwinner69 (big blind) collected ($23.52)
Seat 6: daprom (button) (small blind) folded on the Turn


