PokerStars Hand #151241400047:  Hold'em Limit ($3/$6 USD) - 2016/03/31 18:37:27 ET
Table 'Patricia' 6-max Seat #4 is the button
Seat 3: rttattar ($59.75 in chips)
Seat 4: BuzovaPro ($72 in chips)
BuzovaPro: posts small blind $1
rttattar: posts big blind $3
*** HOLE CARDS ***
BuzovaPro: folds
Uncalled bet ($2) returned to rttattar
rttattar collected $2 from pot
rttattar: doesn't show hand
*** SUMMARY ***
Total pot $2 | Rake $0
Seat 3: rttattar (big blind) collected ($2)
Seat 4: BuzovaPro (button) (small blind) folded before Flop


PokerStars Hand #151241371128:  Hold'em Limit ($3/$6 USD) - 2016/03/31 18:36:51 ET
Table 'Patricia' 6-max Seat #3 is the button
Seat 3: rttattar ($60 in chips)
Seat 4: BuzovaPro ($72 in chips)
rttattar: posts small blind $1
BuzovaPro: posts big blind $3
*** HOLE CARDS ***
rttattar: raises $3 to $6
BuzovaPro: calls $3
*** FLOP *** [5h 6s 8d]
BuzovaPro: checks
rttattar: checks
*** TURN *** [5h 6s 8d] [7s]
BuzovaPro: checks
rttattar: bets $6
BuzovaPro: calls $6
*** RIVER *** [5h 6s 8d 7s] [4h]
BuzovaPro: checks
rttattar: bets $6
BuzovaPro: calls $6
*** SHOW DOWN ***
rttattar: shows [4d Kd] (a straight, Four to Eight)
BuzovaPro: shows [Kh 5s] (a straight, Four to Eight)
BuzovaPro collected $17.75 from pot
rttattar collected $17.75 from pot
*** SUMMARY ***
Total pot $36 | Rake $0.50
Board [5h 6s 8d 7s 4h]
Seat 3: rttattar (button) (small blind) showed [4d Kd] and won ($17.75) with a straight, Four to Eight
Seat 4: BuzovaPro (big blind) showed [Kh 5s] and won ($17.75) with a straight, Four to Eight


PokerStars Hand #151241437924:  Hold'em Limit ($3/$6 USD) - 2016/03/31 18:38:15 ET
Table 'Patricia' 6-max Seat #3 is the button
Seat 3: rttattar ($66.27 in chips)
Seat 4: BuzovaPro ($72 in chips)
rttattar: posts small blind $1
BuzovaPro: posts big blind $3
*** HOLE CARDS ***
rttattar: folds
Uncalled bet ($2) returned to BuzovaPro
BuzovaPro collected $2 from pot
BuzovaPro: doesn't show hand
*** SUMMARY ***
Total pot $2 | Rake $0
Seat 3: rttattar (button) (small blind) folded before Flop
Seat 4: BuzovaPro (big blind) collected ($2)


PokerStars Hand #151241425194:  Hold'em Limit ($3/$6 USD) - 2016/03/31 18:37:59 ET
Table 'Patricia' 6-max Seat #4 is the button
Seat 3: rttattar ($54.75 in chips)
Seat 4: BuzovaPro ($77.76 in chips)
BuzovaPro: posts small blind $1
rttattar: posts big blind $3
*** HOLE CARDS ***
BuzovaPro: raises $3 to $6
rttattar: calls $3
*** FLOP *** [9c Qs Ad]
rttattar: checks
BuzovaPro: checks
*** TURN *** [9c Qs Ad] [Kh]
rttattar: bets $6
BuzovaPro: calls $6
*** RIVER *** [9c Qs Ad Kh] [8c]
rttattar: checks
BuzovaPro: checks
*** SHOW DOWN ***
rttattar: shows [5d As] (a pair of Aces)
BuzovaPro: mucks hand
rttattar collected $23.52 from pot
*** SUMMARY ***
Total pot $24 | Rake $0.48
Board [9c Qs Ad Kh 8c]
Seat 3: rttattar (big blind) showed [5d As] and won ($23.52) with a pair of Aces
Seat 4: BuzovaPro (button) (small blind) mucked


PokerStars Hand #151241405203:  Hold'em Limit ($3/$6 USD) - 2016/03/31 18:37:34 ET
Table 'Patricia' 6-max Seat #3 is the button
Seat 3: rttattar ($60.75 in chips)
Seat 4: BuzovaPro ($72 in chips)
rttattar: posts small blind $1
BuzovaPro: posts big blind $3
*** HOLE CARDS ***
rttattar: raises $3 to $6
BuzovaPro: calls $3
*** FLOP *** [Ks 6c Tc]
BuzovaPro: checks
rttattar: checks
*** TURN *** [Ks 6c Tc] [Jc]
BuzovaPro: bets $6
rttattar: folds
Uncalled bet ($6) returned to BuzovaPro
BuzovaPro collected $11.76 from pot
BuzovaPro: doesn't show hand
*** SUMMARY ***
Total pot $12 | Rake $0.24
Board [Ks 6c Tc Jc]
Seat 3: rttattar (button) (small blind) folded on the Turn
Seat 4: BuzovaPro (big blind) collected ($11.76)


PokerStars Hand #151241470753:  Hold'em Limit ($3/$6 USD) - 2016/03/31 18:38:55 ET
Table 'Patricia' 6-max Seat #3 is the button
Seat 3: rttattar ($85.77 in chips)
Seat 4: BuzovaPro ($72 in chips)
rttattar: posts small blind $1
BuzovaPro: posts big blind $3
*** HOLE CARDS ***
rttattar: raises $3 to $6
BuzovaPro: calls $3
*** FLOP *** [2s 2d 3h]
BuzovaPro: checks
rttattar: checks
*** TURN *** [2s 2d 3h] [Jh]
BuzovaPro: bets $6
rttattar: calls $6
*** RIVER *** [2s 2d 3h Jh] [Jc]
BuzovaPro: bets $6
rttattar: calls $6
*** SHOW DOWN ***
BuzovaPro: shows [Kd Js] (a full house, Jacks full of Deuces)
rttattar: mucks hand
BuzovaPro collected $35.50 from pot
*** SUMMARY ***
Total pot $36 | Rake $0.50
Board [2s 2d 3h Jh Jc]
Seat 3: rttattar (button) (small blind) mucked
Seat 4: BuzovaPro (big blind) showed [Kd Js] and won ($35.50) with a full house, Jacks full of Deuces


PokerStars Hand #151241444527:  Hold'em Limit ($3/$6 USD) - 2016/03/31 18:38:23 ET
Table 'Patricia' 6-max Seat #4 is the button
Seat 3: rttattar ($65.27 in chips)
Seat 4: BuzovaPro ($73 in chips)
BuzovaPro: posts small blind $1
rttattar: posts big blind $3
*** HOLE CARDS ***
BuzovaPro: raises $3 to $6
rttattar: calls $3
*** FLOP *** [2s 8s 3d]
rttattar: checks
BuzovaPro: bets $3
rttattar: calls $3
*** TURN *** [2s 8s 3d] [8h]
rttattar: checks
BuzovaPro: bets $6
rttattar: calls $6
*** RIVER *** [2s 8s 3d 8h] [7s]
rttattar: checks
BuzovaPro: bets $6
rttattar: calls $6
*** SHOW DOWN ***
BuzovaPro: shows [4d Js] (a pair of Eights)
rttattar: shows [5d As] (a pair of Eights - Ace kicker)
rttattar collected $41.50 from pot
*** SUMMARY ***
Total pot $42 | Rake $0.50
Board [2s 8s 3d 8h 7s]
Seat 3: rttattar (big blind) showed [5d As] and won ($41.50) with a pair of Eights
Seat 4: BuzovaPro (button) (small blind) showed [4d Js] and lost with a pair of Eights


PokerStars Hand #151241490602:  Hold'em Limit ($3/$6 USD) - 2016/03/31 18:39:20 ET
Table 'Patricia' 6-max Seat #4 is the button
Seat 3: rttattar ($67.77 in chips)
Seat 4: BuzovaPro ($89.50 in chips)
BuzovaPro: posts small blind $1
rttattar: posts big blind $3
*** HOLE CARDS ***
BuzovaPro: raises $3 to $6
rttattar: calls $3
*** FLOP *** [7s 8c 5c]
rttattar: bets $3
BuzovaPro: raises $3 to $6
rttattar: calls $3
*** TURN *** [7s 8c 5c] [Ks]
gracetime joins the table at seat #2
rttattar: checks
BuzovaPro: bets $6
rttattar: calls $6
*** RIVER *** [7s 8c 5c Ks] [Ah]
rttattar: checks
BuzovaPro: checks
*** SHOW DOWN ***
rttattar: shows [9h 8s] (a pair of Eights)
BuzovaPro: mucks hand
rttattar collected $35.50 from pot
*** SUMMARY ***
Total pot $36 | Rake $0.50
Board [7s 8c 5c Ks Ah]
Seat 3: rttattar (big blind) showed [9h 8s] and won ($35.50) with a pair of Eights
Seat 4: BuzovaPro (button) (small blind) mucked


PokerStars Hand #151241518028:  Hold'em Limit ($3/$6 USD) - 2016/03/31 18:39:55 ET
Table 'Patricia' 6-max Seat #3 is the button
Seat 3: rttattar ($85.27 in chips)
Seat 4: BuzovaPro ($72 in chips)
rttattar: posts small blind $1
BuzovaPro: posts big blind $3
*** HOLE CARDS ***
rttattar: raises $3 to $6
BuzovaPro: calls $3
*** FLOP *** [9c 3c 8d]
BuzovaPro: bets $3
rttattar: calls $3
*** TURN *** [9c 3c 8d] [6d]
BuzovaPro: bets $6
rttattar: calls $6
*** RIVER *** [9c 3c 8d 6d] [Qh]
BuzovaPro: bets $6
rttattar: calls $6
*** SHOW DOWN ***
BuzovaPro: shows [Jd 9d] (a pair of Nines)
rttattar: shows [Qd 5d] (a pair of Queens)
rttattar collected $41.50 from pot
*** SUMMARY ***
Total pot $42 | Rake $0.50
Board [9c 3c 8d 6d Qh]
Seat 3: rttattar (button) (small blind) showed [Qd 5d] and won ($41.50) with a pair of Queens
Seat 4: BuzovaPro (big blind) showed [Jd 9d] and lost with a pair of Nines


