PokerStars Hand #149384195569:  Hold'em Limit ($3/$6 USD) - 2016/02/25 7:16:30 ET
Table 'Patricia' 10-max Seat #4 is the button
Seat 3: GRAILKO ($186.51 in chips)
Seat 4: B_loJkl ($159.86 in chips)
B_loJkl: posts small blind $1
GRAILKO: posts big blind $3
*** HOLE CARDS ***
B_loJkl: raises $3 to $6
GRAILKO: calls $3
*** FLOP *** [5d 9d 8d]
GRAILKO: checks
B_loJkl: bets $3
GRAILKO: raises $3 to $6
B_loJkl: calls $3
*** TURN *** [5d 9d 8d] [4c]
GRAILKO: bets $6
B_loJkl: calls $6
*** RIVER *** [5d 9d 8d 4c] [4s]
GRAILKO: bets $6
B_loJkl: calls $6
*** SHOW DOWN ***
GRAILKO: shows [Kh 9c] (two pair, Nines and Fours)
B_loJkl: mucks hand
GRAILKO collected $47.50 from pot
*** SUMMARY ***
Total pot $48 | Rake $0.50
Board [5d 9d 8d 4c 4s]
Seat 3: GRAILKO (big blind) showed [Kh 9c] and won ($47.50) with two pair, Nines and Fours
Seat 4: B_loJkl (button) (small blind) mucked


PokerStars Hand #149385771604:  Hold'em Limit ($3/$6 USD) - 2016/02/25 8:03:25 ET
Table 'Patricia' 10-max Seat #1 is the button
Seat 1: VolkovDmitri ($131.28 in chips)
Seat 2: shalomrum ($17.64 in chips)
VolkovDmitri: posts small blind $1
shalomrum: posts big blind $3
*** HOLE CARDS ***
VolkovDmitri: folds
Uncalled bet ($2) returned to shalomrum
shalomrum collected $2 from pot
shalomrum: doesn't show hand
*** SUMMARY ***
Total pot $2 | Rake $0
Seat 1: VolkovDmitri (button) (small blind) folded before Flop
Seat 2: shalomrum (big blind) collected ($2)


PokerStars Hand #149385760915:  Hold'em Limit ($3/$6 USD) - 2016/02/25 8:03:07 ET
Table 'Patricia' 10-max Seat #2 is the button
Seat 1: VolkovDmitri ($140.28 in chips)
Seat 2: shalomrum ($9 in chips)
shalomrum: posts small blind $1
VolkovDmitri: posts big blind $3
*** HOLE CARDS ***
shalomrum: raises $3 to $6
VolkovDmitri: raises $3 to $9
shalomrum: calls $3 and is all-in
*** FLOP *** [5h 3h 7c]
*** TURN *** [5h 3h 7c] [Tc]
*** RIVER *** [5h 3h 7c Tc] [Kd]
*** SHOW DOWN ***
VolkovDmitri: shows [2s Qs] (high card King)
shalomrum: shows [5s 9s] (a pair of Fives)
shalomrum collected $17.64 from pot
*** SUMMARY ***
Total pot $18 | Rake $0.36
Board [5h 3h 7c Tc Kd]
Seat 1: VolkovDmitri (big blind) showed [2s Qs] and lost with high card King
Seat 2: shalomrum (button) (small blind) showed [5s 9s] and won ($17.64) with a pair of Fives


PokerStars Hand #149385754055:  Hold'em Limit ($3/$6 USD) - 2016/02/25 8:02:55 ET
Table 'Patricia' 10-max Seat #1 is the button
Seat 1: VolkovDmitri ($134.52 in chips)
Seat 2: shalomrum ($15 in chips)
VolkovDmitri: posts small blind $1
shalomrum: posts big blind $3
*** HOLE CARDS ***
VolkovDmitri: raises $3 to $6
shalomrum: calls $3
*** FLOP *** [Qd Ac 7s]
shalomrum: checks
VolkovDmitri: bets $3
shalomrum: folds
Uncalled bet ($3) returned to VolkovDmitri
VolkovDmitri collected $11.76 from pot
VolkovDmitri: doesn't show hand
*** SUMMARY ***
Total pot $12 | Rake $0.24
Board [Qd Ac 7s]
Seat 1: VolkovDmitri (button) (small blind) collected ($11.76)
Seat 2: shalomrum (big blind) folded on the Flop


PokerStars Hand #149385744198:  Hold'em Limit ($3/$6 USD) - 2016/02/25 8:02:38 ET
Table 'Patricia' 10-max Seat #2 is the button
Seat 1: VolkovDmitri ($123 in chips)
Seat 2: shalomrum ($27 in chips)
shalomrum: posts small blind $1
VolkovDmitri: posts big blind $3
*** HOLE CARDS ***
shalomrum: raises $3 to $6
VolkovDmitri: calls $3
*** FLOP *** [Jc 6d Kc]
VolkovDmitri: checks
shalomrum: bets $3
VolkovDmitri: raises $3 to $6
shalomrum: calls $3
*** TURN *** [Jc 6d Kc] [2c]
VolkovDmitri: bets $6
shalomrum: folds
Uncalled bet ($6) returned to VolkovDmitri
VolkovDmitri collected $23.52 from pot
VolkovDmitri: doesn't show hand
*** SUMMARY ***
Total pot $24 | Rake $0.48
Board [Jc 6d Kc 2c]
Seat 1: VolkovDmitri (big blind) collected ($23.52)
Seat 2: shalomrum (button) (small blind) folded on the Turn


PokerStars Hand #149385737291:  Hold'em Limit ($3/$6 USD) - 2016/02/25 8:02:27 ET
Table 'Patricia' 10-max Seat #1 is the button
Seat 1: VolkovDmitri ($120 in chips)
Seat 2: shalomrum ($30 in chips)
VolkovDmitri: posts small blind $1
shalomrum: posts big blind $3
*** HOLE CARDS ***
VolkovDmitri: raises $3 to $6
shalomrum: folds
Uncalled bet ($3) returned to VolkovDmitri
VolkovDmitri collected $6 from pot
VolkovDmitri: doesn't show hand
*** SUMMARY ***
Total pot $6 | Rake $0
Seat 1: VolkovDmitri (button) (small blind) collected ($6)
Seat 2: shalomrum (big blind) folded before Flop


PokerStars Hand #149385792584:  Hold'em Limit ($3/$6 USD) - 2016/02/25 8:04:00 ET
Table 'Patricia' 10-max Seat #1 is the button
Seat 1: VolkovDmitri ($141.80 in chips)
Seat 2: shalomrum ($6.64 in chips)
VolkovDmitri: posts small blind $1
shalomrum: posts big blind $3
*** HOLE CARDS ***
VolkovDmitri: raises $3 to $6
shalomrum: calls $3
*** FLOP *** [9s 2h Jd]
shalomrum: bets $0.64 and is all-in
VolkovDmitri: calls $0.64
*** TURN *** [9s 2h Jd] [9d]
*** RIVER *** [9s 2h Jd 9d] [Ad]
*** SHOW DOWN ***
shalomrum: shows [5s 8h] (a pair of Nines)
VolkovDmitri: shows [8c 4c] (a pair of Nines)
shalomrum collected $6.51 from pot
VolkovDmitri collected $6.50 from pot
*** SUMMARY ***
Total pot $13.28 | Rake $0.27
Board [9s 2h Jd 9d Ad]
Seat 1: VolkovDmitri (button) (small blind) showed [8c 4c] and won ($6.50) with a pair of Nines
Seat 2: shalomrum (big blind) showed [5s 8h] and won ($6.51) with a pair of Nines


PokerStars Hand #149385774824:  Hold'em Limit ($3/$6 USD) - 2016/02/25 8:03:30 ET
Table 'Patricia' 10-max Seat #2 is the button
Seat 1: VolkovDmitri ($130.28 in chips)
Seat 2: shalomrum ($18.64 in chips)
shalomrum: posts small blind $1
VolkovDmitri: posts big blind $3
*** HOLE CARDS ***
shalomrum: raises $3 to $6
VolkovDmitri: raises $3 to $9
shalomrum: calls $3
*** FLOP *** [Td 6d 7c]
VolkovDmitri: bets $3
shalomrum: calls $3
*** TURN *** [Td 6d 7c] [Ts]
Dirk5338 joins the table at seat #3
VolkovDmitri: checks
shalomrum: checks
*** RIVER *** [Td 6d 7c Ts] [As]
VolkovDmitri: checks
shalomrum: checks
*** SHOW DOWN ***
VolkovDmitri: shows [Ah 4c] (two pair, Aces and Tens)
shalomrum: mucks hand
VolkovDmitri collected $23.52 from pot
*** SUMMARY ***
Total pot $24 | Rake $0.48
Board [Td 6d 7c Ts As]
Seat 1: VolkovDmitri (big blind) showed [Ah 4c] and won ($23.52) with two pair, Aces and Tens
Seat 2: shalomrum (button) (small blind) mucked


PokerStars Hand #149385846988:  Hold'em Limit ($3/$6 USD) - 2016/02/25 8:05:32 ET
Table 'Patricia' 10-max Seat #1 is the button
Seat 1: VolkovDmitri ($194.09 in chips)
Seat 3: Dirk5338 ($201.45 in chips)
VolkovDmitri: posts small blind $1
Dirk5338: posts big blind $3
*** HOLE CARDS ***
VolkovDmitri: raises $3 to $6
Dirk5338: calls $3
*** FLOP *** [7h 5h Qs]
Chrimi joins the table at seat #7
Dirk5338: checks
VolkovDmitri: bets $3
Dirk5338: calls $3
*** TURN *** [7h 5h Qs] [5s]
Dirk5338: checks
VolkovDmitri: checks
*** RIVER *** [7h 5h Qs 5s] [4d]
Dirk5338: checks
VolkovDmitri: checks
*** SHOW DOWN ***
Dirk5338: shows [2s Kc] (a pair of Fives)
VolkovDmitri: shows [6d Ad] (a pair of Fives - Ace kicker)
VolkovDmitri collected $17.64 from pot
*** SUMMARY ***
Total pot $18 | Rake $0.36
Board [7h 5h Qs 5s 4d]
Seat 1: VolkovDmitri (button) (small blind) showed [6d Ad] and won ($17.64) with a pair of Fives
Seat 3: Dirk5338 (big blind) showed [2s Kc] and lost with a pair of Fives


PokerStars Hand #149392925411:  Hold'em Limit ($3/$6 USD) - 2016/02/25 11:00:39 ET
Table 'Patricia' 10-max Seat #1 is the button
Seat 1: mekemafulll ($81.50 in chips)
Seat 9: italianhero4 ($117.78 in chips)
mekemafulll: posts small blind $1
Johnliu: is sitting out
italianhero4: posts big blind $3
*** HOLE CARDS ***
mekemafulll: calls $2
italianhero4: checks
*** FLOP *** [Td 3d 9h]
italianhero4: bets $3
mekemafulll: raises $3 to $6
italianhero4: calls $3
*** TURN *** [Td 3d 9h] [3h]
italianhero4: checks
mekemafulll: bets $6
italianhero4: raises $6 to $12
mekemafulll: calls $6
*** RIVER *** [Td 3d 9h 3h] [7s]
italianhero4: bets $6
mekemafulll: raises $6 to $12
italianhero4: raises $6 to $18
mekemafulll: raises $6 to $24
Betting is capped
italianhero4: calls $6
*** SHOW DOWN ***
mekemafulll: shows [9s 7c] (two pair, Nines and Sevens)
italianhero4: shows [Th 3c] (a full house, Threes full of Tens)
italianhero4 collected $89.50 from pot
*** SUMMARY ***
Total pot $90 | Rake $0.50
Board [Td 3d 9h 3h 7s]
Seat 1: mekemafulll (button) (small blind) showed [9s 7c] and lost with two pair, Nines and Sevens
Seat 9: italianhero4 (big blind) showed [Th 3c] and won ($89.50) with a full house, Threes full of Tens


PokerStars Hand #149398256669:  Hold'em Limit ($3/$6 USD) - 2016/02/25 12:48:45 ET
Table 'Patricia' 10-max Seat #1 is the button
Seat 1: VolkovDmitri ($125.76 in chips)
Seat 5: kulinichvm ($24 in chips)
VolkovDmitri: posts small blind $1
kulinichvm: posts big blind $3
*** HOLE CARDS ***
crash19867 joins the table at seat #6
VolkovDmitri: raises $3 to $6
kulinichvm: calls $3
*** FLOP *** [5c Qc Th]
kulinichvm: bets $3
VolkovDmitri: calls $3
*** TURN *** [5c Qc Th] [7c]
kulinichvm: bets $6
VolkovDmitri: calls $6
*** RIVER *** [5c Qc Th 7c] [4d]
kulinichvm: bets $6
VolkovDmitri: calls $6
*** SHOW DOWN ***
kulinichvm: shows [Qh 6d] (a pair of Queens)
VolkovDmitri: mucks hand
kulinichvm collected $41.50 from pot
*** SUMMARY ***
Total pot $42 | Rake $0.50
Board [5c Qc Th 7c 4d]
Seat 1: VolkovDmitri (button) (small blind) mucked
Seat 5: kulinichvm (big blind) showed [Qh 6d] and won ($41.50) with a pair of Queens


