PokerStars Hand #149420144291:  Hold'em Limit ($3/$6 USD) - 2016/02/25 19:39:50 ET
Table 'Patricia' 10-max Seat #5 is the button
Seat 2: LifeisagameX ($52 in chips)
Seat 5: kulinichvm ($37.64 in chips)
kulinichvm: posts small blind $1
LifeisagameX: posts big blind $3
*** HOLE CARDS ***
kulinichvm: calls $2
LifeisagameX: raises $3 to $6
kulinichvm: calls $3
*** FLOP *** [6c Qc Td]
LifeisagameX: bets $3
kulinichvm: raises $3 to $6
LifeisagameX: calls $3
*** TURN *** [6c Qc Td] [5c]
LifeisagameX: checks
kulinichvm: bets $6
LifeisagameX: calls $6
*** RIVER *** [6c Qc Td 5c] [Jh]
LifeisagameX: checks
kulinichvm: checks
*** SHOW DOWN ***
LifeisagameX: shows [9d Ac] (high card Ace)
kulinichvm: shows [Tc 7s] (a pair of Tens)
kulinichvm collected $35.50 from pot
*** SUMMARY ***
Total pot $36 | Rake $0.50
Board [6c Qc Td 5c Jh]
Seat 2: LifeisagameX (big blind) showed [9d Ac] and lost with high card Ace
Seat 5: kulinichvm (button) (small blind) showed [Tc 7s] and won ($35.50) with a pair of Tens


PokerStars Hand #149420164482:  Hold'em Limit ($3/$6 USD) - 2016/02/25 19:40:24 ET
Table 'Patricia' 10-max Seat #2 is the button
Seat 2: LifeisagameX ($34 in chips)
Seat 5: kulinichvm ($55.14 in chips)
LifeisagameX: posts small blind $1
kulinichvm: posts big blind $3
*** HOLE CARDS ***
LifeisagameX: raises $3 to $6
kulinichvm: folds
Uncalled bet ($3) returned to LifeisagameX
LifeisagameX collected $6 from pot
LifeisagameX: doesn't show hand
*** SUMMARY ***
Total pot $6 | Rake $0
Seat 2: LifeisagameX (button) (small blind) collected ($6)
Seat 5: kulinichvm (big blind) folded before Flop


PokerStars Hand #149420180898:  Hold'em Limit ($3/$6 USD) - 2016/02/25 19:40:52 ET
Table 'Patricia' 10-max Seat #2 is the button
Seat 2: LifeisagameX ($38 in chips)
Seat 5: kulinichvm ($51.14 in chips)
LifeisagameX: posts small blind $1
kulinichvm: posts big blind $3
*** HOLE CARDS ***
LifeisagameX: raises $3 to $6
kulinichvm: folds
Uncalled bet ($3) returned to LifeisagameX
LifeisagameX collected $6 from pot
LifeisagameX: doesn't show hand
*** SUMMARY ***
Total pot $6 | Rake $0
Seat 2: LifeisagameX (button) (small blind) collected ($6)
Seat 5: kulinichvm (big blind) folded before Flop


PokerStars Hand #149420176242:  Hold'em Limit ($3/$6 USD) - 2016/02/25 19:40:44 ET
Table 'Patricia' 10-max Seat #5 is the button
Seat 2: LifeisagameX ($37 in chips)
Seat 5: kulinichvm ($52.14 in chips)
kulinichvm: posts small blind $1
LifeisagameX: posts big blind $3
*** HOLE CARDS ***
kulinichvm: folds
Uncalled bet ($2) returned to LifeisagameX
LifeisagameX collected $2 from pot
LifeisagameX: doesn't show hand
*** SUMMARY ***
Total pot $2 | Rake $0
Seat 2: LifeisagameX (big blind) collected ($2)
Seat 5: kulinichvm (button) (small blind) folded before Flop


PokerStars Hand #149420185652:  Hold'em Limit ($3/$6 USD) - 2016/02/25 19:41:00 ET
Table 'Patricia' 10-max Seat #5 is the button
Seat 2: LifeisagameX ($41 in chips)
Seat 5: kulinichvm ($48.14 in chips)
kulinichvm: posts small blind $1
LifeisagameX: posts big blind $3
*** HOLE CARDS ***
kulinichvm: calls $2
LifeisagameX: checks
*** FLOP *** [6h Th Td]
LifeisagameX: checks
kulinichvm: checks
*** TURN *** [6h Th Td] [6s]
LifeisagameX: checks
kulinichvm: bets $6
LifeisagameX: folds
Uncalled bet ($6) returned to kulinichvm
kulinichvm collected $5.88 from pot
*** SUMMARY ***
Total pot $6 | Rake $0.12
Board [6h Th Td 6s]
Seat 2: LifeisagameX (big blind) folded on the Turn
Seat 5: kulinichvm (button) (small blind) collected ($5.88)


PokerStars Hand #149420212572:  Hold'em Limit ($3/$6 USD) - 2016/02/25 19:41:45 ET
Table 'Patricia' 10-max Seat #2 is the button
Seat 2: LifeisagameX ($38 in chips)
Seat 5: kulinichvm ($51.02 in chips)
LifeisagameX: posts small blind $1
kulinichvm: posts big blind $3
*** HOLE CARDS ***
LifeisagameX: raises $3 to $6
kulinichvm: calls $3
*** FLOP *** [Ah Ac 3s]
kulinichvm: checks
LifeisagameX: bets $3
kulinichvm: folds
Uncalled bet ($3) returned to LifeisagameX
LifeisagameX collected $11.76 from pot
LifeisagameX: doesn't show hand
*** SUMMARY ***
Total pot $12 | Rake $0.24
Board [Ah Ac 3s]
Seat 2: LifeisagameX (button) (small blind) collected ($11.76)
Seat 5: kulinichvm (big blind) folded on the Flop


PokerStars Hand #149420220790:  Hold'em Limit ($3/$6 USD) - 2016/02/25 19:42:00 ET
Table 'Patricia' 10-max Seat #5 is the button
Seat 2: LifeisagameX ($43.76 in chips)
Seat 5: kulinichvm ($45.02 in chips)
kulinichvm: posts small blind $1
LifeisagameX: posts big blind $3
*** HOLE CARDS ***
kulinichvm: calls $2
LifeisagameX: checks
*** FLOP *** [Js Kd Td]
LifeisagameX: checks
kulinichvm: bets $3
LifeisagameX: folds
Uncalled bet ($3) returned to kulinichvm
kulinichvm collected $5.88 from pot
*** SUMMARY ***
Total pot $6 | Rake $0.12
Board [Js Kd Td]
Seat 2: LifeisagameX (big blind) folded on the Flop
Seat 5: kulinichvm (button) (small blind) collected ($5.88)


PokerStars Hand #149420262141:  Hold'em Limit ($3/$6 USD) - 2016/02/25 19:43:10 ET
Table 'Patricia' 10-max Seat #5 is the button
Seat 2: LifeisagameX ($22.76 in chips)
Seat 5: kulinichvm ($65.40 in chips)
kulinichvm: posts small blind $1
LifeisagameX: posts big blind $3
*** HOLE CARDS ***
kulinichvm: folds
Uncalled bet ($2) returned to LifeisagameX
LifeisagameX collected $2 from pot
LifeisagameX: doesn't show hand
*** SUMMARY ***
Total pot $2 | Rake $0
Seat 2: LifeisagameX (big blind) collected ($2)
Seat 5: kulinichvm (button) (small blind) folded before Flop


PokerStars Hand #149420270062:  Hold'em Limit ($3/$6 USD) - 2016/02/25 19:43:24 ET
Table 'Patricia' 10-max Seat #2 is the button
Seat 2: LifeisagameX ($23.76 in chips)
Seat 5: kulinichvm ($64.40 in chips)
LifeisagameX: posts small blind $1
kulinichvm: posts big blind $3
*** HOLE CARDS ***
LifeisagameX: raises $3 to $6
kulinichvm: calls $3
*** FLOP *** [As 2h Ts]
kulinichvm: bets $3
LifeisagameX: raises $3 to $6
kulinichvm: folds
Uncalled bet ($3) returned to LifeisagameX
LifeisagameX collected $17.64 from pot
LifeisagameX: doesn't show hand
*** SUMMARY ***
Total pot $18 | Rake $0.36
Board [As 2h Ts]
Seat 2: LifeisagameX (button) (small blind) collected ($17.64)
Seat 5: kulinichvm (big blind) folded on the Flop


PokerStars Hand #149420279164:  Hold'em Limit ($3/$6 USD) - 2016/02/25 19:43:39 ET
Table 'Patricia' 10-max Seat #5 is the button
Seat 2: LifeisagameX ($32.40 in chips)
Seat 5: kulinichvm ($55.40 in chips)
kulinichvm: posts small blind $1
LifeisagameX: posts big blind $3
*** HOLE CARDS ***
kulinichvm: raises $3 to $6
LifeisagameX: calls $3
*** FLOP *** [Jc Jh Js]
LifeisagameX: checks
kulinichvm: bets $3
LifeisagameX: raises $3 to $6
kulinichvm: calls $3
*** TURN *** [Jc Jh Js] [Ad]
LifeisagameX: bets $6
kulinichvm: folds
Uncalled bet ($6) returned to LifeisagameX
LifeisagameX collected $23.52 from pot
LifeisagameX: doesn't show hand
*** SUMMARY ***
Total pot $24 | Rake $0.48
Board [Jc Jh Js Ad]
Seat 2: LifeisagameX (big blind) collected ($23.52)
Seat 5: kulinichvm (button) (small blind) folded on the Turn


PokerStars Hand #149420293853:  Hold'em Limit ($3/$6 USD) - 2016/02/25 19:44:04 ET
Table 'Patricia' 10-max Seat #2 is the button
Seat 2: LifeisagameX ($43.92 in chips)
Seat 5: kulinichvm ($43.40 in chips)
LifeisagameX: posts small blind $1
kulinichvm: posts big blind $3
*** HOLE CARDS ***
LifeisagameX: raises $3 to $6
kulinichvm: calls $3
*** FLOP *** [Ah Ad Ts]
kulinichvm: bets $3
LifeisagameX: raises $3 to $6
kulinichvm: raises $3 to $9
LifeisagameX: folds
Uncalled bet ($3) returned to kulinichvm
kulinichvm collected $23.52 from pot
*** SUMMARY ***
Total pot $24 | Rake $0.48
Board [Ah Ad Ts]
Seat 2: LifeisagameX (button) (small blind) folded on the Flop
Seat 5: kulinichvm (big blind) collected ($23.52)


PokerStars Hand #149420304898:  Hold'em Limit ($3/$6 USD) - 2016/02/25 19:44:22 ET
Table 'Patricia' 10-max Seat #5 is the button
Seat 2: LifeisagameX ($31.92 in chips)
Seat 5: kulinichvm ($54.92 in chips)
kulinichvm: posts small blind $1
LifeisagameX: posts big blind $3
*** HOLE CARDS ***
kulinichvm: calls $2
LifeisagameX: raises $3 to $6
kulinichvm: calls $3
*** FLOP *** [Kc 7d 4d]
LifeisagameX: bets $3
kulinichvm: calls $3
*** TURN *** [Kc 7d 4d] [2s]
LifeisagameX: bets $6
kulinichvm: raises $6 to $12
LifeisagameX: calls $6
*** RIVER *** [Kc 7d 4d 2s] [5c]
LifeisagameX: checks
kulinichvm: checks
*** SHOW DOWN ***
LifeisagameX: shows [9h Kd] (a pair of Kings)
kulinichvm: mucks hand
LifeisagameX collected $41.50 from pot
*** SUMMARY ***
Total pot $42 | Rake $0.50
Board [Kc 7d 4d 2s 5c]
Seat 2: LifeisagameX (big blind) showed [9h Kd] and won ($41.50) with a pair of Kings
Seat 5: kulinichvm (button) (small blind) mucked


PokerStars Hand #149420330825:  Hold'em Limit ($3/$6 USD) - 2016/02/25 19:45:07 ET
Table 'Patricia' 10-max Seat #2 is the button
Seat 2: LifeisagameX ($52.42 in chips)
Seat 5: kulinichvm ($33.92 in chips)
LifeisagameX: posts small blind $1
kulinichvm: posts big blind $3
*** HOLE CARDS ***
LifeisagameX: raises $3 to $6
kulinichvm: calls $3
*** FLOP *** [5d 8d 5h]
kulinichvm: checks
LifeisagameX: checks
*** TURN *** [5d 8d 5h] [9d]
kulinichvm: bets $6
LifeisagameX: raises $6 to $12
kulinichvm: raises $6 to $18
LifeisagameX: calls $6
*** RIVER *** [5d 8d 5h 9d] [Th]
kulinichvm: bets $6
LifeisagameX: raises $6 to $12
kulinichvm: calls $3.92 and is all-in
Uncalled bet ($2.08) returned to LifeisagameX
*** SHOW DOWN ***
LifeisagameX: shows [9s Td] (two pair, Tens and Nines)
kulinichvm: shows [9c 6c] (two pair, Nines and Fives)
LifeisagameX collected $67.34 from pot
*** SUMMARY ***
Total pot $67.84 | Rake $0.50
Board [5d 8d 5h 9d Th]
Seat 2: LifeisagameX (button) (small blind) showed [9s Td] and won ($67.34) with two pair, Tens and Nines
Seat 5: kulinichvm (big blind) showed [9c 6c] and lost with two pair, Nines and Fives


PokerStars Hand #149420358100:  Hold'em Limit ($3/$6 USD) - 2016/02/25 19:45:53 ET
Table 'Patricia' 10-max Seat #5 is the button
Seat 2: LifeisagameX ($85.84 in chips)
Seat 5: kulinichvm ($30 in chips)
kulinichvm: posts small blind $1
LifeisagameX: posts big blind $3
*** HOLE CARDS ***
kulinichvm: raises $3 to $6
LifeisagameX: calls $3
*** FLOP *** [Ks 7s Qs]
LifeisagameX: checks
kulinichvm: checks
*** TURN *** [Ks 7s Qs] [9d]
LifeisagameX: bets $6
kulinichvm: calls $6
*** RIVER *** [Ks 7s Qs 9d] [6h]
LifeisagameX: checks
kulinichvm: bets $6
LifeisagameX: calls $6
*** SHOW DOWN ***
kulinichvm: shows [9s 5s] (a flush, King high)
LifeisagameX: mucks hand
kulinichvm collected $35.50 from pot
*** SUMMARY ***
Total pot $36 | Rake $0.50
Board [Ks 7s Qs 9d 6h]
Seat 2: LifeisagameX (big blind) mucked
Seat 5: kulinichvm (button) (small blind) showed [9s 5s] and won ($35.50) with a flush, King high


PokerStars Hand #149420372931:  Hold'em Limit ($3/$6 USD) - 2016/02/25 19:46:19 ET
Table 'Patricia' 10-max Seat #2 is the button
Seat 2: LifeisagameX ($67.84 in chips)
Seat 5: kulinichvm ($47.50 in chips)
LifeisagameX: posts small blind $1
kulinichvm: posts big blind $3
*** HOLE CARDS ***
LifeisagameX: raises $3 to $6
kulinichvm: calls $3
*** FLOP *** [2s 7h 8d]
kulinichvm: bets $3
LifeisagameX: calls $3
*** TURN *** [2s 7h 8d] [Jd]
kulinichvm: bets $6
LifeisagameX: folds
Uncalled bet ($6) returned to kulinichvm
kulinichvm collected $17.64 from pot
*** SUMMARY ***
Total pot $18 | Rake $0.36
Board [2s 7h 8d Jd]
Seat 2: LifeisagameX (button) (small blind) folded on the Turn
Seat 5: kulinichvm (big blind) collected ($17.64)


PokerStars Hand #149420383296:  Hold'em Limit ($3/$6 USD) - 2016/02/25 19:46:37 ET
Table 'Patricia' 10-max Seat #5 is the button
Seat 2: LifeisagameX ($58.84 in chips)
Seat 5: kulinichvm ($56.14 in chips)
kulinichvm: posts small blind $1
LifeisagameX: posts big blind $3
*** HOLE CARDS ***
kulinichvm: calls $2
LifeisagameX: raises $3 to $6
kulinichvm: calls $3
*** FLOP *** [Ts 9d Jc]
LifeisagameX: bets $3
kulinichvm: calls $3
*** TURN *** [Ts 9d Jc] [6d]
LifeisagameX: bets $6
kulinichvm: raises $6 to $12
LifeisagameX: folds
Uncalled bet ($6) returned to kulinichvm
kulinichvm collected $29.50 from pot
*** SUMMARY ***
Total pot $30 | Rake $0.50
Board [Ts 9d Jc 6d]
Seat 2: LifeisagameX (big blind) folded on the Turn
Seat 5: kulinichvm (button) (small blind) collected ($29.50)


PokerStars Hand #149420427800:  Hold'em Limit ($3/$6 USD) - 2016/02/25 19:47:53 ET
Table 'Patricia' 10-max Seat #5 is the button
Seat 2: LifeisagameX ($35.18 in chips)
Seat 5: kulinichvm ($78.30 in chips)
kulinichvm: posts small blind $1
LifeisagameX: posts big blind $3
*** HOLE CARDS ***
kulinichvm: calls $2
LifeisagameX: raises $3 to $6
kulinichvm: calls $3
*** FLOP *** [2d Kh 7h]
LifeisagameX: bets $3
kulinichvm: calls $3
*** TURN *** [2d Kh 7h] [3d]
LifeisagameX: bets $6
kulinichvm: raises $6 to $12
LifeisagameX: calls $6
*** RIVER *** [2d Kh 7h 3d] [5h]
LifeisagameX: checks
kulinichvm: bets $6
LifeisagameX: calls $6
*** SHOW DOWN ***
kulinichvm: shows [7s 9h] (a pair of Sevens)
LifeisagameX: shows [Jd Jc] (a pair of Jacks)
LifeisagameX collected $53.50 from pot
*** SUMMARY ***
Total pot $54 | Rake $0.50
Board [2d Kh 7h 3d 5h]
Seat 2: LifeisagameX (big blind) showed [Jd Jc] and won ($53.50) with a pair of Jacks
Seat 5: kulinichvm (button) (small blind) showed [7s 9h] and lost with a pair of Sevens


PokerStars Hand #149420412636:  Hold'em Limit ($3/$6 USD) - 2016/02/25 19:47:27 ET
Table 'Patricia' 10-max Seat #5 is the button
Seat 2: LifeisagameX ($16.84 in chips)
Seat 5: kulinichvm ($97.14 in chips)
kulinichvm: posts small blind $1
LifeisagameX: posts big blind $3
*** HOLE CARDS ***
kulinichvm: folds
Uncalled bet ($2) returned to LifeisagameX
LifeisagameX collected $2 from pot
LifeisagameX: doesn't show hand
*** SUMMARY ***
Total pot $2 | Rake $0
Seat 2: LifeisagameX (big blind) collected ($2)
Seat 5: kulinichvm (button) (small blind) folded before Flop


PokerStars Hand #149420399587:  Hold'em Limit ($3/$6 USD) - 2016/02/25 19:47:05 ET
Table 'Patricia' 10-max Seat #2 is the button
Seat 2: LifeisagameX ($43.84 in chips)
Seat 5: kulinichvm ($70.64 in chips)
LifeisagameX: posts small blind $1
kulinichvm: posts big blind $3
*** HOLE CARDS ***
LifeisagameX: raises $3 to $6
kulinichvm: calls $3
*** FLOP *** [2h 6d 7s]
kulinichvm: bets $3
LifeisagameX: calls $3
*** TURN *** [2h 6d 7s] [7h]
kulinichvm: bets $6
LifeisagameX: raises $6 to $12
kulinichvm: calls $6
*** RIVER *** [2h 6d 7s 7h] [Td]
kulinichvm: checks
LifeisagameX: bets $6
kulinichvm: calls $6
*** SHOW DOWN ***
LifeisagameX: shows [5h 4d] (a pair of Sevens)
kulinichvm: shows [3d 6c] (two pair, Sevens and Sixes)
kulinichvm collected $53.50 from pot
*** SUMMARY ***
Total pot $54 | Rake $0.50
Board [2h 6d 7s 7h Td]
Seat 2: LifeisagameX (button) (small blind) showed [5h 4d] and lost with a pair of Sevens
Seat 5: kulinichvm (big blind) showed [3d 6c] and won ($53.50) with two pair, Sevens and Sixes


PokerStars Hand #149420415814:  Hold'em Limit ($3/$6 USD) - 2016/02/25 19:47:32 ET
Table 'Patricia' 10-max Seat #2 is the button
Seat 2: LifeisagameX ($17.84 in chips)
Seat 5: kulinichvm ($96.14 in chips)
LifeisagameX: posts small blind $1
kulinichvm: posts big blind $3
*** HOLE CARDS ***
LifeisagameX: raises $3 to $6
kulinichvm: calls $3
*** FLOP *** [5d 7s 2d]
kulinichvm: checks
LifeisagameX: checks
*** TURN *** [5d 7s 2d] [9s]
kulinichvm: bets $6
LifeisagameX: raises $5.84 to $11.84 and is all-in
kulinichvm: calls $5.84
*** RIVER *** [5d 7s 2d 9s] [2h]
*** SHOW DOWN ***
kulinichvm: shows [Ad 3s] (a pair of Deuces)
LifeisagameX: shows [Ah Th] (a pair of Deuces - Ace+Ten kicker)
LifeisagameX collected $35.18 from pot
*** SUMMARY ***
Total pot $35.68 | Rake $0.50
Board [5d 7s 2d 9s 2h]
Seat 2: LifeisagameX (button) (small blind) showed [Ah Th] and won ($35.18) with a pair of Deuces
Seat 5: kulinichvm (big blind) showed [Ad 3s] and lost with a pair of Deuces


PokerStars Hand #149420442082:  Hold'em Limit ($3/$6 USD) - 2016/02/25 19:48:18 ET
Table 'Patricia' 10-max Seat #2 is the button
Seat 2: LifeisagameX ($61.68 in chips)
Seat 5: kulinichvm ($51.30 in chips)
LifeisagameX: posts small blind $1
kulinichvm: posts big blind $3
*** HOLE CARDS ***
LifeisagameX: raises $3 to $6
kulinichvm: calls $3
*** FLOP *** [Ts 8s 6h]
kulinichvm: checks
LifeisagameX: bets $3
kulinichvm: folds
Uncalled bet ($3) returned to LifeisagameX
LifeisagameX collected $11.76 from pot
LifeisagameX: doesn't show hand
*** SUMMARY ***
Total pot $12 | Rake $0.24
Board [Ts 8s 6h]
Seat 2: LifeisagameX (button) (small blind) collected ($11.76)
Seat 5: kulinichvm (big blind) folded on the Flop


PokerStars Hand #149420449844:  Hold'em Limit ($3/$6 USD) - 2016/02/25 19:48:31 ET
Table 'Patricia' 10-max Seat #5 is the button
Seat 2: LifeisagameX ($67.44 in chips)
Seat 5: kulinichvm ($45.30 in chips)
kulinichvm: posts small blind $1
LifeisagameX: posts big blind $3
*** HOLE CARDS ***
kulinichvm: folds
Uncalled bet ($2) returned to LifeisagameX
LifeisagameX collected $2 from pot
LifeisagameX: doesn't show hand
*** SUMMARY ***
Total pot $2 | Rake $0
Seat 2: LifeisagameX (big blind) collected ($2)
Seat 5: kulinichvm (button) (small blind) folded before Flop


PokerStars Hand #149420453415:  Hold'em Limit ($3/$6 USD) - 2016/02/25 19:48:37 ET
Table 'Patricia' 10-max Seat #2 is the button
Seat 2: LifeisagameX ($68.44 in chips)
Seat 5: kulinichvm ($44.30 in chips)
LifeisagameX: posts small blind $1
kulinichvm: posts big blind $3
*** HOLE CARDS ***
LifeisagameX: raises $3 to $6
kulinichvm: raises $3 to $9
LifeisagameX: calls $3
*** FLOP *** [3c 6h 4h]
kulinichvm: bets $3
LifeisagameX: raises $3 to $6
kulinichvm: calls $3
*** TURN *** [3c 6h 4h] [5s]
kulinichvm: checks
LifeisagameX: checks
*** RIVER *** [3c 6h 4h 5s] [Qc]
kulinichvm: bets $6
LifeisagameX: calls $6
*** SHOW DOWN ***
kulinichvm: shows [Ad 4d] (a pair of Fours)
LifeisagameX: shows [5h 3s] (two pair, Fives and Threes)
LifeisagameX collected $41.50 from pot
*** SUMMARY ***
Total pot $42 | Rake $0.50
Board [3c 6h 4h 5s Qc]
Seat 2: LifeisagameX (button) (small blind) showed [5h 3s] and won ($41.50) with two pair, Fives and Threes
Seat 5: kulinichvm (big blind) showed [Ad 4d] and lost with a pair of Fours


PokerStars Hand #149420465414:  Hold'em Limit ($3/$6 USD) - 2016/02/25 19:48:57 ET
Table 'Patricia' 10-max Seat #5 is the button
Seat 2: LifeisagameX ($88.94 in chips)
Seat 5: kulinichvm ($23.30 in chips)
kulinichvm: posts small blind $1
LifeisagameX: posts big blind $3
*** HOLE CARDS ***
kulinichvm: calls $2
LifeisagameX: raises $3 to $6
kulinichvm: calls $3
*** FLOP *** [6d Ac Ad]
LifeisagameX: bets $3
kulinichvm: calls $3
*** TURN *** [6d Ac Ad] [3h]
LifeisagameX: bets $6
kulinichvm: folds
Uncalled bet ($6) returned to LifeisagameX
LifeisagameX collected $17.64 from pot
LifeisagameX: doesn't show hand
*** SUMMARY ***
Total pot $18 | Rake $0.36
Board [6d Ac Ad 3h]
Seat 2: LifeisagameX (big blind) collected ($17.64)
Seat 5: kulinichvm (button) (small blind) folded on the Turn


PokerStars Hand #149420474129:  Hold'em Limit ($3/$6 USD) - 2016/02/25 19:49:12 ET
Table 'Patricia' 10-max Seat #2 is the button
Seat 2: LifeisagameX ($97.58 in chips)
Seat 5: kulinichvm ($14.30 in chips)
LifeisagameX: posts small blind $1
kulinichvm: posts big blind $3
*** HOLE CARDS ***
LifeisagameX: raises $3 to $6
kulinichvm: calls $3
*** FLOP *** [Ac 4d Ts]
kulinichvm: bets $3
LifeisagameX: calls $3
*** TURN *** [Ac 4d Ts] [8d]
kulinichvm: bets $5.30 and is all-in
LifeisagameX: calls $5.30
*** RIVER *** [Ac 4d Ts 8d] [3d]
*** SHOW DOWN ***
kulinichvm: shows [4s Kc] (a pair of Fours)
LifeisagameX: shows [As Js] (a pair of Aces)
LifeisagameX collected $28.10 from pot
*** SUMMARY ***
Total pot $28.60 | Rake $0.50
Board [Ac 4d Ts 8d 3d]
Seat 2: LifeisagameX (button) (small blind) showed [As Js] and won ($28.10) with a pair of Aces
Seat 5: kulinichvm (big blind) showed [4s Kc] and lost with a pair of Fours


PokerStars Hand #149420492957:  Hold'em Limit ($3/$6 USD) - 2016/02/25 19:49:44 ET
Table 'Patricia' 10-max Seat #5 is the button
Seat 2: LifeisagameX ($111.38 in chips)
Seat 5: kulinichvm ($30 in chips)
kulinichvm: posts small blind $1
LifeisagameX: posts big blind $3
*** HOLE CARDS ***
kulinichvm: calls $2
LifeisagameX: raises $3 to $6
kulinichvm: calls $3
*** FLOP *** [Ks 7c Kc]
LifeisagameX: bets $3
kulinichvm: raises $3 to $6
LifeisagameX: calls $3
*** TURN *** [Ks 7c Kc] [8d]
LifeisagameX: checks
kulinichvm: bets $6
LifeisagameX: calls $6
*** RIVER *** [Ks 7c Kc 8d] [5c]
LifeisagameX: checks
kulinichvm: bets $6
LifeisagameX: raises $6 to $12
kulinichvm: calls $6 and is all-in
*** SHOW DOWN ***
LifeisagameX: shows [Ah 8h] (two pair, Kings and Eights)
kulinichvm: shows [7h 3h] (two pair, Kings and Sevens)
LifeisagameX collected $59.50 from pot
*** SUMMARY ***
Total pot $60 | Rake $0.50
Board [Ks 7c Kc 8d 5c]
Seat 2: LifeisagameX (big blind) showed [Ah 8h] and won ($59.50) with two pair, Kings and Eights
Seat 5: kulinichvm (button) (small blind) showed [7h 3h] and lost with two pair, Kings and Sevens


PokerStars Hand #149420516967:  Hold'em Limit ($3/$6 USD) - 2016/02/25 19:50:26 ET
Table 'Patricia' 10-max Seat #2 is the button
Seat 2: LifeisagameX ($140.88 in chips)
Seat 5: kulinichvm ($30 in chips)
LifeisagameX: posts small blind $1
kulinichvm: posts big blind $3
*** HOLE CARDS ***
LifeisagameX: raises $3 to $6
kulinichvm: calls $3
*** FLOP *** [7c Jh As]
kulinichvm: checks
LifeisagameX: bets $3
kulinichvm: folds
Uncalled bet ($3) returned to LifeisagameX
LifeisagameX collected $11.76 from pot
LifeisagameX: doesn't show hand
*** SUMMARY ***
Total pot $12 | Rake $0.24
Board [7c Jh As]
Seat 2: LifeisagameX (button) (small blind) collected ($11.76)
Seat 5: kulinichvm (big blind) folded on the Flop


PokerStars Hand #149420525389:  Hold'em Limit ($3/$6 USD) - 2016/02/25 19:50:40 ET
Table 'Patricia' 10-max Seat #5 is the button
Seat 2: LifeisagameX ($146.64 in chips)
Seat 5: kulinichvm ($24 in chips)
kulinichvm: posts small blind $1
LifeisagameX: posts big blind $3
*** HOLE CARDS ***
kulinichvm: raises $3 to $6
LifeisagameX: calls $3
*** FLOP *** [Qs 5c Qh]
LifeisagameX: checks
kulinichvm: checks
*** TURN *** [Qs 5c Qh] [Kh]
LifeisagameX: checks
kulinichvm: bets $6
LifeisagameX: folds
Uncalled bet ($6) returned to kulinichvm
kulinichvm collected $11.76 from pot
*** SUMMARY ***
Total pot $12 | Rake $0.24
Board [Qs 5c Qh Kh]
Seat 2: LifeisagameX (big blind) folded on the Turn
Seat 5: kulinichvm (button) (small blind) collected ($11.76)


PokerStars Hand #149420539874:  Hold'em Limit ($3/$6 USD) - 2016/02/25 19:51:05 ET
Table 'Patricia' 10-max Seat #2 is the button
Seat 2: LifeisagameX ($140.64 in chips)
Seat 5: kulinichvm ($29.76 in chips)
LifeisagameX: posts small blind $1
kulinichvm: posts big blind $3
*** HOLE CARDS ***
LifeisagameX: raises $3 to $6
kulinichvm: calls $3
*** FLOP *** [5c 6s Js]
kulinichvm: bets $3
LifeisagameX: calls $3
*** TURN *** [5c 6s Js] [4c]
kulinichvm: bets $6
LifeisagameX: calls $6
*** RIVER *** [5c 6s Js 4c] [9s]
kulinichvm: bets $6
LifeisagameX: folds
Uncalled bet ($6) returned to kulinichvm
kulinichvm collected $29.50 from pot
*** SUMMARY ***
Total pot $30 | Rake $0.50
Board [5c 6s Js 4c 9s]
Seat 2: LifeisagameX (button) (small blind) folded on the River
Seat 5: kulinichvm (big blind) collected ($29.50)


PokerStars Hand #149420560005:  Hold'em Limit ($3/$6 USD) - 2016/02/25 19:51:40 ET
Table 'Patricia' 10-max Seat #5 is the button
Seat 2: LifeisagameX ($125.64 in chips)
Seat 5: kulinichvm ($44.26 in chips)
kulinichvm: posts small blind $1
LifeisagameX: posts big blind $3
*** HOLE CARDS ***
kulinichvm: raises $3 to $6
LifeisagameX: calls $3
*** FLOP *** [3d 4s 8s]
LifeisagameX: checks
kulinichvm: bets $3
LifeisagameX: folds
Uncalled bet ($3) returned to kulinichvm
kulinichvm collected $11.76 from pot
*** SUMMARY ***
Total pot $12 | Rake $0.24
Board [3d 4s 8s]
Seat 2: LifeisagameX (big blind) folded on the Flop
Seat 5: kulinichvm (button) (small blind) collected ($11.76)


PokerStars Hand #149420568583:  Hold'em Limit ($3/$6 USD) - 2016/02/25 19:51:55 ET
Table 'Patricia' 10-max Seat #2 is the button
Seat 2: LifeisagameX ($119.64 in chips)
Seat 5: kulinichvm ($50.02 in chips)
LifeisagameX: posts small blind $1
kulinichvm: posts big blind $3
*** HOLE CARDS ***
LifeisagameX: raises $3 to $6
kulinichvm: calls $3
*** FLOP *** [4s 2h Qd]
kulinichvm: checks
LifeisagameX: bets $3
kulinichvm: calls $3
*** TURN *** [4s 2h Qd] [Kc]
kulinichvm: checks
LifeisagameX: bets $6
kulinichvm: raises $6 to $12
LifeisagameX: folds
Uncalled bet ($6) returned to kulinichvm
kulinichvm collected $29.50 from pot
*** SUMMARY ***
Total pot $30 | Rake $0.50
Board [4s 2h Qd Kc]
Seat 2: LifeisagameX (button) (small blind) folded on the Turn
Seat 5: kulinichvm (big blind) collected ($29.50)


PokerStars Hand #149420584706:  Hold'em Limit ($3/$6 USD) - 2016/02/25 19:52:23 ET
Table 'Patricia' 10-max Seat #5 is the button
Seat 2: LifeisagameX ($104.64 in chips)
Seat 5: kulinichvm ($64.52 in chips)
kulinichvm: posts small blind $1
LifeisagameX: posts big blind $3
*** HOLE CARDS ***
kulinichvm: raises $3 to $6
LifeisagameX: calls $3
*** FLOP *** [9c 5d 2c]
LifeisagameX: checks
kulinichvm: bets $3
LifeisagameX: calls $3
*** TURN *** [9c 5d 2c] [9h]
LifeisagameX: checks
kulinichvm: checks
*** RIVER *** [9c 5d 2c 9h] [Jh]
LifeisagameX: checks
kulinichvm: bets $6
LifeisagameX: calls $6
*** SHOW DOWN ***
kulinichvm: shows [7d Qd] (a pair of Nines)
LifeisagameX: shows [Kc 3s] (a pair of Nines - King kicker)
LifeisagameX collected $29.50 from pot
*** SUMMARY ***
Total pot $30 | Rake $0.50
Board [9c 5d 2c 9h Jh]
Seat 2: LifeisagameX (big blind) showed [Kc 3s] and won ($29.50) with a pair of Nines
Seat 5: kulinichvm (button) (small blind) showed [7d Qd] and lost with a pair of Nines


PokerStars Hand #149420635727:  Hold'em Limit ($3/$6 USD) - 2016/02/25 19:53:52 ET
Table 'Patricia' 10-max Seat #2 is the button
Seat 2: LifeisagameX ($139.64 in chips)
Seat 5: kulinichvm ($28.16 in chips)
LifeisagameX: posts small blind $1
kulinichvm: posts big blind $3
*** HOLE CARDS ***
LifeisagameX: raises $3 to $6
kulinichvm: calls $3
*** FLOP *** [8s 2d Kh]
kulinichvm: checks
LifeisagameX: bets $3
kulinichvm: folds
Uncalled bet ($3) returned to LifeisagameX
LifeisagameX collected $11.76 from pot
LifeisagameX: doesn't show hand
*** SUMMARY ***
Total pot $12 | Rake $0.24
Board [8s 2d Kh]
Seat 2: LifeisagameX (button) (small blind) collected ($11.76)
Seat 5: kulinichvm (big blind) folded on the Flop


PokerStars Hand #149420624055:  Hold'em Limit ($3/$6 USD) - 2016/02/25 19:53:32 ET
Table 'Patricia' 10-max Seat #5 is the button
Seat 2: LifeisagameX ($148.64 in chips)
Seat 5: kulinichvm ($19.52 in chips)
kulinichvm: posts small blind $1
LifeisagameX: posts big blind $3
*** HOLE CARDS ***
kulinichvm: raises $3 to $6
LifeisagameX: calls $3
*** FLOP *** [7h 8d Jc]
LifeisagameX: checks
kulinichvm: bets $3
LifeisagameX: calls $3
*** TURN *** [7h 8d Jc] [Tc]
LifeisagameX: checks
kulinichvm: bets $6
LifeisagameX: folds
Uncalled bet ($6) returned to kulinichvm
kulinichvm collected $17.64 from pot
*** SUMMARY ***
Total pot $18 | Rake $0.36
Board [7h 8d Jc Tc]
Seat 2: LifeisagameX (big blind) folded on the Turn
Seat 5: kulinichvm (button) (small blind) collected ($17.64)


PokerStars Hand #149420608343:  Hold'em Limit ($3/$6 USD) - 2016/02/25 19:53:05 ET
Table 'Patricia' 10-max Seat #2 is the button
Seat 2: LifeisagameX ($119.14 in chips)
Seat 5: kulinichvm ($49.52 in chips)
LifeisagameX: posts small blind $1
kulinichvm: posts big blind $3
*** HOLE CARDS ***
LifeisagameX: raises $3 to $6
kulinichvm: raises $3 to $9
LifeisagameX: calls $3
*** FLOP *** [5s 7h Qs]
kulinichvm: bets $3
LifeisagameX: calls $3
*** TURN *** [5s 7h Qs] [2h]
kulinichvm: bets $6
LifeisagameX: calls $6
*** RIVER *** [5s 7h Qs 2h] [5c]
kulinichvm: bets $6
LifeisagameX: raises $6 to $12
kulinichvm: calls $6
*** SHOW DOWN ***
LifeisagameX: shows [5h 6c] (three of a kind, Fives)
kulinichvm: mucks hand
LifeisagameX collected $59.50 from pot
*** SUMMARY ***
Total pot $60 | Rake $0.50
Board [5s 7h Qs 2h 5c]
Seat 2: LifeisagameX (button) (small blind) showed [5h 6c] and won ($59.50) with three of a kind, Fives
Seat 5: kulinichvm (big blind) mucked


PokerStars Hand #149420663049:  Hold'em Limit ($3/$6 USD) - 2016/02/25 19:54:41 ET
Table 'Patricia' 10-max Seat #2 is the button
Seat 2: LifeisagameX ($154.04 in chips)
Seat 5: kulinichvm ($13.16 in chips)
LifeisagameX: posts small blind $1
kulinichvm: posts big blind $3
*** HOLE CARDS ***
LifeisagameX: raises $3 to $6
kulinichvm: calls $3
*** FLOP *** [Qc 9s 5h]
kulinichvm: bets $3
LifeisagameX: folds
Uncalled bet ($3) returned to kulinichvm
kulinichvm collected $11.76 from pot
*** SUMMARY ***
Total pot $12 | Rake $0.24
Board [Qc 9s 5h]
Seat 2: LifeisagameX (button) (small blind) folded on the Flop
Seat 5: kulinichvm (big blind) collected ($11.76)


PokerStars Hand #149420647017:  Hold'em Limit ($3/$6 USD) - 2016/02/25 19:54:13 ET
Table 'Patricia' 10-max Seat #5 is the button
Seat 2: LifeisagameX ($145.40 in chips)
Seat 5: kulinichvm ($22.16 in chips)
kulinichvm: posts small blind $1
LifeisagameX: posts big blind $3
*** HOLE CARDS ***
kulinichvm: calls $2
LifeisagameX: raises $3 to $6
kulinichvm: calls $3
*** FLOP *** [9c 6h 6c]
LifeisagameX: checks
kulinichvm: bets $3
LifeisagameX: calls $3
*** TURN *** [9c 6h 6c] [7h]
LifeisagameX: checks
kulinichvm: checks
*** RIVER *** [9c 6h 6c 7h] [9h]
LifeisagameX: bets $6
kulinichvm: folds
Uncalled bet ($6) returned to LifeisagameX
LifeisagameX collected $17.64 from pot
LifeisagameX: doesn't show hand
*** SUMMARY ***
Total pot $18 | Rake $0.36
Board [9c 6h 6c 7h 9h]
Seat 2: LifeisagameX (big blind) collected ($17.64)
Seat 5: kulinichvm (button) (small blind) folded on the River


PokerStars Hand #149420671297:  Hold'em Limit ($3/$6 USD) - 2016/02/25 19:54:55 ET
Table 'Patricia' 10-max Seat #5 is the button
Seat 2: LifeisagameX ($148.04 in chips)
Seat 5: kulinichvm ($18.92 in chips)
kulinichvm: posts small blind $1
LifeisagameX: posts big blind $3
*** HOLE CARDS ***
kulinichvm: calls $2
LifeisagameX: raises $3 to $6
kulinichvm: calls $3
*** FLOP *** [3d 2s 6c]
LifeisagameX: bets $3
kulinichvm: raises $3 to $6
LifeisagameX: calls $3
*** TURN *** [3d 2s 6c] [9h]
LifeisagameX: checks
kulinichvm: bets $6
LifeisagameX: raises $6 to $12
kulinichvm: calls $0.92 and is all-in
Uncalled bet ($5.08) returned to LifeisagameX
*** RIVER *** [3d 2s 6c 9h] [Kh]
*** SHOW DOWN ***
LifeisagameX: shows [Qd Jh] (high card King)
kulinichvm: shows [3s 5d] (a pair of Threes)
kulinichvm collected $37.34 from pot
*** SUMMARY ***
Total pot $37.84 | Rake $0.50
Board [3d 2s 6c 9h Kh]
Seat 2: LifeisagameX (big blind) showed [Qd Jh] and lost with high card King
Seat 5: kulinichvm (button) (small blind) showed [3s 5d] and won ($37.34) with a pair of Threes


PokerStars Hand #149420695534:  Hold'em Limit ($3/$6 USD) - 2016/02/25 19:55:43 ET
Table 'Patricia' 10-max Seat #5 is the button
Seat 2: LifeisagameX ($152.62 in chips)
Seat 5: kulinichvm ($13.34 in chips)
kulinichvm: posts small blind $1
LifeisagameX: posts big blind $3
*** HOLE CARDS ***
kulinichvm: calls $2
LifeisagameX: raises $3 to $6
kulinichvm: calls $3
*** FLOP *** [8d 7h 5d]
LifeisagameX: bets $3
kulinichvm: raises $3 to $6
LifeisagameX: raises $3 to $9
kulinichvm: calls $1.34 and is all-in
Uncalled bet ($1.66) returned to LifeisagameX
*** TURN *** [8d 7h 5d] [Ah]
*** RIVER *** [8d 7h 5d Ah] [Jc]
*** SHOW DOWN ***
LifeisagameX: shows [8s Qc] (a pair of Eights)
kulinichvm: shows [8c Qs] (a pair of Eights)
LifeisagameX collected $13.09 from pot
kulinichvm collected $13.09 from pot
*** SUMMARY ***
Total pot $26.68 | Rake $0.50
Board [8d 7h 5d Ah Jc]
Seat 2: LifeisagameX (big blind) showed [8s Qc] and won ($13.09) with a pair of Eights
Seat 5: kulinichvm (button) (small blind) showed [8c Qs] and won ($13.09) with a pair of Eights


PokerStars Hand #149420684753:  Hold'em Limit ($3/$6 USD) - 2016/02/25 19:55:20 ET
Table 'Patricia' 10-max Seat #2 is the button
Seat 2: LifeisagameX ($129.12 in chips)
Seat 5: kulinichvm ($37.34 in chips)
LifeisagameX: posts small blind $1
kulinichvm: posts big blind $3
*** HOLE CARDS ***
LifeisagameX: raises $3 to $6
kulinichvm: raises $3 to $9
LifeisagameX: calls $3
*** FLOP *** [5d Ts 8c]
kulinichvm: bets $3
LifeisagameX: calls $3
*** TURN *** [5d Ts 8c] [9s]
kulinichvm: bets $6
LifeisagameX: calls $6
*** RIVER *** [5d Ts 8c 9s] [Qs]
kulinichvm: bets $6
LifeisagameX: calls $6
*** SHOW DOWN ***
kulinichvm: shows [7d Ad] (high card Ace)
LifeisagameX: shows [As 9d] (a pair of Nines)
LifeisagameX collected $47.50 from pot
*** SUMMARY ***
Total pot $48 | Rake $0.50
Board [5d Ts 8c 9s Qs]
Seat 2: LifeisagameX (button) (small blind) showed [As 9d] and won ($47.50) with a pair of Nines
Seat 5: kulinichvm (big blind) showed [7d Ad] and lost with high card Ace


PokerStars Hand #149420715932:  Hold'em Limit ($3/$6 USD) - 2016/02/25 19:56:25 ET
Table 'Patricia' 10-max Seat #5 is the button
Seat 2: LifeisagameX ($139.28 in chips)
Seat 5: kulinichvm ($25.68 in chips)
kulinichvm: posts small blind $1
LifeisagameX: posts big blind $3
*** HOLE CARDS ***
kulinichvm: raises $3 to $6
LifeisagameX: calls $3
*** FLOP *** [As Js 9d]
LifeisagameX: checks
kulinichvm: checks
*** TURN *** [As Js 9d] [Qd]
LifeisagameX: bets $6
kulinichvm: calls $6
*** RIVER *** [As Js 9d Qd] [3h]
LifeisagameX: bets $6
kulinichvm: raises $6 to $12
LifeisagameX: calls $6
*** SHOW DOWN ***
kulinichvm: shows [Kd Kc] (a pair of Kings)
LifeisagameX: shows [4s Ac] (a pair of Aces)
LifeisagameX collected $47.50 from pot
*** SUMMARY ***
Total pot $48 | Rake $0.50
Board [As Js 9d Qd 3h]
Seat 2: LifeisagameX (big blind) showed [4s Ac] and won ($47.50) with a pair of Aces
Seat 5: kulinichvm (button) (small blind) showed [Kd Kc] and lost with a pair of Kings


PokerStars Hand #149420706866:  Hold'em Limit ($3/$6 USD) - 2016/02/25 19:56:07 ET
Table 'Patricia' 10-max Seat #2 is the button
Seat 2: LifeisagameX ($152.37 in chips)
Seat 5: kulinichvm ($13.09 in chips)
LifeisagameX: posts small blind $1
kulinichvm: posts big blind $3
*** HOLE CARDS ***
LifeisagameX: raises $3 to $6
kulinichvm: raises $3 to $9
LifeisagameX: calls $3
*** FLOP *** [4d 6c 2c]
kulinichvm: bets $3
LifeisagameX: raises $3 to $6
kulinichvm: calls $1.09 and is all-in
Uncalled bet ($1.91) returned to LifeisagameX
*** TURN *** [4d 6c 2c] [Ah]
*** RIVER *** [4d 6c 2c Ah] [6s]
*** SHOW DOWN ***
kulinichvm: shows [Kc Ac] (two pair, Aces and Sixes)
LifeisagameX: shows [4s Kd] (two pair, Sixes and Fours)
kulinichvm collected $25.68 from pot
*** SUMMARY ***
Total pot $26.18 | Rake $0.50
Board [4d 6c 2c Ah 6s]
Seat 2: LifeisagameX (button) (small blind) showed [4s Kd] and lost with two pair, Sixes and Fours
Seat 5: kulinichvm (big blind) showed [Kc Ac] and won ($25.68) with two pair, Aces and Sixes


PokerStars Hand #149420753912:  Hold'em Limit ($3/$6 USD) - 2016/02/25 19:57:44 ET
Table 'Patricia' 10-max Seat #2 is the button
Seat 2: LifeisagameX ($157.78 in chips)
Seat 5: kulinichvm ($34.76 in chips)
LifeisagameX: posts small blind $1
kulinichvm: posts big blind $3
*** HOLE CARDS ***
LifeisagameX: raises $3 to $6
kulinichvm: calls $3
*** FLOP *** [2h Kd Ah]
kulinichvm: checks
LifeisagameX: bets $3
kulinichvm: folds
Uncalled bet ($3) returned to LifeisagameX
LifeisagameX collected $11.76 from pot
LifeisagameX: doesn't show hand
*** SUMMARY ***
Total pot $12 | Rake $0.24
Board [2h Kd Ah]
Seat 2: LifeisagameX (button) (small blind) collected ($11.76)
Seat 5: kulinichvm (big blind) folded on the Flop


PokerStars Hand #149420750827:  Hold'em Limit ($3/$6 USD) - 2016/02/25 19:57:37 ET
Table 'Patricia' 10-max Seat #5 is the button
Seat 2: LifeisagameX ($156.78 in chips)
Seat 5: kulinichvm ($35.76 in chips)
kulinichvm: posts small blind $1
LifeisagameX: posts big blind $3
*** HOLE CARDS ***
kulinichvm: folds
Uncalled bet ($2) returned to LifeisagameX
LifeisagameX collected $2 from pot
LifeisagameX: doesn't show hand
*** SUMMARY ***
Total pot $2 | Rake $0
Seat 2: LifeisagameX (big blind) collected ($2)
Seat 5: kulinichvm (button) (small blind) folded before Flop


PokerStars Hand #149420737390:  Hold'em Limit ($3/$6 USD) - 2016/02/25 19:57:10 ET
Table 'Patricia' 10-max Seat #2 is the button
Seat 2: LifeisagameX ($162.78 in chips)
Seat 5: kulinichvm ($30 in chips)
LifeisagameX: posts small blind $1
kulinichvm: posts big blind $3
*** HOLE CARDS ***
LifeisagameX: raises $3 to $6
kulinichvm: calls $3
*** FLOP *** [Ah Kc 5h]
kulinichvm: bets $3
LifeisagameX: folds
Uncalled bet ($3) returned to kulinichvm
kulinichvm collected $11.76 from pot
*** SUMMARY ***
Total pot $12 | Rake $0.24
Board [Ah Kc 5h]
Seat 2: LifeisagameX (button) (small blind) folded on the Flop
Seat 5: kulinichvm (big blind) collected ($11.76)


PokerStars Hand #149420782206:  Hold'em Limit ($3/$6 USD) - 2016/02/25 19:58:42 ET
Table 'Patricia' 10-max Seat #2 is the button
Seat 2: LifeisagameX ($142.54 in chips)
Seat 5: kulinichvm ($49.26 in chips)
LifeisagameX: posts small blind $1
kulinichvm: posts big blind $3
*** HOLE CARDS ***
LifeisagameX: raises $3 to $6
kulinichvm: calls $3
*** FLOP *** [5s Ah 2d]
kulinichvm: bets $3
LifeisagameX: calls $3
*** TURN *** [5s Ah 2d] [8s]
kulinichvm: bets $6
LifeisagameX: folds
Uncalled bet ($6) returned to kulinichvm
kulinichvm collected $17.64 from pot
*** SUMMARY ***
Total pot $18 | Rake $0.36
Board [5s Ah 2d 8s]
Seat 2: LifeisagameX (button) (small blind) folded on the Turn
Seat 5: kulinichvm (big blind) collected ($17.64)


PokerStars Hand #149420761547:  Hold'em Limit ($3/$6 USD) - 2016/02/25 19:57:59 ET
Table 'Patricia' 10-max Seat #5 is the button
Seat 2: LifeisagameX ($163.54 in chips)
Seat 5: kulinichvm ($28.76 in chips)
kulinichvm: posts small blind $1
LifeisagameX: posts big blind $3
*** HOLE CARDS ***
kulinichvm: calls $2
LifeisagameX: raises $3 to $6
kulinichvm: calls $3
*** FLOP *** [5c 2h 8c]
LifeisagameX: bets $3
kulinichvm: calls $3
*** TURN *** [5c 2h 8c] [8s]
hurtstopee joins the table at seat #9
LifeisagameX: checks
kulinichvm: bets $6
LifeisagameX: calls $6
*** RIVER *** [5c 2h 8c 8s] [4s]
LifeisagameX: checks
kulinichvm: bets $6
LifeisagameX: calls $6
*** SHOW DOWN ***
kulinichvm: shows [6s 3d] (a straight, Deuce to Six)
LifeisagameX: mucks hand
kulinichvm collected $41.50 from pot
*** SUMMARY ***
Total pot $42 | Rake $0.50
Board [5c 2h 8c 8s 4s]
Seat 2: LifeisagameX (big blind) mucked
Seat 5: kulinichvm (button) (small blind) showed [6s 3d] and won ($41.50) with a straight, Deuce to Six


PokerStars Hand #149420838375:  Hold'em Limit ($3/$6 USD) - 2016/02/25 20:00:36 ET
Table 'Patricia' 10-max Seat #9 is the button
Seat 5: kulinichvm ($54.21 in chips)
Seat 9: hurtstopee ($121.83 in chips)
hurtstopee: posts small blind $1
kulinichvm: posts big blind $3
*** HOLE CARDS ***
hurtstopee: folds
Uncalled bet ($2) returned to kulinichvm
kulinichvm collected $2 from pot
*** SUMMARY ***
Total pot $2 | Rake $0
Seat 5: kulinichvm (big blind) collected ($2)
Seat 9: hurtstopee (button) (small blind) folded before Flop


PokerStars Hand #149420853107:  Hold'em Limit ($3/$6 USD) - 2016/02/25 20:01:04 ET
Table 'Patricia' 10-max Seat #9 is the button
Seat 5: kulinichvm ($46.21 in chips)
Seat 9: hurtstopee ($129.47 in chips)
hurtstopee: posts small blind $1
kulinichvm: posts big blind $3
*** HOLE CARDS ***
hurtstopee: raises $3 to $6
kulinichvm: calls $3
*** FLOP *** [Qh 5c Ah]
kulinichvm: checks
hurtstopee: checks
*** TURN *** [Qh 5c Ah] [Qs]
kulinichvm: bets $6
hurtstopee: raises $6 to $12
kulinichvm: folds
Uncalled bet ($6) returned to hurtstopee
hurtstopee collected $23.52 from pot
hurtstopee: doesn't show hand
*** SUMMARY ***
Total pot $24 | Rake $0.48
Board [Qh 5c Ah Qs]
Seat 5: kulinichvm (big blind) folded on the Turn
Seat 9: hurtstopee (button) (small blind) collected ($23.52)


PokerStars Hand #149420842360:  Hold'em Limit ($3/$6 USD) - 2016/02/25 20:00:43 ET
Table 'Patricia' 10-max Seat #5 is the button
Seat 5: kulinichvm ($55.21 in chips)
Seat 9: hurtstopee ($120.83 in chips)
kulinichvm: posts small blind $1
hurtstopee: posts big blind $3
*** HOLE CARDS ***
kulinichvm: raises $3 to $6
hurtstopee: calls $3
*** FLOP *** [2h 5d Qc]
hurtstopee: checks
kulinichvm: bets $3
hurtstopee: calls $3
*** TURN *** [2h 5d Qc] [6h]
hurtstopee: checks
kulinichvm: checks
*** RIVER *** [2h 5d Qc 6h] [Qs]
hurtstopee: bets $6
kulinichvm: folds
Uncalled bet ($6) returned to hurtstopee
hurtstopee collected $17.64 from pot
hurtstopee: doesn't show hand
*** SUMMARY ***
Total pot $18 | Rake $0.36
Board [2h 5d Qc 6h Qs]
Seat 5: kulinichvm (button) (small blind) folded on the River
Seat 9: hurtstopee (big blind) collected ($17.64)


PokerStars Hand #149420826040:  Hold'em Limit ($3/$6 USD) - 2016/02/25 20:00:11 ET
Table 'Patricia' 10-max Seat #5 is the button
Seat 5: kulinichvm ($42.69 in chips)
Seat 9: hurtstopee ($133.83 in chips)
kulinichvm: posts small blind $1
hurtstopee: posts big blind $3
*** HOLE CARDS ***
kulinichvm: calls $2
hurtstopee: checks
*** FLOP *** [Qc Jc 9c]
hurtstopee: checks
kulinichvm: bets $3
hurtstopee: calls $3
*** TURN *** [Qc Jc 9c] [3s]
hurtstopee: checks
kulinichvm: bets $6
hurtstopee: calls $6
*** RIVER *** [Qc Jc 9c 3s] [Th]
hurtstopee: checks
kulinichvm: checks
*** SHOW DOWN ***
hurtstopee: shows [As 6c] (high card Ace)
kulinichvm: shows [Tc 7s] (a pair of Tens)
kulinichvm collected $23.52 from pot
*** SUMMARY ***
Total pot $24 | Rake $0.48
Board [Qc Jc 9c 3s Th]
Seat 5: kulinichvm (button) (small blind) showed [Tc 7s] and won ($23.52) with a pair of Tens
Seat 9: hurtstopee (big blind) showed [As 6c] and lost with high card Ace


PokerStars Hand #149420872355:  Hold'em Limit ($3/$6 USD) - 2016/02/25 20:01:39 ET
Table 'Patricia' 10-max Seat #9 is the button
Seat 5: kulinichvm ($37.09 in chips)
Seat 9: hurtstopee ($137.99 in chips)
hurtstopee: posts small blind $1
kulinichvm: posts big blind $3
*** HOLE CARDS ***
hurtstopee: raises $3 to $6
kulinichvm: calls $3
*** FLOP *** [Ah Js 4d]
kulinichvm: checks
hurtstopee: bets $3
kulinichvm: raises $3 to $6
hurtstopee: raises $3 to $9
kulinichvm: calls $3
*** TURN *** [Ah Js 4d] [4c]
kulinichvm: checks
hurtstopee: bets $6
kulinichvm: folds
Uncalled bet ($6) returned to hurtstopee
hurtstopee collected $29.50 from pot
hurtstopee: doesn't show hand
*** SUMMARY ***
Total pot $30 | Rake $0.50
Board [Ah Js 4d 4c]
Seat 5: kulinichvm (big blind) folded on the Turn
Seat 9: hurtstopee (button) (small blind) collected ($29.50)


PokerStars Hand #149420864632:  Hold'em Limit ($3/$6 USD) - 2016/02/25 20:01:25 ET
Table 'Patricia' 10-max Seat #5 is the button
Seat 5: kulinichvm ($34.21 in chips)
Seat 9: hurtstopee ($140.99 in chips)
kulinichvm: posts small blind $1
hurtstopee: posts big blind $3
*** HOLE CARDS ***
kulinichvm: calls $2
hurtstopee: checks
*** FLOP *** [7s As 6s]
hurtstopee: checks
kulinichvm: bets $3
hurtstopee: folds
Uncalled bet ($3) returned to kulinichvm
kulinichvm collected $5.88 from pot
*** SUMMARY ***
Total pot $6 | Rake $0.12
Board [7s As 6s]
Seat 5: kulinichvm (button) (small blind) collected ($5.88)
Seat 9: hurtstopee (big blind) folded on the Flop


PokerStars Hand #149420885259:  Hold'em Limit ($3/$6 USD) - 2016/02/25 20:02:02 ET
Table 'Patricia' 10-max Seat #5 is the button
Seat 5: kulinichvm ($22.09 in chips)
Seat 9: hurtstopee ($152.49 in chips)
kulinichvm: posts small blind $1
hurtstopee: posts big blind $3
*** HOLE CARDS ***
kulinichvm: calls $2
serega111181 joins the table at seat #2
hurtstopee: checks
*** FLOP *** [4d 3s Kd]
hurtstopee: checks
kulinichvm: checks
*** TURN *** [4d 3s Kd] [Ah]
hurtstopee: checks
kulinichvm: checks
*** RIVER *** [4d 3s Kd Ah] [Ts]
hurtstopee: bets $6
kulinichvm: folds
Uncalled bet ($6) returned to hurtstopee
hurtstopee collected $5.88 from pot
hurtstopee: doesn't show hand
*** SUMMARY ***
Total pot $6 | Rake $0.12
Board [4d 3s Kd Ah Ts]
Seat 5: kulinichvm (button) (small blind) folded on the River
Seat 9: hurtstopee (big blind) collected ($5.88)


PokerStars Hand #149420945514:  Hold'em Limit ($3/$6 USD) - 2016/02/25 20:03:49 ET
Table 'Patricia' 10-max Seat #9 is the button
Seat 2: serega111181 ($45.19 in chips)
Seat 9: hurtstopee ($155.37 in chips)
hurtstopee: posts small blind $1
serega111181: posts big blind $3
*** HOLE CARDS ***
hurtstopee: raises $3 to $6
serega111181: calls $3
*** FLOP *** [Jh 8h 3h]
serega111181: checks
hurtstopee: bets $3
serega111181: folds
Uncalled bet ($3) returned to hurtstopee
hurtstopee collected $11.76 from pot
hurtstopee: doesn't show hand
*** SUMMARY ***
Total pot $12 | Rake $0.24
Board [Jh 8h 3h]
Seat 2: serega111181 (big blind) folded on the Flop
Seat 9: hurtstopee (button) (small blind) collected ($11.76)


PokerStars Hand #149420942501:  Hold'em Limit ($3/$6 USD) - 2016/02/25 20:03:44 ET
Table 'Patricia' 10-max Seat #2 is the button
Seat 2: serega111181 ($46.19 in chips)
Seat 9: hurtstopee ($154.37 in chips)
serega111181: posts small blind $1
hurtstopee: posts big blind $3
*** HOLE CARDS ***
serega111181: folds
Uncalled bet ($2) returned to hurtstopee
hurtstopee collected $2 from pot
hurtstopee: doesn't show hand
*** SUMMARY ***
Total pot $2 | Rake $0
Seat 2: serega111181 (button) (small blind) folded before Flop
Seat 9: hurtstopee (big blind) collected ($2)


PokerStars Hand #149420939312:  Hold'em Limit ($3/$6 USD) - 2016/02/25 20:03:38 ET
Table 'Patricia' 10-max Seat #9 is the button
Seat 2: serega111181 ($45.19 in chips)
Seat 9: hurtstopee ($155.37 in chips)
hurtstopee: posts small blind $1
serega111181: posts big blind $3
*** HOLE CARDS ***
hurtstopee: folds
Uncalled bet ($2) returned to serega111181
serega111181 collected $2 from pot
*** SUMMARY ***
Total pot $2 | Rake $0
Seat 2: serega111181 (big blind) collected ($2)
Seat 9: hurtstopee (button) (small blind) folded before Flop


PokerStars Hand #149421017255:  Hold'em Limit ($3/$6 USD) - 2016/02/25 20:05:57 ET
Table 'Patricia' 10-max Seat #9 is the button
Seat 5: kulinichvm ($93.58 in chips)
Seat 9: hurtstopee ($116.13 in chips)
hurtstopee: posts small blind $1
kulinichvm: posts big blind $3
*** HOLE CARDS ***
hurtstopee: raises $3 to $6
kulinichvm: folds
Uncalled bet ($3) returned to hurtstopee
hurtstopee collected $6 from pot
hurtstopee: doesn't show hand
*** SUMMARY ***
Total pot $6 | Rake $0
Seat 5: kulinichvm (big blind) folded before Flop
Seat 9: hurtstopee (button) (small blind) collected ($6)


PokerStars Hand #149421003654:  Hold'em Limit ($3/$6 USD) - 2016/02/25 20:05:33 ET
Table 'Patricia' 10-max Seat #5 is the button
Seat 5: kulinichvm ($90.70 in chips)
Seat 9: hurtstopee ($119.13 in chips)
kulinichvm: posts small blind $1
hurtstopee: posts big blind $3
*** HOLE CARDS ***
kulinichvm: calls $2
hurtstopee: checks
*** FLOP *** [Ad Js 4h]
hurtstopee: checks
kulinichvm: bets $3
hurtstopee: folds
Uncalled bet ($3) returned to kulinichvm
kulinichvm collected $5.88 from pot
*** SUMMARY ***
Total pot $6 | Rake $0.12
Board [Ad Js 4h]
Seat 5: kulinichvm (button) (small blind) collected ($5.88)
Seat 9: hurtstopee (big blind) folded on the Flop


PokerStars Hand #149420982242:  Hold'em Limit ($3/$6 USD) - 2016/02/25 20:04:55 ET
Table 'Patricia' 10-max Seat #9 is the button
Seat 5: kulinichvm ($58.20 in chips)
Seat 9: hurtstopee ($152.13 in chips)
hurtstopee: posts small blind $1
kulinichvm: posts big blind $3
*** HOLE CARDS ***
hurtstopee: raises $3 to $6
kulinichvm: raises $3 to $9
hurtstopee: raises $3 to $12
Betting is capped
kulinichvm: calls $3
*** FLOP *** [Ks 6d 9d]
kulinichvm: bets $3
hurtstopee: calls $3
*** TURN *** [Ks 6d 9d] [2h]
kulinichvm: checks
hurtstopee: bets $6
kulinichvm: raises $6 to $12
hurtstopee: calls $6
*** RIVER *** [Ks 6d 9d 2h] [7s]
kulinichvm: bets $6
hurtstopee: calls $6
*** SHOW DOWN ***
kulinichvm: shows [Kc Qh] (a pair of Kings)
hurtstopee: mucks hand
kulinichvm collected $65.50 from pot
*** SUMMARY ***
Total pot $66 | Rake $0.50
Board [Ks 6d 9d 2h 7s]
Seat 5: kulinichvm (big blind) showed [Kc Qh] and won ($65.50) with a pair of Kings
Seat 9: hurtstopee (button) (small blind) mucked


PokerStars Hand #149421053400:  Hold'em Limit ($3/$6 USD) - 2016/02/25 20:07:02 ET
Table 'Patricia' 10-max Seat #9 is the button
Seat 5: kulinichvm ($60.58 in chips)
Seat 9: hurtstopee ($147.93 in chips)
hurtstopee: posts small blind $1
kulinichvm: posts big blind $3
*** HOLE CARDS ***
hurtstopee: folds
Uncalled bet ($2) returned to kulinichvm
kulinichvm collected $2 from pot
*** SUMMARY ***
Total pot $2 | Rake $0
Seat 5: kulinichvm (big blind) collected ($2)
Seat 9: hurtstopee (button) (small blind) folded before Flop


PokerStars Hand #149421042736:  Hold'em Limit ($3/$6 USD) - 2016/02/25 20:06:43 ET
Table 'Patricia' 10-max Seat #5 is the button
Seat 5: kulinichvm ($72.58 in chips)
Seat 9: hurtstopee ($136.41 in chips)
kulinichvm: posts small blind $1
hurtstopee: posts big blind $3
*** HOLE CARDS ***
kulinichvm: calls $2
hurtstopee: checks
*** FLOP *** [9d Jh 7h]
hurtstopee: bets $3
kulinichvm: calls $3
*** TURN *** [9d Jh 7h] [Qd]
hurtstopee: bets $6
kulinichvm: calls $6
*** RIVER *** [9d Jh 7h Qd] [As]
hurtstopee: bets $6
kulinichvm: folds
Uncalled bet ($6) returned to hurtstopee
hurtstopee collected $23.52 from pot
hurtstopee: doesn't show hand
*** SUMMARY ***
Total pot $24 | Rake $0.48
Board [9d Jh 7h Qd As]
Seat 5: kulinichvm (button) (small blind) folded on the River
Seat 9: hurtstopee (big blind) collected ($23.52)


PokerStars Hand #149421031378:  Hold'em Limit ($3/$6 USD) - 2016/02/25 20:06:22 ET
Table 'Patricia' 10-max Seat #9 is the button
Seat 5: kulinichvm ($84.58 in chips)
Seat 9: hurtstopee ($124.89 in chips)
hurtstopee: posts small blind $1
kulinichvm: posts big blind $3
*** HOLE CARDS ***
hurtstopee: raises $3 to $6
kulinichvm: calls $3
*** FLOP *** [7s 7c Jh]
kulinichvm: bets $3
hurtstopee: raises $3 to $6
kulinichvm: calls $3
*** TURN *** [7s 7c Jh] [8h]
kulinichvm: checks
hurtstopee: bets $6
kulinichvm: folds
Uncalled bet ($6) returned to hurtstopee
hurtstopee collected $23.52 from pot
hurtstopee: doesn't show hand
*** SUMMARY ***
Total pot $24 | Rake $0.48
Board [7s 7c Jh 8h]
Seat 5: kulinichvm (big blind) folded on the Turn
Seat 9: hurtstopee (button) (small blind) collected ($23.52)


PokerStars Hand #149421022997:  Hold'em Limit ($3/$6 USD) - 2016/02/25 20:06:07 ET
Table 'Patricia' 10-max Seat #5 is the button
Seat 5: kulinichvm ($90.58 in chips)
Seat 9: hurtstopee ($119.13 in chips)
kulinichvm: posts small blind $1
hurtstopee: posts big blind $3
*** HOLE CARDS ***
kulinichvm: calls $2
hurtstopee: raises $3 to $6
kulinichvm: calls $3
*** FLOP *** [Qh Ah Jd]
hurtstopee: bets $3
kulinichvm: folds
Uncalled bet ($3) returned to hurtstopee
hurtstopee collected $11.76 from pot
hurtstopee: doesn't show hand
*** SUMMARY ***
Total pot $12 | Rake $0.24
Board [Qh Ah Jd]
Seat 5: kulinichvm (button) (small blind) folded on the Flop
Seat 9: hurtstopee (big blind) collected ($11.76)


PokerStars Hand #149421064151:  Hold'em Limit ($3/$6 USD) - 2016/02/25 20:07:21 ET
Table 'Patricia' 10-max Seat #9 is the button
Seat 5: kulinichvm ($67.34 in chips)
Seat 9: hurtstopee ($140.93 in chips)
hurtstopee: posts small blind $1
kulinichvm: posts big blind $3
*** HOLE CARDS ***
hurtstopee: calls $2
kulinichvm: checks
*** FLOP *** [7h 7s Ad]
kulinichvm: bets $3
hurtstopee: calls $3
*** TURN *** [7h 7s Ad] [3d]
kulinichvm: checks
hurtstopee: bets $6
kulinichvm: folds
Uncalled bet ($6) returned to hurtstopee
hurtstopee collected $11.76 from pot
hurtstopee: doesn't show hand
*** SUMMARY ***
Total pot $12 | Rake $0.24
Board [7h 7s Ad 3d]
Seat 5: kulinichvm (big blind) folded on the Turn
Seat 9: hurtstopee (button) (small blind) collected ($11.76)


PokerStars Hand #149421075845:  Hold'em Limit ($3/$6 USD) - 2016/02/25 20:07:43 ET
Table 'Patricia' 10-max Seat #5 is the button
Seat 5: kulinichvm ($61.34 in chips)
Seat 9: hurtstopee ($146.69 in chips)
kulinichvm: posts small blind $1
hurtstopee: posts big blind $3
*** HOLE CARDS ***
kulinichvm: raises $3 to $6
hurtstopee: folds
Uncalled bet ($3) returned to kulinichvm
kulinichvm collected $6 from pot
*** SUMMARY ***
Total pot $6 | Rake $0
Seat 5: kulinichvm (button) (small blind) collected ($6)
Seat 9: hurtstopee (big blind) folded before Flop


PokerStars Hand #149421080570:  Hold'em Limit ($3/$6 USD) - 2016/02/25 20:07:51 ET
Table 'Patricia' 10-max Seat #9 is the button
Seat 5: kulinichvm ($64.34 in chips)
Seat 9: hurtstopee ($143.69 in chips)
hurtstopee: posts small blind $1
kulinichvm: posts big blind $3
*** HOLE CARDS ***
hurtstopee: folds
Uncalled bet ($2) returned to kulinichvm
kulinichvm collected $2 from pot
*** SUMMARY ***
Total pot $2 | Rake $0
Seat 5: kulinichvm (big blind) collected ($2)
Seat 9: hurtstopee (button) (small blind) folded before Flop


PokerStars Hand #149421085306:  Hold'em Limit ($3/$6 USD) - 2016/02/25 20:08:00 ET
Table 'Patricia' 10-max Seat #5 is the button
Seat 5: kulinichvm ($65.34 in chips)
Seat 9: hurtstopee ($142.69 in chips)
kulinichvm: posts small blind $1
hurtstopee: posts big blind $3
*** HOLE CARDS ***
kulinichvm: raises $3 to $6
hurtstopee: folds
Uncalled bet ($3) returned to kulinichvm
kulinichvm collected $6 from pot
*** SUMMARY ***
Total pot $6 | Rake $0
Seat 5: kulinichvm (button) (small blind) collected ($6)
Seat 9: hurtstopee (big blind) folded before Flop


PokerStars Hand #149421056353:  Hold'em Limit ($3/$6 USD) - 2016/02/25 20:07:07 ET
Table 'Patricia' 10-max Seat #5 is the button
Seat 5: kulinichvm ($61.58 in chips)
Seat 9: hurtstopee ($146.93 in chips)
kulinichvm: posts small blind $1
hurtstopee: posts big blind $3
*** HOLE CARDS ***
kulinichvm: raises $3 to $6
hurtstopee: calls $3
*** FLOP *** [Qc 5h Kh]
hurtstopee: checks
kulinichvm: bets $3
hurtstopee: folds
Uncalled bet ($3) returned to kulinichvm
kulinichvm collected $11.76 from pot
*** SUMMARY ***
Total pot $12 | Rake $0.24
Board [Qc 5h Kh]
Seat 5: kulinichvm (button) (small blind) collected ($11.76)
Seat 9: hurtstopee (big blind) folded on the Flop


PokerStars Hand #149421101340:  Hold'em Limit ($3/$6 USD) - 2016/02/25 20:08:29 ET
Table 'Patricia' 10-max Seat #5 is the button
Seat 5: kulinichvm ($79.86 in chips)
Seat 9: hurtstopee ($127.69 in chips)
kulinichvm: posts small blind $1
hurtstopee: posts big blind $3
*** HOLE CARDS ***
kulinichvm: folds
Uncalled bet ($2) returned to hurtstopee
hurtstopee collected $2 from pot
hurtstopee: doesn't show hand
*** SUMMARY ***
Total pot $2 | Rake $0
Seat 5: kulinichvm (button) (small blind) folded before Flop
Seat 9: hurtstopee (big blind) collected ($2)


PokerStars Hand #149421091170:  Hold'em Limit ($3/$6 USD) - 2016/02/25 20:08:10 ET
Table 'Patricia' 10-max Seat #9 is the button
Seat 5: kulinichvm ($68.34 in chips)
Seat 9: hurtstopee ($139.69 in chips)
hurtstopee: posts small blind $1
kulinichvm: posts big blind $3
*** HOLE CARDS ***
hurtstopee: raises $3 to $6
kulinichvm: raises $3 to $9
hurtstopee: calls $3
*** FLOP *** [2c 5h Tc]
kulinichvm: bets $3
hurtstopee: calls $3
*** TURN *** [2c 5h Tc] [Td]
kulinichvm: bets $6
hurtstopee: folds
Uncalled bet ($6) returned to kulinichvm
kulinichvm collected $23.52 from pot
*** SUMMARY ***
Total pot $24 | Rake $0.48
Board [2c 5h Tc Td]
Seat 5: kulinichvm (big blind) collected ($23.52)
Seat 9: hurtstopee (button) (small blind) folded on the Turn


PokerStars Hand #149421104299:  Hold'em Limit ($3/$6 USD) - 2016/02/25 20:08:34 ET
Table 'Patricia' 10-max Seat #9 is the button
Seat 5: kulinichvm ($78.86 in chips)
Seat 9: hurtstopee ($128.69 in chips)
hurtstopee: posts small blind $1
kulinichvm: posts big blind $3
*** HOLE CARDS ***
hurtstopee: calls $2
kulinichvm: checks
*** FLOP *** [5s 5h Jd]
kulinichvm: bets $3
hurtstopee: calls $3
*** TURN *** [5s 5h Jd] [4d]
kulinichvm: checks
hurtstopee: bets $6
kulinichvm: folds
Uncalled bet ($6) returned to hurtstopee
hurtstopee collected $11.76 from pot
hurtstopee: doesn't show hand
*** SUMMARY ***
Total pot $12 | Rake $0.24
Board [5s 5h Jd 4d]
Seat 5: kulinichvm (big blind) folded on the Turn
Seat 9: hurtstopee (button) (small blind) collected ($11.76)


PokerStars Hand #149421119381:  Hold'em Limit ($3/$6 USD) - 2016/02/25 20:09:02 ET
Table 'Patricia' 10-max Seat #9 is the button
Seat 5: kulinichvm ($71.86 in chips)
Seat 9: hurtstopee ($135.45 in chips)
hurtstopee: posts small blind $1
kulinichvm: posts big blind $3
*** HOLE CARDS ***
hurtstopee: folds
Uncalled bet ($2) returned to kulinichvm
kulinichvm collected $2 from pot
*** SUMMARY ***
Total pot $2 | Rake $0
Seat 5: kulinichvm (big blind) collected ($2)
Seat 9: hurtstopee (button) (small blind) folded before Flop


PokerStars Hand #149421116546:  Hold'em Limit ($3/$6 USD) - 2016/02/25 20:08:57 ET
Table 'Patricia' 10-max Seat #5 is the button
Seat 5: kulinichvm ($72.86 in chips)
Seat 9: hurtstopee ($134.45 in chips)
kulinichvm: posts small blind $1
hurtstopee: posts big blind $3
*** HOLE CARDS ***
kulinichvm: folds
Uncalled bet ($2) returned to hurtstopee
hurtstopee collected $2 from pot
hurtstopee: doesn't show hand
*** SUMMARY ***
Total pot $2 | Rake $0
Seat 5: kulinichvm (button) (small blind) folded before Flop
Seat 9: hurtstopee (big blind) collected ($2)


PokerStars Hand #149421122388:  Hold'em Limit ($3/$6 USD) - 2016/02/25 20:09:07 ET
Table 'Patricia' 10-max Seat #5 is the button
Seat 5: kulinichvm ($72.86 in chips)
Seat 9: hurtstopee ($134.45 in chips)
kulinichvm: posts small blind $1
hurtstopee: posts big blind $3
*** HOLE CARDS ***
kulinichvm: raises $3 to $6
hurtstopee: calls $3
*** FLOP *** [4s Ah 5s]
hurtstopee: checks
kulinichvm: bets $3
hurtstopee: calls $3
*** TURN *** [4s Ah 5s] [6d]
hurtstopee: checks
kulinichvm: checks
*** RIVER *** [4s Ah 5s 6d] [4c]
hurtstopee: bets $6
kulinichvm: folds
Uncalled bet ($6) returned to hurtstopee
hurtstopee collected $17.64 from pot
hurtstopee: doesn't show hand
*** SUMMARY ***
Total pot $18 | Rake $0.36
Board [4s Ah 5s 6d 4c]
Seat 5: kulinichvm (button) (small blind) folded on the River
Seat 9: hurtstopee (big blind) collected ($17.64)


PokerStars Hand #149421136749:  Hold'em Limit ($3/$6 USD) - 2016/02/25 20:09:33 ET
Table 'Patricia' 10-max Seat #9 is the button
Seat 5: kulinichvm ($63.86 in chips)
Seat 9: hurtstopee ($143.09 in chips)
hurtstopee: posts small blind $1
kulinichvm: posts big blind $3
*** HOLE CARDS ***
hurtstopee: folds
Uncalled bet ($2) returned to kulinichvm
kulinichvm collected $2 from pot
*** SUMMARY ***
Total pot $2 | Rake $0
Seat 5: kulinichvm (big blind) collected ($2)
Seat 9: hurtstopee (button) (small blind) folded before Flop


PokerStars Hand #149421139789:  Hold'em Limit ($3/$6 USD) - 2016/02/25 20:09:39 ET
Table 'Patricia' 10-max Seat #5 is the button
Seat 5: kulinichvm ($64.86 in chips)
Seat 9: hurtstopee ($142.09 in chips)
kulinichvm: posts small blind $1
hurtstopee: posts big blind $3
*** HOLE CARDS ***
kulinichvm: folds
Uncalled bet ($2) returned to hurtstopee
hurtstopee collected $2 from pot
hurtstopee: doesn't show hand
*** SUMMARY ***
Total pot $2 | Rake $0
Seat 5: kulinichvm (button) (small blind) folded before Flop
Seat 9: hurtstopee (big blind) collected ($2)


PokerStars Hand #149421145747:  Hold'em Limit ($3/$6 USD) - 2016/02/25 20:09:50 ET
Table 'Patricia' 10-max Seat #9 is the button
Seat 5: kulinichvm ($63.86 in chips)
Seat 9: hurtstopee ($143.09 in chips)
hurtstopee: posts small blind $1
kulinichvm: posts big blind $3
*** HOLE CARDS ***
hurtstopee: folds
Uncalled bet ($2) returned to kulinichvm
kulinichvm collected $2 from pot
*** SUMMARY ***
Total pot $2 | Rake $0
Seat 5: kulinichvm (big blind) collected ($2)
Seat 9: hurtstopee (button) (small blind) folded before Flop


PokerStars Hand #149421153919:  Hold'em Limit ($3/$6 USD) - 2016/02/25 20:10:05 ET
Table 'Patricia' 10-max Seat #5 is the button
Seat 5: kulinichvm ($64.86 in chips)
Seat 9: hurtstopee ($142.09 in chips)
kulinichvm: posts small blind $1
hurtstopee: posts big blind $3
*** HOLE CARDS ***
kulinichvm: calls $2
hurtstopee: checks
*** FLOP *** [3d 8s Kd]
hurtstopee: checks
kulinichvm: checks
*** TURN *** [3d 8s Kd] [7c]
hurtstopee: bets $6
kulinichvm: raises $6 to $12
hurtstopee: folds
Uncalled bet ($6) returned to kulinichvm
kulinichvm collected $17.64 from pot
*** SUMMARY ***
Total pot $18 | Rake $0.36
Board [3d 8s Kd 7c]
Seat 5: kulinichvm (button) (small blind) collected ($17.64)
Seat 9: hurtstopee (big blind) folded on the Turn


PokerStars Hand #149421163655:  Hold'em Limit ($3/$6 USD) - 2016/02/25 20:10:23 ET
Table 'Patricia' 10-max Seat #9 is the button
Seat 5: kulinichvm ($73.50 in chips)
Seat 9: hurtstopee ($133.09 in chips)
hurtstopee: posts small blind $1
kulinichvm: posts big blind $3
*** HOLE CARDS ***
hurtstopee: calls $2
kulinichvm: checks
*** FLOP *** [Kh 4d As]
kulinichvm: bets $3
hurtstopee: calls $3
*** TURN *** [Kh 4d As] [4c]
kulinichvm: checks
hurtstopee: bets $6
kulinichvm: raises $6 to $12
hurtstopee: raises $6 to $18
kulinichvm: folds
Uncalled bet ($6) returned to hurtstopee
hurtstopee collected $35.50 from pot
hurtstopee: doesn't show hand
*** SUMMARY ***
Total pot $36 | Rake $0.50
Board [Kh 4d As 4c]
Seat 5: kulinichvm (big blind) folded on the Turn
Seat 9: hurtstopee (button) (small blind) collected ($35.50)


PokerStars Hand #149421179940:  Hold'em Limit ($3/$6 USD) - 2016/02/25 20:10:53 ET
Table 'Patricia' 10-max Seat #5 is the button
Seat 5: kulinichvm ($55.50 in chips)
Seat 9: hurtstopee ($150.59 in chips)
kulinichvm: posts small blind $1
hurtstopee: posts big blind $3
*** HOLE CARDS ***
kulinichvm: raises $3 to $6
hurtstopee: calls $3
*** FLOP *** [8c 4h 6s]
hurtstopee: checks
TinaTurner72 joins the table at seat #6
kulinichvm: bets $3
hurtstopee: folds
Uncalled bet ($3) returned to kulinichvm
kulinichvm collected $11.76 from pot
*** SUMMARY ***
Total pot $12 | Rake $0.24
Board [8c 4h 6s]
Seat 5: kulinichvm (button) (small blind) collected ($11.76)
Seat 9: hurtstopee (big blind) folded on the Flop


PokerStars Hand #149421189081:  Hold'em Limit ($3/$6 USD) - 2016/02/25 20:11:10 ET
Table 'Patricia' 10-max Seat #9 is the button
Seat 5: kulinichvm ($61.26 in chips)
Seat 9: hurtstopee ($144.59 in chips)
hurtstopee: posts small blind $1
kulinichvm: posts big blind $3
*** HOLE CARDS ***
hurtstopee: calls $2
kulinichvm: checks
*** FLOP *** [Js 8c 7c]
kulinichvm: bets $3
hurtstopee: calls $3
*** TURN *** [Js 8c 7c] [Qd]
kulinichvm: bets $6
hurtstopee: raises $6 to $12
kulinichvm: calls $6
*** RIVER *** [Js 8c 7c Qd] [Tc]
kulinichvm: bets $6
hurtstopee: calls $6
*** SHOW DOWN ***
kulinichvm: shows [Td 5h] (a pair of Tens)
hurtstopee: shows [7h Jh] (two pair, Jacks and Sevens)
hurtstopee collected $47.50 from pot
*** SUMMARY ***
Total pot $48 | Rake $0.50
Board [Js 8c 7c Qd Tc]
Seat 5: kulinichvm (big blind) showed [Td 5h] and lost with a pair of Tens
Seat 9: hurtstopee (button) (small blind) showed [7h Jh] and won ($47.50) with two pair, Jacks and Sevens


PokerStars Hand #149421253918:  Hold'em Limit ($3/$6 USD) - 2016/02/25 20:13:09 ET
Table 'Patricia' 10-max Seat #9 is the button
Seat 6: TinaTurner72 ($75 in chips)
Seat 9: hurtstopee ($217.39 in chips)
hurtstopee: posts small blind $1
TinaTurner72: posts big blind $3
*** HOLE CARDS ***
hurtstopee: folds
Uncalled bet ($2) returned to TinaTurner72
hurtstopee leaves the table
TinaTurner72 collected $2 from pot
TinaTurner72: doesn't show hand
*** SUMMARY ***
Total pot $2 | Rake $0
Seat 6: TinaTurner72 (big blind) collected ($2)
Seat 9: hurtstopee (button) (small blind) folded before Flop


PokerStars Hand #149421259841:  Hold'em Limit ($3/$6 USD) - 2016/02/25 20:13:20 ET
Table 'Patricia' 10-max Seat #6 is the button
Seat 5: kulinichvm ($30 in chips)
Seat 6: TinaTurner72 ($76 in chips)
TinaTurner72: posts small blind $1
kulinichvm: posts big blind $3
*** HOLE CARDS ***
TinaTurner72: raises $3 to $6
kulinichvm: calls $3
*** FLOP *** [4d 5s Ks]
kulinichvm: bets $3
TinaTurner72: raises $3 to $6
kulinichvm: calls $3
*** TURN *** [4d 5s Ks] [Ac]
serega111181 joins the table at seat #10
kulinichvm: checks
TinaTurner72: bets $6
kulinichvm: calls $6
*** RIVER *** [4d 5s Ks Ac] [8d]
kulinichvm: bets $6
TinaTurner72: calls $6
*** SHOW DOWN ***
kulinichvm: shows [6c Kh] (a pair of Kings)
TinaTurner72: mucks hand
kulinichvm collected $47.50 from pot
*** SUMMARY ***
Total pot $48 | Rake $0.50
Board [4d 5s Ks Ac 8d]
Seat 5: kulinichvm (big blind) showed [6c Kh] and won ($47.50) with a pair of Kings
Seat 6: TinaTurner72 (button) (small blind) mucked


PokerStars Hand #149421276976:  Hold'em Limit ($3/$6 USD) - 2016/02/25 20:13:52 ET
Table 'Patricia' 10-max Seat #5 is the button
Seat 5: kulinichvm ($53.50 in chips)
Seat 6: TinaTurner72 ($52 in chips)
kulinichvm: posts small blind $1
TinaTurner72: posts big blind $3
*** HOLE CARDS ***
kulinichvm: raises $3 to $6
TinaTurner72: calls $3
*** FLOP *** [2s Ad Ah]
TinaTurner72: checks
kulinichvm: bets $3
TinaTurner72: folds
Uncalled bet ($3) returned to kulinichvm
kulinichvm collected $11.76 from pot
*** SUMMARY ***
Total pot $12 | Rake $0.24
Board [2s Ad Ah]
Seat 5: kulinichvm (button) (small blind) collected ($11.76)
Seat 6: TinaTurner72 (big blind) folded on the Flop


PokerStars Hand #149421581371:  Hold'em Limit ($3/$6 USD) - 2016/02/25 20:23:22 ET
Table 'Patricia' 10-max Seat #5 is the button
Seat 5: pksubban7600 ($74.45 in chips)
Seat 6: TinaTurner72 ($121.99 in chips)
pksubban7600: posts small blind $1
TinaTurner72: posts big blind $3
*** HOLE CARDS ***
pksubban7600: raises $3 to $6
TinaTurner72: calls $3
*** FLOP *** [9h 3s 6s]
TinaTurner72: checks
pksubban7600: bets $3
TinaTurner72: folds
Uncalled bet ($3) returned to pksubban7600
pksubban7600 collected $11.76 from pot
*** SUMMARY ***
Total pot $12 | Rake $0.24
Board [9h 3s 6s]
Seat 5: pksubban7600 (button) (small blind) collected ($11.76)
Seat 6: TinaTurner72 (big blind) folded on the Flop


PokerStars Hand #149421577148:  Hold'em Limit ($3/$6 USD) - 2016/02/25 20:23:14 ET
Table 'Patricia' 10-max Seat #6 is the button
Seat 5: pksubban7600 ($77.45 in chips)
Seat 6: TinaTurner72 ($118.99 in chips)
TinaTurner72: posts small blind $1
pksubban7600: posts big blind $3
*** HOLE CARDS ***
TinaTurner72: raises $3 to $6
pksubban7600: folds
Uncalled bet ($3) returned to TinaTurner72
TinaTurner72 collected $6 from pot
TinaTurner72: doesn't show hand
*** SUMMARY ***
Total pot $6 | Rake $0
Seat 5: pksubban7600 (big blind) folded before Flop
Seat 6: TinaTurner72 (button) (small blind) collected ($6)


