PokerStars Hand #159041441416:  Hold'em Limit ($3/$6 USD) - 2016/09/24 15:58:27 ET
Table 'Patry' 6-max Seat #4 is the button
Seat 4: popeluha ($28.64 in chips)
Seat 6: AA_ILI ($117.53 in chips)
popeluha: posts small blind $1
AA_ILI: posts big blind $3
*** HOLE CARDS ***
popeluha: raises $3 to $6
AA_ILI: raises $3 to $9
popeluha: calls $3
*** FLOP *** [Ad 2s 2d]
AA_ILI: bets $3
popeluha: folds
Uncalled bet ($3) returned to AA_ILI
AA_ILI collected $17.64 from pot
*** SUMMARY ***
Total pot $18 | Rake $0.36
Board [Ad 2s 2d]
Seat 4: popeluha (button) (small blind) folded on the Flop
Seat 6: AA_ILI (big blind) collected ($17.64)


PokerStars Hand #159041432630:  Hold'em Limit ($3/$6 USD) - 2016/09/24 15:58:12 ET
Table 'Patry' 6-max Seat #6 is the button
Seat 4: popeluha ($34.64 in chips)
Seat 6: AA_ILI ($111.77 in chips)
AA_ILI: posts small blind $1
popeluha: posts big blind $3
*** HOLE CARDS ***
AA_ILI: raises $3 to $6
popeluha: calls $3
*** FLOP *** [6h 5s 8s]
popeluha: checks
AA_ILI: checks
*** TURN *** [6h 5s 8s] [Ks]
popeluha: checks
AA_ILI: bets $6
popeluha: folds
Uncalled bet ($6) returned to AA_ILI
AA_ILI collected $11.76 from pot
*** SUMMARY ***
Total pot $12 | Rake $0.24
Board [6h 5s 8s Ks]
Seat 4: popeluha (big blind) folded on the Turn
Seat 6: AA_ILI (button) (small blind) collected ($11.76)


PokerStars Hand #159041429919:  Hold'em Limit ($3/$6 USD) - 2016/09/24 15:58:07 ET
Table 'Patry' 6-max Seat #4 is the button
Seat 4: popeluha ($35.64 in chips)
Seat 6: AA_ILI ($110.77 in chips)
popeluha: posts small blind $1
AA_ILI: posts big blind $3
*** HOLE CARDS ***
popeluha: folds
Uncalled bet ($2) returned to AA_ILI
AA_ILI collected $2 from pot
*** SUMMARY ***
Total pot $2 | Rake $0
Seat 4: popeluha (button) (small blind) folded before Flop
Seat 6: AA_ILI (big blind) collected ($2)


PokerStars Hand #159041427007:  Hold'em Limit ($3/$6 USD) - 2016/09/24 15:58:02 ET
Table 'Patry' 6-max Seat #6 is the button
Seat 4: popeluha ($34.64 in chips)
Seat 6: AA_ILI ($111.77 in chips)
AA_ILI: posts small blind $1
popeluha: posts big blind $3
*** HOLE CARDS ***
AA_ILI: folds
Uncalled bet ($2) returned to popeluha
popeluha collected $2 from pot
*** SUMMARY ***
Total pot $2 | Rake $0
Seat 4: popeluha (big blind) collected ($2)
Seat 6: AA_ILI (button) (small blind) folded before Flop


PokerStars Hand #159041419122:  Hold'em Limit ($3/$6 USD) - 2016/09/24 15:57:49 ET
Table 'Patry' 6-max Seat #4 is the button
Seat 4: popeluha ($37.64 in chips)
Seat 6: AA_ILI ($108.89 in chips)
popeluha: posts small blind $1
AA_ILI: posts big blind $3
*** HOLE CARDS ***
popeluha: calls $2
AA_ILI: checks
*** FLOP *** [3h 3c 3d]
AA_ILI: checks
popeluha: checks
*** TURN *** [3h 3c 3d] [Tc]
AA_ILI: bets $6
popeluha: folds
Uncalled bet ($6) returned to AA_ILI
AA_ILI collected $5.88 from pot
*** SUMMARY ***
Total pot $6 | Rake $0.12
Board [3h 3c 3d Tc]
Seat 4: popeluha (button) (small blind) folded on the Turn
Seat 6: AA_ILI (big blind) collected ($5.88)


PokerStars Hand #159041407389:  Hold'em Limit ($3/$6 USD) - 2016/09/24 15:57:29 ET
Table 'Patry' 6-max Seat #6 is the button
Seat 4: popeluha ($29 in chips)
Seat 6: AA_ILI ($117.89 in chips)
AA_ILI: posts small blind $1
popeluha: posts big blind $3
*** HOLE CARDS ***
AA_ILI: raises $3 to $6
popeluha: calls $3
*** FLOP *** [Qc 9s 4c]
popeluha: checks
AA_ILI: bets $3
popeluha: calls $3
*** TURN *** [Qc 9s 4c] [6s]
popeluha: checks
AA_ILI: checks
*** RIVER *** [Qc 9s 4c 6s] [Td]
popeluha: bets $6
AA_ILI: folds
Uncalled bet ($6) returned to popeluha
popeluha collected $17.64 from pot
popeluha: doesn't show hand
*** SUMMARY ***
Total pot $18 | Rake $0.36
Board [Qc 9s 4c 6s Td]
Seat 4: popeluha (big blind) collected ($17.64)
Seat 6: AA_ILI (button) (small blind) folded on the River


PokerStars Hand #159041449262:  Hold'em Limit ($3/$6 USD) - 2016/09/24 15:58:40 ET
Table 'Patry' 6-max Seat #6 is the button
Seat 4: popeluha ($19.64 in chips)
Seat 6: AA_ILI ($126.17 in chips)
AA_ILI: posts small blind $1
popeluha: posts big blind $3
*** HOLE CARDS ***
AA_ILI: raises $3 to $6
popeluha: calls $3
*** FLOP *** [5c 9d 4s]
popeluha: checks
AA_ILI: bets $3
popeluha: calls $3
*** TURN *** [5c 9d 4s] [Jc]
popeluha: checks
AA_ILI: bets $6
popeluha: raises $4.64 to $10.64 and is all-in
AA_ILI: calls $4.64
*** RIVER *** [5c 9d 4s Jc] [Tc]
*** SHOW DOWN ***
popeluha: shows [2s 2c] (a pair of Deuces)
AA_ILI: shows [5d Kd] (a pair of Fives)
AA_ILI collected $38.78 from pot
*** SUMMARY ***
Total pot $39.28 | Rake $0.50
Board [5c 9d 4s Jc Tc]
Seat 4: popeluha (big blind) showed [2s 2c] and lost with a pair of Deuces
Seat 6: AA_ILI (button) (small blind) showed [5d Kd] and won ($38.78) with a pair of Fives


