PokerStars Hand #147901608731:  Hold'em Limit ($3/$6 USD) - 2016/01/29 17:48:49 ET
Table 'Patricia' 2-max Seat #2 is the button
Seat 1: TinaTurner72 ($77.28 in chips)
Seat 2: manostsao ($83.64 in chips)
manostsao: posts small blind $1
TinaTurner72: posts big blind $3
*** HOLE CARDS ***
manostsao: calls $2
TinaTurner72: checks
*** FLOP *** [9h 5c 6s]
TinaTurner72: bets $3
manostsao: calls $3
*** TURN *** [9h 5c 6s] [3h]
TinaTurner72: bets $6
manostsao: calls $6
*** RIVER *** [9h 5c 6s 3h] [Kc]
TinaTurner72: bets $6
manostsao: calls $6
*** SHOW DOWN ***
TinaTurner72: shows [2s 7h] (high card King)
manostsao: shows [6d Qc] (a pair of Sixes)
manostsao collected $35.50 from pot
*** SUMMARY ***
Total pot $36 | Rake $0.50
Board [9h 5c 6s 3h Kc]
Seat 1: TinaTurner72 (big blind) showed [2s 7h] and lost with high card King
Seat 2: manostsao (button) (small blind) showed [6d Qc] and won ($35.50) with a pair of Sixes


PokerStars Hand #147901601034:  Hold'em Limit ($3/$6 USD) - 2016/01/29 17:48:41 ET
Table 'Patricia' 2-max Seat #1 is the button
Seat 1: TinaTurner72 ($71.52 in chips)
Seat 2: manostsao ($89.64 in chips)
TinaTurner72: posts small blind $1
manostsao: posts big blind $3
*** HOLE CARDS ***
TinaTurner72: raises $3 to $6
manostsao: calls $3
*** FLOP *** [Qh 9c 8s]
manostsao: checks
TinaTurner72: bets $3
manostsao: folds
Uncalled bet ($3) returned to TinaTurner72
TinaTurner72 collected $11.76 from pot
TinaTurner72: doesn't show hand
*** SUMMARY ***
Total pot $12 | Rake $0.24
Board [Qh 9c 8s]
Seat 1: TinaTurner72 (button) (small blind) collected ($11.76)
Seat 2: manostsao (big blind) folded on the Flop


PokerStars Hand #147901580349:  Hold'em Limit ($3/$6 USD) - 2016/01/29 17:48:19 ET
Table 'Patricia' 2-max Seat #2 is the button
Seat 1: TinaTurner72 ($80.52 in chips)
Seat 2: manostsao ($81 in chips)
manostsao: posts small blind $1
TinaTurner72: posts big blind $3
*** HOLE CARDS ***
manostsao: calls $2
TinaTurner72: raises $3 to $6
manostsao: calls $3
*** FLOP *** [5c Qc 2d]
TinaTurner72: bets $3
manostsao: calls $3
*** TURN *** [5c Qc 2d] [Jc]
TinaTurner72: checks
manostsao: checks
*** RIVER *** [5c Qc 2d Jc] [Qs]
TinaTurner72: checks
manostsao: bets $6
TinaTurner72: folds
Uncalled bet ($6) returned to manostsao
manostsao collected $17.64 from pot
manostsao: doesn't show hand
*** SUMMARY ***
Total pot $18 | Rake $0.36
Board [5c Qc 2d Jc Qs]
Seat 1: TinaTurner72 (big blind) folded on the River
Seat 2: manostsao (button) (small blind) collected ($17.64)


PokerStars Hand #147901659875:  Hold'em Limit ($3/$6 USD) - 2016/01/29 17:49:44 ET
Table 'Patricia' 2-max Seat #2 is the button
Seat 1: TinaTurner72 ($67.92 in chips)
Seat 2: manostsao ($92.14 in chips)
manostsao: posts small blind $1
TinaTurner72: posts big blind $3
*** HOLE CARDS ***
manostsao: calls $2
TinaTurner72: raises $3 to $6
manostsao: calls $3
*** FLOP *** [8d Th 4s]
TinaTurner72: bets $3
manostsao: calls $3
*** TURN *** [8d Th 4s] [6h]
TinaTurner72: bets $6
manostsao: calls $6
*** RIVER *** [8d Th 4s 6h] [Qs]
TinaTurner72: bets $6
manostsao: calls $6
*** SHOW DOWN ***
TinaTurner72: shows [Qh Ac] (a pair of Queens)
manostsao: mucks hand
TinaTurner72 collected $41.50 from pot
*** SUMMARY ***
Total pot $42 | Rake $0.50
Board [8d Th 4s 6h Qs]
Seat 1: TinaTurner72 (big blind) showed [Qh Ac] and won ($41.50) with a pair of Queens
Seat 2: manostsao (button) (small blind) mucked


PokerStars Hand #147901627352:  Hold'em Limit ($3/$6 USD) - 2016/01/29 17:49:09 ET
Table 'Patricia' 2-max Seat #1 is the button
Seat 1: TinaTurner72 ($59.28 in chips)
Seat 2: manostsao ($101.14 in chips)
TinaTurner72: posts small blind $1
manostsao: posts big blind $3
*** HOLE CARDS ***
TinaTurner72: raises $3 to $6
manostsao: calls $3
*** FLOP *** [Ad Ts 7c]
manostsao: checks
TinaTurner72: bets $3
manostsao: calls $3
*** TURN *** [Ad Ts 7c] [8c]
manostsao: checks
TinaTurner72: checks
*** RIVER *** [Ad Ts 7c 8c] [Ac]
manostsao: checks
TinaTurner72: checks
*** SHOW DOWN ***
manostsao: shows [Qs 4s] (a pair of Aces)
TinaTurner72: shows [Jh Kc] (a pair of Aces - King kicker)
TinaTurner72 collected $17.64 from pot
*** SUMMARY ***
Total pot $18 | Rake $0.36
Board [Ad Ts 7c 8c Ac]
Seat 1: TinaTurner72 (button) (small blind) showed [Jh Kc] and won ($17.64) with a pair of Aces
Seat 2: manostsao (big blind) showed [Qs 4s] and lost with a pair of Aces


PokerStars Hand #147901716533:  Hold'em Limit ($3/$6 USD) - 2016/01/29 17:50:44 ET
Table 'Patricia' 2-max Seat #2 is the button
Seat 1: TinaTurner72 ($103.82 in chips)
Seat 2: manostsao ($55.14 in chips)
manostsao: posts small blind $1
TinaTurner72: posts big blind $3
*** HOLE CARDS ***
manostsao: calls $2
TinaTurner72: checks
*** FLOP *** [3d 8h As]
TinaTurner72: bets $3
manostsao: calls $3
*** TURN *** [3d 8h As] [Kc]
TinaTurner72: checks
manostsao: bets $6
TinaTurner72: calls $6
*** RIVER *** [3d 8h As Kc] [Th]
TinaTurner72: checks
manostsao: bets $6
TinaTurner72: calls $6
*** SHOW DOWN ***
manostsao: shows [Ah 4d] (a pair of Aces)
TinaTurner72: mucks hand
manostsao collected $35.50 from pot
*** SUMMARY ***
Total pot $36 | Rake $0.50
Board [3d 8h As Kc Th]
Seat 1: TinaTurner72 (big blind) mucked
Seat 2: manostsao (button) (small blind) showed [Ah 4d] and won ($35.50) with a pair of Aces


PokerStars Hand #147901708433:  Hold'em Limit ($3/$6 USD) - 2016/01/29 17:50:35 ET
Table 'Patricia' 2-max Seat #1 is the button
Seat 1: TinaTurner72 ($98.06 in chips)
Seat 2: manostsao ($61.14 in chips)
TinaTurner72: posts small blind $1
manostsao: posts big blind $3
*** HOLE CARDS ***
TinaTurner72: raises $3 to $6
manostsao: calls $3
*** FLOP *** [8h Ks 8s]
manostsao: checks
TinaTurner72: bets $3
manostsao: folds
Uncalled bet ($3) returned to TinaTurner72
TinaTurner72 collected $11.76 from pot
TinaTurner72: doesn't show hand
*** SUMMARY ***
Total pot $12 | Rake $0.24
Board [8h Ks 8s]
Seat 1: TinaTurner72 (button) (small blind) collected ($11.76)
Seat 2: manostsao (big blind) folded on the Flop


PokerStars Hand #147901704097:  Hold'em Limit ($3/$6 USD) - 2016/01/29 17:50:31 ET
Table 'Patricia' 2-max Seat #2 is the button
Seat 1: TinaTurner72 ($97.06 in chips)
Seat 2: manostsao ($62.14 in chips)
manostsao: posts small blind $1
TinaTurner72: posts big blind $3
*** HOLE CARDS ***
manostsao: folds
Uncalled bet ($2) returned to TinaTurner72
TinaTurner72 collected $2 from pot
TinaTurner72: doesn't show hand
*** SUMMARY ***
Total pot $2 | Rake $0
Seat 1: TinaTurner72 (big blind) collected ($2)
Seat 2: manostsao (button) (small blind) folded before Flop


PokerStars Hand #147901679073:  Hold'em Limit ($3/$6 USD) - 2016/01/29 17:50:04 ET
Table 'Patricia' 2-max Seat #1 is the button
Seat 1: TinaTurner72 ($88.42 in chips)
Seat 2: manostsao ($71.14 in chips)
TinaTurner72: posts small blind $1
manostsao: posts big blind $3
*** HOLE CARDS ***
TinaTurner72: raises $3 to $6
manostsao: calls $3
*** FLOP *** [Js 7h 8s]
manostsao: checks
TinaTurner72: bets $3
manostsao: calls $3
*** TURN *** [Js 7h 8s] [Ks]
manostsao: checks
TinaTurner72: bets $6
manostsao: folds
Uncalled bet ($6) returned to TinaTurner72
TinaTurner72 collected $17.64 from pot
TinaTurner72: doesn't show hand
*** SUMMARY ***
Total pot $18 | Rake $0.36
Board [Js 7h 8s Ks]
Seat 1: TinaTurner72 (button) (small blind) collected ($17.64)
Seat 2: manostsao (big blind) folded on the Turn


PokerStars Hand #147901756879:  Hold'em Limit ($3/$6 USD) - 2016/01/29 17:51:27 ET
Table 'Patricia' 2-max Seat #2 is the button
Seat 1: TinaTurner72 ($100.32 in chips)
Seat 2: manostsao ($57.64 in chips)
manostsao: posts small blind $1
TinaTurner72: posts big blind $3
*** HOLE CARDS ***
manostsao: calls $2
TinaTurner72: raises $3 to $6
manostsao: calls $3
*** FLOP *** [3h 5s Th]
TinaTurner72: bets $3
manostsao: folds
Uncalled bet ($3) returned to TinaTurner72
TinaTurner72 collected $11.76 from pot
TinaTurner72: doesn't show hand
*** SUMMARY ***
Total pot $12 | Rake $0.24
Board [3h 5s Th]
Seat 1: TinaTurner72 (big blind) collected ($11.76)
Seat 2: manostsao (button) (small blind) folded on the Flop


PokerStars Hand #147901739884:  Hold'em Limit ($3/$6 USD) - 2016/01/29 17:51:09 ET
Table 'Patricia' 2-max Seat #1 is the button
Seat 1: TinaTurner72 ($85.82 in chips)
Seat 2: manostsao ($72.64 in chips)
TinaTurner72: posts small blind $1
manostsao: posts big blind $3
*** HOLE CARDS ***
TinaTurner72: raises $3 to $6
manostsao: calls $3
*** FLOP *** [3s 4s 3d]
manostsao: checks
TinaTurner72: bets $3
manostsao: calls $3
*** TURN *** [3s 4s 3d] [5d]
manostsao: checks
TinaTurner72: checks
*** RIVER *** [3s 4s 3d 5d] [Kh]
manostsao: bets $6
TinaTurner72: raises $6 to $12
manostsao: folds
Uncalled bet ($6) returned to TinaTurner72
TinaTurner72 collected $29.50 from pot
TinaTurner72: doesn't show hand
*** SUMMARY ***
Total pot $30 | Rake $0.50
Board [3s 4s 3d 5d Kh]
Seat 1: TinaTurner72 (button) (small blind) collected ($29.50)
Seat 2: manostsao (big blind) folded on the River


PokerStars Hand #147901828427:  Hold'em Limit ($3/$6 USD) - 2016/01/29 17:52:43 ET
Table 'Patricia' 2-max Seat #1 is the button
Seat 1: TinaTurner72 ($79.08 in chips)
Seat 2: manostsao ($77.90 in chips)
TinaTurner72: posts small blind $1
manostsao: posts big blind $3
*** HOLE CARDS ***
TinaTurner72: raises $3 to $6
manostsao: calls $3
*** FLOP *** [Ts Kh 8d]
manostsao: checks
TinaTurner72: bets $3
manostsao: calls $3
*** TURN *** [Ts Kh 8d] [Jd]
manostsao: checks
TinaTurner72: bets $6
manostsao: calls $6
*** RIVER *** [Ts Kh 8d Jd] [Tc]
manostsao: checks
TinaTurner72: checks
*** SHOW DOWN ***
manostsao: shows [3h Qh] (a pair of Tens)
TinaTurner72: shows [8s 5c] (two pair, Tens and Eights)
TinaTurner72 collected $29.50 from pot
*** SUMMARY ***
Total pot $30 | Rake $0.50
Board [Ts Kh 8d Jd Tc]
Seat 1: TinaTurner72 (button) (small blind) showed [8s 5c] and won ($29.50) with two pair, Tens and Eights
Seat 2: manostsao (big blind) showed [3h Qh] and lost with a pair of Tens


PokerStars Hand #147901813601:  Hold'em Limit ($3/$6 USD) - 2016/01/29 17:52:27 ET
Table 'Patricia' 2-max Seat #2 is the button
Seat 1: TinaTurner72 ($85.08 in chips)
Seat 2: manostsao ($72.14 in chips)
manostsao: posts small blind $1
TinaTurner72: posts big blind $3
*** HOLE CARDS ***
manostsao: raises $3 to $6
TinaTurner72: calls $3
*** FLOP *** [Js Tc 7d]
TinaTurner72: checks
manostsao: bets $3
TinaTurner72: folds
Uncalled bet ($3) returned to manostsao
manostsao collected $11.76 from pot
manostsao: doesn't show hand
*** SUMMARY ***
Total pot $12 | Rake $0.24
Board [Js Tc 7d]
Seat 1: TinaTurner72 (big blind) folded on the Flop
Seat 2: manostsao (button) (small blind) collected ($11.76)


PokerStars Hand #147901775822:  Hold'em Limit ($3/$6 USD) - 2016/01/29 17:51:47 ET
Table 'Patricia' 2-max Seat #1 is the button
Seat 1: TinaTurner72 ($106.08 in chips)
Seat 2: manostsao ($51.64 in chips)
TinaTurner72: posts small blind $1
manostsao: posts big blind $3
*** HOLE CARDS ***
TinaTurner72: raises $3 to $6
manostsao: calls $3
*** FLOP *** [2c 3h Kh]
manostsao: checks
TinaTurner72: bets $3
manostsao: calls $3
*** TURN *** [2c 3h Kh] [4c]
manostsao: checks
TinaTurner72: bets $6
manostsao: calls $6
*** RIVER *** [2c 3h Kh 4c] [7c]
manostsao: checks
TinaTurner72: bets $6
manostsao: calls $6
*** SHOW DOWN ***
TinaTurner72: shows [5h 5c] (a pair of Fives)
manostsao: shows [Kc Qh] (a pair of Kings)
manostsao collected $41.50 from pot
*** SUMMARY ***
Total pot $42 | Rake $0.50
Board [2c 3h Kh 4c 7c]
Seat 1: TinaTurner72 (button) (small blind) showed [5h 5c] and lost with a pair of Fives
Seat 2: manostsao (big blind) showed [Kc Qh] and won ($41.50) with a pair of Kings


PokerStars Hand #147901897239:  Hold'em Limit ($3/$6 USD) - 2016/01/29 17:53:56 ET
Table 'Patricia' 2-max Seat #1 is the button
Seat 1: TinaTurner72 ($122.60 in chips)
Seat 2: manostsao ($32.90 in chips)
TinaTurner72: posts small blind $1
manostsao: posts big blind $3
*** HOLE CARDS ***
TinaTurner72: raises $3 to $6
manostsao: calls $3
*** FLOP *** [5c Jc Qh]
manostsao: checks
TinaTurner72: bets $3
manostsao: calls $3
*** TURN *** [5c Jc Qh] [As]
manostsao: checks
TinaTurner72: bets $6
manostsao: calls $6
*** RIVER *** [5c Jc Qh As] [7s]
manostsao: checks
TinaTurner72: bets $6
manostsao: calls $6
*** SHOW DOWN ***
TinaTurner72: shows [Ah 9d] (a pair of Aces)
manostsao: mucks hand
TinaTurner72 collected $41.50 from pot
*** SUMMARY ***
Total pot $42 | Rake $0.50
Board [5c Jc Qh As 7s]
Seat 1: TinaTurner72 (button) (small blind) showed [Ah 9d] and won ($41.50) with a pair of Aces
Seat 2: manostsao (big blind) mucked


PokerStars Hand #147901888255:  Hold'em Limit ($3/$6 USD) - 2016/01/29 17:53:46 ET
Table 'Patricia' 2-max Seat #2 is the button
Seat 1: TinaTurner72 ($119.72 in chips)
Seat 2: manostsao ($35.90 in chips)
manostsao: posts small blind $1
TinaTurner72: posts big blind $3
*** HOLE CARDS ***
manostsao: calls $2
TinaTurner72: checks
*** FLOP *** [9c 8s 3c]
TinaTurner72: bets $3
manostsao: folds
Uncalled bet ($3) returned to TinaTurner72
TinaTurner72 collected $5.88 from pot
TinaTurner72: doesn't show hand
*** SUMMARY ***
Total pot $6 | Rake $0.12
Board [9c 8s 3c]
Seat 1: TinaTurner72 (big blind) collected ($5.88)
Seat 2: manostsao (button) (small blind) folded on the Flop


PokerStars Hand #147901874832:  Hold'em Limit ($3/$6 USD) - 2016/01/29 17:53:32 ET
Table 'Patricia' 2-max Seat #1 is the button
Seat 1: TinaTurner72 ($111.08 in chips)
Seat 2: manostsao ($44.90 in chips)
TinaTurner72: posts small blind $1
manostsao: posts big blind $3
*** HOLE CARDS ***
TinaTurner72: raises $3 to $6
manostsao: calls $3
*** FLOP *** [7c Ad Ks]
manostsao: checks
TinaTurner72: bets $3
manostsao: calls $3
*** TURN *** [7c Ad Ks] [Ac]
manostsao: checks
TinaTurner72: bets $6
manostsao: folds
Uncalled bet ($6) returned to TinaTurner72
TinaTurner72 collected $17.64 from pot
TinaTurner72: doesn't show hand
*** SUMMARY ***
Total pot $18 | Rake $0.36
Board [7c Ad Ks Ac]
Seat 1: TinaTurner72 (button) (small blind) collected ($17.64)
Seat 2: manostsao (big blind) folded on the Turn


PokerStars Hand #147901853831:  Hold'em Limit ($3/$6 USD) - 2016/01/29 17:53:10 ET
Table 'Patricia' 2-max Seat #2 is the button
Seat 1: TinaTurner72 ($93.58 in chips)
Seat 2: manostsao ($62.90 in chips)
manostsao: posts small blind $1
TinaTurner72: posts big blind $3
*** HOLE CARDS ***
manostsao: raises $3 to $6
TinaTurner72: calls $3
*** FLOP *** [Jh 3h 4d]
TinaTurner72: checks
manostsao: bets $3
TinaTurner72: raises $3 to $6
manostsao: calls $3
*** TURN *** [Jh 3h 4d] [2d]
TinaTurner72: bets $6
manostsao: calls $6
*** RIVER *** [Jh 3h 4d 2d] [8s]
TinaTurner72: bets $6
manostsao: folds
Uncalled bet ($6) returned to TinaTurner72
TinaTurner72 collected $35.50 from pot
TinaTurner72: doesn't show hand
*** SUMMARY ***
Total pot $36 | Rake $0.50
Board [Jh 3h 4d 2d 8s]
Seat 1: TinaTurner72 (big blind) collected ($35.50)
Seat 2: manostsao (button) (small blind) folded on the River


PokerStars Hand #147901958236:  Hold'em Limit ($3/$6 USD) - 2016/01/29 17:55:01 ET
Table 'Patricia' 2-max Seat #2 is the button
Seat 1: TinaTurner72 ($144.62 in chips)
Seat 2: manostsao ($68.94 in chips)
manostsao: posts small blind $1
TinaTurner72: posts big blind $3
*** HOLE CARDS ***
manostsao: calls $2
TinaTurner72: raises $3 to $6
manostsao: calls $3
*** FLOP *** [Qs 8s 2c]
TinaTurner72: bets $3
manostsao: calls $3
*** TURN *** [Qs 8s 2c] [4h]
TinaTurner72: bets $6
manostsao: folds
Uncalled bet ($6) returned to TinaTurner72
TinaTurner72 collected $17.64 from pot
TinaTurner72: doesn't show hand
*** SUMMARY ***
Total pot $18 | Rake $0.36
Board [Qs 8s 2c 4h]
Seat 1: TinaTurner72 (big blind) collected ($17.64)
Seat 2: manostsao (button) (small blind) folded on the Turn


PokerStars Hand #147901952841:  Hold'em Limit ($3/$6 USD) - 2016/01/29 17:54:55 ET
Table 'Patricia' 2-max Seat #1 is the button
Seat 1: TinaTurner72 ($145.62 in chips)
Seat 2: manostsao ($67.94 in chips)
TinaTurner72: posts small blind $1
manostsao: posts big blind $3
*** HOLE CARDS ***
TinaTurner72: folds
Uncalled bet ($2) returned to manostsao
manostsao collected $2 from pot
manostsao: doesn't show hand
*** SUMMARY ***
Total pot $2 | Rake $0
Seat 1: TinaTurner72 (button) (small blind) folded before Flop
Seat 2: manostsao (big blind) collected ($2)


PokerStars Hand #147901944606:  Hold'em Limit ($3/$6 USD) - 2016/01/29 17:54:46 ET
Table 'Patricia' 2-max Seat #2 is the button
Seat 1: TinaTurner72 ($139.86 in chips)
Seat 2: manostsao ($73.94 in chips)
manostsao: posts small blind $1
TinaTurner72: posts big blind $3
*** HOLE CARDS ***
manostsao: calls $2
TinaTurner72: raises $3 to $6
manostsao: calls $3
*** FLOP *** [Ts 3d Ac]
TinaTurner72: bets $3
manostsao: folds
Uncalled bet ($3) returned to TinaTurner72
TinaTurner72 collected $11.76 from pot
TinaTurner72: doesn't show hand
*** SUMMARY ***
Total pot $12 | Rake $0.24
Board [Ts 3d Ac]
Seat 1: TinaTurner72 (big blind) collected ($11.76)
Seat 2: manostsao (button) (small blind) folded on the Flop


PokerStars Hand #147901930879:  Hold'em Limit ($3/$6 USD) - 2016/01/29 17:54:32 ET
Table 'Patricia' 2-max Seat #1 is the button
Seat 1: TinaTurner72 ($148.86 in chips)
Seat 2: manostsao ($65.30 in chips)
TinaTurner72: posts small blind $1
manostsao: posts big blind $3
*** HOLE CARDS ***
TinaTurner72: raises $3 to $6
manostsao: calls $3
*** FLOP *** [8c 6s Ts]
manostsao: checks
TinaTurner72: bets $3
manostsao: calls $3
*** TURN *** [8c 6s Ts] [5d]
manostsao: checks
TinaTurner72: checks
*** RIVER *** [8c 6s Ts 5d] [Ks]
manostsao: bets $6
TinaTurner72: folds
Uncalled bet ($6) returned to manostsao
manostsao collected $17.64 from pot
manostsao: doesn't show hand
*** SUMMARY ***
Total pot $18 | Rake $0.36
Board [8c 6s Ts 5d Ks]
Seat 1: TinaTurner72 (button) (small blind) folded on the River
Seat 2: manostsao (big blind) collected ($17.64)


PokerStars Hand #147901916262:  Hold'em Limit ($3/$6 USD) - 2016/01/29 17:54:16 ET
Table 'Patricia' 2-max Seat #2 is the button
Seat 1: TinaTurner72 ($143.10 in chips)
Seat 2: manostsao ($11.90 in chips)
manostsao: posts small blind $1
TinaTurner72: posts big blind $3
*** HOLE CARDS ***
manostsao: calls $2
TinaTurner72: raises $3 to $6
manostsao: calls $3
*** FLOP *** [8d 3h 7d]
TinaTurner72: bets $3
manostsao: folds
Uncalled bet ($3) returned to TinaTurner72
TinaTurner72 collected $11.76 from pot
TinaTurner72: doesn't show hand
*** SUMMARY ***
Total pot $12 | Rake $0.24
Board [8d 3h 7d]
Seat 1: TinaTurner72 (big blind) collected ($11.76)
Seat 2: manostsao (button) (small blind) folded on the Flop


PokerStars Hand #147902006629:  Hold'em Limit ($3/$6 USD) - 2016/01/29 17:56:02 ET
Table 'Patricia' 2-max Seat #1 is the button
Seat 1: TinaTurner72 ($145.26 in chips)
Seat 2: manostsao ($67.46 in chips)
TinaTurner72: posts small blind $1
manostsao: posts big blind $3
*** HOLE CARDS ***
TinaTurner72: raises $3 to $6
manostsao: calls $3
*** FLOP *** [6s Jh Qc]
manostsao: checks
TinaTurner72: bets $3
manostsao: calls $3
*** TURN *** [6s Jh Qc] [3h]
manostsao: checks
TinaTurner72: bets $6
manostsao: calls $6
*** RIVER *** [6s Jh Qc 3h] [3d]
manostsao: checks
TinaTurner72: bets $6
manostsao: calls $6
*** SHOW DOWN ***
TinaTurner72: shows [3c As] (three of a kind, Threes)
manostsao: mucks hand
TinaTurner72 collected $41.50 from pot
*** SUMMARY ***
Total pot $42 | Rake $0.50
Board [6s Jh Qc 3h 3d]
Seat 1: TinaTurner72 (button) (small blind) showed [3c As] and won ($41.50) with three of a kind, Threes
Seat 2: manostsao (big blind) mucked


PokerStars Hand #147901999004:  Hold'em Limit ($3/$6 USD) - 2016/01/29 17:55:52 ET
Table 'Patricia' 2-max Seat #2 is the button
Seat 1: TinaTurner72 ($148.26 in chips)
Seat 2: manostsao ($64.58 in chips)
manostsao: posts small blind $1
TinaTurner72: posts big blind $3
*** HOLE CARDS ***
manostsao: calls $2
TinaTurner72: checks
*** FLOP *** [Js 5c Qs]
TinaTurner72: checks
manostsao: bets $3
TinaTurner72: folds
Uncalled bet ($3) returned to manostsao
manostsao collected $5.88 from pot
manostsao: doesn't show hand
*** SUMMARY ***
Total pot $6 | Rake $0.12
Board [Js 5c Qs]
Seat 1: TinaTurner72 (big blind) folded on the Flop
Seat 2: manostsao (button) (small blind) collected ($5.88)


PokerStars Hand #147901991692:  Hold'em Limit ($3/$6 USD) - 2016/01/29 17:55:42 ET
Table 'Patricia' 2-max Seat #1 is the button
Seat 1: TinaTurner72 ($145.26 in chips)
Seat 2: manostsao ($67.58 in chips)
TinaTurner72: posts small blind $1
manostsao: posts big blind $3
*** HOLE CARDS ***
TinaTurner72: raises $3 to $6
manostsao: folds
Uncalled bet ($3) returned to TinaTurner72
TinaTurner72 collected $6 from pot
TinaTurner72: doesn't show hand
*** SUMMARY ***
Total pot $6 | Rake $0
Seat 1: TinaTurner72 (button) (small blind) collected ($6)
Seat 2: manostsao (big blind) folded before Flop


PokerStars Hand #147901988117:  Hold'em Limit ($3/$6 USD) - 2016/01/29 17:55:37 ET
Table 'Patricia' 2-max Seat #2 is the button
Seat 1: TinaTurner72 ($144.26 in chips)
Seat 2: manostsao ($68.58 in chips)
manostsao: posts small blind $1
TinaTurner72: posts big blind $3
*** HOLE CARDS ***
manostsao: folds
Uncalled bet ($2) returned to TinaTurner72
TinaTurner72 collected $2 from pot
TinaTurner72: doesn't show hand
*** SUMMARY ***
Total pot $2 | Rake $0
Seat 1: TinaTurner72 (big blind) collected ($2)
Seat 2: manostsao (button) (small blind) folded before Flop


PokerStars Hand #147901970907:  Hold'em Limit ($3/$6 USD) - 2016/01/29 17:55:15 ET
Table 'Patricia' 2-max Seat #1 is the button
Seat 1: TinaTurner72 ($153.26 in chips)
Seat 2: manostsao ($59.94 in chips)
TinaTurner72: posts small blind $1
manostsao: posts big blind $3
*** HOLE CARDS ***
TinaTurner72: raises $3 to $6
manostsao: calls $3
*** FLOP *** [Kc 4s 6h]
manostsao: checks
TinaTurner72: bets $3
manostsao: calls $3
*** TURN *** [Kc 4s 6h] [3s]
manostsao: checks
TinaTurner72: checks
*** RIVER *** [Kc 4s 6h 3s] [2d]
manostsao: bets $6
TinaTurner72: folds
Uncalled bet ($6) returned to manostsao
manostsao collected $17.64 from pot
manostsao: doesn't show hand
*** SUMMARY ***
Total pot $18 | Rake $0.36
Board [Kc 4s 6h 3s 2d]
Seat 1: TinaTurner72 (button) (small blind) folded on the River
Seat 2: manostsao (big blind) collected ($17.64)


PokerStars Hand #147902056137:  Hold'em Limit ($3/$6 USD) - 2016/01/29 17:57:07 ET
Table 'Patricia' 2-max Seat #2 is the button
Seat 1: TinaTurner72 ($167.26 in chips)
Seat 2: manostsao ($43.98 in chips)
manostsao: posts small blind $1
TinaTurner72: posts big blind $3
*** HOLE CARDS ***
manostsao: calls $2
TinaTurner72: raises $3 to $6
manostsao: calls $3
*** FLOP *** [Kd 7d 7c]
TinaTurner72: bets $3
manostsao: calls $3
*** TURN *** [Kd 7d 7c] [Ah]
TinaTurner72: bets $6
manostsao: calls $6
*** RIVER *** [Kd 7d 7c Ah] [8h]
TinaTurner72: checks
manostsao: bets $6
TinaTurner72: calls $6
*** SHOW DOWN ***
manostsao: shows [As 9h] (two pair, Aces and Sevens)
TinaTurner72: mucks hand
manostsao collected $41.50 from pot
*** SUMMARY ***
Total pot $42 | Rake $0.50
Board [Kd 7d 7c Ah 8h]
Seat 1: TinaTurner72 (big blind) mucked
Seat 2: manostsao (button) (small blind) showed [As 9h] and won ($41.50) with two pair, Aces and Sevens


PokerStars Hand #147902052701:  Hold'em Limit ($3/$6 USD) - 2016/01/29 17:57:03 ET
Table 'Patricia' 2-max Seat #1 is the button
Seat 1: TinaTurner72 ($168.26 in chips)
Seat 2: manostsao ($42.98 in chips)
TinaTurner72: posts small blind $1
manostsao: posts big blind $3
*** HOLE CARDS ***
TinaTurner72: folds
Uncalled bet ($2) returned to manostsao
manostsao collected $2 from pot
manostsao: doesn't show hand
*** SUMMARY ***
Total pot $2 | Rake $0
Seat 1: TinaTurner72 (button) (small blind) folded before Flop
Seat 2: manostsao (big blind) collected ($2)


PokerStars Hand #147902041559:  Hold'em Limit ($3/$6 USD) - 2016/01/29 17:56:48 ET
Table 'Patricia' 2-max Seat #2 is the button
Seat 1: TinaTurner72 ($177.26 in chips)
Seat 2: manostsao ($34.34 in chips)
manostsao: posts small blind $1
TinaTurner72: posts big blind $3
*** HOLE CARDS ***
manostsao: calls $2
TinaTurner72: checks
*** FLOP *** [Jd 3s 4c]
TinaTurner72: checks
manostsao: checks
*** TURN *** [Jd 3s 4c] [3c]
TinaTurner72: checks
manostsao: bets $6
TinaTurner72: calls $6
*** RIVER *** [Jd 3s 4c 3c] [2d]
TinaTurner72: checks
manostsao: checks
*** SHOW DOWN ***
TinaTurner72: shows [Kc 7d] (a pair of Threes)
manostsao: shows [As 6c] (a pair of Threes - Ace kicker)
manostsao collected $17.64 from pot
*** SUMMARY ***
Total pot $18 | Rake $0.36
Board [Jd 3s 4c 3c 2d]
Seat 1: TinaTurner72 (big blind) showed [Kc 7d] and lost with a pair of Threes
Seat 2: manostsao (button) (small blind) showed [As 6c] and won ($17.64) with a pair of Threes


PokerStars Hand #147902029506:  Hold'em Limit ($3/$6 USD) - 2016/01/29 17:56:32 ET
Table 'Patricia' 2-max Seat #1 is the button
Seat 1: TinaTurner72 ($162.76 in chips)
Seat 2: manostsao ($49.34 in chips)
TinaTurner72: posts small blind $1
manostsao: posts big blind $3
*** HOLE CARDS ***
TinaTurner72: raises $3 to $6
manostsao: calls $3
*** FLOP *** [9s 6h 7s]
manostsao: checks
TinaTurner72: bets $3
manostsao: calls $3
*** TURN *** [9s 6h 7s] [6d]
manostsao: checks
TinaTurner72: bets $6
manostsao: calls $6
*** RIVER *** [9s 6h 7s 6d] [3c]
manostsao: checks
TinaTurner72: checks
*** SHOW DOWN ***
manostsao: shows [Ah 8c] (a pair of Sixes)
TinaTurner72: shows [4c 7c] (two pair, Sevens and Sixes)
TinaTurner72 collected $29.50 from pot
*** SUMMARY ***
Total pot $30 | Rake $0.50
Board [9s 6h 7s 6d 3c]
Seat 1: TinaTurner72 (button) (small blind) showed [4c 7c] and won ($29.50) with two pair, Sevens and Sixes
Seat 2: manostsao (big blind) showed [Ah 8c] and lost with a pair of Sixes


PokerStars Hand #147902019199:  Hold'em Limit ($3/$6 USD) - 2016/01/29 17:56:19 ET
Table 'Patricia' 2-max Seat #2 is the button
Seat 1: TinaTurner72 ($165.76 in chips)
Seat 2: manostsao ($46.46 in chips)
manostsao: posts small blind $1
TinaTurner72: posts big blind $3
*** HOLE CARDS ***
manostsao: calls $2
TinaTurner72: checks
*** FLOP *** [Kc As 7h]
TinaTurner72: checks
manostsao: checks
*** TURN *** [Kc As 7h] [Th]
TinaTurner72: checks
manostsao: checks
*** RIVER *** [Kc As 7h Th] [9d]
TinaTurner72: checks
manostsao: bets $6
TinaTurner72: folds
Uncalled bet ($6) returned to manostsao
manostsao collected $5.88 from pot
manostsao: doesn't show hand
*** SUMMARY ***
Total pot $6 | Rake $0.12
Board [Kc As 7h Th 9d]
Seat 1: TinaTurner72 (big blind) folded on the River
Seat 2: manostsao (button) (small blind) collected ($5.88)


PokerStars Hand #147902115979:  Hold'em Limit ($3/$6 USD) - 2016/01/29 17:58:17 ET
Table 'Patricia' 2-max Seat #1 is the button
Seat 1: TinaTurner72 ($135.76 in chips)
Seat 2: manostsao ($73.62 in chips)
TinaTurner72: posts small blind $1
manostsao: posts big blind $3
*** HOLE CARDS ***
TinaTurner72: raises $3 to $6
manostsao: calls $3
*** FLOP *** [Ad 9h Jh]
manostsao: checks
TinaTurner72: bets $3
manostsao: folds
Uncalled bet ($3) returned to TinaTurner72
TinaTurner72 collected $11.76 from pot
TinaTurner72: doesn't show hand
*** SUMMARY ***
Total pot $12 | Rake $0.24
Board [Ad 9h Jh]
Seat 1: TinaTurner72 (button) (small blind) collected ($11.76)
Seat 2: manostsao (big blind) folded on the Flop


PokerStars Hand #147902095799:  Hold'em Limit ($3/$6 USD) - 2016/01/29 17:58:00 ET
Table 'Patricia' 2-max Seat #2 is the button
Seat 1: TinaTurner72 ($115.26 in chips)
Seat 2: manostsao ($94.62 in chips)
manostsao: posts small blind $1
TinaTurner72: posts big blind $3
*** HOLE CARDS ***
manostsao: calls $2
TinaTurner72: raises $3 to $6
manostsao: calls $3
*** FLOP *** [Jc Td As]
TinaTurner72: bets $3
manostsao: calls $3
*** TURN *** [Jc Td As] [7s]
TinaTurner72: bets $6
manostsao: calls $6
*** RIVER *** [Jc Td As 7s] [Kc]
TinaTurner72: bets $6
manostsao: calls $6
*** SHOW DOWN ***
TinaTurner72: shows [9h Qh] (a straight, Ten to Ace)
manostsao: mucks hand
TinaTurner72 collected $41.50 from pot
*** SUMMARY ***
Total pot $42 | Rake $0.50
Board [Jc Td As 7s Kc]
Seat 1: TinaTurner72 (big blind) showed [9h Qh] and won ($41.50) with a straight, Ten to Ace
Seat 2: manostsao (button) (small blind) mucked


PokerStars Hand #147902084174:  Hold'em Limit ($3/$6 USD) - 2016/01/29 17:57:44 ET
Table 'Patricia' 2-max Seat #1 is the button
Seat 1: TinaTurner72 ($124.26 in chips)
Seat 2: manostsao ($85.98 in chips)
TinaTurner72: posts small blind $1
manostsao: posts big blind $3
*** HOLE CARDS ***
TinaTurner72: raises $3 to $6
manostsao: calls $3
*** FLOP *** [2d Jc Ts]
manostsao: checks
TinaTurner72: bets $3
manostsao: calls $3
*** TURN *** [2d Jc Ts] [4d]
manostsao: checks
TinaTurner72: checks
*** RIVER *** [2d Jc Ts 4d] [Qd]
manostsao: bets $6
TinaTurner72: folds
Uncalled bet ($6) returned to manostsao
manostsao collected $17.64 from pot
manostsao: doesn't show hand
*** SUMMARY ***
Total pot $18 | Rake $0.36
Board [2d Jc Ts 4d Qd]
Seat 1: TinaTurner72 (button) (small blind) folded on the River
Seat 2: manostsao (big blind) collected ($17.64)


PokerStars Hand #147902072041:  Hold'em Limit ($3/$6 USD) - 2016/01/29 17:57:29 ET
Table 'Patricia' 2-max Seat #2 is the button
Seat 1: TinaTurner72 ($145.26 in chips)
Seat 2: manostsao ($65.48 in chips)
manostsao: posts small blind $1
TinaTurner72: posts big blind $3
*** HOLE CARDS ***
manostsao: calls $2
TinaTurner72: raises $3 to $6
manostsao: calls $3
*** FLOP *** [7s Kh 5s]
TinaTurner72: bets $3
manostsao: calls $3
*** TURN *** [7s Kh 5s] [4h]
TinaTurner72: bets $6
manostsao: calls $6
*** RIVER *** [7s Kh 5s 4h] [7h]
TinaTurner72: bets $6
manostsao: calls $6
*** SHOW DOWN ***
TinaTurner72: shows [Ts Th] (two pair, Tens and Sevens)
manostsao: shows [Kd 9d] (two pair, Kings and Sevens)
manostsao collected $41.50 from pot
*** SUMMARY ***
Total pot $42 | Rake $0.50
Board [7s Kh 5s 4h 7h]
Seat 1: TinaTurner72 (big blind) showed [Ts Th] and lost with two pair, Tens and Sevens
Seat 2: manostsao (button) (small blind) showed [Kd 9d] and won ($41.50) with two pair, Kings and Sevens


PokerStars Hand #147902068925:  Hold'em Limit ($3/$6 USD) - 2016/01/29 17:57:24 ET
Table 'Patricia' 2-max Seat #1 is the button
Seat 1: TinaTurner72 ($146.26 in chips)
Seat 2: manostsao ($64.48 in chips)
TinaTurner72: posts small blind $1
manostsao: posts big blind $3
*** HOLE CARDS ***
TinaTurner72: folds
Uncalled bet ($2) returned to manostsao
manostsao collected $2 from pot
manostsao: doesn't show hand
*** SUMMARY ***
Total pot $2 | Rake $0
Seat 1: TinaTurner72 (button) (small blind) folded before Flop
Seat 2: manostsao (big blind) collected ($2)


PokerStars Hand #147902162300:  Hold'em Limit ($3/$6 USD) - 2016/01/29 17:59:13 ET
Table 'Patricia' 2-max Seat #1 is the button
Seat 1: TinaTurner72 ($172.42 in chips)
Seat 2: manostsao ($35.62 in chips)
TinaTurner72: posts small blind $1
manostsao: posts big blind $3
*** HOLE CARDS ***
TinaTurner72: folds
Uncalled bet ($2) returned to manostsao
manostsao collected $2 from pot
manostsao: doesn't show hand
*** SUMMARY ***
Total pot $2 | Rake $0
Seat 1: TinaTurner72 (button) (small blind) folded before Flop
Seat 2: manostsao (big blind) collected ($2)


PokerStars Hand #147902151652:  Hold'em Limit ($3/$6 USD) - 2016/01/29 17:58:59 ET
Table 'Patricia' 2-max Seat #2 is the button
Seat 1: TinaTurner72 ($163.78 in chips)
Seat 2: manostsao ($44.62 in chips)
manostsao: posts small blind $1
TinaTurner72: posts big blind $3
*** HOLE CARDS ***
manostsao: calls $2
TinaTurner72: raises $3 to $6
manostsao: calls $3
*** FLOP *** [3h 5s 4d]
TinaTurner72: bets $3
manostsao: calls $3
*** TURN *** [3h 5s 4d] [3c]
TinaTurner72: bets $6
manostsao: folds
Uncalled bet ($6) returned to TinaTurner72
TinaTurner72 collected $17.64 from pot
TinaTurner72: doesn't show hand
*** SUMMARY ***
Total pot $18 | Rake $0.36
Board [3h 5s 4d 3c]
Seat 1: TinaTurner72 (big blind) collected ($17.64)
Seat 2: manostsao (button) (small blind) folded on the Turn


PokerStars Hand #147902136051:  Hold'em Limit ($3/$6 USD) - 2016/01/29 17:58:40 ET
Table 'Patricia' 2-max Seat #2 is the button
Seat 1: TinaTurner72 ($148.28 in chips)
Seat 2: manostsao ($60.62 in chips)
manostsao: posts small blind $1
TinaTurner72: posts big blind $3
*** HOLE CARDS ***
manostsao: folds
Uncalled bet ($2) returned to TinaTurner72
TinaTurner72 collected $2 from pot
TinaTurner72: doesn't show hand
*** SUMMARY ***
Total pot $2 | Rake $0
Seat 1: TinaTurner72 (big blind) collected ($2)
Seat 2: manostsao (button) (small blind) folded before Flop


PokerStars Hand #147902128892:  Hold'em Limit ($3/$6 USD) - 2016/01/29 17:58:32 ET
Table 'Patricia' 2-max Seat #1 is the button
Seat 1: TinaTurner72 ($142.52 in chips)
Seat 2: manostsao ($66.62 in chips)
TinaTurner72: posts small blind $1
manostsao: posts big blind $3
*** HOLE CARDS ***
TinaTurner72: raises $3 to $6
manostsao: calls $3
*** FLOP *** [9h 2c Jd]
manostsao: checks
TinaTurner72: bets $3
manostsao: folds
Uncalled bet ($3) returned to TinaTurner72
TinaTurner72 collected $11.76 from pot
TinaTurner72: doesn't show hand
*** SUMMARY ***
Total pot $12 | Rake $0.24
Board [9h 2c Jd]
Seat 1: TinaTurner72 (button) (small blind) collected ($11.76)
Seat 2: manostsao (big blind) folded on the Flop


PokerStars Hand #147902139731:  Hold'em Limit ($3/$6 USD) - 2016/01/29 17:58:44 ET
Table 'Patricia' 2-max Seat #1 is the button
Seat 1: TinaTurner72 ($149.28 in chips)
Seat 2: manostsao ($59.62 in chips)
TinaTurner72: posts small blind $1
manostsao: posts big blind $3
*** HOLE CARDS ***
TinaTurner72: raises $3 to $6
manostsao: calls $3
*** FLOP *** [3c Kc 2d]
manostsao: checks
TinaTurner72: bets $3
manostsao: calls $3
*** TURN *** [3c Kc 2d] [Ac]
manostsao: checks
TinaTurner72: bets $6
manostsao: calls $6
*** RIVER *** [3c Kc 2d Ac] [Td]
manostsao: checks
TinaTurner72: checks
*** SHOW DOWN ***
manostsao: shows [6s Jc] (high card Ace)
TinaTurner72: shows [5h Ks] (a pair of Kings)
TinaTurner72 collected $29.50 from pot
*** SUMMARY ***
Total pot $30 | Rake $0.50
Board [3c Kc 2d Ac Td]
Seat 1: TinaTurner72 (button) (small blind) showed [5h Ks] and won ($29.50) with a pair of Kings
Seat 2: manostsao (big blind) showed [6s Jc] and lost with high card Ace


PokerStars Hand #147902125360:  Hold'em Limit ($3/$6 USD) - 2016/01/29 17:58:27 ET
Table 'Patricia' 2-max Seat #2 is the button
Seat 1: TinaTurner72 ($141.52 in chips)
Seat 2: manostsao ($67.62 in chips)
manostsao: posts small blind $1
TinaTurner72: posts big blind $3
*** HOLE CARDS ***
manostsao: folds
Uncalled bet ($2) returned to TinaTurner72
TinaTurner72 collected $2 from pot
TinaTurner72: doesn't show hand
*** SUMMARY ***
Total pot $2 | Rake $0
Seat 1: TinaTurner72 (big blind) collected ($2)
Seat 2: manostsao (button) (small blind) folded before Flop


PokerStars Hand #147902176904:  Hold'em Limit ($3/$6 USD) - 2016/01/29 17:59:32 ET
Table 'Patricia' 2-max Seat #1 is the button
Seat 1: TinaTurner72 ($156.42 in chips)
Seat 2: manostsao ($51.12 in chips)
TinaTurner72: posts small blind $1
manostsao: posts big blind $3
*** HOLE CARDS ***
TinaTurner72: raises $3 to $6
manostsao: calls $3
*** FLOP *** [Ac 9s Kc]
manostsao: checks
TinaTurner72: bets $3
manostsao: folds
Uncalled bet ($3) returned to TinaTurner72
TinaTurner72 collected $11.76 from pot
TinaTurner72: doesn't show hand
*** SUMMARY ***
Total pot $12 | Rake $0.24
Board [Ac 9s Kc]
Seat 1: TinaTurner72 (button) (small blind) collected ($11.76)
Seat 2: manostsao (big blind) folded on the Flop


PokerStars Hand #147902182694:  Hold'em Limit ($3/$6 USD) - 2016/01/29 17:59:40 ET
Table 'Patricia' 2-max Seat #2 is the button
Seat 1: TinaTurner72 ($162.18 in chips)
Seat 2: manostsao ($45.12 in chips)
manostsao: posts small blind $1
TinaTurner72: posts big blind $3
*** HOLE CARDS ***
manostsao: raises $3 to $6
TinaTurner72: calls $3
*** FLOP *** [6c Tc 4d]
TinaTurner72: checks
manostsao: checks
*** TURN *** [6c Tc 4d] [7c]
TinaTurner72: bets $6
manostsao: folds
Uncalled bet ($6) returned to TinaTurner72
TinaTurner72 collected $11.76 from pot
TinaTurner72: doesn't show hand
*** SUMMARY ***
Total pot $12 | Rake $0.24
Board [6c Tc 4d 7c]
Seat 1: TinaTurner72 (big blind) collected ($11.76)
Seat 2: manostsao (button) (small blind) folded on the Turn


PokerStars Hand #147902191919:  Hold'em Limit ($3/$6 USD) - 2016/01/29 17:59:52 ET
Table 'Patricia' 2-max Seat #1 is the button
Seat 1: TinaTurner72 ($167.94 in chips)
Seat 2: manostsao ($39.12 in chips)
TinaTurner72: posts small blind $1
manostsao: posts big blind $3
*** HOLE CARDS ***
TinaTurner72: raises $3 to $6
manostsao: calls $3
*** FLOP *** [Ks 7s 6s]
manostsao: checks
TinaTurner72: bets $3
manostsao: folds
Uncalled bet ($3) returned to TinaTurner72
TinaTurner72 collected $11.76 from pot
TinaTurner72: doesn't show hand
*** SUMMARY ***
Total pot $12 | Rake $0.24
Board [Ks 7s 6s]
Seat 1: TinaTurner72 (button) (small blind) collected ($11.76)
Seat 2: manostsao (big blind) folded on the Flop


PokerStars Hand #147902202131:  Hold'em Limit ($3/$6 USD) - 2016/01/29 18:00:05 ET
Table 'Patricia' 2-max Seat #2 is the button
Seat 1: TinaTurner72 ($173.70 in chips)
Seat 2: manostsao ($33.12 in chips)
manostsao: posts small blind $1
TinaTurner72: posts big blind $3
*** HOLE CARDS ***
manostsao: calls $2
TinaTurner72: raises $3 to $6
manostsao: calls $3
*** FLOP *** [Tc 3d 9h]
TinaTurner72: bets $3
manostsao: calls $3
*** TURN *** [Tc 3d 9h] [9d]
TinaTurner72: bets $6
manostsao: calls $6
*** RIVER *** [Tc 3d 9h 9d] [Qs]
TinaTurner72: checks
manostsao: bets $6
TinaTurner72: calls $6
*** SHOW DOWN ***
manostsao: shows [Ah Td] (two pair, Tens and Nines)
TinaTurner72: mucks hand
manostsao collected $41.50 from pot
*** SUMMARY ***
Total pot $42 | Rake $0.50
Board [Tc 3d 9h 9d Qs]
Seat 1: TinaTurner72 (big blind) mucked
Seat 2: manostsao (button) (small blind) showed [Ah Td] and won ($41.50) with two pair, Tens and Nines


PokerStars Hand #147902166500:  Hold'em Limit ($3/$6 USD) - 2016/01/29 17:59:18 ET
Table 'Patricia' 2-max Seat #2 is the button
Seat 1: TinaTurner72 ($171.42 in chips)
Seat 2: manostsao ($36.62 in chips)
manostsao: posts small blind $1
TinaTurner72: posts big blind $3
*** HOLE CARDS ***
manostsao: calls $2
TinaTurner72: raises $3 to $6
manostsao: calls $3
*** FLOP *** [7c 5d 2c]
TinaTurner72: bets $3
manostsao: calls $3
*** TURN *** [7c 5d 2c] [Qd]
TinaTurner72: bets $6
manostsao: calls $6
*** RIVER *** [7c 5d 2c Qd] [2s]
TinaTurner72: checks
manostsao: bets $6
TinaTurner72: folds
Uncalled bet ($6) returned to manostsao
manostsao collected $29.50 from pot
manostsao: doesn't show hand
*** SUMMARY ***
Total pot $30 | Rake $0.50
Board [7c 5d 2c Qd 2s]
Seat 1: TinaTurner72 (big blind) folded on the River
Seat 2: manostsao (button) (small blind) collected ($29.50)


PokerStars Hand #147902226981:  Hold'em Limit ($3/$6 USD) - 2016/01/29 18:00:37 ET
Table 'Patricia' 2-max Seat #2 is the button
Seat 1: TinaTurner72 ($158.46 in chips)
Seat 2: manostsao ($47.62 in chips)
manostsao: posts small blind $1
TinaTurner72: posts big blind $3
*** HOLE CARDS ***
manostsao: folds
Uncalled bet ($2) returned to TinaTurner72
TinaTurner72 collected $2 from pot
TinaTurner72: doesn't show hand
*** SUMMARY ***
Total pot $2 | Rake $0
Seat 1: TinaTurner72 (big blind) collected ($2)
Seat 2: manostsao (button) (small blind) folded before Flop


PokerStars Hand #147902230558:  Hold'em Limit ($3/$6 USD) - 2016/01/29 18:00:41 ET
Table 'Patricia' 2-max Seat #1 is the button
Seat 1: TinaTurner72 ($159.46 in chips)
Seat 2: manostsao ($46.62 in chips)
TinaTurner72: posts small blind $1
manostsao: posts big blind $3
*** HOLE CARDS ***
TinaTurner72: raises $3 to $6
manostsao: calls $3
*** FLOP *** [Th 6s 3s]
manostsao: checks
TinaTurner72: bets $3
manostsao: calls $3
*** TURN *** [Th 6s 3s] [8h]
manostsao: checks
TinaTurner72: bets $6
manostsao: calls $6
*** RIVER *** [Th 6s 3s 8h] [5h]
manostsao: checks
TinaTurner72: bets $6
manostsao: folds
Uncalled bet ($6) returned to TinaTurner72
TinaTurner72 collected $29.50 from pot
TinaTurner72: doesn't show hand
*** SUMMARY ***
Total pot $30 | Rake $0.50
Board [Th 6s 3s 8h 5h]
Seat 1: TinaTurner72 (button) (small blind) collected ($29.50)
Seat 2: manostsao (big blind) folded on the River


PokerStars Hand #147902246167:  Hold'em Limit ($3/$6 USD) - 2016/01/29 18:01:00 ET
Table 'Patricia' 2-max Seat #2 is the button
Seat 1: TinaTurner72 ($173.96 in chips)
Seat 2: manostsao ($31.62 in chips)
manostsao: posts small blind $1
TinaTurner72: posts big blind $3
*** HOLE CARDS ***
manostsao: calls $2
TinaTurner72: checks
*** FLOP *** [3h Qd 6s]
TinaTurner72: bets $3
manostsao: calls $3
*** TURN *** [3h Qd 6s] [3c]
TinaTurner72: checks
manostsao: checks
*** RIVER *** [3h Qd 6s 3c] [9s]
TinaTurner72: bets $6
manostsao: raises $6 to $12
TinaTurner72: folds
Uncalled bet ($6) returned to manostsao
manostsao collected $23.52 from pot
manostsao: doesn't show hand
*** SUMMARY ***
Total pot $24 | Rake $0.48
Board [3h Qd 6s 3c 9s]
Seat 1: TinaTurner72 (big blind) folded on the River
Seat 2: manostsao (button) (small blind) collected ($23.52)


PokerStars Hand #147902261513:  Hold'em Limit ($3/$6 USD) - 2016/01/29 18:01:18 ET
Table 'Patricia' 2-max Seat #1 is the button
Seat 1: TinaTurner72 ($161.96 in chips)
Seat 2: manostsao ($43.14 in chips)
TinaTurner72: posts small blind $1
manostsao: posts big blind $3
*** HOLE CARDS ***
TinaTurner72: raises $3 to $6
manostsao: calls $3
*** FLOP *** [Jh 7c 2d]
manostsao: checks
TinaTurner72: bets $3
manostsao: folds
Uncalled bet ($3) returned to TinaTurner72
TinaTurner72 collected $11.76 from pot
TinaTurner72: doesn't show hand
*** SUMMARY ***
Total pot $12 | Rake $0.24
Board [Jh 7c 2d]
Seat 1: TinaTurner72 (button) (small blind) collected ($11.76)
Seat 2: manostsao (big blind) folded on the Flop


PokerStars Hand #147902216405:  Hold'em Limit ($3/$6 USD) - 2016/01/29 18:00:23 ET
Table 'Patricia' 2-max Seat #1 is the button
Seat 1: TinaTurner72 ($152.70 in chips)
Seat 2: manostsao ($53.62 in chips)
TinaTurner72: posts small blind $1
manostsao: posts big blind $3
*** HOLE CARDS ***
TinaTurner72: raises $3 to $6
manostsao: calls $3
*** FLOP *** [3s 9c Jh]
manostsao: checks
TinaTurner72: bets $3
manostsao: folds
Uncalled bet ($3) returned to TinaTurner72
TinaTurner72 collected $11.76 from pot
TinaTurner72: doesn't show hand
*** SUMMARY ***
Total pot $12 | Rake $0.24
Board [3s 9c Jh]
Seat 1: TinaTurner72 (button) (small blind) collected ($11.76)
Seat 2: manostsao (big blind) folded on the Flop


PokerStars Hand #147902270382:  Hold'em Limit ($3/$6 USD) - 2016/01/29 18:01:28 ET
Table 'Patricia' 2-max Seat #2 is the button
Seat 1: TinaTurner72 ($167.72 in chips)
Seat 2: manostsao ($37.14 in chips)
manostsao: posts small blind $1
TinaTurner72: posts big blind $3
*** HOLE CARDS ***
manostsao: calls $2
TinaTurner72: checks
*** FLOP *** [3d Td Qc]
TinaTurner72: checks
manostsao: checks
*** TURN *** [3d Td Qc] [Kd]
TinaTurner72: bets $6
manostsao: calls $6
*** RIVER *** [3d Td Qc Kd] [3s]
TinaTurner72: checks
manostsao: checks
*** SHOW DOWN ***
TinaTurner72: shows [Qh 9d] (two pair, Queens and Threes)
manostsao: mucks hand
TinaTurner72 collected $17.64 from pot
*** SUMMARY ***
Total pot $18 | Rake $0.36
Board [3d Td Qc Kd 3s]
Seat 1: TinaTurner72 (big blind) showed [Qh 9d] and won ($17.64) with two pair, Queens and Threes
Seat 2: manostsao (button) (small blind) mucked


PokerStars Hand #147902292420:  Hold'em Limit ($3/$6 USD) - 2016/01/29 18:01:53 ET
Table 'Patricia' 2-max Seat #1 is the button
Seat 1: TinaTurner72 ($176.36 in chips)
Seat 2: manostsao ($28.14 in chips)
TinaTurner72: posts small blind $1
manostsao: posts big blind $3
*** HOLE CARDS ***
TinaTurner72: raises $3 to $6
manostsao: calls $3
*** FLOP *** [Kh 3s Ac]
manostsao: checks
TinaTurner72: bets $3
manostsao: folds
Uncalled bet ($3) returned to TinaTurner72
TinaTurner72 collected $11.76 from pot
TinaTurner72: doesn't show hand
*** SUMMARY ***
Total pot $12 | Rake $0.24
Board [Kh 3s Ac]
Seat 1: TinaTurner72 (button) (small blind) collected ($11.76)
Seat 2: manostsao (big blind) folded on the Flop


PokerStars Hand #147902301411:  Hold'em Limit ($3/$6 USD) - 2016/01/29 18:02:02 ET
Table 'Patricia' 2-max Seat #2 is the button
Seat 1: TinaTurner72 ($182.12 in chips)
Seat 2: manostsao ($22.14 in chips)
manostsao: posts small blind $1
TinaTurner72: posts big blind $3
*** HOLE CARDS ***
manostsao: calls $2
TinaTurner72: raises $3 to $6
manostsao: calls $3
*** FLOP *** [2c 3d 8h]
TinaTurner72: bets $3
manostsao: calls $3
*** TURN *** [2c 3d 8h] [Tc]
TinaTurner72: checks
manostsao: checks
*** RIVER *** [2c 3d 8h Tc] [2h]
TinaTurner72: checks
manostsao: checks
*** SHOW DOWN ***
TinaTurner72: shows [Qs Jc] (a pair of Deuces)
manostsao: shows [Kc 5h] (a pair of Deuces - King kicker)
manostsao collected $17.64 from pot
*** SUMMARY ***
Total pot $18 | Rake $0.36
Board [2c 3d 8h Tc 2h]
Seat 1: TinaTurner72 (big blind) showed [Qs Jc] and lost with a pair of Deuces
Seat 2: manostsao (button) (small blind) showed [Kc 5h] and won ($17.64) with a pair of Deuces


PokerStars Hand #147902337102:  Hold'em Limit ($3/$6 USD) - 2016/01/29 18:02:42 ET
Table 'Patricia' 2-max Seat #2 is the button
Seat 1: TinaTurner72 ($187.62 in chips)
Seat 2: manostsao ($15.78 in chips)
manostsao: posts small blind $1
TinaTurner72: posts big blind $3
*** HOLE CARDS ***
manostsao: folds
Uncalled bet ($2) returned to TinaTurner72
TinaTurner72 collected $2 from pot
TinaTurner72: doesn't show hand
*** SUMMARY ***
Total pot $2 | Rake $0
Seat 1: TinaTurner72 (big blind) collected ($2)
Seat 2: manostsao (button) (small blind) folded before Flop


PokerStars Hand #147902315933:  Hold'em Limit ($3/$6 USD) - 2016/01/29 18:02:19 ET
Table 'Patricia' 2-max Seat #1 is the button
Seat 1: TinaTurner72 ($173.12 in chips)
Seat 2: manostsao ($30.78 in chips)
TinaTurner72: posts small blind $1
manostsao: posts big blind $3
*** HOLE CARDS ***
TinaTurner72: raises $3 to $6
manostsao: calls $3
*** FLOP *** [5d 4h Th]
manostsao: checks
TinaTurner72: bets $3
manostsao: calls $3
*** TURN *** [5d 4h Th] [9h]
manostsao: checks
TinaTurner72: bets $6
manostsao: calls $6
*** RIVER *** [5d 4h Th 9h] [Kc]
manostsao: checks
TinaTurner72: bets $6
manostsao: folds
Uncalled bet ($6) returned to TinaTurner72
TinaTurner72 collected $29.50 from pot
TinaTurner72: doesn't show hand
*** SUMMARY ***
Total pot $30 | Rake $0.50
Board [5d 4h Th 9h Kc]
Seat 1: TinaTurner72 (button) (small blind) collected ($29.50)
Seat 2: manostsao (big blind) folded on the River


PokerStars Hand #147902341430:  Hold'em Limit ($3/$6 USD) - 2016/01/29 18:02:47 ET
Table 'Patricia' 2-max Seat #1 is the button
Seat 1: TinaTurner72 ($188.62 in chips)
Seat 2: manostsao ($14.78 in chips)
TinaTurner72: posts small blind $1
manostsao: posts big blind $3
*** HOLE CARDS ***
TinaTurner72: raises $3 to $6
manostsao: calls $3
*** FLOP *** [3h 6d 3c]
manostsao: checks
TinaTurner72: bets $3
manostsao: calls $3
*** TURN *** [3h 6d 3c] [2h]
manostsao: checks
TinaTurner72: bets $6
manostsao: calls $5.78 and is all-in
Uncalled bet ($0.22) returned to TinaTurner72
*** RIVER *** [3h 6d 3c 2h] [Ks]
*** SHOW DOWN ***
manostsao: shows [2s 3s] (a full house, Threes full of Deuces)
TinaTurner72: shows [Jc 6s] (two pair, Sixes and Threes)
manostsao collected $29.06 from pot
*** SUMMARY ***
Total pot $29.56 | Rake $0.50
Board [3h 6d 3c 2h Ks]
Seat 1: TinaTurner72 (button) (small blind) showed [Jc 6s] and lost with two pair, Sixes and Threes
Seat 2: manostsao (big blind) showed [2s 3s] and won ($29.06) with a full house, Threes full of Deuces


PokerStars Hand #147902360072:  Hold'em Limit ($3/$6 USD) - 2016/01/29 18:03:06 ET
Table 'Patricia' 2-max Seat #2 is the button
Seat 1: TinaTurner72 ($173.84 in chips)
Seat 2: manostsao ($29.06 in chips)
manostsao: posts small blind $1
TinaTurner72: posts big blind $3
*** HOLE CARDS ***
manostsao: raises $3 to $6
TinaTurner72: raises $3 to $9
manostsao: calls $3
*** FLOP *** [9s 8h 4d]
TinaTurner72: bets $3
manostsao: calls $3
*** TURN *** [9s 8h 4d] [Th]
TinaTurner72: bets $6
manostsao: calls $6
*** RIVER *** [9s 8h 4d Th] [2c]
TinaTurner72: bets $6
manostsao: calls $6
*** SHOW DOWN ***
TinaTurner72: shows [5d 5h] (a pair of Fives)
manostsao: shows [Qh Qd] (a pair of Queens)
manostsao collected $47.50 from pot
*** SUMMARY ***
Total pot $48 | Rake $0.50
Board [9s 8h 4d Th 2c]
Seat 1: TinaTurner72 (big blind) showed [5d 5h] and lost with a pair of Fives
Seat 2: manostsao (button) (small blind) showed [Qh Qd] and won ($47.50) with a pair of Queens


PokerStars Hand #147902390226:  Hold'em Limit ($3/$6 USD) - 2016/01/29 18:03:39 ET
Table 'Patricia' 2-max Seat #2 is the button
Seat 1: TinaTurner72 ($179.34 in chips)
Seat 2: manostsao ($22.56 in chips)
manostsao: posts small blind $1
TinaTurner72: posts big blind $3
*** HOLE CARDS ***
manostsao: calls $2
TinaTurner72: raises $3 to $6
manostsao: calls $3
*** FLOP *** [6h 5h 2h]
TinaTurner72: bets $3
manostsao: calls $3
*** TURN *** [6h 5h 2h] [4s]
TinaTurner72: checks
manostsao: checks
*** RIVER *** [6h 5h 2h 4s] [5s]
TinaTurner72: checks
manostsao: checks
*** SHOW DOWN ***
TinaTurner72: shows [9d Kc] (a pair of Fives)
manostsao: shows [Js Kh] (a pair of Fives - King+Jack kicker)
manostsao collected $17.64 from pot
*** SUMMARY ***
Total pot $18 | Rake $0.36
Board [6h 5h 2h 4s 5s]
Seat 1: TinaTurner72 (big blind) showed [9d Kc] and lost with a pair of Fives
Seat 2: manostsao (button) (small blind) showed [Js Kh] and won ($17.64) with a pair of Fives


PokerStars Hand #147902401915:  Hold'em Limit ($3/$6 USD) - 2016/01/29 18:03:51 ET
Table 'Patricia' 2-max Seat #1 is the button
Seat 1: TinaTurner72 ($170.34 in chips)
Seat 2: manostsao ($31.20 in chips)
TinaTurner72: posts small blind $1
manostsao: posts big blind $3
*** HOLE CARDS ***
TinaTurner72: raises $3 to $6
manostsao: calls $3
*** FLOP *** [3h Ac 5h]
manostsao: checks
TinaTurner72: bets $3
manostsao: folds
Uncalled bet ($3) returned to TinaTurner72
TinaTurner72 collected $11.76 from pot
TinaTurner72: doesn't show hand
*** SUMMARY ***
Total pot $12 | Rake $0.24
Board [3h Ac 5h]
Seat 1: TinaTurner72 (button) (small blind) collected ($11.76)
Seat 2: manostsao (big blind) folded on the Flop


PokerStars Hand #147902410929:  Hold'em Limit ($3/$6 USD) - 2016/01/29 18:04:01 ET
Table 'Patricia' 2-max Seat #2 is the button
Seat 1: TinaTurner72 ($176.10 in chips)
Seat 2: manostsao ($25.20 in chips)
manostsao: posts small blind $1
TinaTurner72: posts big blind $3
*** HOLE CARDS ***
manostsao: calls $2
TinaTurner72: raises $3 to $6
manostsao: calls $3
*** FLOP *** [5h Qs 3h]
TinaTurner72: bets $3
manostsao: calls $3
*** TURN *** [5h Qs 3h] [6s]
TinaTurner72: bets $6
manostsao: raises $6 to $12
TinaTurner72: raises $6 to $18
manostsao: calls $4.20 and is all-in
Uncalled bet ($1.80) returned to TinaTurner72
*** RIVER *** [5h Qs 3h 6s] [Qd]
*** SHOW DOWN ***
TinaTurner72: shows [8h 8d] (two pair, Queens and Eights)
manostsao: shows [7h 4h] (a straight, Three to Seven)
manostsao collected $49.90 from pot
*** SUMMARY ***
Total pot $50.40 | Rake $0.50
Board [5h Qs 3h 6s Qd]
Seat 1: TinaTurner72 (big blind) showed [8h 8d] and lost with two pair, Queens and Eights
Seat 2: manostsao (button) (small blind) showed [7h 4h] and won ($49.90) with a straight, Three to Seven


PokerStars Hand #147902373723:  Hold'em Limit ($3/$6 USD) - 2016/01/29 18:03:21 ET
Table 'Patricia' 2-max Seat #1 is the button
Seat 1: TinaTurner72 ($149.84 in chips)
Seat 2: manostsao ($52.56 in chips)
TinaTurner72: posts small blind $1
manostsao: posts big blind $3
*** HOLE CARDS ***
TinaTurner72: raises $3 to $6
manostsao: raises $3 to $9
TinaTurner72: calls $3
*** FLOP *** [Ts 4s 3c]
manostsao: bets $3
TinaTurner72: calls $3
*** TURN *** [Ts 4s 3c] [2c]
manostsao: checks
TinaTurner72: bets $6
manostsao: calls $6
*** RIVER *** [Ts 4s 3c 2c] [5c]
manostsao: bets $6
TinaTurner72: raises $6 to $12
manostsao: calls $6
*** SHOW DOWN ***
TinaTurner72: shows [Ac 6c] (a flush, Ace high)
manostsao: mucks hand
TinaTurner72 collected $59.50 from pot
*** SUMMARY ***
Total pot $60 | Rake $0.50
Board [Ts 4s 3c 2c 5c]
Seat 1: TinaTurner72 (button) (small blind) showed [Ac 6c] and won ($59.50) with a flush, Ace high
Seat 2: manostsao (big blind) mucked


PokerStars Hand #147902460700:  Hold'em Limit ($3/$6 USD) - 2016/01/29 18:04:54 ET
Table 'Patricia' 2-max Seat #2 is the button
Seat 1: TinaTurner72 ($159.54 in chips)
Seat 2: manostsao ($40.78 in chips)
manostsao: posts small blind $1
TinaTurner72: posts big blind $3
*** HOLE CARDS ***
manostsao: folds
Uncalled bet ($2) returned to TinaTurner72
TinaTurner72 collected $2 from pot
TinaTurner72: doesn't show hand
*** SUMMARY ***
Total pot $2 | Rake $0
Seat 1: TinaTurner72 (big blind) collected ($2)
Seat 2: manostsao (button) (small blind) folded before Flop


PokerStars Hand #147902456036:  Hold'em Limit ($3/$6 USD) - 2016/01/29 18:04:49 ET
Table 'Patricia' 2-max Seat #1 is the button
Seat 1: TinaTurner72 ($156.54 in chips)
Seat 2: manostsao ($43.78 in chips)
TinaTurner72: posts small blind $1
manostsao: posts big blind $3
*** HOLE CARDS ***
TinaTurner72: raises $3 to $6
manostsao: folds
Uncalled bet ($3) returned to TinaTurner72
TinaTurner72 collected $6 from pot
TinaTurner72: doesn't show hand
*** SUMMARY ***
Total pot $6 | Rake $0
Seat 1: TinaTurner72 (button) (small blind) collected ($6)
Seat 2: manostsao (big blind) folded before Flop


PokerStars Hand #147902440282:  Hold'em Limit ($3/$6 USD) - 2016/01/29 18:04:33 ET
Table 'Patricia' 2-max Seat #2 is the button
Seat 1: TinaTurner72 ($159.54 in chips)
Seat 2: manostsao ($40.90 in chips)
manostsao: posts small blind $1
TinaTurner72: posts big blind $3
*** HOLE CARDS ***
manostsao: calls $2
TinaTurner72: checks
*** FLOP *** [5c 3d 3s]
TinaTurner72: checks
manostsao: checks
*** TURN *** [5c 3d 3s] [5s]
TinaTurner72: checks
manostsao: checks
*** RIVER *** [5c 3d 3s 5s] [9s]
TinaTurner72: checks
manostsao: bets $6
TinaTurner72: folds
Uncalled bet ($6) returned to manostsao
manostsao collected $5.88 from pot
manostsao: doesn't show hand
*** SUMMARY ***
Total pot $6 | Rake $0.12
Board [5c 3d 3s 5s 9s]
Seat 1: TinaTurner72 (big blind) folded on the River
Seat 2: manostsao (button) (small blind) collected ($5.88)


PokerStars Hand #147902465312:  Hold'em Limit ($3/$6 USD) - 2016/01/29 18:04:59 ET
Table 'Patricia' 2-max Seat #1 is the button
Seat 1: TinaTurner72 ($160.54 in chips)
Seat 2: manostsao ($39.78 in chips)
TinaTurner72: posts small blind $1
manostsao: posts big blind $3
*** HOLE CARDS ***
TinaTurner72: raises $3 to $6
manostsao: calls $3
*** FLOP *** [5d Ts Kc]
manostsao: checks
TinaTurner72: bets $3
manostsao: calls $3
*** TURN *** [5d Ts Kc] [4h]
manostsao: checks
TinaTurner72: bets $6
manostsao: calls $6
*** RIVER *** [5d Ts Kc 4h] [Js]
manostsao: checks
TinaTurner72: checks
*** SHOW DOWN ***
manostsao: shows [4c Qc] (a pair of Fours)
TinaTurner72: shows [Ad Tc] (a pair of Tens)
TinaTurner72 collected $29.50 from pot
*** SUMMARY ***
Total pot $30 | Rake $0.50
Board [5d Ts Kc 4h Js]
Seat 1: TinaTurner72 (button) (small blind) showed [Ad Tc] and won ($29.50) with a pair of Tens
Seat 2: manostsao (big blind) showed [4c Qc] and lost with a pair of Fours


PokerStars Hand #147902479999:  Hold'em Limit ($3/$6 USD) - 2016/01/29 18:05:15 ET
Table 'Patricia' 2-max Seat #2 is the button
Seat 1: TinaTurner72 ($175.04 in chips)
Seat 2: manostsao ($24.78 in chips)
manostsao: posts small blind $1
TinaTurner72: posts big blind $3
*** HOLE CARDS ***
manostsao: folds
Uncalled bet ($2) returned to TinaTurner72
TinaTurner72 collected $2 from pot
TinaTurner72: doesn't show hand
*** SUMMARY ***
Total pot $2 | Rake $0
Seat 1: TinaTurner72 (big blind) collected ($2)
Seat 2: manostsao (button) (small blind) folded before Flop


PokerStars Hand #147902426710:  Hold'em Limit ($3/$6 USD) - 2016/01/29 18:04:18 ET
Table 'Patricia' 2-max Seat #1 is the button
Seat 1: TinaTurner72 ($150.90 in chips)
Seat 2: manostsao ($49.90 in chips)
TinaTurner72: posts small blind $1
manostsao: posts big blind $3
*** HOLE CARDS ***
TinaTurner72: raises $3 to $6
manostsao: calls $3
*** FLOP *** [2s 6c 5s]
manostsao: checks
TinaTurner72: bets $3
manostsao: calls $3
*** TURN *** [2s 6c 5s] [9d]
manostsao: checks
TinaTurner72: bets $6
manostsao: folds
Uncalled bet ($6) returned to TinaTurner72
TinaTurner72 collected $17.64 from pot
TinaTurner72: doesn't show hand
*** SUMMARY ***
Total pot $18 | Rake $0.36
Board [2s 6c 5s 9d]
Seat 1: TinaTurner72 (button) (small blind) collected ($17.64)
Seat 2: manostsao (big blind) folded on the Turn


PokerStars Hand #147902488342:  Hold'em Limit ($3/$6 USD) - 2016/01/29 18:05:24 ET
Table 'Patricia' 2-max Seat #1 is the button
Seat 1: TinaTurner72 ($176.04 in chips)
Seat 2: manostsao ($23.78 in chips)
TinaTurner72: posts small blind $1
manostsao: posts big blind $3
*** HOLE CARDS ***
TinaTurner72: raises $3 to $6
manostsao: calls $3
*** FLOP *** [Kc 6s Ac]
manostsao: checks
TinaTurner72: bets $3
manostsao: calls $3
*** TURN *** [Kc 6s Ac] [Ks]
manostsao: checks
TinaTurner72: bets $6
manostsao: calls $6
*** RIVER *** [Kc 6s Ac Ks] [Qs]
manostsao: checks
TinaTurner72: bets $6
manostsao: calls $6
*** SHOW DOWN ***
TinaTurner72: shows [Ah 3d] (two pair, Aces and Kings)
manostsao: shows [9d Ad] (two pair, Aces and Kings)
manostsao collected $20.75 from pot
TinaTurner72 collected $20.75 from pot
*** SUMMARY ***
Total pot $42 | Rake $0.50
Board [Kc 6s Ac Ks Qs]
Seat 1: TinaTurner72 (button) (small blind) showed [Ah 3d] and won ($20.75) with two pair, Aces and Kings
Seat 2: manostsao (big blind) showed [9d Ad] and won ($20.75) with two pair, Aces and Kings


PokerStars Hand #147902507042:  Hold'em Limit ($3/$6 USD) - 2016/01/29 18:05:44 ET
Table 'Patricia' 2-max Seat #2 is the button
Seat 1: TinaTurner72 ($175.79 in chips)
Seat 2: manostsao ($23.53 in chips)
manostsao: posts small blind $1
TinaTurner72: posts big blind $3
*** HOLE CARDS ***
manostsao: calls $2
TinaTurner72: checks
*** FLOP *** [2d Kd Ah]
TinaTurner72: checks
manostsao: bets $3
TinaTurner72: folds
Uncalled bet ($3) returned to manostsao
manostsao collected $5.88 from pot
manostsao: doesn't show hand
*** SUMMARY ***
Total pot $6 | Rake $0.12
Board [2d Kd Ah]
Seat 1: TinaTurner72 (big blind) folded on the Flop
Seat 2: manostsao (button) (small blind) collected ($5.88)


PokerStars Hand #147902517931:  Hold'em Limit ($3/$6 USD) - 2016/01/29 18:05:56 ET
Table 'Patricia' 2-max Seat #1 is the button
Seat 1: TinaTurner72 ($172.79 in chips)
Seat 2: manostsao ($26.41 in chips)
TinaTurner72: posts small blind $1
manostsao: posts big blind $3
*** HOLE CARDS ***
TinaTurner72: raises $3 to $6
manostsao: calls $3
*** FLOP *** [Ts 3d Ac]
manostsao: checks
TinaTurner72: bets $3
manostsao: calls $3
*** TURN *** [Ts 3d Ac] [Th]
manostsao: checks
TinaTurner72: bets $6
manostsao: folds
Uncalled bet ($6) returned to TinaTurner72
TinaTurner72 collected $17.64 from pot
TinaTurner72: doesn't show hand
*** SUMMARY ***
Total pot $18 | Rake $0.36
Board [Ts 3d Ac Th]
Seat 1: TinaTurner72 (button) (small blind) collected ($17.64)
Seat 2: manostsao (big blind) folded on the Turn


PokerStars Hand #147902529719:  Hold'em Limit ($3/$6 USD) - 2016/01/29 18:06:09 ET
Table 'Patricia' 2-max Seat #2 is the button
Seat 1: TinaTurner72 ($181.43 in chips)
Seat 2: manostsao ($17.41 in chips)
manostsao: posts small blind $1
TinaTurner72: posts big blind $3
*** HOLE CARDS ***
manostsao: raises $3 to $6
TinaTurner72: calls $3
*** FLOP *** [3h 8d Ah]
TinaTurner72: checks
manostsao: bets $3
TinaTurner72: folds
Uncalled bet ($3) returned to manostsao
manostsao collected $11.76 from pot
manostsao: doesn't show hand
*** SUMMARY ***
Total pot $12 | Rake $0.24
Board [3h 8d Ah]
Seat 1: TinaTurner72 (big blind) folded on the Flop
Seat 2: manostsao (button) (small blind) collected ($11.76)


PokerStars Hand #147902545491:  Hold'em Limit ($3/$6 USD) - 2016/01/29 18:06:26 ET
Table 'Patricia' 2-max Seat #1 is the button
Seat 1: TinaTurner72 ($175.43 in chips)
Seat 2: manostsao ($23.17 in chips)
TinaTurner72: posts small blind $1
manostsao: posts big blind $3
*** HOLE CARDS ***
TinaTurner72: raises $3 to $6
manostsao: calls $3
*** FLOP *** [Ac 2s 5d]
manostsao: checks
TinaTurner72: bets $3
manostsao: calls $3
*** TURN *** [Ac 2s 5d] [Qh]
manostsao: checks
TinaTurner72: bets $6
manostsao: calls $6
*** RIVER *** [Ac 2s 5d Qh] [Td]
manostsao: bets $6
TinaTurner72: raises $6 to $12
manostsao: calls $2.17 and is all-in
Uncalled bet ($3.83) returned to TinaTurner72
*** SHOW DOWN ***
TinaTurner72: shows [Ah 7d] (a pair of Aces)
manostsao: shows [Ad 7c] (a pair of Aces)
manostsao collected $22.92 from pot
TinaTurner72 collected $22.92 from pot
*** SUMMARY ***
Total pot $46.34 | Rake $0.50
Board [Ac 2s 5d Qh Td]
Seat 1: TinaTurner72 (button) (small blind) showed [Ah 7d] and won ($22.92) with a pair of Aces
Seat 2: manostsao (big blind) showed [Ad 7c] and won ($22.92) with a pair of Aces


PokerStars Hand #147902564848:  Hold'em Limit ($3/$6 USD) - 2016/01/29 18:06:47 ET
Table 'Patricia' 2-max Seat #2 is the button
Seat 1: TinaTurner72 ($175.18 in chips)
Seat 2: manostsao ($22.92 in chips)
manostsao: posts small blind $1
TinaTurner72: posts big blind $3
*** HOLE CARDS ***
manostsao: folds
Uncalled bet ($2) returned to TinaTurner72
TinaTurner72 collected $2 from pot
TinaTurner72: doesn't show hand
*** SUMMARY ***
Total pot $2 | Rake $0
Seat 1: TinaTurner72 (big blind) collected ($2)
Seat 2: manostsao (button) (small blind) folded before Flop


PokerStars Hand #147902569356:  Hold'em Limit ($3/$6 USD) - 2016/01/29 18:06:52 ET
Table 'Patricia' 2-max Seat #1 is the button
Seat 1: TinaTurner72 ($176.18 in chips)
Seat 2: manostsao ($21.92 in chips)
TinaTurner72: posts small blind $1
manostsao: posts big blind $3
*** HOLE CARDS ***
TinaTurner72: raises $3 to $6
manostsao: calls $3
*** FLOP *** [Ts 5c 8c]
manostsao: checks
TinaTurner72: bets $3
manostsao: calls $3
*** TURN *** [Ts 5c 8c] [9d]
manostsao: checks
TinaTurner72: bets $6
manostsao: calls $6
*** RIVER *** [Ts 5c 8c 9d] [4d]
manostsao: checks
TinaTurner72: checks
*** SHOW DOWN ***
manostsao: shows [5h Kd] (a pair of Fives)
TinaTurner72: shows [7s 8d] (a pair of Eights)
TinaTurner72 collected $29.50 from pot
*** SUMMARY ***
Total pot $30 | Rake $0.50
Board [Ts 5c 8c 9d 4d]
Seat 1: TinaTurner72 (button) (small blind) showed [7s 8d] and won ($29.50) with a pair of Eights
Seat 2: manostsao (big blind) showed [5h Kd] and lost with a pair of Fives


PokerStars Hand #147902586349:  Hold'em Limit ($3/$6 USD) - 2016/01/29 18:07:10 ET
Table 'Patricia' 2-max Seat #2 is the button
Seat 1: TinaTurner72 ($190.68 in chips)
Seat 2: manostsao ($6.92 in chips)
manostsao: posts small blind $1
TinaTurner72: posts big blind $3
*** HOLE CARDS ***
manostsao: raises $3 to $6
TinaTurner72: raises $3 to $9
manostsao: calls $0.92 and is all-in
Uncalled bet ($2.08) returned to TinaTurner72
*** FLOP *** [3s Qs Jd]
*** TURN *** [3s Qs Jd] [8h]
*** RIVER *** [3s Qs Jd 8h] [Qh]
*** SHOW DOWN ***
TinaTurner72: shows [Jc 4d] (two pair, Queens and Jacks)
manostsao: shows [3c Ac] (two pair, Queens and Threes)
TinaTurner72 collected $13.56 from pot
*** SUMMARY ***
Total pot $13.84 | Rake $0.28
Board [3s Qs Jd 8h Qh]
Seat 1: TinaTurner72 (big blind) showed [Jc 4d] and won ($13.56) with two pair, Queens and Jacks
Seat 2: manostsao (button) (small blind) showed [3c Ac] and lost with two pair, Queens and Threes


