PokerStars Hand #154568548864:  Hold'em Limit ($3/$6 USD) - 2016/06/10 19:14:02 ET
Table 'Patry' 6-max Seat #3 is the button
Seat 1: Masqb ($108.78 in chips)
Seat 3: dakshare ($56.12 in chips)
dakshare: posts small blind $1
Masqb: posts big blind $3
*** HOLE CARDS ***
dakshare: calls $2
Masqb: raises $3 to $6
dakshare: calls $3
*** FLOP *** [Kc 3d 2s]
Masqb: bets $3
dakshare: calls $3
*** TURN *** [Kc 3d 2s] [Th]
ToDaFelt joins the table at seat #4
Masqb: checks
dakshare: checks
*** RIVER *** [Kc 3d 2s Th] [Kh]
Masqb: bets $6
dakshare: folds
Uncalled bet ($6) returned to Masqb
Masqb collected $17.64 from pot
Masqb: doesn't show hand
*** SUMMARY ***
Total pot $18 | Rake $0.36
Board [Kc 3d 2s Th Kh]
Seat 1: Masqb (big blind) collected ($17.64)
Seat 3: dakshare (button) (small blind) folded on the River


PokerStars Hand #154568540425:  Hold'em Limit ($3/$6 USD) - 2016/06/10 19:13:49 ET
Table 'Patry' 6-max Seat #1 is the button
Seat 1: Masqb ($103.02 in chips)
Seat 3: dakshare ($62.12 in chips)
Masqb: posts small blind $1
dakshare: posts big blind $3
*** HOLE CARDS ***
Masqb: raises $3 to $6
dakshare: calls $3
*** FLOP *** [Ac 3c 4d]
dakshare: checks
Masqb: bets $3
dakshare: folds
Uncalled bet ($3) returned to Masqb
Masqb collected $11.76 from pot
Masqb: doesn't show hand
*** SUMMARY ***
Total pot $12 | Rake $0.24
Board [Ac 3c 4d]
Seat 1: Masqb (button) (small blind) collected ($11.76)
Seat 3: dakshare (big blind) folded on the Flop


PokerStars Hand #154568529398:  Hold'em Limit ($3/$6 USD) - 2016/06/10 19:13:31 ET
Table 'Patry' 6-max Seat #3 is the button
Seat 1: Masqb ($100.14 in chips)
Seat 3: dakshare ($65.12 in chips)
dakshare: posts small blind $1
Masqb: posts big blind $3
*** HOLE CARDS ***
dakshare: calls $2
Masqb: checks
*** FLOP *** [Tc 5d Ks]
Masqb: checks
dakshare: checks
*** TURN *** [Tc 5d Ks] [Jd]
Masqb: checks
dakshare: checks
*** RIVER *** [Tc 5d Ks Jd] [3s]
Masqb: checks
dakshare: checks
*** SHOW DOWN ***
Masqb: shows [6d 9c] (high card King)
dakshare: mucks hand
Masqb collected $5.88 from pot
*** SUMMARY ***
Total pot $6 | Rake $0.12
Board [Tc 5d Ks Jd 3s]
Seat 1: Masqb (big blind) showed [6d 9c] and won ($5.88) with high card King
Seat 3: dakshare (button) (small blind) mucked


PokerStars Hand #154568565277:  Hold'em Limit ($3/$6 USD) - 2016/06/10 19:14:26 ET
Table 'Patry' 6-max Seat #1 is the button
Seat 1: Masqb ($117.42 in chips)
Seat 3: dakshare ($47.12 in chips)
Masqb: posts small blind $1
dakshare: posts big blind $3
*** HOLE CARDS ***
Masqb: raises $3 to $6
dakshare: folds
Uncalled bet ($3) returned to Masqb
Masqb collected $6 from pot
Masqb: doesn't show hand
*** SUMMARY ***
Total pot $6 | Rake $0
Seat 1: Masqb (button) (small blind) collected ($6)
Seat 3: dakshare (big blind) folded before Flop


