PokerStars Hand #166027092120:  Hold'em Limit ($3/$6 USD) - 2017/02/11 3:57:13 ET
Table 'Patricia' 6-max Seat #3 is the button
Seat 3: vitamin168 ($63.44 in chips)
Seat 4: MTails ($120 in chips)
vitamin168: posts small blind $1
MTails: posts big blind $3
*** HOLE CARDS ***
vitamin168: raises $3 to $6
MTails: folds
Uncalled bet ($3) returned to vitamin168
vitamin168 collected $6 from pot
vitamin168: doesn't show hand
*** SUMMARY ***
Total pot $6 | Rake $0
Seat 3: vitamin168 (button) (small blind) collected ($6)
Seat 4: MTails (big blind) folded before Flop


PokerStars Hand #166027111941:  Hold'em Limit ($3/$6 USD) - 2017/02/11 3:58:10 ET
Table 'Patricia' 6-max Seat #4 is the button
Seat 3: vitamin168 ($24.44 in chips)
Seat 4: MTails ($158 in chips)
MTails: posts small blind $1
vitamin168: posts big blind $3
*** HOLE CARDS ***
MTails: raises $3 to $6
vitamin168: raises $3 to $9
MTails: calls $3
*** FLOP *** [Kc 5d 7s]
vitamin168: bets $3
MTails: calls $3
*** TURN *** [Kc 5d 7s] [2h]
vitamin168: bets $6
MTails: calls $6
*** RIVER *** [Kc 5d 7s 2h] [Ac]
vitamin168: bets $6
MTails: folds
Uncalled bet ($6) returned to vitamin168
vitamin168 collected $35.50 from pot
vitamin168: doesn't show hand
*** SUMMARY ***
Total pot $36 | Rake $0.50
Board [Kc 5d 7s 2h Ac]
Seat 3: vitamin168 (big blind) collected ($35.50)
Seat 4: MTails (button) (small blind) folded on the River


PokerStars Hand #166027104045:  Hold'em Limit ($3/$6 USD) - 2017/02/11 3:57:48 ET
Table 'Patricia' 6-max Seat #3 is the button
Seat 3: vitamin168 ($42.44 in chips)
Seat 4: MTails ($140.50 in chips)
vitamin168: posts small blind $1
MTails: posts big blind $3
*** HOLE CARDS ***
vitamin168: raises $3 to $6
MTails: calls $3
*** FLOP *** [6s 9h 5h]
MTails: checks
vitamin168: bets $3
MTails: raises $3 to $6
vitamin168: calls $3
*** TURN *** [6s 9h 5h] [Ts]
MTails: bets $6
vitamin168: calls $6
*** RIVER *** [6s 9h 5h Ts] [7h]
MTails: checks
vitamin168: checks
*** SHOW DOWN ***
MTails: shows [Th 7s] (two pair, Tens and Sevens)
vitamin168: mucks hand
MTails collected $35.50 from pot
*** SUMMARY ***
Total pot $36 | Rake $0.50
Board [6s 9h 5h Ts 7h]
Seat 3: vitamin168 (button) (small blind) mucked
Seat 4: MTails (big blind) showed [Th 7s] and won ($35.50) with two pair, Tens and Sevens


PokerStars Hand #166027095495:  Hold'em Limit ($3/$6 USD) - 2017/02/11 3:57:23 ET
Table 'Patricia' 6-max Seat #4 is the button
Seat 3: vitamin168 ($66.44 in chips)
Seat 4: MTails ($117 in chips)
MTails: posts small blind $1
vitamin168: posts big blind $3
*** HOLE CARDS ***
MTails: raises $3 to $6
vitamin168: raises $3 to $9
MTails: calls $3
*** FLOP *** [9c 8h Tc]
vitamin168: bets $3
MTails: calls $3
*** TURN *** [9c 8h Tc] [7c]
vitamin168: checks
MTails: bets $6
vitamin168: calls $6
*** RIVER *** [9c 8h Tc 7c] [8s]
vitamin168: checks
MTails: bets $6
vitamin168: calls $6
*** SHOW DOWN ***
MTails: shows [9s Ac] (two pair, Nines and Eights)
vitamin168: mucks hand
MTails collected $47.50 from pot
*** SUMMARY ***
Total pot $48 | Rake $0.50
Board [9c 8h Tc 7c 8s]
Seat 3: vitamin168 (big blind) mucked
Seat 4: MTails (button) (small blind) showed [9s Ac] and won ($47.50) with two pair, Nines and Eights


PokerStars Hand #166027135055:  Hold'em Limit ($3/$6 USD) - 2017/02/11 3:59:16 ET
Table 'Patricia' 6-max Seat #3 is the button
Seat 3: vitamin168 ($88.94 in chips)
Seat 4: MTails ($92 in chips)
vitamin168: posts small blind $1
MTails: posts big blind $3
*** HOLE CARDS ***
vitamin168: raises $3 to $6
MTails: calls $3
*** FLOP *** [7h Th 4d]
MTails: checks
vitamin168: bets $3
MTails: raises $3 to $6
vitamin168: calls $3
*** TURN *** [7h Th 4d] [5h]
MTails: bets $6
vitamin168: calls $6
*** RIVER *** [7h Th 4d 5h] [Ts]
MTails: checks
vitamin168: checks
*** SHOW DOWN ***
MTails: shows [As Qh] (a pair of Tens)
vitamin168: mucks hand
MTails collected $35.50 from pot
*** SUMMARY ***
Total pot $36 | Rake $0.50
Board [7h Th 4d 5h Ts]
Seat 3: vitamin168 (button) (small blind) mucked
Seat 4: MTails (big blind) showed [As Qh] and won ($35.50) with a pair of Tens


PokerStars Hand #166027127031:  Hold'em Limit ($3/$6 USD) - 2017/02/11 3:58:53 ET
Table 'Patricia' 6-max Seat #4 is the button
Seat 3: vitamin168 ($71.44 in chips)
Seat 4: MTails ($110 in chips)
MTails: posts small blind $1
vitamin168: posts big blind $3
*** HOLE CARDS ***
MTails: raises $3 to $6
vitamin168: raises $3 to $9
MTails: calls $3
*** FLOP *** [4c 9h 3c]
vitamin168: bets $3
MTails: calls $3
*** TURN *** [4c 9h 3c] [Jd]
vitamin168: bets $6
MTails: calls $6
*** RIVER *** [4c 9h 3c Jd] [Ah]
vitamin168: bets $6
MTails: folds
Uncalled bet ($6) returned to vitamin168
vitamin168 collected $35.50 from pot
vitamin168: doesn't show hand
*** SUMMARY ***
Total pot $36 | Rake $0.50
Board [4c 9h 3c Jd Ah]
Seat 3: vitamin168 (big blind) collected ($35.50)
Seat 4: MTails (button) (small blind) folded on the River


PokerStars Hand #166027117948:  Hold'em Limit ($3/$6 USD) - 2017/02/11 3:58:28 ET
Table 'Patricia' 6-max Seat #3 is the button
Seat 3: vitamin168 ($41.94 in chips)
Seat 4: MTails ($140 in chips)
vitamin168: posts small blind $1
MTails: posts big blind $3
*** HOLE CARDS ***
vitamin168: raises $3 to $6
MTails: calls $3
*** FLOP *** [8h Qc 8d]
MTails: checks
vitamin168: bets $3
MTails: raises $3 to $6
vitamin168: calls $3
*** TURN *** [8h Qc 8d] [4c]
MTails: bets $6
vitamin168: raises $6 to $12
MTails: calls $6
*** RIVER *** [8h Qc 8d 4c] [2s]
MTails: checks
vitamin168: bets $6
MTails: calls $6
*** SHOW DOWN ***
vitamin168: shows [8s Kd] (three of a kind, Eights)
MTails: mucks hand
vitamin168 collected $59.50 from pot
*** SUMMARY ***
Total pot $60 | Rake $0.50
Board [8h Qc 8d 4c 2s]
Seat 3: vitamin168 (button) (small blind) showed [8s Kd] and won ($59.50) with three of a kind, Eights
Seat 4: MTails (big blind) mucked


PokerStars Hand #166027153588:  Hold'em Limit ($3/$6 USD) - 2017/02/11 4:00:09 ET
Table 'Patricia' 6-max Seat #3 is the button
Seat 3: vitamin168 ($60.94 in chips)
Seat 4: MTails ($119.26 in chips)
vitamin168: posts small blind $1
MTails: posts big blind $3
*** HOLE CARDS ***
vitamin168: folds
Uncalled bet ($2) returned to MTails
MTails collected $2 from pot
*** SUMMARY ***
Total pot $2 | Rake $0
Seat 3: vitamin168 (button) (small blind) folded before Flop
Seat 4: MTails (big blind) collected ($2)


PokerStars Hand #166027151804:  Hold'em Limit ($3/$6 USD) - 2017/02/11 4:00:04 ET
Table 'Patricia' 6-max Seat #4 is the button
Seat 3: vitamin168 ($59.94 in chips)
Seat 4: MTails ($120.26 in chips)
MTails: posts small blind $1
vitamin168: posts big blind $3
*** HOLE CARDS ***
MTails: folds
Uncalled bet ($2) returned to vitamin168
vitamin168 collected $2 from pot
vitamin168: doesn't show hand
*** SUMMARY ***
Total pot $2 | Rake $0
Seat 3: vitamin168 (big blind) collected ($2)
Seat 4: MTails (button) (small blind) folded before Flop


PokerStars Hand #166027150042:  Hold'em Limit ($3/$6 USD) - 2017/02/11 3:59:59 ET
Table 'Patricia' 6-max Seat #3 is the button
Seat 3: vitamin168 ($60.94 in chips)
Seat 4: MTails ($119.26 in chips)
vitamin168: posts small blind $1
MTails: posts big blind $3
*** HOLE CARDS ***
vitamin168: folds
Uncalled bet ($2) returned to MTails
MTails collected $2 from pot
MTails: doesn't show hand
*** SUMMARY ***
Total pot $2 | Rake $0
Seat 3: vitamin168 (button) (small blind) folded before Flop
Seat 4: MTails (big blind) collected ($2)


PokerStars Hand #166027147884:  Hold'em Limit ($3/$6 USD) - 2017/02/11 3:59:53 ET
Table 'Patricia' 6-max Seat #4 is the button
Seat 3: vitamin168 ($63.94 in chips)
Seat 4: MTails ($116.26 in chips)
MTails: posts small blind $1
vitamin168: posts big blind $3
*** HOLE CARDS ***
MTails: raises $3 to $6
vitamin168: folds
Uncalled bet ($3) returned to MTails
MTails collected $6 from pot
*** SUMMARY ***
Total pot $6 | Rake $0
Seat 3: vitamin168 (big blind) folded before Flop
Seat 4: MTails (button) (small blind) collected ($6)


PokerStars Hand #166027146098:  Hold'em Limit ($3/$6 USD) - 2017/02/11 3:59:48 ET
Table 'Patricia' 6-max Seat #3 is the button
Seat 3: vitamin168 ($64.94 in chips)
Seat 4: MTails ($115.26 in chips)
vitamin168: posts small blind $1
MTails: posts big blind $3
*** HOLE CARDS ***
vitamin168: folds
Uncalled bet ($2) returned to MTails
MTails collected $2 from pot
MTails: doesn't show hand
*** SUMMARY ***
Total pot $2 | Rake $0
Seat 3: vitamin168 (button) (small blind) folded before Flop
Seat 4: MTails (big blind) collected ($2)


PokerStars Hand #166027142161:  Hold'em Limit ($3/$6 USD) - 2017/02/11 3:59:37 ET
Table 'Patricia' 6-max Seat #4 is the button
Seat 3: vitamin168 ($70.94 in chips)
Seat 4: MTails ($109.50 in chips)
MTails: posts small blind $1
vitamin168: posts big blind $3
*** HOLE CARDS ***
MTails: raises $3 to $6
vitamin168: calls $3
*** FLOP *** [Jd Ks 9s]
vitamin168: checks
MTails: bets $3
vitamin168: folds
Uncalled bet ($3) returned to MTails
MTails collected $11.76 from pot
*** SUMMARY ***
Total pot $12 | Rake $0.24
Board [Jd Ks 9s]
Seat 3: vitamin168 (big blind) folded on the Flop
Seat 4: MTails (button) (small blind) collected ($11.76)


PokerStars Hand #166027178097:  Hold'em Limit ($3/$6 USD) - 2017/02/11 4:01:16 ET
Table 'Patricia' 6-max Seat #3 is the button
Seat 3: vitamin168 ($43.34 in chips)
Seat 4: MTails ($135.76 in chips)
vitamin168: posts small blind $1
MTails: posts big blind $3
*** HOLE CARDS ***
vitamin168: folds
Uncalled bet ($2) returned to MTails
MTails collected $2 from pot
MTails: doesn't show hand
*** SUMMARY ***
Total pot $2 | Rake $0
Seat 3: vitamin168 (button) (small blind) folded before Flop
Seat 4: MTails (big blind) collected ($2)


PokerStars Hand #166027173522:  Hold'em Limit ($3/$6 USD) - 2017/02/11 4:01:04 ET
Table 'Patricia' 6-max Seat #4 is the button
Seat 3: vitamin168 ($34.70 in chips)
Seat 4: MTails ($144.76 in chips)
MTails: posts small blind $1
vitamin168: posts big blind $3
*** HOLE CARDS ***
MTails: raises $3 to $6
vitamin168: calls $3
*** FLOP *** [5c Ad Jc]
vitamin168: checks
MTails: bets $3
vitamin168: raises $3 to $6
MTails: folds
Uncalled bet ($3) returned to vitamin168
vitamin168 collected $17.64 from pot
vitamin168: doesn't show hand
*** SUMMARY ***
Total pot $18 | Rake $0.36
Board [5c Ad Jc]
Seat 3: vitamin168 (big blind) collected ($17.64)
Seat 4: MTails (button) (small blind) folded on the Flop


PokerStars Hand #166027169456:  Hold'em Limit ($3/$6 USD) - 2017/02/11 4:00:53 ET
Table 'Patricia' 6-max Seat #3 is the button
Seat 3: vitamin168 ($28.94 in chips)
Seat 4: MTails ($150.76 in chips)
vitamin168: posts small blind $1
MTails: posts big blind $3
*** HOLE CARDS ***
vitamin168: raises $3 to $6
MTails: calls $3
*** FLOP *** [6s 6h As]
MTails: checks
vitamin168: bets $3
MTails: folds
Uncalled bet ($3) returned to vitamin168
vitamin168 collected $11.76 from pot
vitamin168: doesn't show hand
*** SUMMARY ***
Total pot $12 | Rake $0.24
Board [6s 6h As]
Seat 3: vitamin168 (button) (small blind) collected ($11.76)
Seat 4: MTails (big blind) folded on the Flop


PokerStars Hand #166027165939:  Hold'em Limit ($3/$6 USD) - 2017/02/11 4:00:43 ET
Table 'Patricia' 6-max Seat #4 is the button
Seat 3: vitamin168 ($31.94 in chips)
Seat 4: MTails ($147.76 in chips)
MTails: posts small blind $1
vitamin168: posts big blind $3
*** HOLE CARDS ***
MTails: raises $3 to $6
vitamin168: folds
Uncalled bet ($3) returned to MTails
MTails collected $6 from pot
MTails: doesn't show hand
*** SUMMARY ***
Total pot $6 | Rake $0
Seat 3: vitamin168 (big blind) folded before Flop
Seat 4: MTails (button) (small blind) collected ($6)


PokerStars Hand #166027163842:  Hold'em Limit ($3/$6 USD) - 2017/02/11 4:00:38 ET
Table 'Patricia' 6-max Seat #3 is the button
Seat 3: vitamin168 ($32.94 in chips)
Seat 4: MTails ($146.76 in chips)
vitamin168: posts small blind $1
MTails: posts big blind $3
*** HOLE CARDS ***
vitamin168: folds
Uncalled bet ($2) returned to MTails
MTails collected $2 from pot
MTails: doesn't show hand
*** SUMMARY ***
Total pot $2 | Rake $0
Seat 3: vitamin168 (button) (small blind) folded before Flop
Seat 4: MTails (big blind) collected ($2)


PokerStars Hand #166027155276:  Hold'em Limit ($3/$6 USD) - 2017/02/11 4:00:14 ET
Table 'Patricia' 6-max Seat #4 is the button
Seat 3: vitamin168 ($59.94 in chips)
Seat 4: MTails ($120.26 in chips)
MTails: posts small blind $1
vitamin168: posts big blind $3
*** HOLE CARDS ***
MTails: raises $3 to $6
vitamin168: calls $3
*** FLOP *** [Js 9c 5d]
vitamin168: checks
MTails: bets $3
vitamin168: calls $3
*** TURN *** [Js 9c 5d] [Qs]
vitamin168: checks
MTails: bets $6
vitamin168: calls $6
*** RIVER *** [Js 9c 5d Qs] [8h]
vitamin168: bets $6
MTails: raises $6 to $12
vitamin168: calls $6
*** SHOW DOWN ***
MTails: shows [Kd Th] (a straight, Nine to King)
vitamin168: mucks hand
MTails collected $53.50 from pot
*** SUMMARY ***
Total pot $54 | Rake $0.50
Board [Js 9c 5d Qs 8h]
Seat 3: vitamin168 (big blind) mucked
Seat 4: MTails (button) (small blind) showed [Kd Th] and won ($53.50) with a straight, Nine to King


PokerStars Hand #166027199098:  Hold'em Limit ($3/$6 USD) - 2017/02/11 4:02:11 ET
Table 'Patricia' 6-max Seat #3 is the button
Seat 3: vitamin168 ($55.84 in chips)
Seat 4: MTails ($122.40 in chips)
vitamin168: posts small blind $1
MTails: posts big blind $3
*** HOLE CARDS ***
vitamin168: raises $3 to $6
MTails: calls $3
*** FLOP *** [4s Ad Jc]
MTails: checks
vitamin168: bets $3
MTails: calls $3
*** TURN *** [4s Ad Jc] [7h]
MTails: checks
vitamin168: bets $6
MTails: calls $6
*** RIVER *** [4s Ad Jc 7h] [Td]
MTails: checks
vitamin168: bets $6
MTails: raises $6 to $12
vitamin168: calls $6
*** SHOW DOWN ***
MTails: shows [Ts 7c] (two pair, Tens and Sevens)
vitamin168: mucks hand
MTails collected $53.50 from pot
*** SUMMARY ***
Total pot $54 | Rake $0.50
Board [4s Ad Jc 7h Td]
Seat 3: vitamin168 (button) (small blind) mucked
Seat 4: MTails (big blind) showed [Ts 7c] and won ($53.50) with two pair, Tens and Sevens


PokerStars Hand #166027197158:  Hold'em Limit ($3/$6 USD) - 2017/02/11 4:02:06 ET
Table 'Patricia' 6-max Seat #4 is the button
Seat 3: vitamin168 ($54.84 in chips)
Seat 4: MTails ($123.40 in chips)
MTails: posts small blind $1
vitamin168: posts big blind $3
*** HOLE CARDS ***
MTails: folds
Uncalled bet ($2) returned to vitamin168
vitamin168 collected $2 from pot
vitamin168: doesn't show hand
*** SUMMARY ***
Total pot $2 | Rake $0
Seat 3: vitamin168 (big blind) collected ($2)
Seat 4: MTails (button) (small blind) folded before Flop


PokerStars Hand #166027195208:  Hold'em Limit ($3/$6 USD) - 2017/02/11 4:02:00 ET
Table 'Patricia' 6-max Seat #3 is the button
Seat 3: vitamin168 ($55.84 in chips)
Seat 4: MTails ($122.40 in chips)
vitamin168: posts small blind $1
MTails: posts big blind $3
*** HOLE CARDS ***
vitamin168: folds
Uncalled bet ($2) returned to MTails
MTails collected $2 from pot
MTails: doesn't show hand
*** SUMMARY ***
Total pot $2 | Rake $0
Seat 3: vitamin168 (button) (small blind) folded before Flop
Seat 4: MTails (big blind) collected ($2)


PokerStars Hand #166027189413:  Hold'em Limit ($3/$6 USD) - 2017/02/11 4:01:45 ET
Table 'Patricia' 6-max Seat #4 is the button
Seat 3: vitamin168 ($64.84 in chips)
Seat 4: MTails ($113.76 in chips)
MTails: posts small blind $1
vitamin168: posts big blind $3
*** HOLE CARDS ***
MTails: raises $3 to $6
vitamin168: calls $3
*** FLOP *** [2h 7s 6d]
vitamin168: checks
MTails: bets $3
vitamin168: calls $3
*** TURN *** [2h 7s 6d] [Jh]
vitamin168: checks
MTails: bets $6
vitamin168: folds
Uncalled bet ($6) returned to MTails
MTails collected $17.64 from pot
*** SUMMARY ***
Total pot $18 | Rake $0.36
Board [2h 7s 6d Jh]
Seat 3: vitamin168 (big blind) folded on the Turn
Seat 4: MTails (button) (small blind) collected ($17.64)


PokerStars Hand #166027187403:  Hold'em Limit ($3/$6 USD) - 2017/02/11 4:01:40 ET
Table 'Patricia' 6-max Seat #3 is the button
Seat 3: vitamin168 ($65.84 in chips)
Seat 4: MTails ($112.76 in chips)
vitamin168: posts small blind $1
MTails: posts big blind $3
*** HOLE CARDS ***
vitamin168: folds
Uncalled bet ($2) returned to MTails
MTails collected $2 from pot
MTails: doesn't show hand
*** SUMMARY ***
Total pot $2 | Rake $0
Seat 3: vitamin168 (button) (small blind) folded before Flop
Seat 4: MTails (big blind) collected ($2)


PokerStars Hand #166027180057:  Hold'em Limit ($3/$6 USD) - 2017/02/11 4:01:21 ET
Table 'Patricia' 6-max Seat #4 is the button
Seat 3: vitamin168 ($42.34 in chips)
Seat 4: MTails ($136.76 in chips)
MTails: posts small blind $1
vitamin168: posts big blind $3
*** HOLE CARDS ***
MTails: raises $3 to $6
vitamin168: calls $3
*** FLOP *** [Ad 9h 7s]
vitamin168: checks
MTails: bets $3
vitamin168: raises $3 to $6
MTails: calls $3
*** TURN *** [Ad 9h 7s] [5h]
vitamin168: bets $6
MTails: calls $6
*** RIVER *** [Ad 9h 7s 5h] [5s]
vitamin168: bets $6
MTails: calls $6
*** SHOW DOWN ***
vitamin168: shows [Ah Jc] (two pair, Aces and Fives)
MTails: mucks hand
vitamin168 collected $47.50 from pot
*** SUMMARY ***
Total pot $48 | Rake $0.50
Board [Ad 9h 7s 5h 5s]
Seat 3: vitamin168 (big blind) showed [Ah Jc] and won ($47.50) with two pair, Aces and Fives
Seat 4: MTails (button) (small blind) mucked


PokerStars Hand #166027226731:  Hold'em Limit ($3/$6 USD) - 2017/02/11 4:03:22 ET
Table 'Patricia' 6-max Seat #3 is the button
Seat 3: vitamin168 ($69.98 in chips)
Seat 4: MTails ($106.90 in chips)
vitamin168: posts small blind $1
MTails: posts big blind $3
*** HOLE CARDS ***
vitamin168: folds
Uncalled bet ($2) returned to MTails
MTails collected $2 from pot
*** SUMMARY ***
Total pot $2 | Rake $0
Seat 3: vitamin168 (button) (small blind) folded before Flop
Seat 4: MTails (big blind) collected ($2)


PokerStars Hand #166027217648:  Hold'em Limit ($3/$6 USD) - 2017/02/11 4:02:59 ET
Table 'Patricia' 6-max Seat #4 is the button
Seat 3: vitamin168 ($40.48 in chips)
Seat 4: MTails ($136.90 in chips)
MTails: posts small blind $1
vitamin168: posts big blind $3
*** HOLE CARDS ***
MTails: raises $3 to $6
vitamin168: calls $3
*** FLOP *** [2d Kc 6h]
rascal_319 joins the table at seat #5
vitamin168: checks
MTails: bets $3
vitamin168: raises $3 to $6
MTails: calls $3
*** TURN *** [2d Kc 6h] [4c]
vitamin168: bets $6
MTails: calls $6
*** RIVER *** [2d Kc 6h 4c] [Ac]
vitamin168: bets $6
MTails: raises $6 to $12
vitamin168: raises $6 to $18
MTails: folds
Uncalled bet ($6) returned to vitamin168
vitamin168 collected $59.50 from pot
vitamin168: doesn't show hand
*** SUMMARY ***
Total pot $60 | Rake $0.50
Board [2d Kc 6h 4c Ac]
Seat 3: vitamin168 (big blind) collected ($59.50)
Seat 4: MTails (button) (small blind) folded on the River


PokerStars Hand #166027215507:  Hold'em Limit ($3/$6 USD) - 2017/02/11 4:02:54 ET
Table 'Patricia' 6-max Seat #3 is the button
Seat 3: vitamin168 ($37.48 in chips)
Seat 4: MTails ($139.90 in chips)
vitamin168: posts small blind $1
MTails: posts big blind $3
*** HOLE CARDS ***
vitamin168: raises $3 to $6
MTails: folds
Uncalled bet ($3) returned to vitamin168
vitamin168 collected $6 from pot
vitamin168: doesn't show hand
*** SUMMARY ***
Total pot $6 | Rake $0
Seat 3: vitamin168 (button) (small blind) collected ($6)
Seat 4: MTails (big blind) folded before Flop


PokerStars Hand #166027211010:  Hold'em Limit ($3/$6 USD) - 2017/02/11 4:02:42 ET
Table 'Patricia' 6-max Seat #3 is the button
Seat 3: vitamin168 ($37.48 in chips)
Seat 4: MTails ($139.90 in chips)
vitamin168: posts small blind $1
MTails: posts big blind $3
*** HOLE CARDS ***
vitamin168: raises $3 to $6
MTails: folds
Uncalled bet ($3) returned to vitamin168
vitamin168 collected $6 from pot
vitamin168: doesn't show hand
*** SUMMARY ***
Total pot $6 | Rake $0
Seat 3: vitamin168 (button) (small blind) collected ($6)
Seat 4: MTails (big blind) folded before Flop


PokerStars Hand #166027206550:  Hold'em Limit ($3/$6 USD) - 2017/02/11 4:02:31 ET
Table 'Patricia' 6-max Seat #4 is the button
Seat 3: vitamin168 ($28.84 in chips)
Seat 4: MTails ($148.90 in chips)
MTails: posts small blind $1
vitamin168: posts big blind $3
*** HOLE CARDS ***
MTails: raises $3 to $6
vitamin168: calls $3
*** FLOP *** [8c Qc 8h]
vitamin168: checks
MTails: bets $3
vitamin168: raises $3 to $6
MTails: folds
Uncalled bet ($3) returned to vitamin168
vitamin168 collected $17.64 from pot
vitamin168: doesn't show hand
*** SUMMARY ***
Total pot $18 | Rake $0.36
Board [8c Qc 8h]
Seat 3: vitamin168 (big blind) collected ($17.64)
Seat 4: MTails (button) (small blind) folded on the Flop


PokerStars Hand #166034206375:  Hold'em Limit ($3/$6 USD) - 2017/02/11 7:53:42 ET
Table 'Patricia' 6-max Seat #1 is the button
Seat 1: belik555 ($394.77 in chips)
Seat 3: numbnutzzzzz ($205.12 in chips)
belik555: posts small blind $1
numbnutzzzzz: posts big blind $3
*** HOLE CARDS ***
belik555: folds
Uncalled bet ($2) returned to numbnutzzzzz
numbnutzzzzz collected $2 from pot
numbnutzzzzz: doesn't show hand
*** SUMMARY ***
Total pot $2 | Rake $0
Seat 1: belik555 (button) (small blind) folded before Flop
Seat 3: numbnutzzzzz (big blind) collected ($2)


PokerStars Hand #166034203057:  Hold'em Limit ($3/$6 USD) - 2017/02/11 7:53:37 ET
Table 'Patricia' 6-max Seat #3 is the button
Seat 1: belik555 ($393.77 in chips)
Seat 3: numbnutzzzzz ($206.12 in chips)
numbnutzzzzz: posts small blind $1
belik555: posts big blind $3
*** HOLE CARDS ***
numbnutzzzzz: folds
Uncalled bet ($2) returned to belik555
belik555 collected $2 from pot
belik555: doesn't show hand
*** SUMMARY ***
Total pot $2 | Rake $0
Seat 1: belik555 (big blind) collected ($2)
Seat 3: numbnutzzzzz (button) (small blind) folded before Flop


PokerStars Hand #166034199542:  Hold'em Limit ($3/$6 USD) - 2017/02/11 7:53:32 ET
Table 'Patricia' 6-max Seat #1 is the button
Seat 1: belik555 ($394.77 in chips)
Seat 3: numbnutzzzzz ($205.12 in chips)
belik555: posts small blind $1
Spriysugen: is sitting out
numbnutzzzzz: posts big blind $3
*** HOLE CARDS ***
belik555: folds
Uncalled bet ($2) returned to numbnutzzzzz
Spriysugen leaves the table
numbnutzzzzz collected $2 from pot
numbnutzzzzz: doesn't show hand
*** SUMMARY ***
Total pot $2 | Rake $0
Seat 1: belik555 (button) (small blind) folded before Flop
Seat 3: numbnutzzzzz (big blind) collected ($2)


PokerStars Hand #166034225455:  Hold'em Limit ($3/$6 USD) - 2017/02/11 7:54:13 ET
Table 'Patricia' 6-max Seat #1 is the button
Seat 1: belik555 ($369.77 in chips)
Seat 3: numbnutzzzzz ($229.62 in chips)
belik555: posts small blind $1
numbnutzzzzz: posts big blind $3
*** HOLE CARDS ***
belik555: raises $3 to $6
numbnutzzzzz: calls $3
*** FLOP *** [3d 2c 9c]
numbnutzzzzz: checks
belik555: bets $3
numbnutzzzzz: calls $3
*** TURN *** [3d 2c 9c] [As]
numbnutzzzzz: checks
belik555: bets $6
numbnutzzzzz: calls $6
*** RIVER *** [3d 2c 9c As] [7h]
numbnutzzzzz: checks
belik555: checks
*** SHOW DOWN ***
numbnutzzzzz: shows [9s Kd] (a pair of Nines)
belik555: mucks hand
numbnutzzzzz collected $29.50 from pot
*** SUMMARY ***
Total pot $30 | Rake $0.50
Board [3d 2c 9c As 7h]
Seat 1: belik555 (button) (small blind) mucked
Seat 3: numbnutzzzzz (big blind) showed [9s Kd] and won ($29.50) with a pair of Nines


PokerStars Hand #166034209626:  Hold'em Limit ($3/$6 USD) - 2017/02/11 7:53:48 ET
Table 'Patricia' 6-max Seat #3 is the button
Seat 1: belik555 ($393.77 in chips)
Seat 3: numbnutzzzzz ($206.12 in chips)
numbnutzzzzz: posts small blind $1
belik555: posts big blind $3
*** HOLE CARDS ***
ABATAPP joins the table at seat #4
numbnutzzzzz: raises $3 to $6
belik555: calls $3
*** FLOP *** [9s Td Qc]
belik555: checks
numbnutzzzzz: bets $3
belik555: raises $3 to $6
numbnutzzzzz: calls $3
*** TURN *** [9s Td Qc] [4d]
Opal10 joins the table at seat #6
belik555: bets $6
numbnutzzzzz: calls $6
*** RIVER *** [9s Td Qc 4d] [Kd]
belik555: bets $6
numbnutzzzzz: calls $6
*** SHOW DOWN ***
belik555: shows [Qd 7c] (a pair of Queens)
numbnutzzzzz: shows [4c Kh] (two pair, Kings and Fours)
numbnutzzzzz collected $47.50 from pot
*** SUMMARY ***
Total pot $48 | Rake $0.50
Board [9s Td Qc 4d Kd]
Seat 1: belik555 (big blind) showed [Qd 7c] and lost with a pair of Queens
Seat 3: numbnutzzzzz (button) (small blind) showed [4c Kh] and won ($47.50) with two pair, Kings and Fours


PokerStars Hand #166034734881:  Hold'em Limit ($3/$6 USD) - 2017/02/11 8:08:24 ET
Table 'Patricia' 6-max Seat #4 is the button
Seat 3: numbnutzzzzz ($266.77 in chips)
Seat 4: ABATAPP ($145.41 in chips)
ABATAPP: posts small blind $1
numbnutzzzzz: posts big blind $3
*** HOLE CARDS ***
ABATAPP: folds
Uncalled bet ($2) returned to numbnutzzzzz
numbnutzzzzz collected $2 from pot
numbnutzzzzz: doesn't show hand
*** SUMMARY ***
Total pot $2 | Rake $0
Seat 3: numbnutzzzzz (big blind) collected ($2)
Seat 4: ABATAPP (button) (small blind) folded before Flop


PokerStars Hand #166034742803:  Hold'em Limit ($3/$6 USD) - 2017/02/11 8:08:36 ET
Table 'Patricia' 6-max Seat #3 is the button
Seat 3: numbnutzzzzz ($267.77 in chips)
Seat 4: ABATAPP ($144.41 in chips)
numbnutzzzzz: posts small blind $1
ABATAPP: posts big blind $3
*** HOLE CARDS ***
numbnutzzzzz: raises $3 to $6
ABATAPP: calls $3
*** FLOP *** [6d 3s 3c]
ABATAPP: checks
numbnutzzzzz: bets $3
ABATAPP: raises $3 to $6
numbnutzzzzz: calls $3
*** TURN *** [6d 3s 3c] [9c]
ABATAPP: bets $6
numbnutzzzzz: calls $6
*** RIVER *** [6d 3s 3c 9c] [5c]
ABATAPP: bets $6
numbnutzzzzz: calls $6
*** SHOW DOWN ***
ABATAPP: shows [Ah 9s] (two pair, Nines and Threes)
numbnutzzzzz: shows [9h As] (two pair, Nines and Threes)
ABATAPP collected $23.75 from pot
numbnutzzzzz collected $23.75 from pot
*** SUMMARY ***
Total pot $48 | Rake $0.50
Board [6d 3s 3c 9c 5c]
Seat 3: numbnutzzzzz (button) (small blind) showed [9h As] and won ($23.75) with two pair, Nines and Threes
Seat 4: ABATAPP (big blind) showed [Ah 9s] and won ($23.75) with two pair, Nines and Threes


PokerStars Hand #166034766222:  Hold'em Limit ($3/$6 USD) - 2017/02/11 8:09:13 ET
Table 'Patricia' 6-max Seat #3 is the button
Seat 3: numbnutzzzzz ($261.52 in chips)
Seat 4: ABATAPP ($149.92 in chips)
numbnutzzzzz: posts small blind $1
ABATAPP: posts big blind $3
*** HOLE CARDS ***
numbnutzzzzz: raises $3 to $6
ABATAPP: calls $3
*** FLOP *** [As Ts 7h]
ABATAPP: checks
numbnutzzzzz: bets $3
ABATAPP: raises $3 to $6
numbnutzzzzz: calls $3
*** TURN *** [As Ts 7h] [Kh]
ABATAPP: bets $6
numbnutzzzzz: folds
Uncalled bet ($6) returned to ABATAPP
ABATAPP collected $23.52 from pot
ABATAPP: doesn't show hand
*** SUMMARY ***
Total pot $24 | Rake $0.48
Board [As Ts 7h Kh]
Seat 3: numbnutzzzzz (button) (small blind) folded on the Turn
Seat 4: ABATAPP (big blind) collected ($23.52)


PokerStars Hand #166034756108:  Hold'em Limit ($3/$6 USD) - 2017/02/11 8:08:57 ET
Table 'Patricia' 6-max Seat #4 is the button
Seat 3: numbnutzzzzz ($267.52 in chips)
Seat 4: ABATAPP ($144.16 in chips)
ABATAPP: posts small blind $1
numbnutzzzzz: posts big blind $3
*** HOLE CARDS ***
ABATAPP: raises $3 to $6
numbnutzzzzz: calls $3
*** FLOP *** [2d 4s Qc]
numbnutzzzzz: checks
ABATAPP: bets $3
numbnutzzzzz: folds
Uncalled bet ($3) returned to ABATAPP
ABATAPP collected $11.76 from pot
ABATAPP: doesn't show hand
*** SUMMARY ***
Total pot $12 | Rake $0.24
Board [2d 4s Qc]
Seat 3: numbnutzzzzz (big blind) folded on the Flop
Seat 4: ABATAPP (button) (small blind) collected ($11.76)


PokerStars Hand #166035081971:  Hold'em Limit ($3/$6 USD) - 2017/02/11 8:17:24 ET
Table 'Patricia' 6-max Seat #4 is the button
Seat 2: Fantomet ($153.62 in chips)
Seat 4: ABATAPP ($161.44 in chips)
ABATAPP: posts small blind $1
Fantomet: posts big blind $3
*** HOLE CARDS ***
ABATAPP: folds
Uncalled bet ($2) returned to Fantomet
Fantomet collected $2 from pot
*** SUMMARY ***
Total pot $2 | Rake $0
Seat 2: Fantomet (big blind) collected ($2)
Seat 4: ABATAPP (button) (small blind) folded before Flop


PokerStars Hand #166035085911:  Hold'em Limit ($3/$6 USD) - 2017/02/11 8:17:30 ET
Table 'Patricia' 6-max Seat #2 is the button
Seat 2: Fantomet ($154.62 in chips)
Seat 4: ABATAPP ($160.44 in chips)
Fantomet: posts small blind $1
ABATAPP: posts big blind $3
*** HOLE CARDS ***
Fantomet: raises $3 to $6
ABATAPP: calls $3
*** FLOP *** [4h 2d Kh]
ABATAPP: checks
Fantomet: checks
*** TURN *** [4h 2d Kh] [4s]
ABATAPP: checks
Fantomet: checks
*** RIVER *** [4h 2d Kh 4s] [Ad]
ABATAPP: checks
Fantomet: checks
*** SHOW DOWN ***
ABATAPP: shows [Kd 3d] (two pair, Kings and Fours)
Fantomet: mucks hand
ABATAPP collected $11.76 from pot
*** SUMMARY ***
Total pot $12 | Rake $0.24
Board [4h 2d Kh 4s Ad]
Seat 2: Fantomet (button) (small blind) mucked
Seat 4: ABATAPP (big blind) showed [Kd 3d] and won ($11.76) with two pair, Kings and Fours


PokerStars Hand #166035098394:  Hold'em Limit ($3/$6 USD) - 2017/02/11 8:17:50 ET
Table 'Patricia' 6-max Seat #4 is the button
Seat 2: Fantomet ($148.62 in chips)
Seat 4: ABATAPP ($166.20 in chips)
ABATAPP: posts small blind $1
Fantomet: posts big blind $3
*** HOLE CARDS ***
ABATAPP: folds
Uncalled bet ($2) returned to Fantomet
Fantomet collected $2 from pot
*** SUMMARY ***
Total pot $2 | Rake $0
Seat 2: Fantomet (big blind) collected ($2)
Seat 4: ABATAPP (button) (small blind) folded before Flop


PokerStars Hand #166035600017:  Hold'em Limit ($3/$6 USD) - 2017/02/11 8:30:33 ET
Table 'Patricia' 6-max Seat #3 is the button
Seat 3: numbnutzzzzz ($176.89 in chips)
Seat 4: ABATAPP ($120.77 in chips)
numbnutzzzzz: posts small blind $1
ABATAPP: posts big blind $3
*** HOLE CARDS ***
numbnutzzzzz: raises $3 to $6
ABATAPP: folds
Uncalled bet ($3) returned to numbnutzzzzz
numbnutzzzzz collected $6 from pot
numbnutzzzzz: doesn't show hand
*** SUMMARY ***
Total pot $6 | Rake $0
Seat 3: numbnutzzzzz (button) (small blind) collected ($6)
Seat 4: ABATAPP (big blind) folded before Flop


PokerStars Hand #166035580220:  Hold'em Limit ($3/$6 USD) - 2017/02/11 8:30:04 ET
Table 'Patricia' 6-max Seat #4 is the button
Seat 3: numbnutzzzzz ($191.89 in chips)
Seat 4: ABATAPP ($106.27 in chips)
ABATAPP: posts small blind $1
numbnutzzzzz: posts big blind $3
*** HOLE CARDS ***
ABATAPP: raises $3 to $6
numbnutzzzzz: calls $3
*** FLOP *** [4h 3h 3s]
numbnutzzzzz: checks
ABATAPP: bets $3
numbnutzzzzz: calls $3
*** TURN *** [4h 3h 3s] [9s]
numbnutzzzzz: checks
ABATAPP: checks
*** RIVER *** [4h 3h 3s 9s] [Ks]
numbnutzzzzz: bets $6
ABATAPP: raises $6 to $12
numbnutzzzzz: folds
Uncalled bet ($6) returned to ABATAPP
ABATAPP collected $29.50 from pot
ABATAPP: doesn't show hand
*** SUMMARY ***
Total pot $30 | Rake $0.50
Board [4h 3h 3s 9s Ks]
Seat 3: numbnutzzzzz (big blind) folded on the River
Seat 4: ABATAPP (button) (small blind) collected ($29.50)


PokerStars Hand #166039715696:  Hold'em Limit ($3/$6 USD) - 2017/02/11 10:08:25 ET
Table 'Patricia' 6-max Seat #2 is the button
Seat 2: skogsbarn ($120 in chips)
Seat 5: laubes04 ($120 in chips)
skogsbarn: posts small blind $1
MTails: is sitting out
laubes04: posts big blind $3
*** HOLE CARDS ***
KIT426 joins the table at seat #3
skogsbarn: folds
Uncalled bet ($2) returned to laubes04
laubes04 collected $2 from pot
laubes04: doesn't show hand
*** SUMMARY ***
Total pot $2 | Rake $0
Seat 2: skogsbarn (button) (small blind) folded before Flop
Seat 5: laubes04 (big blind) collected ($2)


PokerStars Hand #166039735364:  Hold'em Limit ($3/$6 USD) - 2017/02/11 10:08:51 ET
Table 'Patricia' 6-max Seat #5 is the button
Seat 2: skogsbarn ($119 in chips)
Seat 5: laubes04 ($121 in chips)
laubes04: posts small blind $1
skogsbarn: posts big blind $3
*** HOLE CARDS ***
laubes04: raises $3 to $6
skogsbarn: calls $3
*** FLOP *** [4s Qc 5h]
skogsbarn: checks
laubes04: bets $3
skogsbarn: raises $3 to $6
laubes04: calls $3
*** TURN *** [4s Qc 5h] [7d]
skogsbarn: bets $6
laubes04: calls $6
*** RIVER *** [4s Qc 5h 7d] [7c]
skogsbarn: bets $6
laubes04: calls $6
*** SHOW DOWN ***
skogsbarn: shows [5c 8c] (two pair, Sevens and Fives)
laubes04: mucks hand
skogsbarn collected $47.50 from pot
*** SUMMARY ***
Total pot $48 | Rake $0.50
Board [4s Qc 5h 7d 7c]
Seat 2: skogsbarn (big blind) showed [5c 8c] and won ($47.50) with two pair, Sevens and Fives
Seat 5: laubes04 (button) (small blind) mucked


PokerStars Hand #166040394472:  Hold'em Limit ($3/$6 USD) - 2017/02/11 10:23:09 ET
Table 'Patricia' 6-max Seat #2 is the button
Seat 2: skogsbarn ($140.45 in chips)
Seat 5: laubes04 ($72.92 in chips)
skogsbarn: posts small blind $1
laubes04: posts big blind $3
*** HOLE CARDS ***
skogsbarn: folds
Uncalled bet ($2) returned to laubes04
laubes04 collected $2 from pot
laubes04: doesn't show hand
*** SUMMARY ***
Total pot $2 | Rake $0
Seat 2: skogsbarn (button) (small blind) folded before Flop
Seat 5: laubes04 (big blind) collected ($2)


PokerStars Hand #166040388514:  Hold'em Limit ($3/$6 USD) - 2017/02/11 10:23:02 ET
Table 'Patricia' 6-max Seat #5 is the button
Seat 2: skogsbarn ($143.45 in chips)
Seat 5: laubes04 ($69.92 in chips)
laubes04: posts small blind $1
DePokeraap: is sitting out
skogsbarn: posts big blind $3
*** HOLE CARDS ***
DePokeraap leaves the table
laubes04: raises $3 to $6
skogsbarn: folds
Uncalled bet ($3) returned to laubes04
laubes04 collected $6 from pot
laubes04: doesn't show hand
*** SUMMARY ***
Total pot $6 | Rake $0
Seat 2: skogsbarn (big blind) folded before Flop
Seat 5: laubes04 (button) (small blind) collected ($6)


PokerStars Hand #166042277536:  Hold'em Limit ($3/$6 USD) - 2017/02/11 11:03:48 ET
Table 'Patricia' 6-max Seat #3 is the button
Seat 3: tttzzz ($140.68 in chips)
Seat 4: Fabulous108 ($126.61 in chips)
tttzzz: posts small blind $1
Fabulous108: posts big blind $3
*** HOLE CARDS ***
tttzzz: folds
Uncalled bet ($2) returned to Fabulous108
Fabulous108 collected $2 from pot
Fabulous108: doesn't show hand
*** SUMMARY ***
Total pot $2 | Rake $0
Seat 3: tttzzz (button) (small blind) folded before Flop
Seat 4: Fabulous108 (big blind) collected ($2)


PokerStars Hand #166042248340:  Hold'em Limit ($3/$6 USD) - 2017/02/11 11:03:11 ET
Table 'Patricia' 6-max Seat #4 is the button
Seat 3: tttzzz ($129.16 in chips)
Seat 4: Fabulous108 ($78.61 in chips)
Fabulous108: posts small blind $1
laubes04: is sitting out
tttzzz: posts big blind $3
*** HOLE CARDS ***
Fabulous108: raises $3 to $6
tttzzz: raises $3 to $9
vitamin168 leaves the table
Fabulous108: calls $3
*** FLOP *** [6s Ah 7s]
tttzzz: bets $3
Fabulous108: calls $3
*** TURN *** [6s Ah 7s] [8s]
tttzzz: bets $6
Fabulous108: folds
Uncalled bet ($6) returned to tttzzz
tttzzz collected $23.52 from pot
tttzzz: doesn't show hand
*** SUMMARY ***
Total pot $24 | Rake $0.48
Board [6s Ah 7s 8s]
Seat 3: tttzzz (big blind) collected ($23.52)
Seat 4: Fabulous108 (button) (small blind) folded on the Turn


PokerStars Hand #166042308696:  Hold'em Limit ($3/$6 USD) - 2017/02/11 11:04:26 ET
Table 'Patricia' 6-max Seat #4 is the button
Seat 2: MATEKATA2 ($281.71 in chips)
Seat 4: Fabulous108 ($126.36 in chips)
Fabulous108: posts small blind $1
MATEKATA2: posts big blind $3
*** HOLE CARDS ***
Fabulous108: raises $3 to $6
MATEKATA2: calls $3
*** FLOP *** [9s 9h 4d]
MATEKATA2: bets $3
Fabulous108: calls $3
*** TURN *** [9s 9h 4d] [6s]
MATEKATA2: bets $6
Fabulous108: calls $6
*** RIVER *** [9s 9h 4d 6s] [Qc]
MATEKATA2: bets $6
Fabulous108: folds
Uncalled bet ($6) returned to MATEKATA2
MATEKATA2 collected $29.50 from pot
*** SUMMARY ***
Total pot $30 | Rake $0.50
Board [9s 9h 4d 6s Qc]
Seat 2: MATEKATA2 (big blind) collected ($29.50)
Seat 4: Fabulous108 (button) (small blind) folded on the River


PokerStars Hand #166042291913:  Hold'em Limit ($3/$6 USD) - 2017/02/11 11:04:05 ET
Table 'Patricia' 6-max Seat #2 is the button
Seat 2: MATEKATA2 ($281.96 in chips)
Seat 4: Fabulous108 ($126.61 in chips)
MATEKATA2: posts small blind $1
Fabulous108: posts big blind $3
*** HOLE CARDS ***
MATEKATA2: raises $3 to $6
Fabulous108: calls $3
*** FLOP *** [3s 6c 5c]
Fabulous108: checks
MATEKATA2: bets $3
Fabulous108: raises $3 to $6
MATEKATA2: calls $3
*** TURN *** [3s 6c 5c] [7s]
Fabulous108: bets $6
MATEKATA2: calls $6
*** RIVER *** [3s 6c 5c 7s] [4s]
Fabulous108: bets $6
MATEKATA2: calls $6
*** SHOW DOWN ***
Fabulous108: shows [5h 4c] (a straight, Three to Seven)
MATEKATA2: shows [Th Ac] (a straight, Three to Seven)
Fabulous108 collected $23.75 from pot
MATEKATA2 collected $23.75 from pot
*** SUMMARY ***
Total pot $48 | Rake $0.50
Board [3s 6c 5c 7s 4s]
Seat 2: MATEKATA2 (button) (small blind) showed [Th Ac] and won ($23.75) with a straight, Three to Seven
Seat 4: Fabulous108 (big blind) showed [5h 4c] and won ($23.75) with a straight, Three to Seven


