PokerStars Hand #170401881298:  Hold'em Limit ($3/$6 USD) - 2017/05/14 8:37:18 ET
Table 'Paulina II' 6-max Seat #4 is the button
Seat 3: winyku4eto ($44.66 in chips)
Seat 4: Agrotait ($83.52 in chips)
Agrotait: posts small blind $1
winyku4eto: posts big blind $3
*** HOLE CARDS ***
Agrotait: raises $3 to $6
winyku4eto: folds
Uncalled bet ($3) returned to Agrotait
Agrotait collected $6 from pot
Agrotait: doesn't show hand
*** SUMMARY ***
Total pot $6 | Rake $0
Seat 3: winyku4eto (big blind) folded before Flop
Seat 4: Agrotait (button) (small blind) collected ($6)


PokerStars Hand #170401870453:  Hold'em Limit ($3/$6 USD) - 2017/05/14 8:37:00 ET
Table 'Paulina II' 6-max Seat #3 is the button
Seat 3: winyku4eto ($56.66 in chips)
Seat 4: Agrotait ($72 in chips)
winyku4eto: posts small blind $1
Agrotait: posts big blind $3
*** HOLE CARDS ***
winyku4eto: raises $3 to $6
Agrotait: calls $3
*** FLOP *** [8s 5c 4h]
Agrotait: checks
winyku4eto: checks
*** TURN *** [8s 5c 4h] [9h]
Agrotait: bets $6
winyku4eto: calls $6
*** RIVER *** [8s 5c 4h 9h] [7d]
Agrotait: bets $6
winyku4eto: folds
Uncalled bet ($6) returned to Agrotait
Agrotait collected $23.52 from pot
Agrotait: doesn't show hand
*** SUMMARY ***
Total pot $24 | Rake $0.48
Board [8s 5c 4h 9h 7d]
Seat 3: winyku4eto (button) (small blind) folded on the River
Seat 4: Agrotait (big blind) collected ($23.52)


PokerStars Hand #170401910369:  Hold'em Limit ($3/$6 USD) - 2017/05/14 8:38:08 ET
Table 'Paulina II' 6-max Seat #4 is the button
Seat 3: winyku4eto ($35.42 in chips)
Seat 4: Agrotait ($92.02 in chips)
Agrotait: posts small blind $1
winyku4eto: posts big blind $3
*** HOLE CARDS ***
Agrotait: raises $3 to $6
winyku4eto: folds
Uncalled bet ($3) returned to Agrotait
Agrotait collected $6 from pot
Agrotait: doesn't show hand
*** SUMMARY ***
Total pot $6 | Rake $0
Seat 3: winyku4eto (big blind) folded before Flop
Seat 4: Agrotait (button) (small blind) collected ($6)


PokerStars Hand #170401903571:  Hold'em Limit ($3/$6 USD) - 2017/05/14 8:37:57 ET
Table 'Paulina II' 6-max Seat #3 is the button
Seat 3: winyku4eto ($32.42 in chips)
Seat 4: Agrotait ($95.02 in chips)
winyku4eto: posts small blind $1
Agrotait: posts big blind $3
*** HOLE CARDS ***
winyku4eto: raises $3 to $6
Agrotait: folds
Uncalled bet ($3) returned to winyku4eto
winyku4eto collected $6 from pot
winyku4eto: doesn't show hand
*** SUMMARY ***
Total pot $6 | Rake $0
Seat 3: winyku4eto (button) (small blind) collected ($6)
Seat 4: Agrotait (big blind) folded before Flop


PokerStars Hand #170401893240:  Hold'em Limit ($3/$6 USD) - 2017/05/14 8:37:39 ET
Table 'Paulina II' 6-max Seat #4 is the button
Seat 3: winyku4eto ($47.42 in chips)
Seat 4: Agrotait ($80.52 in chips)
Agrotait: posts small blind $1
winyku4eto: posts big blind $3
*** HOLE CARDS ***
Agrotait: raises $3 to $6
winyku4eto: calls $3
*** FLOP *** [9c Kh Tc]
winyku4eto: checks
Agrotait: bets $3
winyku4eto: calls $3
*** TURN *** [9c Kh Tc] [9d]
winyku4eto: checks
Agrotait: checks
*** RIVER *** [9c Kh Tc 9d] [Ad]
winyku4eto: bets $6
Agrotait: calls $6
*** SHOW DOWN ***
winyku4eto: shows [Qc 7d] (a pair of Nines)
Agrotait: shows [Ac 5s] (two pair, Aces and Nines)
Agrotait collected $29.50 from pot
*** SUMMARY ***
Total pot $30 | Rake $0.50
Board [9c Kh Tc 9d Ad]
Seat 3: winyku4eto (big blind) showed [Qc 7d] and lost with a pair of Nines
Seat 4: Agrotait (button) (small blind) showed [Ac 5s] and won ($29.50) with two pair, Aces and Nines


PokerStars Hand #170401884641:  Hold'em Limit ($3/$6 USD) - 2017/05/14 8:37:24 ET
Table 'Paulina II' 6-max Seat #3 is the button
Seat 3: winyku4eto ($41.66 in chips)
Seat 4: Agrotait ($86.52 in chips)
winyku4eto: posts small blind $1
Agrotait: posts big blind $3
*** HOLE CARDS ***
winyku4eto: raises $3 to $6
Agrotait: calls $3
*** FLOP *** [6h 2c 2s]
Agrotait: checks
winyku4eto: bets $3
Agrotait: folds
Uncalled bet ($3) returned to winyku4eto
winyku4eto collected $11.76 from pot
winyku4eto: doesn't show hand
*** SUMMARY ***
Total pot $12 | Rake $0.24
Board [6h 2c 2s]
Seat 3: winyku4eto (button) (small blind) collected ($11.76)
Seat 4: Agrotait (big blind) folded on the Flop


PokerStars Hand #170401945830:  Hold'em Limit ($3/$6 USD) - 2017/05/14 8:39:10 ET
Table 'Paulina II' 6-max Seat #3 is the button
Seat 3: winyku4eto ($29.06 in chips)
Seat 4: Agrotait ($97.66 in chips)
winyku4eto: posts small blind $1
Agrotait: posts big blind $3
*** HOLE CARDS ***
winyku4eto: folds
Uncalled bet ($2) returned to Agrotait
Agrotait collected $2 from pot
Agrotait: doesn't show hand
*** SUMMARY ***
Total pot $2 | Rake $0
Seat 3: winyku4eto (button) (small blind) folded before Flop
Seat 4: Agrotait (big blind) collected ($2)


PokerStars Hand #170401938988:  Hold'em Limit ($3/$6 USD) - 2017/05/14 8:38:58 ET
Table 'Paulina II' 6-max Seat #4 is the button
Seat 3: winyku4eto ($35.06 in chips)
Seat 4: Agrotait ($91.90 in chips)
Agrotait: posts small blind $1
winyku4eto: posts big blind $3
*** HOLE CARDS ***
Agrotait: raises $3 to $6
winyku4eto: calls $3
*** FLOP *** [9d Jc 3h]
winyku4eto: checks
Agrotait: bets $3
winyku4eto: folds
Uncalled bet ($3) returned to Agrotait
Agrotait collected $11.76 from pot
Agrotait: doesn't show hand
*** SUMMARY ***
Total pot $12 | Rake $0.24
Board [9d Jc 3h]
Seat 3: winyku4eto (big blind) folded on the Flop
Seat 4: Agrotait (button) (small blind) collected ($11.76)


PokerStars Hand #170401933390:  Hold'em Limit ($3/$6 USD) - 2017/05/14 8:38:49 ET
Table 'Paulina II' 6-max Seat #3 is the button
Seat 3: winyku4eto ($38.06 in chips)
Seat 4: Agrotait ($89.02 in chips)
winyku4eto: posts small blind $1
Agrotait: posts big blind $3
*** HOLE CARDS ***
winyku4eto: calls $2
Agrotait: checks
*** FLOP *** [Ah 6h 9h]
Agrotait: bets $3
winyku4eto: folds
Uncalled bet ($3) returned to Agrotait
Agrotait collected $5.88 from pot
Agrotait: doesn't show hand
*** SUMMARY ***
Total pot $6 | Rake $0.12
Board [Ah 6h 9h]
Seat 3: winyku4eto (button) (small blind) folded on the Flop
Seat 4: Agrotait (big blind) collected ($5.88)


PokerStars Hand #170401929300:  Hold'em Limit ($3/$6 USD) - 2017/05/14 8:38:42 ET
Table 'Paulina II' 6-max Seat #4 is the button
Seat 3: winyku4eto ($41.06 in chips)
Seat 4: Agrotait ($86.02 in chips)
Agrotait: posts small blind $1
winyku4eto: posts big blind $3
*** HOLE CARDS ***
Agrotait: raises $3 to $6
winyku4eto: folds
Uncalled bet ($3) returned to Agrotait
Agrotait collected $6 from pot
*** SUMMARY ***
Total pot $6 | Rake $0
Seat 3: winyku4eto (big blind) folded before Flop
Seat 4: Agrotait (button) (small blind) collected ($6)


PokerStars Hand #170401913995:  Hold'em Limit ($3/$6 USD) - 2017/05/14 8:38:15 ET
Table 'Paulina II' 6-max Seat #3 is the button
Seat 3: winyku4eto ($32.42 in chips)
Seat 4: Agrotait ($95.02 in chips)
winyku4eto: posts small blind $1
Agrotait: posts big blind $3
*** HOLE CARDS ***
winyku4eto: raises $3 to $6
Agrotait: calls $3
*** FLOP *** [Kc 7c 2s]
Agrotait: checks
winyku4eto: bets $3
Agrotait: calls $3
*** TURN *** [Kc 7c 2s] [Jh]
Agrotait: checks
winyku4eto: checks
*** RIVER *** [Kc 7c 2s Jh] [8c]
Agrotait: checks
winyku4eto: checks
*** SHOW DOWN ***
Agrotait: shows [4d Qs] (high card King)
winyku4eto: shows [2h Ah] (a pair of Deuces)
winyku4eto collected $17.64 from pot
*** SUMMARY ***
Total pot $18 | Rake $0.36
Board [Kc 7c 2s Jh 8c]
Seat 3: winyku4eto (button) (small blind) showed [2h Ah] and won ($17.64) with a pair of Deuces
Seat 4: Agrotait (big blind) showed [4d Qs] and lost with high card King


PokerStars Hand #170401987434:  Hold'em Limit ($3/$6 USD) - 2017/05/14 8:40:22 ET
Table 'Paulina II' 6-max Seat #4 is the button
Seat 3: winyku4eto ($39.20 in chips)
Seat 4: Agrotait ($86.30 in chips)
Agrotait: posts small blind $1
winyku4eto: posts big blind $3
*** HOLE CARDS ***
Agrotait: raises $3 to $6
winyku4eto: calls $3
*** FLOP *** [Ac 6s 5s]
winyku4eto: checks
Agrotait: bets $3
winyku4eto: folds
Uncalled bet ($3) returned to Agrotait
Agrotait collected $11.76 from pot
Agrotait: doesn't show hand
*** SUMMARY ***
Total pot $12 | Rake $0.24
Board [Ac 6s 5s]
Seat 3: winyku4eto (big blind) folded on the Flop
Seat 4: Agrotait (button) (small blind) collected ($11.76)


PokerStars Hand #170401980479:  Hold'em Limit ($3/$6 USD) - 2017/05/14 8:40:10 ET
Table 'Paulina II' 6-max Seat #3 is the button
Seat 3: winyku4eto ($48.20 in chips)
Seat 4: Agrotait ($77.66 in chips)
winyku4eto: posts small blind $1
Agrotait: posts big blind $3
*** HOLE CARDS ***
winyku4eto: raises $3 to $6
Agrotait: calls $3
*** FLOP *** [2h 9c Jd]
Agrotait: checks
winyku4eto: bets $3
Agrotait: raises $3 to $6
winyku4eto: folds
Uncalled bet ($3) returned to Agrotait
Agrotait collected $17.64 from pot
Agrotait: doesn't show hand
*** SUMMARY ***
Total pot $18 | Rake $0.36
Board [2h 9c Jd]
Seat 3: winyku4eto (button) (small blind) folded on the Flop
Seat 4: Agrotait (big blind) collected ($17.64)


PokerStars Hand #170401977446:  Hold'em Limit ($3/$6 USD) - 2017/05/14 8:40:04 ET
Table 'Paulina II' 6-max Seat #4 is the button
Seat 3: winyku4eto ($51.20 in chips)
Seat 4: Agrotait ($74.66 in chips)
Agrotait: posts small blind $1
winyku4eto: posts big blind $3
*** HOLE CARDS ***
Agrotait: raises $3 to $6
winyku4eto: folds
Uncalled bet ($3) returned to Agrotait
Agrotait collected $6 from pot
Agrotait: doesn't show hand
*** SUMMARY ***
Total pot $6 | Rake $0
Seat 3: winyku4eto (big blind) folded before Flop
Seat 4: Agrotait (button) (small blind) collected ($6)


PokerStars Hand #170401961930:  Hold'em Limit ($3/$6 USD) - 2017/05/14 8:39:38 ET
Table 'Paulina II' 6-max Seat #3 is the button
Seat 3: winyku4eto ($36.70 in chips)
Seat 4: Agrotait ($89.66 in chips)
winyku4eto: posts small blind $1
Agrotait: posts big blind $3
*** HOLE CARDS ***
winyku4eto: raises $3 to $6
Agrotait: calls $3
*** FLOP *** [9h Ac 6c]
Agrotait: checks
winyku4eto: bets $3
Agrotait: calls $3
*** TURN *** [9h Ac 6c] [3c]
Agrotait: checks
winyku4eto: checks
*** RIVER *** [9h Ac 6c 3c] [9d]
Agrotait: bets $6
winyku4eto: raises $6 to $12
Agrotait: folds
Uncalled bet ($6) returned to winyku4eto
winyku4eto collected $29.50 from pot
winyku4eto: doesn't show hand
*** SUMMARY ***
Total pot $30 | Rake $0.50
Board [9h Ac 6c 3c 9d]
Seat 3: winyku4eto (button) (small blind) collected ($29.50)
Seat 4: Agrotait (big blind) folded on the River


PokerStars Hand #170401949148:  Hold'em Limit ($3/$6 USD) - 2017/05/14 8:39:16 ET
Table 'Paulina II' 6-max Seat #4 is the button
Seat 3: winyku4eto ($28.06 in chips)
Seat 4: Agrotait ($98.66 in chips)
Agrotait: posts small blind $1
winyku4eto: posts big blind $3
*** HOLE CARDS ***
Agrotait: raises $3 to $6
winyku4eto: calls $3
*** FLOP *** [As 6d 6h]
winyku4eto: checks
Agrotait: bets $3
winyku4eto: calls $3
*** TURN *** [As 6d 6h] [Qc]
winyku4eto: checks
Agrotait: checks
*** RIVER *** [As 6d 6h Qc] [3c]
winyku4eto: bets $6
Agrotait: folds
Uncalled bet ($6) returned to winyku4eto
winyku4eto collected $17.64 from pot
winyku4eto: doesn't show hand
*** SUMMARY ***
Total pot $18 | Rake $0.36
Board [As 6d 6h Qc 3c]
Seat 3: winyku4eto (big blind) collected ($17.64)
Seat 4: Agrotait (button) (small blind) folded on the River


PokerStars Hand #170402000768:  Hold'em Limit ($3/$6 USD) - 2017/05/14 8:40:44 ET
Table 'Paulina II' 6-max Seat #4 is the button
Seat 3: winyku4eto ($30.20 in chips)
Seat 4: Agrotait ($94.94 in chips)
Agrotait: posts small blind $1
winyku4eto: posts big blind $3
*** HOLE CARDS ***
Agrotait: raises $3 to $6
winyku4eto: folds
Uncalled bet ($3) returned to Agrotait
Agrotait collected $6 from pot
Agrotait: doesn't show hand
*** SUMMARY ***
Total pot $6 | Rake $0
Seat 3: winyku4eto (big blind) folded before Flop
Seat 4: Agrotait (button) (small blind) collected ($6)


PokerStars Hand #170401994273:  Hold'em Limit ($3/$6 USD) - 2017/05/14 8:40:33 ET
Table 'Paulina II' 6-max Seat #3 is the button
Seat 3: winyku4eto ($33.20 in chips)
Seat 4: Agrotait ($92.06 in chips)
winyku4eto: posts small blind $1
Agrotait: posts big blind $3
*** HOLE CARDS ***
winyku4eto: calls $2
Agrotait: checks
*** FLOP *** [8d 4s Qh]
Agrotait: bets $3
winyku4eto: folds
Uncalled bet ($3) returned to Agrotait
Agrotait collected $5.88 from pot
Agrotait: doesn't show hand
*** SUMMARY ***
Total pot $6 | Rake $0.12
Board [8d 4s Qh]
Seat 3: winyku4eto (button) (small blind) folded on the Flop
Seat 4: Agrotait (big blind) collected ($5.88)


PokerStars Hand #170402006309:  Hold'em Limit ($3/$6 USD) - 2017/05/14 8:40:54 ET
Table 'Paulina II' 6-max Seat #3 is the button
Seat 3: winyku4eto ($27.20 in chips)
Seat 4: Agrotait ($97.94 in chips)
winyku4eto: posts small blind $1
Agrotait: posts big blind $3
*** HOLE CARDS ***
winyku4eto: folds
Uncalled bet ($2) returned to Agrotait
Agrotait collected $2 from pot
Agrotait: doesn't show hand
*** SUMMARY ***
Total pot $2 | Rake $0
Seat 3: winyku4eto (button) (small blind) folded before Flop
Seat 4: Agrotait (big blind) collected ($2)


PokerStars Hand #170402009829:  Hold'em Limit ($3/$6 USD) - 2017/05/14 8:41:00 ET
Table 'Paulina II' 6-max Seat #4 is the button
Seat 3: winyku4eto ($26.20 in chips)
Seat 4: Agrotait ($98.94 in chips)
Agrotait: posts small blind $1
winyku4eto: posts big blind $3
*** HOLE CARDS ***
Agrotait: raises $3 to $6
winyku4eto: calls $3
*** FLOP *** [9c 3s Qs]
winyku4eto: checks
Agrotait: bets $3
winyku4eto: folds
Uncalled bet ($3) returned to Agrotait
Agrotait collected $11.76 from pot
Agrotait: doesn't show hand
*** SUMMARY ***
Total pot $12 | Rake $0.24
Board [9c 3s Qs]
Seat 3: winyku4eto (big blind) folded on the Flop
Seat 4: Agrotait (button) (small blind) collected ($11.76)


PokerStars Hand #170402016777:  Hold'em Limit ($3/$6 USD) - 2017/05/14 8:41:12 ET
Table 'Paulina II' 6-max Seat #3 is the button
Seat 3: winyku4eto ($20.20 in chips)
Seat 4: Agrotait ($104.70 in chips)
winyku4eto: posts small blind $1
Agrotait: posts big blind $3
*** HOLE CARDS ***
winyku4eto: raises $3 to $6
Agrotait: folds
Uncalled bet ($3) returned to winyku4eto
winyku4eto collected $6 from pot
winyku4eto: doesn't show hand
*** SUMMARY ***
Total pot $6 | Rake $0
Seat 3: winyku4eto (button) (small blind) collected ($6)
Seat 4: Agrotait (big blind) folded before Flop


PokerStars Hand #170402042218:  Hold'em Limit ($3/$6 USD) - 2017/05/14 8:41:55 ET
Table 'Paulina II' 6-max Seat #4 is the button
Seat 3: winyku4eto ($29.72 in chips)
Seat 4: Agrotait ($94.70 in chips)
Agrotait: posts small blind $1
winyku4eto: posts big blind $3
*** HOLE CARDS ***
Agrotait: raises $3 to $6
winyku4eto: folds
Uncalled bet ($3) returned to Agrotait
Agrotait collected $6 from pot
Agrotait: doesn't show hand
*** SUMMARY ***
Total pot $6 | Rake $0
Seat 3: winyku4eto (big blind) folded before Flop
Seat 4: Agrotait (button) (small blind) collected ($6)


PokerStars Hand #170402039306:  Hold'em Limit ($3/$6 USD) - 2017/05/14 8:41:50 ET
Table 'Paulina II' 6-max Seat #3 is the button
Seat 3: winyku4eto ($30.72 in chips)
Seat 4: Agrotait ($93.70 in chips)
winyku4eto: posts small blind $1
Agrotait: posts big blind $3
*** HOLE CARDS ***
winyku4eto: folds
Uncalled bet ($2) returned to Agrotait
Agrotait collected $2 from pot
Agrotait: doesn't show hand
*** SUMMARY ***
Total pot $2 | Rake $0
Seat 3: winyku4eto (button) (small blind) folded before Flop
Seat 4: Agrotait (big blind) collected ($2)


PokerStars Hand #170402046718:  Hold'em Limit ($3/$6 USD) - 2017/05/14 8:42:03 ET
Table 'Paulina II' 6-max Seat #3 is the button
Seat 3: winyku4eto ($26.72 in chips)
Seat 4: Agrotait ($97.70 in chips)
winyku4eto: posts small blind $1
Agrotait: posts big blind $3
*** HOLE CARDS ***
winyku4eto: folds
Uncalled bet ($2) returned to Agrotait
Agrotait collected $2 from pot
Agrotait: doesn't show hand
*** SUMMARY ***
Total pot $2 | Rake $0
Seat 3: winyku4eto (button) (small blind) folded before Flop
Seat 4: Agrotait (big blind) collected ($2)


PokerStars Hand #170402060938:  Hold'em Limit ($3/$6 USD) - 2017/05/14 8:42:27 ET
Table 'Paulina II' 6-max Seat #3 is the button
Seat 3: winyku4eto ($31.48 in chips)
Seat 4: Agrotait ($92.70 in chips)
winyku4eto: posts small blind $1
Agrotait: posts big blind $3
*** HOLE CARDS ***
winyku4eto: folds
Uncalled bet ($2) returned to Agrotait
Agrotait collected $2 from pot
Agrotait: doesn't show hand
*** SUMMARY ***
Total pot $2 | Rake $0
Seat 3: winyku4eto (button) (small blind) folded before Flop
Seat 4: Agrotait (big blind) collected ($2)


PokerStars Hand #170402032650:  Hold'em Limit ($3/$6 USD) - 2017/05/14 8:41:39 ET
Table 'Paulina II' 6-max Seat #3 is the button
Seat 3: winyku4eto ($34.72 in chips)
Seat 4: Agrotait ($89.70 in chips)
winyku4eto: posts small blind $1
Agrotait: posts big blind $3
*** HOLE CARDS ***
winyku4eto: folds
Uncalled bet ($2) returned to Agrotait
Agrotait collected $2 from pot
Agrotait: doesn't show hand
*** SUMMARY ***
Total pot $2 | Rake $0
Seat 3: winyku4eto (button) (small blind) folded before Flop
Seat 4: Agrotait (big blind) collected ($2)


PokerStars Hand #170402020732:  Hold'em Limit ($3/$6 USD) - 2017/05/14 8:41:19 ET
Table 'Paulina II' 6-max Seat #4 is the button
Seat 3: winyku4eto ($23.20 in chips)
Seat 4: Agrotait ($101.70 in chips)
Agrotait: posts small blind $1
winyku4eto: posts big blind $3
*** HOLE CARDS ***
Agrotait: raises $3 to $6
winyku4eto: calls $3
*** FLOP *** [2d 6s Ts]
winyku4eto: checks
Agrotait: checks
*** TURN *** [2d 6s Ts] [6c]
winyku4eto: checks
Agrotait: bets $6
winyku4eto: raises $6 to $12
Agrotait: folds
Uncalled bet ($6) returned to winyku4eto
winyku4eto collected $23.52 from pot
winyku4eto: doesn't show hand
*** SUMMARY ***
Total pot $24 | Rake $0.48
Board [2d 6s Ts 6c]
Seat 3: winyku4eto (big blind) collected ($23.52)
Seat 4: Agrotait (button) (small blind) folded on the Turn


PokerStars Hand #170402035644:  Hold'em Limit ($3/$6 USD) - 2017/05/14 8:41:44 ET
Table 'Paulina II' 6-max Seat #4 is the button
Seat 3: winyku4eto ($33.72 in chips)
Seat 4: Agrotait ($90.70 in chips)
Agrotait: posts small blind $1
winyku4eto: posts big blind $3
*** HOLE CARDS ***
Agrotait: raises $3 to $6
winyku4eto: folds
Uncalled bet ($3) returned to Agrotait
Agrotait collected $6 from pot
Agrotait: doesn't show hand
*** SUMMARY ***
Total pot $6 | Rake $0
Seat 3: winyku4eto (big blind) folded before Flop
Seat 4: Agrotait (button) (small blind) collected ($6)


PokerStars Hand #170402078272:  Hold'em Limit ($3/$6 USD) - 2017/05/14 8:42:56 ET
Table 'Paulina II' 6-max Seat #3 is the button
Seat 3: winyku4eto ($12.48 in chips)
Seat 4: Agrotait ($111.20 in chips)
winyku4eto: posts small blind $1
Agrotait: posts big blind $3
*** HOLE CARDS ***
winyku4eto: folds
Uncalled bet ($2) returned to Agrotait
Agrotait collected $2 from pot
Agrotait: doesn't show hand
*** SUMMARY ***
Total pot $2 | Rake $0
Seat 3: winyku4eto (button) (small blind) folded before Flop
Seat 4: Agrotait (big blind) collected ($2)


PokerStars Hand #170402064501:  Hold'em Limit ($3/$6 USD) - 2017/05/14 8:42:33 ET
Table 'Paulina II' 6-max Seat #4 is the button
Seat 3: winyku4eto ($30.48 in chips)
Seat 4: Agrotait ($93.70 in chips)
Agrotait: posts small blind $1
winyku4eto: posts big blind $3
*** HOLE CARDS ***
Agrotait: raises $3 to $6
winyku4eto: calls $3
*** FLOP *** [Ts 3h Qh]
winyku4eto: checks
Agrotait: checks
*** TURN *** [Ts 3h Qh] [7c]
winyku4eto: checks
Agrotait: bets $6
winyku4eto: calls $6
*** RIVER *** [Ts 3h Qh 7c] [Td]
winyku4eto: checks
Agrotait: bets $6
winyku4eto: calls $6
*** SHOW DOWN ***
Agrotait: shows [6h Th] (three of a kind, Tens)
winyku4eto: mucks hand
Agrotait collected $35.50 from pot
*** SUMMARY ***
Total pot $36 | Rake $0.50
Board [Ts 3h Qh 7c Td]
Seat 3: winyku4eto (big blind) mucked
Seat 4: Agrotait (button) (small blind) showed [6h Th] and won ($35.50) with three of a kind, Tens


PokerStars Hand #170402081022:  Hold'em Limit ($3/$6 USD) - 2017/05/14 8:43:01 ET
Table 'Paulina II' 6-max Seat #4 is the button
Seat 3: winyku4eto ($11.48 in chips)
Seat 4: Agrotait ($112.20 in chips)
Agrotait: posts small blind $1
winyku4eto: posts big blind $3
*** HOLE CARDS ***
Agrotait: raises $3 to $6
winyku4eto: raises $3 to $9
Agrotait: calls $3
*** FLOP *** [3s 2c 9h]
winyku4eto: bets $2.48 and is all-in
Agrotait: calls $2.48
*** TURN *** [3s 2c 9h] [3d]
*** RIVER *** [3s 2c 9h 3d] [6d]
*** SHOW DOWN ***
winyku4eto: shows [5s Jc] (a pair of Threes)
Agrotait: shows [Js 8d] (a pair of Threes - Jack+Nine+Eight kicker)
Agrotait collected $22.50 from pot
winyku4eto leaves the table
*** SUMMARY ***
Total pot $22.96 | Rake $0.46
Board [3s 2c 9h 3d 6d]
Seat 3: winyku4eto (big blind) showed [5s Jc] and lost with a pair of Threes
Seat 4: Agrotait (button) (small blind) showed [Js 8d] and won ($22.50) with a pair of Threes


