PokerStars Hand #157319018183:  Hold'em Limit ($3/$6 USD) - 2016/08/15 16:02:17 ET
Table 'Pavo II' 6-max Seat #1 is the button
Seat 1: oregordog ($128.64 in chips)
Seat 2: Mordnilap ($72 in chips)
oregordog: posts small blind $1
Mordnilap: posts big blind $3
*** HOLE CARDS ***
oregordog: raises $3 to $6
Mordnilap: calls $3
*** FLOP *** [Th 7h Ac]
Mordnilap: checks
oregordog: checks
*** TURN *** [Th 7h Ac] [2d]
Mordnilap: checks
oregordog: checks
*** RIVER *** [Th 7h Ac 2d] [9d]
Mordnilap: bets $6
oregordog: folds
Uncalled bet ($6) returned to Mordnilap
Mordnilap collected $11.76 from pot
Mordnilap: doesn't show hand
*** SUMMARY ***
Total pot $12 | Rake $0.24
Board [Th 7h Ac 2d 9d]
Seat 1: oregordog (button) (small blind) folded on the River
Seat 2: Mordnilap (big blind) collected ($11.76)


PokerStars Hand #157318988292:  Hold'em Limit ($3/$6 USD) - 2016/08/15 16:01:40 ET
Table 'Pavo II' 6-max Seat #2 is the button
Seat 1: oregordog ($120 in chips)
Seat 2: Mordnilap ($72 in chips)
Mordnilap: posts small blind $1
simper11: is sitting out
oregordog: posts big blind $3
*** HOLE CARDS ***
Mordnilap: raises $3 to $6
simper11 leaves the table
oregordog: calls $3
*** FLOP *** [8c Qd Ts]
oregordog: checks
Mordnilap: bets $3
oregordog: calls $3
*** TURN *** [8c Qd Ts] [7s]
oregordog: checks
Mordnilap: checks
*** RIVER *** [8c Qd Ts 7s] [4s]
oregordog: checks
Mordnilap: checks
*** SHOW DOWN ***
oregordog: shows [3s Kc] (high card King)
Mordnilap: mucks hand
oregordog collected $17.64 from pot
*** SUMMARY ***
Total pot $18 | Rake $0.36
Board [8c Qd Ts 7s 4s]
Seat 1: oregordog (big blind) showed [3s Kc] and won ($17.64) with high card King
Seat 2: Mordnilap (button) (small blind) mucked


PokerStars Hand #157319067858:  Hold'em Limit ($3/$6 USD) - 2016/08/15 16:03:21 ET
Table 'Pavo II' 6-max Seat #1 is the button
Seat 1: oregordog ($137.14 in chips)
Seat 2: Mordnilap ($72 in chips)
oregordog: posts small blind $1
Mordnilap: posts big blind $3
*** HOLE CARDS ***
oregordog: folds
Uncalled bet ($2) returned to Mordnilap
Mordnilap collected $2 from pot
Mordnilap: doesn't show hand
*** SUMMARY ***
Total pot $2 | Rake $0
Seat 1: oregordog (button) (small blind) folded before Flop
Seat 2: Mordnilap (big blind) collected ($2)


PokerStars Hand #157319047036:  Hold'em Limit ($3/$6 USD) - 2016/08/15 16:02:54 ET
Table 'Pavo II' 6-max Seat #2 is the button
Seat 1: oregordog ($122.64 in chips)
Seat 2: Mordnilap ($77.76 in chips)
Mordnilap: posts small blind $1
oregordog: posts big blind $3
*** HOLE CARDS ***
Mordnilap: raises $3 to $6
oregordog: calls $3
*** FLOP *** [8h Ts 7c]
ElverGalinda joins the table at seat #3
oregordog: checks
Mordnilap: bets $3
Velbor107 joins the table at seat #4
oregordog: calls $3
*** TURN *** [8h Ts 7c] [9c]
oregordog: checks
Mordnilap: checks
*** RIVER *** [8h Ts 7c 9c] [As]
oregordog: bets $6
Mordnilap: calls $6
*** SHOW DOWN ***
oregordog: shows [Qd Jc] (a straight, Eight to Queen)
Mordnilap: mucks hand
oregordog collected $29.50 from pot
*** SUMMARY ***
Total pot $30 | Rake $0.50
Board [8h Ts 7c 9c As]
Seat 1: oregordog (big blind) showed [Qd Jc] and won ($29.50) with a straight, Eight to Queen
Seat 2: Mordnilap (button) (small blind) mucked


PokerStars Hand #157323475818:  Hold'em Limit ($3/$6 USD) - 2016/08/15 17:37:05 ET
Table 'Pavo II' 6-max Seat #3 is the button
Seat 2: Don_Alling ($146.50 in chips)
Seat 3: jackRizzar ($187.14 in chips)
jackRizzar: posts small blind $1
Don_Alling: posts big blind $3
*** HOLE CARDS ***
jackRizzar: raises $3 to $6
Don_Alling: calls $3
*** FLOP *** [Kd 3h 6h]
Don_Alling: checks
jackRizzar: bets $3
Don_Alling: folds
Uncalled bet ($3) returned to jackRizzar
jackRizzar collected $11.76 from pot
*** SUMMARY ***
Total pot $12 | Rake $0.24
Board [Kd 3h 6h]
Seat 2: Don_Alling (big blind) folded on the Flop
Seat 3: jackRizzar (button) (small blind) collected ($11.76)


