PokerStars Hand #153562052420:  Hold'em Limit ($3/$6 USD) - 2016/05/19 18:49:20 ET
Table 'Pavo' 6-max Seat #2 is the button
Seat 2: TinaTurner72 ($120 in chips)
Seat 3: buddhasway ($90 in chips)
TinaTurner72: posts small blind $1
buddhasway: posts big blind $3
*** HOLE CARDS ***
TinaTurner72: raises $3 to $6
buddhasway: raises $3 to $9
Zubasa07 joins the table at seat #4
TinaTurner72: calls $3
*** FLOP *** [Ad 8s 8d]
buddhasway: bets $3
TinaTurner72: folds
Uncalled bet ($3) returned to buddhasway
vestimokrec joins the table at seat #5
buddhasway collected $17.64 from pot
buddhasway: doesn't show hand
*** SUMMARY ***
Total pot $18 | Rake $0.36
Board [Ad 8s 8d]
Seat 2: TinaTurner72 (button) (small blind) folded on the Flop
Seat 3: buddhasway (big blind) collected ($17.64)


PokerStars Hand #153562353863:  Hold'em Limit ($3/$6 USD) - 2016/05/19 18:56:59 ET
Table 'Pavo' 6-max Seat #3 is the button
Seat 3: buddhasway ($79.11 in chips)
Seat 4: Zubasa07 ($528.30 in chips)
buddhasway: posts small blind $1
Zubasa07: posts big blind $3
*** HOLE CARDS ***
buddhasway: raises $3 to $6
Zubasa07: folds
Uncalled bet ($3) returned to buddhasway
buddhasway collected $6 from pot
buddhasway: doesn't show hand
*** SUMMARY ***
Total pot $6 | Rake $0
Seat 3: buddhasway (button) (small blind) collected ($6)
Seat 4: Zubasa07 (big blind) folded before Flop


PokerStars Hand #153562333629:  Hold'em Limit ($3/$6 USD) - 2016/05/19 18:56:22 ET
Table 'Pavo' 6-max Seat #4 is the button
Seat 3: buddhasway ($100.11 in chips)
Seat 4: Zubasa07 ($507.80 in chips)
Zubasa07: posts small blind $1
vestimokrec: is sitting out
buddhasway: posts big blind $3
*** HOLE CARDS ***
Zubasa07: raises $3 to $6
vestimokrec leaves the table
buddhasway: calls $3
*** FLOP *** [2s 3d 5d]
buddhasway: bets $3
Zubasa07: calls $3
*** TURN *** [2s 3d 5d] [9d]
buddhasway: bets $6
Zubasa07: calls $6
*** RIVER *** [2s 3d 5d 9d] [Jd]
buddhasway: bets $6
Zubasa07: calls $6
*** SHOW DOWN ***
buddhasway: shows [As 5c] (a pair of Fives)
Zubasa07: shows [Jh 5h] (two pair, Jacks and Fives)
Zubasa07 collected $41.50 from pot
*** SUMMARY ***
Total pot $42 | Rake $0.50
Board [2s 3d 5d 9d Jd]
Seat 3: buddhasway (big blind) showed [As 5c] and lost with a pair of Fives
Seat 4: Zubasa07 (button) (small blind) showed [Jh 5h] and won ($41.50) with two pair, Jacks and Fives


PokerStars Hand #153562388987:  Hold'em Limit ($3/$6 USD) - 2016/05/19 18:58:03 ET
Table 'Pavo' 6-max Seat #3 is the button
Seat 3: buddhasway ($96.61 in chips)
Seat 4: Zubasa07 ($510.30 in chips)
buddhasway: posts small blind $1
Zubasa07: posts big blind $3
*** HOLE CARDS ***
buddhasway: raises $3 to $6
Zubasa07: calls $3
*** FLOP *** [Tc Th 9s]
Zubasa07: checks
buddhasway: bets $3
Zubasa07: folds
Uncalled bet ($3) returned to buddhasway
buddhasway collected $11.76 from pot
*** SUMMARY ***
Total pot $12 | Rake $0.24
Board [Tc Th 9s]
Seat 3: buddhasway (button) (small blind) collected ($11.76)
Seat 4: Zubasa07 (big blind) folded on the Flop


PokerStars Hand #153562358792:  Hold'em Limit ($3/$6 USD) - 2016/05/19 18:57:08 ET
Table 'Pavo' 6-max Seat #4 is the button
Seat 3: buddhasway ($82.11 in chips)
Seat 4: Zubasa07 ($525.30 in chips)
Zubasa07: posts small blind $1
buddhasway: posts big blind $3
*** HOLE CARDS ***
Zubasa07: raises $3 to $6
buddhasway: calls $3
*** FLOP *** [3s 5d Th]
buddhasway: checks
Zubasa07: bets $3
buddhasway: calls $3
*** TURN *** [3s 5d Th] [5s]
buddhasway: checks
Zubasa07: checks
*** RIVER *** [3s 5d Th 5s] [8c]
buddhasway: bets $6
Zubasa07: calls $6
*** SHOW DOWN ***
buddhasway: shows [2c Tc] (two pair, Tens and Fives)
Zubasa07: mucks hand
buddhasway collected $29.50 from pot
*** SUMMARY ***
Total pot $30 | Rake $0.50
Board [3s 5d Th 5s 8c]
Seat 3: buddhasway (big blind) showed [2c Tc] and won ($29.50) with two pair, Tens and Fives
Seat 4: Zubasa07 (button) (small blind) mucked


PokerStars Hand #153562401168:  Hold'em Limit ($3/$6 USD) - 2016/05/19 18:58:26 ET
Table 'Pavo' 6-max Seat #4 is the button
Seat 3: buddhasway ($102.37 in chips)
Seat 4: Zubasa07 ($504.30 in chips)
Zubasa07: posts small blind $1
buddhasway: posts big blind $3
*** HOLE CARDS ***
Zubasa07: raises $3 to $6
buddhasway: calls $3
*** FLOP *** [As 9h 4s]
buddhasway: checks
Zubasa07: bets $3
buddhasway: calls $3
*** TURN *** [As 9h 4s] [Js]
buddhasway: checks
Zubasa07: bets $6
buddhasway: calls $6
*** RIVER *** [As 9h 4s Js] [Qh]
buddhasway: checks
Zubasa07: bets $6
buddhasway: calls $6
*** SHOW DOWN ***
Zubasa07: shows [3c 6c] (high card Ace)
buddhasway: shows [Kc 9d] (a pair of Nines)
buddhasway collected $41.50 from pot
*** SUMMARY ***
Total pot $42 | Rake $0.50
Board [As 9h 4s Js Qh]
Seat 3: buddhasway (big blind) showed [Kc 9d] and won ($41.50) with a pair of Nines
Seat 4: Zubasa07 (button) (small blind) showed [3c 6c] and lost with high card Ace


PokerStars Hand #153562447355:  Hold'em Limit ($3/$6 USD) - 2016/05/19 18:59:37 ET
Table 'Pavo' 6-max Seat #4 is the button
Seat 3: buddhasway ($140.37 in chips)
Seat 4: Zubasa07 ($465.30 in chips)
Zubasa07: posts small blind $1
buddhasway: posts big blind $3
*** HOLE CARDS ***
Zubasa07: raises $3 to $6
buddhasway: calls $3
*** FLOP *** [Qh 3s 7c]
buddhasway: checks
Zubasa07: bets $3
buddhasway: folds
Uncalled bet ($3) returned to Zubasa07
Zubasa07 collected $11.76 from pot
Zubasa07: doesn't show hand
*** SUMMARY ***
Total pot $12 | Rake $0.24
Board [Qh 3s 7c]
Seat 3: buddhasway (big blind) folded on the Flop
Seat 4: Zubasa07 (button) (small blind) collected ($11.76)


PokerStars Hand #153562429090:  Hold'em Limit ($3/$6 USD) - 2016/05/19 18:59:03 ET
Table 'Pavo' 6-max Seat #3 is the button
Seat 3: buddhasway ($122.87 in chips)
Seat 4: Zubasa07 ($483.30 in chips)
buddhasway: posts small blind $1
Zubasa07: posts big blind $3
*** HOLE CARDS ***
buddhasway: calls $2
Zubasa07: checks
*** FLOP *** [3d 6h Ts]
Zubasa07: checks
buddhasway: bets $3
Zubasa07: calls $3
*** TURN *** [3d 6h Ts] [Qc]
Zubasa07: checks
buddhasway: bets $6
Zubasa07: calls $6
*** RIVER *** [3d 6h Ts Qc] [2d]
Zubasa07: checks
buddhasway: bets $6
Zubasa07: calls $6
*** SHOW DOWN ***
buddhasway: shows [9s Td] (a pair of Tens)
Zubasa07: mucks hand
buddhasway collected $35.50 from pot
*** SUMMARY ***
Total pot $36 | Rake $0.50
Board [3d 6h Ts Qc 2d]
Seat 3: buddhasway (button) (small blind) showed [9s Td] and won ($35.50) with a pair of Tens
Seat 4: Zubasa07 (big blind) mucked


PokerStars Hand #153562457194:  Hold'em Limit ($3/$6 USD) - 2016/05/19 18:59:55 ET
Table 'Pavo' 6-max Seat #3 is the button
Seat 3: buddhasway ($134.37 in chips)
Seat 4: Zubasa07 ($471.06 in chips)
buddhasway: posts small blind $1
Zubasa07: posts big blind $3
*** HOLE CARDS ***
buddhasway: raises $3 to $6
Zubasa07: raises $3 to $9
buddhasway: raises $3 to $12
Betting is capped
Zubasa07: calls $3
*** FLOP *** [As 2c 7c]
Zubasa07: checks
buddhasway: bets $3
Zubasa07: calls $3
*** TURN *** [As 2c 7c] [Qc]
Zubasa07: checks
buddhasway: bets $6
Zubasa07: folds
Uncalled bet ($6) returned to buddhasway
buddhasway collected $29.50 from pot
buddhasway: doesn't show hand
*** SUMMARY ***
Total pot $30 | Rake $0.50
Board [As 2c 7c Qc]
Seat 3: buddhasway (button) (small blind) collected ($29.50)
Seat 4: Zubasa07 (big blind) folded on the Turn


PokerStars Hand #153562482734:  Hold'em Limit ($3/$6 USD) - 2016/05/19 19:00:42 ET
Table 'Pavo' 6-max Seat #4 is the button
Seat 3: buddhasway ($148.87 in chips)
Seat 4: Zubasa07 ($456.06 in chips)
Zubasa07: posts small blind $1
buddhasway: posts big blind $3
*** HOLE CARDS ***
Zubasa07: raises $3 to $6
buddhasway: calls $3
*** FLOP *** [9h 2s 2d]
buddhasway: checks
Zubasa07: bets $3
buddhasway: calls $3
*** TURN *** [9h 2s 2d] [9d]
buddhasway: checks
Zubasa07: checks
*** RIVER *** [9h 2s 2d 9d] [3s]
buddhasway: bets $6
Zubasa07: calls $6
*** SHOW DOWN ***
buddhasway: shows [2c Td] (a full house, Deuces full of Nines)
Zubasa07: mucks hand
buddhasway collected $29.50 from pot
*** SUMMARY ***
Total pot $30 | Rake $0.50
Board [9h 2s 2d 9d 3s]
Seat 3: buddhasway (big blind) showed [2c Td] and won ($29.50) with a full house, Deuces full of Nines
Seat 4: Zubasa07 (button) (small blind) mucked


PokerStars Hand #153562508378:  Hold'em Limit ($3/$6 USD) - 2016/05/19 19:01:24 ET
Table 'Pavo' 6-max Seat #3 is the button
Seat 3: buddhasway ($163.37 in chips)
Seat 4: Zubasa07 ($441.06 in chips)
buddhasway: posts small blind $1
Zubasa07: posts big blind $3
*** HOLE CARDS ***
buddhasway: calls $2
Zubasa07: raises $3 to $6
buddhasway: calls $3
*** FLOP *** [Ac 3s 7h]
Zubasa07: bets $3
buddhasway: calls $3
*** TURN *** [Ac 3s 7h] [4c]
Zubasa07: checks
buddhasway: bets $6
Zubasa07: folds
Uncalled bet ($6) returned to buddhasway
buddhasway collected $17.64 from pot
*** SUMMARY ***
Total pot $18 | Rake $0.36
Board [Ac 3s 7h 4c]
Seat 3: buddhasway (button) (small blind) collected ($17.64)
Seat 4: Zubasa07 (big blind) folded on the Turn


PokerStars Hand #153562531131:  Hold'em Limit ($3/$6 USD) - 2016/05/19 19:02:00 ET
Table 'Pavo' 6-max Seat #4 is the button
Seat 3: buddhasway ($172.01 in chips)
Seat 4: Zubasa07 ($432.06 in chips)
Zubasa07: posts small blind $1
buddhasway: posts big blind $3
*** HOLE CARDS ***
Zubasa07: raises $3 to $6
buddhasway: calls $3
*** FLOP *** [7d As 3s]
buddhasway: bets $3
Zubasa07: calls $3
*** TURN *** [7d As 3s] [4s]
buddhasway: bets $6
Zubasa07: folds
Uncalled bet ($6) returned to buddhasway
buddhasway collected $17.64 from pot
buddhasway: doesn't show hand
*** SUMMARY ***
Total pot $18 | Rake $0.36
Board [7d As 3s 4s]
Seat 3: buddhasway (big blind) collected ($17.64)
Seat 4: Zubasa07 (button) (small blind) folded on the Turn


PokerStars Hand #153562597028:  Hold'em Limit ($3/$6 USD) - 2016/05/19 19:03:39 ET
Table 'Pavo' 6-max Seat #4 is the button
Seat 3: buddhasway ($192.17 in chips)
Seat 4: Zubasa07 ($411.06 in chips)
Zubasa07: posts small blind $1
buddhasway: posts big blind $3
*** HOLE CARDS ***
Zubasa07: raises $3 to $6
buddhasway: calls $3
*** FLOP *** [2h 7d 9c]
buddhasway: checks
Zubasa07: bets $3
buddhasway: calls $3
*** TURN *** [2h 7d 9c] [Qc]
buddhasway: checks
Zubasa07: checks
*** RIVER *** [2h 7d 9c Qc] [6h]
buddhasway: bets $6
Zubasa07: calls $6
*** SHOW DOWN ***
buddhasway: shows [6c 2s] (two pair, Sixes and Deuces)
Zubasa07: mucks hand
buddhasway collected $29.50 from pot
*** SUMMARY ***
Total pot $30 | Rake $0.50
Board [2h 7d 9c Qc 6h]
Seat 3: buddhasway (big blind) showed [6c 2s] and won ($29.50) with two pair, Sixes and Deuces
Seat 4: Zubasa07 (button) (small blind) mucked


PokerStars Hand #153562565817:  Hold'em Limit ($3/$6 USD) - 2016/05/19 19:02:52 ET
Table 'Pavo' 6-max Seat #3 is the button
Seat 3: buddhasway ($180.65 in chips)
Seat 4: Zubasa07 ($423.06 in chips)
buddhasway: posts small blind $1
Zubasa07: posts big blind $3
*** HOLE CARDS ***
buddhasway: calls $2
Zubasa07: checks
*** FLOP *** [9c 9d Ks]
Zubasa07: bets $3
buddhasway: calls $3
*** TURN *** [9c 9d Ks] [3s]
Zubasa07: bets $6
buddhasway: calls $6
*** RIVER *** [9c 9d Ks 3s] [5s]
Zubasa07: checks
buddhasway: bets $6
Zubasa07: folds
Uncalled bet ($6) returned to buddhasway
buddhasway collected $23.52 from pot
buddhasway: doesn't show hand
*** SUMMARY ***
Total pot $24 | Rake $0.48
Board [9c 9d Ks 3s 5s]
Seat 3: buddhasway (button) (small blind) collected ($23.52)
Seat 4: Zubasa07 (big blind) folded on the River


PokerStars Hand #153562634484:  Hold'em Limit ($3/$6 USD) - 2016/05/19 19:04:35 ET
Table 'Pavo' 6-max Seat #4 is the button
Seat 3: buddhasway ($185.67 in chips)
Seat 4: Zubasa07 ($416.56 in chips)
Zubasa07: posts small blind $1
buddhasway: posts big blind $3
*** HOLE CARDS ***
Zubasa07: raises $3 to $6
buddhasway: calls $3
*** FLOP *** [5c 8d 2s]
buddhasway: checks
Zubasa07: bets $3
buddhasway: calls $3
*** TURN *** [5c 8d 2s] [4d]
buddhasway: checks
Zubasa07: bets $6
buddhasway: calls $6
*** RIVER *** [5c 8d 2s 4d] [Th]
buddhasway: checks
Zubasa07: bets $6
buddhasway: folds
Uncalled bet ($6) returned to Zubasa07
Zubasa07 collected $29.50 from pot
Zubasa07: doesn't show hand
*** SUMMARY ***
Total pot $30 | Rake $0.50
Board [5c 8d 2s 4d Th]
Seat 3: buddhasway (big blind) folded on the River
Seat 4: Zubasa07 (button) (small blind) collected ($29.50)


PokerStars Hand #153562704412:  Hold'em Limit ($3/$6 USD) - 2016/05/19 19:06:19 ET
Table 'Pavo' 6-max Seat #3 is the button
Seat 3: buddhasway ($170.17 in chips)
Seat 4: Zubasa07 ($430.56 in chips)
buddhasway: posts small blind $1
Zubasa07: posts big blind $3
*** HOLE CARDS ***
buddhasway: raises $3 to $6
Zubasa07: folds
Uncalled bet ($3) returned to buddhasway
buddhasway collected $6 from pot
buddhasway: doesn't show hand
*** SUMMARY ***
Total pot $6 | Rake $0
Seat 3: buddhasway (button) (small blind) collected ($6)
Seat 4: Zubasa07 (big blind) folded before Flop


PokerStars Hand #153562688811:  Hold'em Limit ($3/$6 USD) - 2016/05/19 19:05:56 ET
Table 'Pavo' 6-max Seat #4 is the button
Seat 3: buddhasway ($185.17 in chips)
Seat 4: Zubasa07 ($416.06 in chips)
Zubasa07: posts small blind $1
buddhasway: posts big blind $3
*** HOLE CARDS ***
Zubasa07: raises $3 to $6
buddhasway: calls $3
*** FLOP *** [Ts Js 4s]
buddhasway: checks
Zubasa07: bets $3
buddhasway: calls $3
*** TURN *** [Ts Js 4s] [8c]
buddhasway: checks
Zubasa07: checks
*** RIVER *** [Ts Js 4s 8c] [Kc]
buddhasway: checks
Zubasa07: bets $6
buddhasway: calls $6
*** SHOW DOWN ***
Zubasa07: shows [Ks 8d] (two pair, Kings and Eights)
buddhasway: mucks hand
Zubasa07 collected $29.50 from pot
*** SUMMARY ***
Total pot $30 | Rake $0.50
Board [Ts Js 4s 8c Kc]
Seat 3: buddhasway (big blind) mucked
Seat 4: Zubasa07 (button) (small blind) showed [Ks 8d] and won ($29.50) with two pair, Kings and Eights


PokerStars Hand #153562654914:  Hold'em Limit ($3/$6 USD) - 2016/05/19 19:05:06 ET
Table 'Pavo' 6-max Seat #3 is the button
Seat 3: buddhasway ($170.67 in chips)
Seat 4: Zubasa07 ($431.06 in chips)
buddhasway: posts small blind $1
Zubasa07: posts big blind $3
*** HOLE CARDS ***
buddhasway: calls $2
Zubasa07: raises $3 to $6
buddhasway: calls $3
*** FLOP *** [4s Tc 8s]
Zubasa07: bets $3
buddhasway: calls $3
*** TURN *** [4s Tc 8s] [5s]
Zubasa07: bets $6
buddhasway: calls $6
*** RIVER *** [4s Tc 8s 5s] [5h]
Zubasa07: checks
buddhasway: bets $6
Zubasa07: folds
Uncalled bet ($6) returned to buddhasway
buddhasway collected $29.50 from pot
buddhasway: doesn't show hand
*** SUMMARY ***
Total pot $30 | Rake $0.50
Board [4s Tc 8s 5s 5h]
Seat 3: buddhasway (button) (small blind) collected ($29.50)
Seat 4: Zubasa07 (big blind) folded on the River


PokerStars Hand #153562727094:  Hold'em Limit ($3/$6 USD) - 2016/05/19 19:06:53 ET
Table 'Pavo' 6-max Seat #3 is the button
Seat 3: buddhasway ($187.67 in chips)
Seat 4: Zubasa07 ($412.56 in chips)
buddhasway: posts small blind $1
Zubasa07: posts big blind $3
*** HOLE CARDS ***
buddhasway: folds
Uncalled bet ($2) returned to Zubasa07
Zubasa07 collected $2 from pot
Zubasa07: doesn't show hand
*** SUMMARY ***
Total pot $2 | Rake $0
Seat 3: buddhasway (button) (small blind) folded before Flop
Seat 4: Zubasa07 (big blind) collected ($2)


PokerStars Hand #153562711343:  Hold'em Limit ($3/$6 USD) - 2016/05/19 19:06:29 ET
Table 'Pavo' 6-max Seat #4 is the button
Seat 3: buddhasway ($173.17 in chips)
Seat 4: Zubasa07 ($427.56 in chips)
Zubasa07: posts small blind $1
buddhasway: posts big blind $3
*** HOLE CARDS ***
Zubasa07: raises $3 to $6
buddhasway: calls $3
*** FLOP *** [Ac Qc 3h]
buddhasway: checks
Zubasa07: bets $3
buddhasway: calls $3
*** TURN *** [Ac Qc 3h] [Qs]
buddhasway: checks
Florin555330 joins the table at seat #2
Zubasa07: checks
*** RIVER *** [Ac Qc 3h Qs] [Kc]
buddhasway: bets $6
TinaTurner72 joins the table at seat #5
Zubasa07: calls $6
*** SHOW DOWN ***
buddhasway: shows [2s Ad] (two pair, Aces and Queens)
Zubasa07: mucks hand
buddhasway collected $29.50 from pot
*** SUMMARY ***
Total pot $30 | Rake $0.50
Board [Ac Qc 3h Qs Kc]
Seat 3: buddhasway (big blind) showed [2s Ad] and won ($29.50) with two pair, Aces and Queens
Seat 4: Zubasa07 (button) (small blind) mucked


PokerStars Hand #153564417212:  Hold'em Limit ($3/$6 USD) - 2016/05/19 19:53:07 ET
Table 'Pavo' 6-max Seat #2 is the button
Seat 2: ERVELINO13 ($97.11 in chips)
Seat 6: RaisemyNut$ ($181.02 in chips)
ERVELINO13: posts small blind $1
Zubasa07: is sitting out
RaisemyNut$: posts big blind $3
*** HOLE CARDS ***
ERVELINO13: calls $2
Zubasa07 leaves the table
RaisemyNut$: checks
*** FLOP *** [4c 2d Kh]
RaisemyNut$: bets $3
ERVELINO13: folds
Uncalled bet ($3) returned to RaisemyNut$
RaisemyNut$ collected $5.88 from pot
RaisemyNut$: doesn't show hand
*** SUMMARY ***
Total pot $6 | Rake $0.12
Board [4c 2d Kh]
Seat 2: ERVELINO13 (button) (small blind) folded on the Flop
Seat 6: RaisemyNut$ (big blind) collected ($5.88)


PokerStars Hand #153564423181:  Hold'em Limit ($3/$6 USD) - 2016/05/19 19:53:18 ET
Table 'Pavo' 6-max Seat #6 is the button
Seat 2: ERVELINO13 ($94.11 in chips)
Seat 6: RaisemyNut$ ($183.90 in chips)
RaisemyNut$: posts small blind $1
ERVELINO13: posts big blind $3
*** HOLE CARDS ***
RaisemyNut$: raises $3 to $6
ERVELINO13: calls $3
*** FLOP *** [7h Jd Td]
ERVELINO13: checks
RaisemyNut$: bets $3
ERVELINO13: folds
Uncalled bet ($3) returned to RaisemyNut$
RaisemyNut$ collected $11.76 from pot
RaisemyNut$: doesn't show hand
*** SUMMARY ***
Total pot $12 | Rake $0.24
Board [7h Jd Td]
Seat 2: ERVELINO13 (big blind) folded on the Flop
Seat 6: RaisemyNut$ (button) (small blind) collected ($11.76)


PokerStars Hand #153564428103:  Hold'em Limit ($3/$6 USD) - 2016/05/19 19:53:27 ET
Table 'Pavo' 6-max Seat #2 is the button
Seat 2: ERVELINO13 ($88.11 in chips)
Seat 6: RaisemyNut$ ($189.66 in chips)
ERVELINO13: posts small blind $1
RaisemyNut$: posts big blind $3
*** HOLE CARDS ***
ERVELINO13: folds
Uncalled bet ($2) returned to RaisemyNut$
RaisemyNut$ collected $2 from pot
RaisemyNut$: doesn't show hand
*** SUMMARY ***
Total pot $2 | Rake $0
Seat 2: ERVELINO13 (button) (small blind) folded before Flop
Seat 6: RaisemyNut$ (big blind) collected ($2)


PokerStars Hand #153564437986:  Hold'em Limit ($3/$6 USD) - 2016/05/19 19:53:45 ET
Table 'Pavo' 6-max Seat #2 is the button
Seat 2: ERVELINO13 ($95.75 in chips)
Seat 6: RaisemyNut$ ($181.66 in chips)
ERVELINO13: posts small blind $1
RaisemyNut$: posts big blind $3
*** HOLE CARDS ***
ERVELINO13: calls $2
RaisemyNut$: raises $3 to $6
ERVELINO13: calls $3
*** FLOP *** [Ks 2s 4s]
RaisemyNut$: bets $3
ERVELINO13: folds
Uncalled bet ($3) returned to RaisemyNut$
RaisemyNut$ collected $11.76 from pot
RaisemyNut$: doesn't show hand
*** SUMMARY ***
Total pot $12 | Rake $0.24
Board [Ks 2s 4s]
Seat 2: ERVELINO13 (button) (small blind) folded on the Flop
Seat 6: RaisemyNut$ (big blind) collected ($11.76)


PokerStars Hand #153564442820:  Hold'em Limit ($3/$6 USD) - 2016/05/19 19:53:54 ET
Table 'Pavo' 6-max Seat #6 is the button
Seat 2: ERVELINO13 ($89.75 in chips)
Seat 6: RaisemyNut$ ($187.42 in chips)
RaisemyNut$: posts small blind $1
ERVELINO13: posts big blind $3
*** HOLE CARDS ***
RaisemyNut$: raises $3 to $6
ERVELINO13: calls $3
*** FLOP *** [7c Kh 9s]
ERVELINO13: checks
RaisemyNut$: bets $3
ERVELINO13: calls $3
*** TURN *** [7c Kh 9s] [3h]
ERVELINO13: checks
RaisemyNut$: checks
*** RIVER *** [7c Kh 9s 3h] [8d]
ERVELINO13: bets $6
RaisemyNut$: calls $6
tranduc leaves the table
*** SHOW DOWN ***
ERVELINO13: shows [5s 6s] (a straight, Five to Nine)
RaisemyNut$: mucks hand
ERVELINO13 collected $29.50 from pot
*** SUMMARY ***
Total pot $30 | Rake $0.50
Board [7c Kh 9s 3h 8d]
Seat 2: ERVELINO13 (big blind) showed [5s 6s] and won ($29.50) with a straight, Five to Nine
Seat 6: RaisemyNut$ (button) (small blind) mucked


PokerStars Hand #153564457638:  Hold'em Limit ($3/$6 USD) - 2016/05/19 19:54:21 ET
Table 'Pavo' 6-max Seat #2 is the button
Seat 2: ERVELINO13 ($104.25 in chips)
Seat 6: RaisemyNut$ ($172.42 in chips)
ERVELINO13: posts small blind $1
RaisemyNut$: posts big blind $3
*** HOLE CARDS ***
ERVELINO13: raises $3 to $6
RaisemyNut$: calls $3
*** FLOP *** [2d Tc Ts]
RaisemyNut$: checks
ERVELINO13: bets $3
RaisemyNut$: calls $3
*** TURN *** [2d Tc Ts] [Qd]
RaisemyNut$: checks
ERVELINO13: checks
*** RIVER *** [2d Tc Ts Qd] [9c]
RaisemyNut$: bets $6
ERVELINO13: calls $6
*** SHOW DOWN ***
RaisemyNut$: shows [7s Qh] (two pair, Queens and Tens)
ERVELINO13: mucks hand
RaisemyNut$ collected $29.50 from pot
*** SUMMARY ***
Total pot $30 | Rake $0.50
Board [2d Tc Ts Qd 9c]
Seat 2: ERVELINO13 (button) (small blind) mucked
Seat 6: RaisemyNut$ (big blind) showed [7s Qh] and won ($29.50) with two pair, Queens and Tens


PokerStars Hand #153564430715:  Hold'em Limit ($3/$6 USD) - 2016/05/19 19:53:31 ET
Table 'Pavo' 6-max Seat #6 is the button
Seat 2: ERVELINO13 ($87.11 in chips)
Seat 6: RaisemyNut$ ($190.66 in chips)
RaisemyNut$: posts small blind $1
anetkaapro was removed from the table for failing to post
ERVELINO13: posts big blind $3
*** HOLE CARDS ***
RaisemyNut$: raises $3 to $6
ERVELINO13: calls $3
*** FLOP *** [2h Td 7s]
ERVELINO13: checks
RaisemyNut$: bets $3
ERVELINO13: raises $3 to $6
RaisemyNut$: folds
Uncalled bet ($3) returned to ERVELINO13
ERVELINO13 collected $17.64 from pot
ERVELINO13: doesn't show hand
*** SUMMARY ***
Total pot $18 | Rake $0.36
Board [2h Td 7s]
Seat 2: ERVELINO13 (big blind) collected ($17.64)
Seat 6: RaisemyNut$ (button) (small blind) folded on the Flop


PokerStars Hand #153564465342:  Hold'em Limit ($3/$6 USD) - 2016/05/19 19:54:35 ET
Table 'Pavo' 6-max Seat #6 is the button
Seat 2: ERVELINO13 ($89.25 in chips)
Seat 6: RaisemyNut$ ($186.92 in chips)
RaisemyNut$: posts small blind $1
ERVELINO13: posts big blind $3
*** HOLE CARDS ***
RaisemyNut$: raises $3 to $6
ERVELINO13: calls $3
*** FLOP *** [4d Js 4c]
ERVELINO13: checks
RaisemyNut$: bets $3
ERVELINO13: calls $3
*** TURN *** [4d Js 4c] [Tc]
ERVELINO13: checks
RaisemyNut$: checks
*** RIVER *** [4d Js 4c Tc] [2s]
ERVELINO13: checks
RaisemyNut$: checks
*** SHOW DOWN ***
ERVELINO13: shows [6d Kd] (a pair of Fours)
RaisemyNut$: mucks hand
ERVELINO13 collected $17.64 from pot
*** SUMMARY ***
Total pot $18 | Rake $0.36
Board [4d Js 4c Tc 2s]
Seat 2: ERVELINO13 (big blind) showed [6d Kd] and won ($17.64) with a pair of Fours
Seat 6: RaisemyNut$ (button) (small blind) mucked


PokerStars Hand #153564475835:  Hold'em Limit ($3/$6 USD) - 2016/05/19 19:54:55 ET
Table 'Pavo' 6-max Seat #2 is the button
Seat 2: ERVELINO13 ($97.89 in chips)
Seat 6: RaisemyNut$ ($177.92 in chips)
ERVELINO13: posts small blind $1
RaisemyNut$: posts big blind $3
*** HOLE CARDS ***
ERVELINO13: raises $3 to $6
RaisemyNut$: calls $3
*** FLOP *** [8h 3s 3h]
RaisemyNut$: checks
ERVELINO13: bets $3
RaisemyNut$: raises $3 to $6
ERVELINO13: raises $3 to $9
RaisemyNut$: raises $3 to $12
Betting is capped
ERVELINO13: calls $3
*** TURN *** [8h 3s 3h] [Ad]
RaisemyNut$: bets $6
ERVELINO13: calls $6
*** RIVER *** [8h 3s 3h Ad] [9h]
RaisemyNut$: bets $6
ERVELINO13: calls $6
*** SHOW DOWN ***
RaisemyNut$: shows [3d Jc] (three of a kind, Threes)
ERVELINO13: mucks hand
RaisemyNut$ collected $59.50 from pot
*** SUMMARY ***
Total pot $60 | Rake $0.50
Board [8h 3s 3h Ad 9h]
Seat 2: ERVELINO13 (button) (small blind) mucked
Seat 6: RaisemyNut$ (big blind) showed [3d Jc] and won ($59.50) with three of a kind, Threes


PokerStars Hand #153564487181:  Hold'em Limit ($3/$6 USD) - 2016/05/19 19:55:16 ET
Table 'Pavo' 6-max Seat #6 is the button
Seat 2: ERVELINO13 ($67.89 in chips)
Seat 6: RaisemyNut$ ($207.42 in chips)
RaisemyNut$: posts small blind $1
ERVELINO13: posts big blind $3
*** HOLE CARDS ***
RaisemyNut$: raises $3 to $6
ERVELINO13: calls $3
*** FLOP *** [Td Ah 2s]
ERVELINO13: checks
RaisemyNut$: bets $3
ERVELINO13: folds
Uncalled bet ($3) returned to RaisemyNut$
RaisemyNut$ collected $11.76 from pot
RaisemyNut$: doesn't show hand
*** SUMMARY ***
Total pot $12 | Rake $0.24
Board [Td Ah 2s]
Seat 2: ERVELINO13 (big blind) folded on the Flop
Seat 6: RaisemyNut$ (button) (small blind) collected ($11.76)


PokerStars Hand #153564515944:  Hold'em Limit ($3/$6 USD) - 2016/05/19 19:56:23 ET
Table 'Pavo' 6-max Seat #6 is the button
Seat 2: ERVELINO13 ($60.39 in chips)
Seat 6: RaisemyNut$ ($213.82 in chips)
RaisemyNut$: posts small blind $1
ERVELINO13: posts big blind $3
*** HOLE CARDS ***
RaisemyNut$: raises $3 to $6
ERVELINO13: calls $3
*** FLOP *** [Jc Th 8h]
ERVELINO13: checks
RaisemyNut$: bets $3
ERVELINO13: calls $3
*** TURN *** [Jc Th 8h] [3d]
ERVELINO13: checks
RaisemyNut$: bets $6
ERVELINO13: raises $6 to $12
RaisemyNut$: raises $6 to $18
ERVELINO13: calls $6
*** RIVER *** [Jc Th 8h 3d] [5s]
ERVELINO13: checks
RaisemyNut$: bets $6
ERVELINO13: calls $6
*** SHOW DOWN ***
RaisemyNut$: shows [9d 7d] (a straight, Seven to Jack)
ERVELINO13: mucks hand
RaisemyNut$ collected $65.50 from pot
*** SUMMARY ***
Total pot $66 | Rake $0.50
Board [Jc Th 8h 3d 5s]
Seat 2: ERVELINO13 (big blind) mucked
Seat 6: RaisemyNut$ (button) (small blind) showed [9d 7d] and won ($65.50) with a straight, Seven to Jack


PokerStars Hand #153564513981:  Hold'em Limit ($3/$6 USD) - 2016/05/19 19:56:18 ET
Table 'Pavo' 6-max Seat #2 is the button
Seat 2: ERVELINO13 ($61.39 in chips)
Seat 6: RaisemyNut$ ($212.82 in chips)
ERVELINO13: posts small blind $1
RaisemyNut$: posts big blind $3
*** HOLE CARDS ***
ERVELINO13: folds
Uncalled bet ($2) returned to RaisemyNut$
RaisemyNut$ collected $2 from pot
RaisemyNut$: doesn't show hand
*** SUMMARY ***
Total pot $2 | Rake $0
Seat 2: ERVELINO13 (button) (small blind) folded before Flop
Seat 6: RaisemyNut$ (big blind) collected ($2)


PokerStars Hand #153564511398:  Hold'em Limit ($3/$6 USD) - 2016/05/19 19:56:12 ET
Table 'Pavo' 6-max Seat #6 is the button
Seat 2: ERVELINO13 ($64.39 in chips)
Seat 6: RaisemyNut$ ($209.82 in chips)
RaisemyNut$: posts small blind $1
ERVELINO13: posts big blind $3
*** HOLE CARDS ***
RaisemyNut$: raises $3 to $6
ERVELINO13: folds
Uncalled bet ($3) returned to RaisemyNut$
RaisemyNut$ collected $6 from pot
RaisemyNut$: doesn't show hand
*** SUMMARY ***
Total pot $6 | Rake $0
Seat 2: ERVELINO13 (big blind) folded before Flop
Seat 6: RaisemyNut$ (button) (small blind) collected ($6)


PokerStars Hand #153564500753:  Hold'em Limit ($3/$6 USD) - 2016/05/19 19:55:48 ET
Table 'Pavo' 6-max Seat #2 is the button
Seat 2: ERVELINO13 ($49.89 in chips)
Seat 6: RaisemyNut$ ($224.82 in chips)
ERVELINO13: posts small blind $1
RaisemyNut$: posts big blind $3
*** HOLE CARDS ***
ERVELINO13: calls $2
RaisemyNut$: raises $3 to $6
ERVELINO13: calls $3
*** FLOP *** [3s 2c Qs]
RaisemyNut$: bets $3
ERVELINO13: calls $3
*** TURN *** [3s 2c Qs] [2h]
RaisemyNut$: bets $6
ERVELINO13: raises $6 to $12
RaisemyNut$: folds
Uncalled bet ($6) returned to ERVELINO13
ERVELINO13 collected $29.50 from pot
ERVELINO13: doesn't show hand
*** SUMMARY ***
Total pot $30 | Rake $0.50
Board [3s 2c Qs 2h]
Seat 2: ERVELINO13 (button) (small blind) collected ($29.50)
Seat 6: RaisemyNut$ (big blind) folded on the Turn


PokerStars Hand #153564498491:  Hold'em Limit ($3/$6 USD) - 2016/05/19 19:55:43 ET
Table 'Pavo' 6-max Seat #6 is the button
Seat 2: ERVELINO13 ($52.89 in chips)
Seat 6: RaisemyNut$ ($221.82 in chips)
RaisemyNut$: posts small blind $1
ERVELINO13: posts big blind $3
*** HOLE CARDS ***
RaisemyNut$: raises $3 to $6
ERVELINO13: folds
Uncalled bet ($3) returned to RaisemyNut$
RaisemyNut$ collected $6 from pot
RaisemyNut$: doesn't show hand
*** SUMMARY ***
Total pot $6 | Rake $0
Seat 2: ERVELINO13 (big blind) folded before Flop
Seat 6: RaisemyNut$ (button) (small blind) collected ($6)


PokerStars Hand #153564491141:  Hold'em Limit ($3/$6 USD) - 2016/05/19 19:55:26 ET
Table 'Pavo' 6-max Seat #2 is the button
Seat 2: ERVELINO13 ($61.89 in chips)
Seat 6: RaisemyNut$ ($213.18 in chips)
ERVELINO13: posts small blind $1
RaisemyNut$: posts big blind $3
*** HOLE CARDS ***
ERVELINO13: calls $2
RaisemyNut$: raises $3 to $6
ERVELINO13: calls $3
*** FLOP *** [4d Qh 4s]
RaisemyNut$: bets $3
ERVELINO13: calls $3
*** TURN *** [4d Qh 4s] [6c]
RaisemyNut$: bets $6
ERVELINO13: folds
Uncalled bet ($6) returned to RaisemyNut$
RaisemyNut$ collected $17.64 from pot
RaisemyNut$: doesn't show hand
*** SUMMARY ***
Total pot $18 | Rake $0.36
Board [4d Qh 4s 6c]
Seat 2: ERVELINO13 (button) (small blind) folded on the Turn
Seat 6: RaisemyNut$ (big blind) collected ($17.64)


PokerStars Hand #153564527935:  Hold'em Limit ($3/$6 USD) - 2016/05/19 19:56:51 ET
Table 'Pavo' 6-max Seat #6 is the button
Seat 2: ERVELINO13 ($18.39 in chips)
Seat 6: RaisemyNut$ ($254.96 in chips)
RaisemyNut$: posts small blind $1
ERVELINO13: posts big blind $3
*** HOLE CARDS ***
RaisemyNut$: raises $3 to $6
ERVELINO13: raises $3 to $9
RaisemyNut$: calls $3
*** FLOP *** [7h 5s 6d]
ERVELINO13: bets $3
RaisemyNut$: raises $3 to $6
ERVELINO13: raises $3 to $9
RaisemyNut$: raises $3 to $12
Betting is capped
ERVELINO13: calls $0.39 and is all-in
Uncalled bet ($2.61) returned to RaisemyNut$
*** TURN *** [7h 5s 6d] [Tc]
*** RIVER *** [7h 5s 6d Tc] [Jc]
*** SHOW DOWN ***
ERVELINO13: shows [9c Ks] (high card King)
RaisemyNut$: shows [4s Ac] (high card Ace)
RaisemyNut$ collected $36.28 from pot
*** SUMMARY ***
Total pot $36.78 | Rake $0.50
Board [7h 5s 6d Tc Jc]
Seat 2: ERVELINO13 (big blind) showed [9c Ks] and lost with high card King
Seat 6: RaisemyNut$ (button) (small blind) showed [4s Ac] and won ($36.28) with high card Ace


PokerStars Hand #153564523258:  Hold'em Limit ($3/$6 USD) - 2016/05/19 19:56:40 ET
Table 'Pavo' 6-max Seat #2 is the button
Seat 2: ERVELINO13 ($27.39 in chips)
Seat 6: RaisemyNut$ ($246.32 in chips)
ERVELINO13: posts small blind $1
RaisemyNut$: posts big blind $3
*** HOLE CARDS ***
ERVELINO13: raises $3 to $6
RaisemyNut$: raises $3 to $9
ERVELINO13: calls $3
*** FLOP *** [5c Ad 3s]
RaisemyNut$: bets $3
ERVELINO13: folds
Uncalled bet ($3) returned to RaisemyNut$
RaisemyNut$ collected $17.64 from pot
RaisemyNut$: doesn't show hand
*** SUMMARY ***
Total pot $18 | Rake $0.36
Board [5c Ad 3s]
Seat 2: ERVELINO13 (button) (small blind) folded on the Flop
Seat 6: RaisemyNut$ (big blind) collected ($17.64)


PokerStars Hand #153564549212:  Hold'em Limit ($3/$6 USD) - 2016/05/19 19:57:40 ET
Table 'Pavo' 6-max Seat #1 is the button
Seat 1: haagsemocro1 ($120 in chips)
Seat 6: RaisemyNut$ ($272.85 in chips)
haagsemocro1: posts small blind $1
RaisemyNut$: posts big blind $3
*** HOLE CARDS ***
haagsemocro1: raises $3 to $6
vestimokrec joins the table at seat #2
RaisemyNut$: calls $3
*** FLOP *** [4d Jc Td]
RaisemyNut$: checks
haagsemocro1: bets $3
RaisemyNut$: raises $3 to $6
haagsemocro1: calls $3
*** TURN *** [4d Jc Td] [7c]
RaisemyNut$: bets $6
haagsemocro1: calls $6
*** RIVER *** [4d Jc Td 7c] [Qc]
RaisemyNut$: bets $6
haagsemocro1: calls $6
*** SHOW DOWN ***
RaisemyNut$: shows [5d Jh] (a pair of Jacks)
haagsemocro1: mucks hand
RaisemyNut$ collected $47.50 from pot
*** SUMMARY ***
Total pot $48 | Rake $0.50
Board [4d Jc Td 7c Qc]
Seat 1: haagsemocro1 (button) (small blind) mucked
Seat 6: RaisemyNut$ (big blind) showed [5d Jh] and won ($47.50) with a pair of Jacks


