PokerStars Hand #175042280770:  Hold'em Limit ($3/$6 USD) - 2017/08/31 18:25:33 ET
Table 'Pavo' 6-max Seat #3 is the button
Seat 3: MelaninMan ($93.20 in chips)
Seat 4: Actionni13 ($150 in chips)
MelaninMan: posts small blind $1
Actionni13: posts big blind $3
*** HOLE CARDS ***
Zubasa07 joins the table at seat #5
MelaninMan: folds
Uncalled bet ($2) returned to Actionni13
Actionni13 collected $2 from pot
*** SUMMARY ***
Total pot $2 | Rake $0
Seat 3: MelaninMan (button) (small blind) folded before Flop
Seat 4: Actionni13 (big blind) collected ($2)


PokerStars Hand #175043544863:  Hold'em Limit ($3/$6 USD) - 2017/08/31 19:00:01 ET
Table 'Pavo' 6-max Seat #6 is the button
Seat 3: charlys65 ($95.42 in chips)
Seat 6: ToDaFelt ($136.80 in chips)
ToDaFelt: posts small blind $1
rascal_319: is sitting out
charlys65: posts big blind $3
*** HOLE CARDS ***
rascal_319 leaves the table
ToDaFelt: raises $3 to $6
charlys65: folds
Uncalled bet ($3) returned to ToDaFelt
charlys65 leaves the table
ToDaFelt collected $6 from pot
ToDaFelt: doesn't show hand
*** SUMMARY ***
Total pot $6 | Rake $0
Seat 3: charlys65 (big blind) folded before Flop
Seat 6: ToDaFelt (button) (small blind) collected ($6)


