PokerStars Hand #174806207404:  Hold'em Limit ($3/$6 USD) - 2017/08/26 3:58:10 ET
Table 'Pavo' 6-max Seat #4 is the button
Seat 1: manly70 ($142.24 in chips)
Seat 4: Agrotait ($73 in chips)
Agrotait: posts small blind $1
manly70: posts big blind $3
*** HOLE CARDS ***
DRAGONRCR joins the table at seat #3
Agrotait: raises $3 to $6
manly70: folds
Uncalled bet ($3) returned to Agrotait
Agrotait collected $6 from pot
Agrotait: doesn't show hand
*** SUMMARY ***
Total pot $6 | Rake $0
Seat 1: manly70 (big blind) folded before Flop
Seat 4: Agrotait (button) (small blind) collected ($6)


PokerStars Hand #174806204557:  Hold'em Limit ($3/$6 USD) - 2017/08/26 3:58:00 ET
Table 'Pavo' 6-max Seat #1 is the button
Seat 1: manly70 ($143.24 in chips)
Seat 4: Agrotait ($72 in chips)
manly70: posts small blind $1
Agrotait: posts big blind $3
*** HOLE CARDS ***
manly70: folds
Uncalled bet ($2) returned to Agrotait
Agrotait collected $2 from pot
Agrotait: doesn't show hand
*** SUMMARY ***
Total pot $2 | Rake $0
Seat 1: manly70 (button) (small blind) folded before Flop
Seat 4: Agrotait (big blind) collected ($2)


PokerStars Hand #174806242108:  Hold'em Limit ($3/$6 USD) - 2017/08/26 4:00:19 ET
Table 'Pavo' 6-max Seat #3 is the button
Seat 1: manly70 ($149.80 in chips)
Seat 3: DRAGONRCR ($87.46 in chips)
DRAGONRCR: posts small blind $1
Agrotait: is sitting out
manly70: posts big blind $3
*** HOLE CARDS ***
Agrotait leaves the table
DRAGONRCR: folds
Uncalled bet ($2) returned to manly70
manly70 collected $2 from pot
*** SUMMARY ***
Total pot $2 | Rake $0
Seat 1: manly70 (big blind) collected ($2)
Seat 3: DRAGONRCR (button) (small blind) folded before Flop


PokerStars Hand #174806244186:  Hold'em Limit ($3/$6 USD) - 2017/08/26 4:00:26 ET
Table 'Pavo' 6-max Seat #1 is the button
Seat 1: manly70 ($150.80 in chips)
Seat 3: DRAGONRCR ($86.46 in chips)
manly70: posts small blind $1
DRAGONRCR: posts big blind $3
*** HOLE CARDS ***
manly70: raises $3 to $6
DRAGONRCR: calls $3
*** FLOP *** [5h Tc 4d]
DRAGONRCR: bets $3
manly70: calls $3
*** TURN *** [5h Tc 4d] [As]
DRAGONRCR: bets $6
manly70: folds
Uncalled bet ($6) returned to DRAGONRCR
DRAGONRCR collected $17.64 from pot
DRAGONRCR: doesn't show hand
*** SUMMARY ***
Total pot $18 | Rake $0.36
Board [5h Tc 4d As]
Seat 1: manly70 (button) (small blind) folded on the Turn
Seat 3: DRAGONRCR (big blind) collected ($17.64)


PokerStars Hand #174806250192:  Hold'em Limit ($3/$6 USD) - 2017/08/26 4:00:48 ET
Table 'Pavo' 6-max Seat #3 is the button
Seat 1: manly70 ($141.80 in chips)
Seat 3: DRAGONRCR ($95.10 in chips)
DRAGONRCR: posts small blind $1
manly70: posts big blind $3
*** HOLE CARDS ***
DRAGONRCR: folds
Uncalled bet ($2) returned to manly70
manly70 collected $2 from pot
*** SUMMARY ***
Total pot $2 | Rake $0
Seat 1: manly70 (big blind) collected ($2)
Seat 3: DRAGONRCR (button) (small blind) folded before Flop


PokerStars Hand #174806251752:  Hold'em Limit ($3/$6 USD) - 2017/08/26 4:00:53 ET
Table 'Pavo' 6-max Seat #1 is the button
Seat 1: manly70 ($142.80 in chips)
Seat 3: DRAGONRCR ($94.10 in chips)
manly70: posts small blind $1
DRAGONRCR: posts big blind $3
*** HOLE CARDS ***
manly70: raises $3 to $6
DRAGONRCR: calls $3
*** FLOP *** [9h 6h As]
DRAGONRCR: checks
manly70: bets $3
DRAGONRCR: calls $3
*** TURN *** [9h 6h As] [Qh]
DRAGONRCR: bets $6
manly70: calls $6
*** RIVER *** [9h 6h As Qh] [3d]
DRAGONRCR: checks
manly70: bets $6
DRAGONRCR: folds
Uncalled bet ($6) returned to manly70
manly70 collected $29.50 from pot
*** SUMMARY ***
Total pot $30 | Rake $0.50
Board [9h 6h As Qh 3d]
Seat 1: manly70 (button) (small blind) collected ($29.50)
Seat 3: DRAGONRCR (big blind) folded on the River


PokerStars Hand #174806261649:  Hold'em Limit ($3/$6 USD) - 2017/08/26 4:01:27 ET
Table 'Pavo' 6-max Seat #3 is the button
Seat 1: manly70 ($157.30 in chips)
Seat 3: DRAGONRCR ($79.10 in chips)
DRAGONRCR: posts small blind $1
manly70: posts big blind $3
*** HOLE CARDS ***
DRAGONRCR: raises $3 to $6
manly70: folds
Uncalled bet ($3) returned to DRAGONRCR
DRAGONRCR collected $6 from pot
DRAGONRCR: doesn't show hand
*** SUMMARY ***
Total pot $6 | Rake $0
Seat 1: manly70 (big blind) folded before Flop
Seat 3: DRAGONRCR (button) (small blind) collected ($6)


PokerStars Hand #174806279184:  Hold'em Limit ($3/$6 USD) - 2017/08/26 4:02:27 ET
Table 'Pavo' 6-max Seat #3 is the button
Seat 1: manly70 ($164.80 in chips)
Seat 3: DRAGONRCR ($70.86 in chips)
DRAGONRCR: posts small blind $1
manly70: posts big blind $3
*** HOLE CARDS ***
DRAGONRCR: calls $2
manly70: checks
*** FLOP *** [6d 3d 4c]
manly70: checks
DRAGONRCR: bets $3
manly70: calls $3
*** TURN *** [6d 3d 4c] [5d]
manly70: checks
Psynto joins the table at seat #2
DRAGONRCR: bets $6
manly70: calls $6
*** RIVER *** [6d 3d 4c 5d] [7c]
manly70: bets $6
DRAGONRCR: raises $6 to $12
manly70: calls $6
*** SHOW DOWN ***
DRAGONRCR: shows [4h 5s] (a straight, Three to Seven)
manly70: shows [8d Ac] (a straight, Four to Eight)
manly70 collected $47.50 from pot
*** SUMMARY ***
Total pot $48 | Rake $0.50
Board [6d 3d 4c 5d 7c]
Seat 1: manly70 (big blind) showed [8d Ac] and won ($47.50) with a straight, Four to Eight
Seat 3: DRAGONRCR (button) (small blind) showed [4h 5s] and lost with a straight, Three to Seven


PokerStars Hand #174806271712:  Hold'em Limit ($3/$6 USD) - 2017/08/26 4:02:01 ET
Table 'Pavo' 6-max Seat #3 is the button
Seat 1: manly70 ($171.80 in chips)
Seat 3: DRAGONRCR ($64.10 in chips)
DRAGONRCR: posts small blind $1
manly70: posts big blind $3
*** HOLE CARDS ***
DRAGONRCR: raises $3 to $6
manly70: calls $3
*** FLOP *** [6d 5c Qd]
manly70: checks
DRAGONRCR: checks
*** TURN *** [6d 5c Qd] [3s]
manly70: checks
DRAGONRCR: checks
*** RIVER *** [6d 5c Qd 3s] [7c]
manly70: checks
DRAGONRCR: bets $6
manly70: folds
Uncalled bet ($6) returned to DRAGONRCR
DRAGONRCR collected $11.76 from pot
DRAGONRCR: doesn't show hand
*** SUMMARY ***
Total pot $12 | Rake $0.24
Board [6d 5c Qd 3s 7c]
Seat 1: manly70 (big blind) folded on the River
Seat 3: DRAGONRCR (button) (small blind) collected ($11.76)


PokerStars Hand #174806264045:  Hold'em Limit ($3/$6 USD) - 2017/08/26 4:01:35 ET
Table 'Pavo' 6-max Seat #1 is the button
Seat 1: manly70 ($154.30 in chips)
Seat 3: DRAGONRCR ($82.10 in chips)
manly70: posts small blind $1
DRAGONRCR: posts big blind $3
*** HOLE CARDS ***
manly70: calls $2
DRAGONRCR: checks
*** FLOP *** [4d Js 5c]
DRAGONRCR: bets $3
manly70: calls $3
*** TURN *** [4d Js 5c] [7s]
DRAGONRCR: bets $6
manly70: calls $6
*** RIVER *** [4d Js 5c 7s] [3d]
DRAGONRCR: bets $6
manly70: calls $6
*** SHOW DOWN ***
DRAGONRCR: shows [9h 4c] (a pair of Fours)
manly70: shows [8d 7c] (a pair of Sevens)
manly70 collected $35.50 from pot
*** SUMMARY ***
Total pot $36 | Rake $0.50
Board [4d Js 5c 7s 3d]
Seat 1: manly70 (button) (small blind) showed [8d 7c] and won ($35.50) with a pair of Sevens
Seat 3: DRAGONRCR (big blind) showed [9h 4c] and lost with a pair of Fours


PokerStars Hand #174806277284:  Hold'em Limit ($3/$6 USD) - 2017/08/26 4:02:20 ET
Table 'Pavo' 6-max Seat #1 is the button
Seat 1: manly70 ($165.80 in chips)
Seat 3: DRAGONRCR ($69.86 in chips)
manly70: posts small blind $1
DRAGONRCR: posts big blind $3
*** HOLE CARDS ***
manly70: folds
Uncalled bet ($2) returned to DRAGONRCR
DRAGONRCR collected $2 from pot
DRAGONRCR: doesn't show hand
*** SUMMARY ***
Total pot $2 | Rake $0
Seat 1: manly70 (button) (small blind) folded before Flop
Seat 3: DRAGONRCR (big blind) collected ($2)


PokerStars Hand #174807746761:  Hold'em Limit ($3/$6 USD) - 2017/08/26 5:18:32 ET
Table 'Pavo' 6-max Seat #6 is the button
Seat 2: Psynto ($261.01 in chips)
Seat 6: igmade ($159.32 in chips)
igmade: posts small blind $1
Psynto: posts big blind $3
*** HOLE CARDS ***
igmade: raises $3 to $6
Psynto: calls $3
*** FLOP *** [8s 8d Jc]
Psynto: checks
igmade: bets $3
Psynto: raises $3 to $6
igmade: raises $3 to $9
Psynto: calls $3
*** TURN *** [8s 8d Jc] [4h]
Psynto: checks
igmade: checks
*** RIVER *** [8s 8d Jc 4h] [4d]
Psynto: checks
igmade: bets $6
Psynto: folds
Uncalled bet ($6) returned to igmade
igmade collected $29.50 from pot
igmade: doesn't show hand
*** SUMMARY ***
Total pot $30 | Rake $0.50
Board [8s 8d Jc 4h 4d]
Seat 2: Psynto (big blind) folded on the River
Seat 6: igmade (button) (small blind) collected ($29.50)


PokerStars Hand #174807752376:  Hold'em Limit ($3/$6 USD) - 2017/08/26 5:18:48 ET
Table 'Pavo' 6-max Seat #2 is the button
Seat 2: Psynto ($246.01 in chips)
Seat 6: igmade ($173.82 in chips)
Psynto: posts small blind $1
igmade: posts big blind $3
*** HOLE CARDS ***
Psynto: raises $3 to $6
igmade: raises $3 to $9
Psynto: calls $3
*** FLOP *** [2d Jd Th]
igmade: bets $3
Psynto: raises $3 to $6
igmade: raises $3 to $9
Psynto: calls $3
*** TURN *** [2d Jd Th] [6h]
igmade: bets $6
Psynto: calls $6
*** RIVER *** [2d Jd Th 6h] [7h]
igmade: bets $6
Psynto: calls $6
*** SHOW DOWN ***
igmade: shows [Qs Jc] (a pair of Jacks)
Psynto: mucks hand
igmade collected $59.50 from pot
*** SUMMARY ***
Total pot $60 | Rake $0.50
Board [2d Jd Th 6h 7h]
Seat 2: Psynto (button) (small blind) mucked
Seat 6: igmade (big blind) showed [Qs Jc] and won ($59.50) with a pair of Jacks


PokerStars Hand #174807769430:  Hold'em Limit ($3/$6 USD) - 2017/08/26 5:19:36 ET
Table 'Pavo' 6-max Seat #6 is the button
Seat 2: Psynto ($197.51 in chips)
Seat 6: igmade ($220.82 in chips)
manly70 leaves the table
igmade: posts small blind $1
Psynto: posts big blind $3
*** HOLE CARDS ***
igmade: raises $3 to $6
Psynto: calls $3
*** FLOP *** [4c Kc Qs]
Psynto: checks
igmade: bets $3
Psynto: folds
Uncalled bet ($3) returned to igmade
igmade collected $11.76 from pot
igmade: doesn't show hand
*** SUMMARY ***
Total pot $12 | Rake $0.24
Board [4c Kc Qs]
Seat 2: Psynto (big blind) folded on the Flop
Seat 6: igmade (button) (small blind) collected ($11.76)


PokerStars Hand #174807772526:  Hold'em Limit ($3/$6 USD) - 2017/08/26 5:19:45 ET
Table 'Pavo' 6-max Seat #2 is the button
Seat 2: Psynto ($191.51 in chips)
Seat 6: igmade ($226.58 in chips)
Psynto: posts small blind $1
igmade: posts big blind $3
*** HOLE CARDS ***
Psynto: raises $3 to $6
igmade: calls $3
*** FLOP *** [3c 2c 5c]
igmade: checks
Psynto: bets $3
igmade: raises $3 to $6
Psynto: calls $3
*** TURN *** [3c 2c 5c] [5s]
igmade: bets $6
Psynto: raises $6 to $12
igmade: calls $6
*** RIVER *** [3c 2c 5c 5s] [7h]
igmade: checks
Psynto: bets $6
igmade: calls $6
*** SHOW DOWN ***
Psynto: shows [5d 7s] (a full house, Fives full of Sevens)
igmade: mucks hand
Psynto collected $59.50 from pot
*** SUMMARY ***
Total pot $60 | Rake $0.50
Board [3c 2c 5c 5s 7h]
Seat 2: Psynto (button) (small blind) showed [5d 7s] and won ($59.50) with a full house, Fives full of Sevens
Seat 6: igmade (big blind) mucked


PokerStars Hand #174807777665:  Hold'em Limit ($3/$6 USD) - 2017/08/26 5:19:59 ET
Table 'Pavo' 6-max Seat #6 is the button
Seat 2: Psynto ($221.01 in chips)
Seat 6: igmade ($196.58 in chips)
igmade: posts small blind $1
Psynto: posts big blind $3
*** HOLE CARDS ***
igmade: folds
Uncalled bet ($2) returned to Psynto
Psynto collected $2 from pot
Psynto: doesn't show hand
*** SUMMARY ***
Total pot $2 | Rake $0
Seat 2: Psynto (big blind) collected ($2)
Seat 6: igmade (button) (small blind) folded before Flop


PokerStars Hand #174807757683:  Hold'em Limit ($3/$6 USD) - 2017/08/26 5:19:03 ET
Table 'Pavo' 6-max Seat #6 is the button
Seat 2: Psynto ($216.01 in chips)
Seat 6: igmade ($203.32 in chips)
igmade: posts small blind $1
Psynto: posts big blind $3
*** HOLE CARDS ***
igmade: raises $3 to $6
Psynto: calls $3
*** FLOP *** [5d Jh 3d]
Psynto: checks
igmade: bets $3
Psynto: raises $3 to $6
igmade: calls $3
*** TURN *** [5d Jh 3d] [Kh]
Psynto: bets $6
igmade: raises $6 to $12
Psynto: calls $6
*** RIVER *** [5d Jh 3d Kh] [Ad]
Psynto: checks
igmade: bets $6
Psynto: raises $6 to $12
igmade: raises $6 to $18
Psynto: raises $6 to $24
Betting is capped
igmade: calls $6
*** SHOW DOWN ***
Psynto: shows [6s 4d] (high card Ace)
igmade: shows [5h Ah] (two pair, Aces and Fives)
igmade collected $95.50 from pot
*** SUMMARY ***
Total pot $96 | Rake $0.50
Board [5d Jh 3d Kh Ad]
Seat 2: Psynto (big blind) showed [6s 4d] and lost with high card Ace
Seat 6: igmade (button) (small blind) showed [5h Ah] and won ($95.50) with two pair, Aces and Fives


PokerStars Hand #174807779241:  Hold'em Limit ($3/$6 USD) - 2017/08/26 5:20:03 ET
Table 'Pavo' 6-max Seat #2 is the button
Seat 2: Psynto ($222.01 in chips)
Seat 6: igmade ($195.58 in chips)
Psynto: posts small blind $1
igmade: posts big blind $3
*** HOLE CARDS ***
Psynto: raises $3 to $6
igmade: calls $3
*** FLOP *** [Th Kc 2d]
igmade: bets $3
Psynto: calls $3
*** TURN *** [Th Kc 2d] [3d]
igmade: checks
Psynto: bets $6
igmade: folds
Uncalled bet ($6) returned to Psynto
Psynto collected $17.64 from pot
Psynto: doesn't show hand
*** SUMMARY ***
Total pot $18 | Rake $0.36
Board [Th Kc 2d 3d]
Seat 2: Psynto (button) (small blind) collected ($17.64)
Seat 6: igmade (big blind) folded on the Turn


PokerStars Hand #174807794157:  Hold'em Limit ($3/$6 USD) - 2017/08/26 5:20:46 ET
Table 'Pavo' 6-max Seat #2 is the button
Seat 2: Psynto ($240.15 in chips)
Seat 6: igmade ($176.10 in chips)
Psynto: posts small blind $1
igmade: posts big blind $3
*** HOLE CARDS ***
Psynto: raises $3 to $6
igmade: raises $3 to $9
Psynto: calls $3
*** FLOP *** [Qh Qd 9h]
igmade: bets $3
Psynto: calls $3
*** TURN *** [Qh Qd 9h] [Qs]
igmade: bets $6
Psynto: folds
Uncalled bet ($6) returned to igmade
igmade collected $23.52 from pot
igmade: doesn't show hand
*** SUMMARY ***
Total pot $24 | Rake $0.48
Board [Qh Qd 9h Qs]
Seat 2: Psynto (button) (small blind) folded on the Turn
Seat 6: igmade (big blind) collected ($23.52)


PokerStars Hand #174807792593:  Hold'em Limit ($3/$6 USD) - 2017/08/26 5:20:41 ET
Table 'Pavo' 6-max Seat #6 is the button
Seat 2: Psynto ($239.15 in chips)
Seat 6: igmade ($177.10 in chips)
igmade: posts small blind $1
Psynto: posts big blind $3
*** HOLE CARDS ***
igmade: folds
Uncalled bet ($2) returned to Psynto
Psynto collected $2 from pot
Psynto: doesn't show hand
*** SUMMARY ***
Total pot $2 | Rake $0
Seat 2: Psynto (big blind) collected ($2)
Seat 6: igmade (button) (small blind) folded before Flop


PokerStars Hand #174807784152:  Hold'em Limit ($3/$6 USD) - 2017/08/26 5:20:17 ET
Table 'Pavo' 6-max Seat #6 is the button
Seat 2: Psynto ($230.65 in chips)
Seat 6: igmade ($186.58 in chips)
igmade: posts small blind $1
Psynto: posts big blind $3
*** HOLE CARDS ***
igmade: calls $2
Psynto: checks
*** FLOP *** [9s Qs Tc]
Psynto: checks
igmade: bets $3
Psynto: calls $3
*** TURN *** [9s Qs Tc] [4d]
Psynto: checks
igmade: bets $6
Psynto: calls $6
*** RIVER *** [9s Qs Tc 4d] [5s]
Psynto: checks
igmade: checks
*** SHOW DOWN ***
Psynto: shows [Kd 3s] (high card King)
igmade: shows [6s Ts] (a flush, Queen high)
igmade collected $23.52 from pot
*** SUMMARY ***
Total pot $24 | Rake $0.48
Board [9s Qs Tc 4d 5s]
Seat 2: Psynto (big blind) showed [Kd 3s] and lost with high card King
Seat 6: igmade (button) (small blind) showed [6s Ts] and won ($23.52) with a flush, Queen high


PokerStars Hand #174807788107:  Hold'em Limit ($3/$6 USD) - 2017/08/26 5:20:29 ET
Table 'Pavo' 6-max Seat #2 is the button
Seat 2: Psynto ($218.65 in chips)
Seat 6: igmade ($198.10 in chips)
Psynto: posts small blind $1
igmade: posts big blind $3
*** HOLE CARDS ***
Psynto: raises $3 to $6
igmade: calls $3
*** FLOP *** [4s 5s Jh]
igmade: checks
Psynto: bets $3
igmade: calls $3
*** TURN *** [4s 5s Jh] [Qd]
igmade: checks
Psynto: bets $6
igmade: calls $6
*** RIVER *** [4s 5s Jh Qd] [Ah]
igmade: checks
Psynto: bets $6
igmade: calls $6
*** SHOW DOWN ***
Psynto: shows [Qh 8h] (a pair of Queens)
igmade: mucks hand
Psynto collected $41.50 from pot
*** SUMMARY ***
Total pot $42 | Rake $0.50
Board [4s 5s Jh Qd Ah]
Seat 2: Psynto (button) (small blind) showed [Qh 8h] and won ($41.50) with a pair of Queens
Seat 6: igmade (big blind) mucked


PokerStars Hand #174807804265:  Hold'em Limit ($3/$6 USD) - 2017/08/26 5:21:14 ET
Table 'Pavo' 6-max Seat #2 is the button
Seat 2: Psynto ($222.15 in chips)
Seat 6: igmade ($193.38 in chips)
Psynto: posts small blind $1
igmade: posts big blind $3
*** HOLE CARDS ***
Psynto: raises $3 to $6
igmade: calls $3
*** FLOP *** [4h 4c Qc]
igmade: checks
Psynto: bets $3
igmade: folds
Uncalled bet ($3) returned to Psynto
Psynto collected $11.76 from pot
Psynto: doesn't show hand
*** SUMMARY ***
Total pot $12 | Rake $0.24
Board [4h 4c Qc]
Seat 2: Psynto (button) (small blind) collected ($11.76)
Seat 6: igmade (big blind) folded on the Flop


PokerStars Hand #174807806996:  Hold'em Limit ($3/$6 USD) - 2017/08/26 5:21:22 ET
Table 'Pavo' 6-max Seat #6 is the button
Seat 2: Psynto ($227.91 in chips)
Seat 6: igmade ($187.38 in chips)
igmade: posts small blind $1
Psynto: posts big blind $3
*** HOLE CARDS ***
igmade: raises $3 to $6
Psynto: calls $3
*** FLOP *** [Ts 8h Jh]
Psynto: checks
igmade: bets $3
Psynto: calls $3
*** TURN *** [Ts 8h Jh] [3d]
Psynto: checks
igmade: bets $6
Psynto: calls $6
*** RIVER *** [Ts 8h Jh 3d] [Qc]
Psynto: checks
igmade: bets $6
Psynto: calls $6
*** SHOW DOWN ***
igmade: shows [8c 8s] (three of a kind, Eights)
Psynto: mucks hand
igmade collected $41.50 from pot
*** SUMMARY ***
Total pot $42 | Rake $0.50
Board [Ts 8h Jh 3d Qc]
Seat 2: Psynto (big blind) mucked
Seat 6: igmade (button) (small blind) showed [8c 8s] and won ($41.50) with three of a kind, Eights


PokerStars Hand #174807799157:  Hold'em Limit ($3/$6 USD) - 2017/08/26 5:21:00 ET
Table 'Pavo' 6-max Seat #6 is the button
Seat 2: Psynto ($228.15 in chips)
Seat 6: igmade ($187.62 in chips)
igmade: posts small blind $1
Psynto: posts big blind $3
*** HOLE CARDS ***
igmade: raises $3 to $6
Psynto: calls $3
*** FLOP *** [3d Ac 3c]
Psynto: checks
igmade: bets $3
Psynto: folds
Uncalled bet ($3) returned to igmade
igmade collected $11.76 from pot
igmade: doesn't show hand
*** SUMMARY ***
Total pot $12 | Rake $0.24
Board [3d Ac 3c]
Seat 2: Psynto (big blind) folded on the Flop
Seat 6: igmade (button) (small blind) collected ($11.76)


PokerStars Hand #174807812022:  Hold'em Limit ($3/$6 USD) - 2017/08/26 5:21:36 ET
Table 'Pavo' 6-max Seat #2 is the button
Seat 2: Psynto ($206.91 in chips)
Seat 6: igmade ($207.88 in chips)
Psynto: posts small blind $1
igmade: posts big blind $3
*** HOLE CARDS ***
Psynto: raises $3 to $6
igmade: folds
Uncalled bet ($3) returned to Psynto
Psynto collected $6 from pot
Psynto: doesn't show hand
*** SUMMARY ***
Total pot $6 | Rake $0
Seat 2: Psynto (button) (small blind) collected ($6)
Seat 6: igmade (big blind) folded before Flop


PokerStars Hand #174807816009:  Hold'em Limit ($3/$6 USD) - 2017/08/26 5:21:47 ET
Table 'Pavo' 6-max Seat #6 is the button
Seat 2: Psynto ($209.91 in chips)
Seat 6: igmade ($204.88 in chips)
igmade: posts small blind $1
Psynto: posts big blind $3
*** HOLE CARDS ***
igmade: raises $3 to $6
Psynto: raises $3 to $9
igmade: raises $3 to $12
Betting is capped
Psynto: calls $3
*** FLOP *** [Kh 8d 8s]
Psynto: checks
igmade: bets $3
Psynto: calls $3
*** TURN *** [Kh 8d 8s] [4h]
Psynto: checks
igmade: bets $6
Psynto: raises $6 to $12
igmade: calls $6
*** RIVER *** [Kh 8d 8s 4h] [Js]
Psynto: bets $6
igmade: calls $6
*** SHOW DOWN ***
Psynto: shows [9d Kd] (two pair, Kings and Eights)
igmade: mucks hand
Psynto collected $65.50 from pot
*** SUMMARY ***
Total pot $66 | Rake $0.50
Board [Kh 8d 8s 4h Js]
Seat 2: Psynto (big blind) showed [9d Kd] and won ($65.50) with two pair, Kings and Eights
Seat 6: igmade (button) (small blind) mucked


PokerStars Hand #174807823591:  Hold'em Limit ($3/$6 USD) - 2017/08/26 5:22:09 ET
Table 'Pavo' 6-max Seat #2 is the button
Seat 2: Psynto ($242.41 in chips)
Seat 6: igmade ($171.88 in chips)
Psynto: posts small blind $1
igmade: posts big blind $3
*** HOLE CARDS ***
Psynto: raises $3 to $6
igmade: raises $3 to $9
Psynto: calls $3
*** FLOP *** [2s Js Ac]
igmade: bets $3
Psynto: folds
Uncalled bet ($3) returned to igmade
igmade collected $17.64 from pot
igmade: doesn't show hand
*** SUMMARY ***
Total pot $18 | Rake $0.36
Board [2s Js Ac]
Seat 2: Psynto (button) (small blind) folded on the Flop
Seat 6: igmade (big blind) collected ($17.64)


PokerStars Hand #174807832966:  Hold'em Limit ($3/$6 USD) - 2017/08/26 5:22:35 ET
Table 'Pavo' 6-max Seat #6 is the button
Seat 2: Psynto ($234.16 in chips)
Seat 6: igmade ($179.27 in chips)
igmade: posts small blind $1
Psynto: posts big blind $3
*** HOLE CARDS ***
igmade: raises $3 to $6
Psynto: calls $3
*** FLOP *** [Ac Qs 8h]
Psynto: checks
igmade: bets $3
Psynto: folds
Uncalled bet ($3) returned to igmade
igmade collected $11.76 from pot
igmade: doesn't show hand
*** SUMMARY ***
Total pot $12 | Rake $0.24
Board [Ac Qs 8h]
Seat 2: Psynto (big blind) folded on the Flop
Seat 6: igmade (button) (small blind) collected ($11.76)


PokerStars Hand #174807826921:  Hold'em Limit ($3/$6 USD) - 2017/08/26 5:22:18 ET
Table 'Pavo' 6-max Seat #6 is the button
Seat 2: Psynto ($233.41 in chips)
Seat 6: igmade ($180.52 in chips)
igmade: posts small blind $1
Psynto: posts big blind $3
*** HOLE CARDS ***
igmade: folds
Uncalled bet ($2) returned to Psynto
Psynto collected $2 from pot
Psynto: doesn't show hand
*** SUMMARY ***
Total pot $2 | Rake $0
Seat 2: Psynto (big blind) collected ($2)
Seat 6: igmade (button) (small blind) folded before Flop


PokerStars Hand #174807835655:  Hold'em Limit ($3/$6 USD) - 2017/08/26 5:22:43 ET
Table 'Pavo' 6-max Seat #2 is the button
Seat 2: Psynto ($228.16 in chips)
Seat 6: igmade ($185.03 in chips)
Psynto: posts small blind $1
igmade: posts big blind $3
*** HOLE CARDS ***
Psynto: raises $3 to $6
igmade: raises $3 to $9
Psynto: calls $3
*** FLOP *** [5s Jd 5d]
igmade: bets $3
Psynto: calls $3
*** TURN *** [5s Jd 5d] [8d]
igmade: bets $6
Psynto: raises $6 to $12
igmade: calls $6
*** RIVER *** [5s Jd 5d 8d] [Kh]
igmade: checks
Psynto: checks
*** SHOW DOWN ***
igmade: shows [As Jh] (two pair, Jacks and Fives)
Psynto: mucks hand
igmade collected $47.50 from pot
*** SUMMARY ***
Total pot $48 | Rake $0.50
Board [5s Jd 5d 8d Kh]
Seat 2: Psynto (button) (small blind) mucked
Seat 6: igmade (big blind) showed [As Jh] and won ($47.50) with two pair, Jacks and Fives


PokerStars Hand #174807841004:  Hold'em Limit ($3/$6 USD) - 2017/08/26 5:22:58 ET
Table 'Pavo' 6-max Seat #6 is the button
Seat 2: Psynto ($204.16 in chips)
Seat 6: igmade ($208.53 in chips)
igmade: posts small blind $1
Psynto: posts big blind $3
*** HOLE CARDS ***
igmade: raises $3 to $6
Psynto: calls $3
*** FLOP *** [Ad 5s Ac]
Psynto: checks
igmade: bets $3
Psynto: calls $3
*** TURN *** [Ad 5s Ac] [8c]
Psynto: checks
igmade: checks
*** RIVER *** [Ad 5s Ac 8c] [Jc]
Psynto: bets $6
igmade: raises $6 to $12
Psynto: raises $6 to $18
igmade: calls $6
*** SHOW DOWN ***
Psynto: shows [Ah 5d] (a full house, Aces full of Fives)
igmade: mucks hand
Psynto collected $53.50 from pot
*** SUMMARY ***
Total pot $54 | Rake $0.50
Board [Ad 5s Ac 8c Jc]
Seat 2: Psynto (big blind) showed [Ah 5d] and won ($53.50) with a full house, Aces full of Fives
Seat 6: igmade (button) (small blind) mucked


PokerStars Hand #174807828503:  Hold'em Limit ($3/$6 USD) - 2017/08/26 5:22:23 ET
Table 'Pavo' 6-max Seat #2 is the button
Seat 2: Psynto ($234.41 in chips)
Seat 6: igmade ($179.52 in chips)
Psynto: posts small blind $1
igmade: posts big blind $3
*** HOLE CARDS ***
Psynto: raises $3 to $6
igmade: raises $3 to $9
Psynto: calls $3
*** FLOP *** [7s 8s 5s]
igmade: bets $3
Psynto: calls $3
*** TURN *** [7s 8s 5s] [Ts]
igmade: bets $6
Psynto: calls $6
*** RIVER *** [7s 8s 5s Ts] [4s]
igmade: bets $6
Psynto: calls $6
*** SHOW DOWN ***
igmade: shows [Ac 5h] (a flush, Ten high)
Psynto: shows [7c 3d] (a flush, Ten high)
igmade collected $23.75 from pot
Psynto collected $23.75 from pot
*** SUMMARY ***
Total pot $48 | Rake $0.50
Board [7s 8s 5s Ts 4s]
Seat 2: Psynto (button) (small blind) showed [7c 3d] and won ($23.75) with a flush, Ten high
Seat 6: igmade (big blind) showed [Ac 5h] and won ($23.75) with a flush, Ten high


PokerStars Hand #174807846127:  Hold'em Limit ($3/$6 USD) - 2017/08/26 5:23:12 ET
Table 'Pavo' 6-max Seat #2 is the button
Seat 2: Psynto ($230.66 in chips)
Seat 6: igmade ($181.53 in chips)
Psynto: posts small blind $1
igmade: posts big blind $3
*** HOLE CARDS ***
Psynto: raises $3 to $6
igmade: calls $3
*** FLOP *** [6c 5d 8s]
igmade: checks
Psynto: bets $3
igmade: folds
Uncalled bet ($3) returned to Psynto
Psynto collected $11.76 from pot
Psynto: doesn't show hand
*** SUMMARY ***
Total pot $12 | Rake $0.24
Board [6c 5d 8s]
Seat 2: Psynto (button) (small blind) collected ($11.76)
Seat 6: igmade (big blind) folded on the Flop


PokerStars Hand #174807849207:  Hold'em Limit ($3/$6 USD) - 2017/08/26 5:23:21 ET
Table 'Pavo' 6-max Seat #6 is the button
Seat 2: Psynto ($236.42 in chips)
Seat 6: igmade ($175.53 in chips)
igmade: posts small blind $1
Psynto: posts big blind $3
*** HOLE CARDS ***
igmade: calls $2
Psynto: checks
*** FLOP *** [Ac 3d Jc]
Psynto: checks
igmade: bets $3
Psynto: folds
Uncalled bet ($3) returned to igmade
igmade collected $5.88 from pot
igmade: doesn't show hand
*** SUMMARY ***
Total pot $6 | Rake $0.12
Board [Ac 3d Jc]
Seat 2: Psynto (big blind) folded on the Flop
Seat 6: igmade (button) (small blind) collected ($5.88)


PokerStars Hand #174807855434:  Hold'em Limit ($3/$6 USD) - 2017/08/26 5:23:38 ET
Table 'Pavo' 6-max Seat #2 is the button
Seat 2: Psynto ($233.42 in chips)
Seat 6: igmade ($178.41 in chips)
Psynto: posts small blind $1
igmade: posts big blind $3
*** HOLE CARDS ***
Psynto: raises $3 to $6
igmade: calls $3
*** FLOP *** [7s 5s Qd]
igmade: checks
Psynto: bets $3
igmade: calls $3
*** TURN *** [7s 5s Qd] [Ah]
igmade: checks
Psynto: bets $6
igmade: calls $6
*** RIVER *** [7s 5s Qd Ah] [2c]
igmade: checks
Psynto: bets $6
igmade: raises $6 to $12
Psynto: raises $6 to $18
igmade: folds
Uncalled bet ($6) returned to Psynto
Psynto collected $53.50 from pot
Psynto: doesn't show hand
*** SUMMARY ***
Total pot $54 | Rake $0.50
Board [7s 5s Qd Ah 2c]
Seat 2: Psynto (button) (small blind) collected ($53.50)
Seat 6: igmade (big blind) folded on the River


PokerStars Hand #174807868784:  Hold'em Limit ($3/$6 USD) - 2017/08/26 5:24:15 ET
Table 'Pavo' 6-max Seat #2 is the button
Seat 2: Psynto ($247.92 in chips)
Seat 6: igmade ($162.93 in chips)
Psynto: posts small blind $1
igmade: posts big blind $3
*** HOLE CARDS ***
Psynto: raises $3 to $6
igmade: calls $3
*** FLOP *** [5d 2s Ac]
igmade: checks
Psynto: bets $3
igmade: raises $3 to $6
Psynto: calls $3
*** TURN *** [5d 2s Ac] [Ad]
igmade: bets $6
Psynto: folds
Uncalled bet ($6) returned to igmade
igmade collected $23.52 from pot
igmade: doesn't show hand
*** SUMMARY ***
Total pot $24 | Rake $0.48
Board [5d 2s Ac Ad]
Seat 2: Psynto (button) (small blind) folded on the Turn
Seat 6: igmade (big blind) collected ($23.52)


PokerStars Hand #174807879406:  Hold'em Limit ($3/$6 USD) - 2017/08/26 5:24:46 ET
Table 'Pavo' 6-max Seat #2 is the button
Seat 2: Psynto ($256.42 in chips)
Seat 6: igmade ($153.45 in chips)
Psynto: posts small blind $1
igmade: posts big blind $3
*** HOLE CARDS ***
Psynto: raises $3 to $6
igmade: calls $3
*** FLOP *** [7c Tc Qs]
igmade: checks
Psynto: bets $3
igmade: folds
Uncalled bet ($3) returned to Psynto
Psynto collected $11.76 from pot
Psynto: doesn't show hand
*** SUMMARY ***
Total pot $12 | Rake $0.24
Board [7c Tc Qs]
Seat 2: Psynto (button) (small blind) collected ($11.76)
Seat 6: igmade (big blind) folded on the Flop


PokerStars Hand #174807861602:  Hold'em Limit ($3/$6 USD) - 2017/08/26 5:23:56 ET
Table 'Pavo' 6-max Seat #6 is the button
Seat 2: Psynto ($259.92 in chips)
Seat 6: igmade ($151.41 in chips)
igmade: posts small blind $1
Psynto: posts big blind $3
*** HOLE CARDS ***
igmade: raises $3 to $6
Psynto: raises $3 to $9
igmade: calls $3
*** FLOP *** [5c 6h 8h]
Psynto: bets $3
igmade: calls $3
*** TURN *** [5c 6h 8h] [Qh]
Psynto: checks
igmade: checks
*** RIVER *** [5c 6h 8h Qh] [7h]
Psynto: checks
igmade: bets $6
Psynto: folds
Uncalled bet ($6) returned to igmade
igmade collected $23.52 from pot
igmade: doesn't show hand
*** SUMMARY ***
Total pot $24 | Rake $0.48
Board [5c 6h 8h Qh 7h]
Seat 2: Psynto (big blind) folded on the River
Seat 6: igmade (button) (small blind) collected ($23.52)


PokerStars Hand #174807874464:  Hold'em Limit ($3/$6 USD) - 2017/08/26 5:24:31 ET
Table 'Pavo' 6-max Seat #6 is the button
Seat 2: Psynto ($235.92 in chips)
Seat 6: igmade ($174.45 in chips)
igmade: posts small blind $1
Psynto: posts big blind $3
*** HOLE CARDS ***
igmade: calls $2
Psynto: raises $3 to $6
igmade: calls $3
*** FLOP *** [As 2h Ts]
Psynto: bets $3
igmade: calls $3
*** TURN *** [As 2h Ts] [8d]
Psynto: bets $6
igmade: calls $6
*** RIVER *** [As 2h Ts 8d] [7h]
Psynto: bets $6
igmade: calls $6
*** SHOW DOWN ***
Psynto: shows [Jd Th] (a pair of Tens)
igmade: mucks hand
Psynto collected $41.50 from pot
*** SUMMARY ***
Total pot $42 | Rake $0.50
Board [As 2h Ts 8d 7h]
Seat 2: Psynto (big blind) showed [Jd Th] and won ($41.50) with a pair of Tens
Seat 6: igmade (button) (small blind) mucked


PokerStars Hand #174807883370:  Hold'em Limit ($3/$6 USD) - 2017/08/26 5:24:57 ET
Table 'Pavo' 6-max Seat #6 is the button
Seat 2: Psynto ($262.18 in chips)
Seat 6: igmade ($147.45 in chips)
igmade: posts small blind $1
Psynto: posts big blind $3
*** HOLE CARDS ***
igmade: folds
Uncalled bet ($2) returned to Psynto
Psynto collected $2 from pot
Psynto: doesn't show hand
*** SUMMARY ***
Total pot $2 | Rake $0
Seat 2: Psynto (big blind) collected ($2)
Seat 6: igmade (button) (small blind) folded before Flop


PokerStars Hand #174807894921:  Hold'em Limit ($3/$6 USD) - 2017/08/26 5:25:29 ET
Table 'Pavo' 6-max Seat #2 is the button
Seat 2: Psynto ($263.18 in chips)
Seat 6: igmade ($146.45 in chips)
Psynto: posts small blind $1
igmade: posts big blind $3
*** HOLE CARDS ***
Psynto: raises $3 to $6
igmade: calls $3
*** FLOP *** [2c Jc Td]
igmade: checks
Psynto: bets $3
igmade: raises $3 to $6
Psynto: calls $3
*** TURN *** [2c Jc Td] [Ts]
igmade: bets $6
Psynto: calls $6
*** RIVER *** [2c Jc Td Ts] [2d]
igmade: bets $6
linuxhunter joins the table at seat #4
Psynto: folds
Uncalled bet ($6) returned to igmade
igmade collected $35.50 from pot
igmade: doesn't show hand
*** SUMMARY ***
Total pot $36 | Rake $0.50
Board [2c Jc Td Ts 2d]
Seat 2: Psynto (button) (small blind) folded on the River
Seat 6: igmade (big blind) collected ($35.50)


PokerStars Hand #174807904278:  Hold'em Limit ($3/$6 USD) - 2017/08/26 5:25:55 ET
Table 'Pavo' 6-max Seat #6 is the button
Seat 2: Psynto ($245.18 in chips)
Seat 6: igmade ($163.95 in chips)
igmade: posts small blind $1
Psynto: posts big blind $3
*** HOLE CARDS ***
igmade: raises $3 to $6
Psynto: calls $3
*** FLOP *** [Qs Js As]
Psynto: checks
igmade: bets $3
Psynto: calls $3
*** TURN *** [Qs Js As] [Jh]
Psynto: checks
igmade: bets $6
Psynto: calls $6
*** RIVER *** [Qs Js As Jh] [Ks]
Psynto: checks
igmade: checks
*** SHOW DOWN ***
Psynto: shows [5h Qc] (two pair, Queens and Jacks)
igmade: shows [5d Ad] (two pair, Aces and Jacks)
igmade collected $29.50 from pot
*** SUMMARY ***
Total pot $30 | Rake $0.50
Board [Qs Js As Jh Ks]
Seat 2: Psynto (big blind) showed [5h Qc] and lost with two pair, Queens and Jacks
Seat 6: igmade (button) (small blind) showed [5d Ad] and won ($29.50) with two pair, Aces and Jacks


PokerStars Hand #174807923609:  Hold'em Limit ($3/$6 USD) - 2017/08/26 5:26:49 ET
Table 'Pavo' 6-max Seat #2 is the button
Seat 2: Psynto ($213.18 in chips)
Seat 4: linuxhunter ($204.66 in chips)
Psynto: posts small blind $1
linuxhunter: posts big blind $3
*** HOLE CARDS ***
Psynto: raises $3 to $6
linuxhunter: folds
Uncalled bet ($3) returned to Psynto
Psynto collected $6 from pot
Psynto: doesn't show hand
*** SUMMARY ***
Total pot $6 | Rake $0
Seat 2: Psynto (button) (small blind) collected ($6)
Seat 4: linuxhunter (big blind) folded before Flop


