PokerStars Hand #160090455997:  Hold'em Limit ($3/$6 USD) - 2016/10/18 2:33:07 ET
Table 'Pavo' 6-max Seat #1 is the button
Seat 1: ribban4747 ($36 in chips)
Seat 4: Agrotait ($72 in chips)
ribban4747: posts small blind $1
Agrotait: posts big blind $3
*** HOLE CARDS ***
ribban4747: calls $2
Agrotait: checks
*** FLOP *** [2d Jd Qd]
Agrotait: checks
ribban4747: checks
*** TURN *** [2d Jd Qd] [Qs]
Agrotait: bets $6
ribban4747: folds
Uncalled bet ($6) returned to Agrotait
Agrotait collected $5.88 from pot
Agrotait: doesn't show hand
*** SUMMARY ***
Total pot $6 | Rake $0.12
Board [2d Jd Qd Qs]
Seat 1: ribban4747 (button) (small blind) folded on the Turn
Seat 4: Agrotait (big blind) collected ($5.88)


PokerStars Hand #160090460184:  Hold'em Limit ($3/$6 USD) - 2016/10/18 2:33:24 ET
Table 'Pavo' 6-max Seat #4 is the button
Seat 1: ribban4747 ($33 in chips)
Seat 4: Agrotait ($74.88 in chips)
Agrotait: posts small blind $1
ribban4747: posts big blind $3
*** HOLE CARDS ***
Agrotait: raises $3 to $6
ribban4747: calls $3
*** FLOP *** [2c Ks 9h]
ribban4747: bets $3
Agrotait: calls $3
*** TURN *** [2c Ks 9h] [Qc]
ribban4747: bets $6
Agrotait: calls $6
*** RIVER *** [2c Ks 9h Qc] [Ts]
ribban4747: bets $6
Agrotait: raises $6 to $12
ribban4747: folds
Uncalled bet ($6) returned to Agrotait
Agrotait collected $41.50 from pot
Agrotait: doesn't show hand
*** SUMMARY ***
Total pot $42 | Rake $0.50
Board [2c Ks 9h Qc Ts]
Seat 1: ribban4747 (big blind) folded on the River
Seat 4: Agrotait (button) (small blind) collected ($41.50)


PokerStars Hand #160090474730:  Hold'em Limit ($3/$6 USD) - 2016/10/18 2:34:25 ET
Table 'Pavo' 6-max Seat #4 is the button
Seat 1: ribban4747 ($23.52 in chips)
Seat 4: Agrotait ($83.38 in chips)
Agrotait: posts small blind $1
ribban4747: posts big blind $3
*** HOLE CARDS ***
Agrotait: raises $3 to $6
ribban4747: calls $3
*** FLOP *** [Jd Ks 3h]
ribban4747: checks
Agrotait: bets $3
ribban4747: folds
Uncalled bet ($3) returned to Agrotait
Agrotait collected $11.76 from pot
Agrotait: doesn't show hand
*** SUMMARY ***
Total pot $12 | Rake $0.24
Board [Jd Ks 3h]
Seat 1: ribban4747 (big blind) folded on the Flop
Seat 4: Agrotait (button) (small blind) collected ($11.76)


PokerStars Hand #160090465371:  Hold'em Limit ($3/$6 USD) - 2016/10/18 2:33:46 ET
Table 'Pavo' 6-max Seat #1 is the button
Seat 1: ribban4747 ($12 in chips)
Seat 4: Agrotait ($95.38 in chips)
ribban4747: posts small blind $1
Agrotait: posts big blind $3
*** HOLE CARDS ***
ribban4747: raises $3 to $6
Agrotait: calls $3
*** FLOP *** [Ad Jd Qh]
Agrotait: checks
ribban4747: bets $3
Agrotait: calls $3
*** TURN *** [Ad Jd Qh] [Ks]
Agrotait: checks
ribban4747: bets $3 and is all-in
Agrotait: calls $3
*** RIVER *** [Ad Jd Qh Ks] [8h]
*** SHOW DOWN ***
Agrotait: shows [3s Qd] (a pair of Queens)
ribban4747: shows [6s Kh] (a pair of Kings)
ribban4747 collected $23.52 from pot
*** SUMMARY ***
Total pot $24 | Rake $0.48
Board [Ad Jd Qh Ks 8h]
Seat 1: ribban4747 (button) (small blind) showed [6s Kh] and won ($23.52) with a pair of Kings
Seat 4: Agrotait (big blind) showed [3s Qd] and lost with a pair of Queens


PokerStars Hand #160090479845:  Hold'em Limit ($3/$6 USD) - 2016/10/18 2:34:47 ET
Table 'Pavo' 6-max Seat #1 is the button
Seat 1: ribban4747 ($17.52 in chips)
Seat 4: Agrotait ($89.14 in chips)
ribban4747: posts small blind $1
Agrotait: posts big blind $3
*** HOLE CARDS ***
ribban4747: folds
Uncalled bet ($2) returned to Agrotait
Agrotait collected $2 from pot
Agrotait: doesn't show hand
*** SUMMARY ***
Total pot $2 | Rake $0
Seat 1: ribban4747 (button) (small blind) folded before Flop
Seat 4: Agrotait (big blind) collected ($2)


PokerStars Hand #160090481108:  Hold'em Limit ($3/$6 USD) - 2016/10/18 2:34:52 ET
Table 'Pavo' 6-max Seat #4 is the button
Seat 1: ribban4747 ($16.52 in chips)
Seat 4: Agrotait ($90.14 in chips)
Agrotait: posts small blind $1
ribban4747: posts big blind $3
*** HOLE CARDS ***
Agrotait: raises $3 to $6
ribban4747: calls $3
*** FLOP *** [Jd Qc Td]
ribban4747: bets $3
Agrotait: calls $3
*** TURN *** [Jd Qc Td] [7c]
ribban4747: bets $6
Agrotait: raises $6 to $12
ribban4747: calls $1.52 and is all-in
Uncalled bet ($4.48) returned to Agrotait
*** RIVER *** [Jd Qc Td 7c] [8s]
*** SHOW DOWN ***
ribban4747: shows [Th 4s] (a pair of Tens)
Agrotait: shows [Qh 2s] (a pair of Queens)
Agrotait collected $32.54 from pot
*** SUMMARY ***
Total pot $33.04 | Rake $0.50
Board [Jd Qc Td 7c 8s]
Seat 1: ribban4747 (big blind) showed [Th 4s] and lost with a pair of Tens
Seat 4: Agrotait (button) (small blind) showed [Qh 2s] and won ($32.54) with a pair of Queens


