PokerStars Hand #150334536430:  Hold'em Limit ($3/$6 USD) - 2016/03/14 8:41:24 ET
Table 'Pavo II' 10-max Seat #1 is the button
Seat 1: DeKirov ($130.52 in chips)
Seat 2: B_loJkl ($139 in chips)
DeKirov: posts small blind $1
B_loJkl: posts big blind $3
*** HOLE CARDS ***
DeKirov: raises $3 to $6
B_loJkl: calls $3
*** FLOP *** [4h 7c Qc]
B_loJkl: checks
DeKirov: bets $3
B_loJkl: calls $3
*** TURN *** [4h 7c Qc] [Tc]
B_loJkl: checks
DeKirov: bets $6
B_loJkl: raises $6 to $12
DeKirov: raises $6 to $18
B_loJkl: raises $6 to $24
Betting is capped
DeKirov: calls $6
*** RIVER *** [4h 7c Qc Tc] [6c]
B_loJkl: bets $6
DeKirov: calls $6
*** SHOW DOWN ***
B_loJkl: shows [8c Jc] (a flush, Queen high)
DeKirov: mucks hand
B_loJkl collected $77.50 from pot
*** SUMMARY ***
Total pot $78 | Rake $0.50
Board [4h 7c Qc Tc 6c]
Seat 1: DeKirov (button) (small blind) mucked
Seat 2: B_loJkl (big blind) showed [8c Jc] and won ($77.50) with a flush, Queen high


PokerStars Hand #150334519202:  Hold'em Limit ($3/$6 USD) - 2016/03/14 8:40:51 ET
Table 'Pavo II' 10-max Seat #2 is the button
Seat 1: DeKirov ($119 in chips)
Seat 2: B_loJkl ($151 in chips)
B_loJkl: posts small blind $1
DeKirov: posts big blind $3
*** HOLE CARDS ***
B_loJkl: raises $3 to $6
DeKirov: raises $3 to $9
B_loJkl: calls $3
*** FLOP *** [5d 3h 3c]
DeKirov: bets $3
B_loJkl: calls $3
*** TURN *** [5d 3h 3c] [Kc]
DeKirov: checks
B_loJkl: checks
*** RIVER *** [5d 3h 3c Kc] [Ad]
DeKirov: checks
B_loJkl: checks
*** SHOW DOWN ***
DeKirov: shows [Qd 9d] (a pair of Threes)
B_loJkl: mucks hand
DeKirov collected $23.52 from pot
*** SUMMARY ***
Total pot $24 | Rake $0.48
Board [5d 3h 3c Kc Ad]
Seat 1: DeKirov (big blind) showed [Qd 9d] and won ($23.52) with a pair of Threes
Seat 2: B_loJkl (button) (small blind) mucked


PokerStars Hand #150334567991:  Hold'em Limit ($3/$6 USD) - 2016/03/14 8:42:23 ET
Table 'Pavo II' 10-max Seat #2 is the button
Seat 1: DeKirov ($88.02 in chips)
Seat 2: B_loJkl ($180 in chips)
B_loJkl: posts small blind $1
DeKirov: posts big blind $3
*** HOLE CARDS ***
B_loJkl: raises $3 to $6
DeKirov: folds
Uncalled bet ($3) returned to B_loJkl
B_loJkl collected $6 from pot
B_loJkl: doesn't show hand
*** SUMMARY ***
Total pot $6 | Rake $0
Seat 1: DeKirov (big blind) folded before Flop
Seat 2: B_loJkl (button) (small blind) collected ($6)


PokerStars Hand #150334555784:  Hold'em Limit ($3/$6 USD) - 2016/03/14 8:42:00 ET
Table 'Pavo II' 10-max Seat #1 is the button
Seat 1: DeKirov ($61.52 in chips)
Seat 2: B_loJkl ($207 in chips)
DeKirov: posts small blind $1
B_loJkl: posts big blind $3
*** HOLE CARDS ***
DeKirov: raises $3 to $6
B_loJkl: calls $3
*** FLOP *** [5d 2c Ks]
B_loJkl: checks
DeKirov: bets $3
B_loJkl: raises $3 to $6
DeKirov: raises $3 to $9
B_loJkl: calls $3
*** TURN *** [5d 2c Ks] [7s]
B_loJkl: checks
DeKirov: bets $6
B_loJkl: calls $6
*** RIVER *** [5d 2c Ks 7s] [Ad]
B_loJkl: checks
DeKirov: bets $6
B_loJkl: calls $6
*** SHOW DOWN ***
DeKirov: shows [3d Kd] (a pair of Kings)
B_loJkl: mucks hand
DeKirov collected $53.50 from pot
*** SUMMARY ***
Total pot $54 | Rake $0.50
Board [5d 2c Ks 7s Ad]
Seat 1: DeKirov (button) (small blind) showed [3d Kd] and won ($53.50) with a pair of Kings
Seat 2: B_loJkl (big blind) mucked


PokerStars Hand #150334545973:  Hold'em Limit ($3/$6 USD) - 2016/03/14 8:41:41 ET
Table 'Pavo II' 10-max Seat #2 is the button
Seat 1: DeKirov ($91.52 in chips)
Seat 2: B_loJkl ($177.50 in chips)
B_loJkl: posts small blind $1
DeKirov: posts big blind $3
*** HOLE CARDS ***
B_loJkl: raises $3 to $6
DeKirov: raises $3 to $9
B_loJkl: calls $3
*** FLOP *** [Kh 9h Jd]
DeKirov: bets $3
B_loJkl: calls $3
*** TURN *** [Kh 9h Jd] [3s]
DeKirov: bets $6
B_loJkl: calls $6
*** RIVER *** [Kh 9h Jd 3s] [Th]
DeKirov: bets $6
B_loJkl: raises $6 to $12
DeKirov: calls $6
*** SHOW DOWN ***
B_loJkl: shows [Qd Js] (a straight, Nine to King)
DeKirov: mucks hand
B_loJkl collected $59.50 from pot
*** SUMMARY ***
Total pot $60 | Rake $0.50
Board [Kh 9h Jd 3s Th]
Seat 1: DeKirov (big blind) mucked
Seat 2: B_loJkl (button) (small blind) showed [Qd Js] and won ($59.50) with a straight, Nine to King


