PokerStars Hand #167344211214:  Hold'em Limit ($3/$6 USD) - 2017/03/09 13:05:40 ET
Table 'Pavo II' 6-max Seat #6 is the button
Seat 2: Great_Kang ($135.04 in chips)
Seat 6: Whitty29 ($185.15 in chips)
Whitty29: posts small blind $1
Great_Kang: posts big blind $3
*** HOLE CARDS ***
Whitty29: folds
Uncalled bet ($2) returned to Great_Kang
Great_Kang collected $2 from pot
Great_Kang: doesn't show hand
*** SUMMARY ***
Total pot $2 | Rake $0
Seat 2: Great_Kang (big blind) collected ($2)
Seat 6: Whitty29 (button) (small blind) folded before Flop


PokerStars Hand #167344215467:  Hold'em Limit ($3/$6 USD) - 2017/03/09 13:05:45 ET
Table 'Pavo II' 6-max Seat #2 is the button
Seat 2: Great_Kang ($136.04 in chips)
Seat 6: Whitty29 ($184.15 in chips)
Great_Kang: posts small blind $1
Whitty29: posts big blind $3
*** HOLE CARDS ***
nimzon joins the table at seat #3
vestimokrec joins the table at seat #1
nimzon leaves the table
Great_Kang: folds
Uncalled bet ($2) returned to Whitty29
Whitty29 collected $2 from pot
*** SUMMARY ***
Total pot $2 | Rake $0
Seat 2: Great_Kang (button) (small blind) folded before Flop
Seat 6: Whitty29 (big blind) collected ($2)


PokerStars Hand #167345544983:  Hold'em Limit ($3/$6 USD) - 2017/03/09 13:33:08 ET
Table 'Pavo II' 6-max Seat #4 is the button
Seat 2: Ale4o ($81 in chips)
Seat 4: Pelurile ($138.01 in chips)
Pelurile: posts small blind $1
AzureCaper: is sitting out
Whitty29: is sitting out
Ale4o: posts big blind $3
*** HOLE CARDS ***
Pelurile: raises $3 to $6
Ale4o: folds
Uncalled bet ($3) returned to Pelurile
Pelurile collected $6 from pot
Pelurile: doesn't show hand
*** SUMMARY ***
Total pot $6 | Rake $0
Seat 2: Ale4o (big blind) folded before Flop
Seat 4: Pelurile (button) (small blind) collected ($6)


