PokerStars Hand #153564568358:  Hold'em Limit ($3/$6 USD) - 2016/05/19 19:58:20 ET
Table 'Pavo' 6-max Seat #6 is the button
Seat 1: haagsemocro1 ($96 in chips)
Seat 6: RaisemyNut$ ($296.35 in chips)
RaisemyNut$: posts small blind $1
haagsemocro1: posts big blind $3
*** HOLE CARDS ***
RaisemyNut$: raises $3 to $6
haagsemocro1: calls $3
*** FLOP *** [4d Qc Ad]
haagsemocro1: checks
RaisemyNut$: bets $3
haagsemocro1: folds
Uncalled bet ($3) returned to RaisemyNut$
RaisemyNut$ collected $11.76 from pot
RaisemyNut$: doesn't show hand
*** SUMMARY ***
Total pot $12 | Rake $0.24
Board [4d Qc Ad]
Seat 1: haagsemocro1 (big blind) folded on the Flop
Seat 6: RaisemyNut$ (button) (small blind) collected ($11.76)


PokerStars Hand #153565135188:  Hold'em Limit ($3/$6 USD) - 2016/05/19 20:16:12 ET
Table 'Pavo' 6-max Seat #1 is the button
Seat 1: haagsemocro1 ($68.46 in chips)
Seat 4: Zubasa07 ($457.38 in chips)
haagsemocro1: posts small blind $1
Zubasa07: posts big blind $3
*** HOLE CARDS ***
haagsemocro1: raises $3 to $6
Zubasa07: calls $3
*** FLOP *** [6s 8d 6c]
Zubasa07: checks
haagsemocro1: bets $3
Zubasa07: calls $3
*** TURN *** [6s 8d 6c] [4c]
Zubasa07: checks
haagsemocro1: bets $6
Zubasa07: calls $6
*** RIVER *** [6s 8d 6c 4c] [6d]
Zubasa07: checks
haagsemocro1: bets $6
Zubasa07: folds
Uncalled bet ($6) returned to haagsemocro1
haagsemocro1 collected $29.50 from pot
haagsemocro1: doesn't show hand
*** SUMMARY ***
Total pot $30 | Rake $0.50
Board [6s 8d 6c 4c 6d]
Seat 1: haagsemocro1 (button) (small blind) collected ($29.50)
Seat 4: Zubasa07 (big blind) folded on the River


PokerStars Hand #153565177296:  Hold'em Limit ($3/$6 USD) - 2016/05/19 20:17:34 ET
Table 'Pavo' 6-max Seat #4 is the button
Seat 1: haagsemocro1 ($82.96 in chips)
Seat 4: Zubasa07 ($442.38 in chips)
Zubasa07: posts small blind $1
haagsemocro1: posts big blind $3
*** HOLE CARDS ***
Zubasa07: folds
Uncalled bet ($2) returned to haagsemocro1
haagsemocro1 collected $2 from pot
haagsemocro1: doesn't show hand
*** SUMMARY ***
Total pot $2 | Rake $0
Seat 1: haagsemocro1 (big blind) collected ($2)
Seat 4: Zubasa07 (button) (small blind) folded before Flop


PokerStars Hand #153565182748:  Hold'em Limit ($3/$6 USD) - 2016/05/19 20:17:45 ET
Table 'Pavo' 6-max Seat #1 is the button
Seat 1: haagsemocro1 ($83.96 in chips)
Seat 4: Zubasa07 ($441.38 in chips)
haagsemocro1: posts small blind $1
Zubasa07: posts big blind $3
*** HOLE CARDS ***
haagsemocro1: raises $3 to $6
Zubasa07: calls $3
*** FLOP *** [Qs 3s 8h]
Zubasa07: checks
haagsemocro1: bets $3
Zubasa07: raises $3 to $6
haagsemocro1: calls $3
*** TURN *** [Qs 3s 8h] [2h]
Zubasa07: bets $6
haagsemocro1: calls $6
*** RIVER *** [Qs 3s 8h 2h] [Kd]
Zubasa07: bets $6
haagsemocro1: calls $6
*** SHOW DOWN ***
Zubasa07: shows [8s 5d] (a pair of Eights)
haagsemocro1: shows [8d 7h] (a pair of Eights - King+Queen+Seven kicker)
haagsemocro1 collected $47.50 from pot
*** SUMMARY ***
Total pot $48 | Rake $0.50
Board [Qs 3s 8h 2h Kd]
Seat 1: haagsemocro1 (button) (small blind) showed [8d 7h] and won ($47.50) with a pair of Eights
Seat 4: Zubasa07 (big blind) showed [8s 5d] and lost with a pair of Eights


PokerStars Hand #153565217439:  Hold'em Limit ($3/$6 USD) - 2016/05/19 20:18:52 ET
Table 'Pavo' 6-max Seat #1 is the button
Seat 1: haagsemocro1 ($101.46 in chips)
Seat 4: Zubasa07 ($423.14 in chips)
haagsemocro1: posts small blind $1
Zubasa07: posts big blind $3
*** HOLE CARDS ***
haagsemocro1: raises $3 to $6
Zubasa07: calls $3
*** FLOP *** [7h 3c Qh]
Zubasa07: checks
haagsemocro1: bets $3
Zubasa07: raises $3 to $6
haagsemocro1: calls $3
*** TURN *** [7h 3c Qh] [4s]
Zubasa07: bets $6
haagsemocro1: folds
Uncalled bet ($6) returned to Zubasa07
Zubasa07 collected $23.52 from pot
Zubasa07: doesn't show hand
*** SUMMARY ***
Total pot $24 | Rake $0.48
Board [7h 3c Qh 4s]
Seat 1: haagsemocro1 (button) (small blind) folded on the Turn
Seat 4: Zubasa07 (big blind) collected ($23.52)


PokerStars Hand #153565237835:  Hold'em Limit ($3/$6 USD) - 2016/05/19 20:19:32 ET
Table 'Pavo' 6-max Seat #4 is the button
Seat 1: haagsemocro1 ($89.46 in chips)
Seat 4: Zubasa07 ($434.66 in chips)
Zubasa07: posts small blind $1
haagsemocro1: posts big blind $3
*** HOLE CARDS ***
Zubasa07: folds
Uncalled bet ($2) returned to haagsemocro1
haagsemocro1 collected $2 from pot
haagsemocro1: doesn't show hand
*** SUMMARY ***
Total pot $2 | Rake $0
Seat 1: haagsemocro1 (big blind) collected ($2)
Seat 4: Zubasa07 (button) (small blind) folded before Flop


PokerStars Hand #153565208543:  Hold'em Limit ($3/$6 USD) - 2016/05/19 20:18:34 ET
Table 'Pavo' 6-max Seat #4 is the button
Seat 1: haagsemocro1 ($107.46 in chips)
Seat 4: Zubasa07 ($417.38 in chips)
Zubasa07: posts small blind $1
haagsemocro1: posts big blind $3
*** HOLE CARDS ***
Zubasa07: raises $3 to $6
haagsemocro1: calls $3
*** FLOP *** [Ts Jh 6d]
haagsemocro1: checks
Zubasa07: bets $3
haagsemocro1: folds
Uncalled bet ($3) returned to Zubasa07
Zubasa07 collected $11.76 from pot
Zubasa07: doesn't show hand
*** SUMMARY ***
Total pot $12 | Rake $0.24
Board [Ts Jh 6d]
Seat 1: haagsemocro1 (big blind) folded on the Flop
Seat 4: Zubasa07 (button) (small blind) collected ($11.76)


PokerStars Hand #153565242770:  Hold'em Limit ($3/$6 USD) - 2016/05/19 20:19:41 ET
Table 'Pavo' 6-max Seat #1 is the button
Seat 1: haagsemocro1 ($90.46 in chips)
Seat 4: Zubasa07 ($433.66 in chips)
haagsemocro1: posts small blind $1
Zubasa07: posts big blind $3
*** HOLE CARDS ***
haagsemocro1: raises $3 to $6
Zubasa07: raises $3 to $9
haagsemocro1: calls $3
*** FLOP *** [Ks 6h Js]
Zubasa07: bets $3
haagsemocro1: calls $3
*** TURN *** [Ks 6h Js] [Qd]
Zubasa07: checks
haagsemocro1: checks
*** RIVER *** [Ks 6h Js Qd] [5s]
Zubasa07: bets $6
haagsemocro1: calls $6
*** SHOW DOWN ***
Zubasa07: shows [4c 5c] (a pair of Fives)
haagsemocro1: shows [6c As] (a pair of Sixes)
haagsemocro1 collected $35.50 from pot
*** SUMMARY ***
Total pot $36 | Rake $0.50
Board [Ks 6h Js Qd 5s]
Seat 1: haagsemocro1 (button) (small blind) showed [6c As] and won ($35.50) with a pair of Sixes
Seat 4: Zubasa07 (big blind) showed [4c 5c] and lost with a pair of Fives


PokerStars Hand #153565273476:  Hold'em Limit ($3/$6 USD) - 2016/05/19 20:20:42 ET
Table 'Pavo' 6-max Seat #4 is the button
Seat 1: haagsemocro1 ($107.96 in chips)
Seat 4: Zubasa07 ($415.66 in chips)
Zubasa07: posts small blind $1
haagsemocro1: posts big blind $3
*** HOLE CARDS ***
Zubasa07: raises $3 to $6
haagsemocro1: calls $3
*** FLOP *** [2s 8s Jc]
haagsemocro1: checks
Zubasa07: bets $3
haagsemocro1: calls $3
*** TURN *** [2s 8s Jc] [6h]
haagsemocro1: checks
Zubasa07: bets $6
haagsemocro1: calls $6
*** RIVER *** [2s 8s Jc 6h] [2d]
haagsemocro1: checks
Zubasa07: checks
*** SHOW DOWN ***
haagsemocro1: shows [Qh 9c] (a pair of Deuces)
Zubasa07: shows [7c 6d] (two pair, Sixes and Deuces)
Zubasa07 collected $29.50 from pot
*** SUMMARY ***
Total pot $30 | Rake $0.50
Board [2s 8s Jc 6h 2d]
Seat 1: haagsemocro1 (big blind) showed [Qh 9c] and lost with a pair of Deuces
Seat 4: Zubasa07 (button) (small blind) showed [7c 6d] and won ($29.50) with two pair, Sixes and Deuces


PokerStars Hand #153565289147:  Hold'em Limit ($3/$6 USD) - 2016/05/19 20:21:13 ET
Table 'Pavo' 6-max Seat #1 is the button
Seat 1: haagsemocro1 ($92.96 in chips)
Seat 4: Zubasa07 ($430.16 in chips)
haagsemocro1: posts small blind $1
Zubasa07: posts big blind $3
*** HOLE CARDS ***
haagsemocro1: raises $3 to $6
Zubasa07: calls $3
*** FLOP *** [Js 6h 5c]
Zubasa07: checks
haagsemocro1: checks
*** TURN *** [Js 6h 5c] [9s]
Zubasa07: bets $6
haagsemocro1: calls $6
*** RIVER *** [Js 6h 5c 9s] [7s]
Zubasa07: checks
haagsemocro1: bets $6
Zubasa07: folds
Uncalled bet ($6) returned to haagsemocro1
haagsemocro1 collected $23.52 from pot
haagsemocro1: doesn't show hand
*** SUMMARY ***
Total pot $24 | Rake $0.48
Board [Js 6h 5c 9s 7s]
Seat 1: haagsemocro1 (button) (small blind) collected ($23.52)
Seat 4: Zubasa07 (big blind) folded on the River


PokerStars Hand #153565304029:  Hold'em Limit ($3/$6 USD) - 2016/05/19 20:21:42 ET
Table 'Pavo' 6-max Seat #4 is the button
Seat 1: haagsemocro1 ($104.48 in chips)
Seat 4: Zubasa07 ($418.16 in chips)
Zubasa07: posts small blind $1
haagsemocro1: posts big blind $3
*** HOLE CARDS ***
Zubasa07: raises $3 to $6
haagsemocro1: calls $3
*** FLOP *** [Ah Qh 2s]
haagsemocro1: checks
Zubasa07: bets $3
haagsemocro1: calls $3
*** TURN *** [Ah Qh 2s] [6s]
haagsemocro1: checks
Zubasa07: bets $6
haagsemocro1: folds
Uncalled bet ($6) returned to Zubasa07
Zubasa07 collected $17.64 from pot
Zubasa07: doesn't show hand
*** SUMMARY ***
Total pot $18 | Rake $0.36
Board [Ah Qh 2s 6s]
Seat 1: haagsemocro1 (big blind) folded on the Turn
Seat 4: Zubasa07 (button) (small blind) collected ($17.64)


PokerStars Hand #153565317080:  Hold'em Limit ($3/$6 USD) - 2016/05/19 20:22:08 ET
Table 'Pavo' 6-max Seat #4 is the button
Seat 1: haagsemocro1 ($98.48 in chips)
Seat 4: Zubasa07 ($423.80 in chips)
Zubasa07: posts small blind $1
haagsemocro1: posts big blind $3
*** HOLE CARDS ***
Zubasa07: folds
Uncalled bet ($2) returned to haagsemocro1
haagsemocro1 collected $2 from pot
haagsemocro1: doesn't show hand
*** SUMMARY ***
Total pot $2 | Rake $0
Seat 1: haagsemocro1 (big blind) collected ($2)
Seat 4: Zubasa07 (button) (small blind) folded before Flop


PokerStars Hand #153565313693:  Hold'em Limit ($3/$6 USD) - 2016/05/19 20:22:01 ET
Table 'Pavo' 6-max Seat #1 is the button
Seat 1: haagsemocro1 ($95.48 in chips)
Seat 4: Zubasa07 ($426.80 in chips)
haagsemocro1: posts small blind $1
Zubasa07: posts big blind $3
*** HOLE CARDS ***
haagsemocro1: raises $3 to $6
Zubasa07: folds
Uncalled bet ($3) returned to haagsemocro1
haagsemocro1 collected $6 from pot
haagsemocro1: doesn't show hand
*** SUMMARY ***
Total pot $6 | Rake $0
Seat 1: haagsemocro1 (button) (small blind) collected ($6)
Seat 4: Zubasa07 (big blind) folded before Flop


PokerStars Hand #153565337693:  Hold'em Limit ($3/$6 USD) - 2016/05/19 20:22:48 ET
Table 'Pavo' 6-max Seat #4 is the button
Seat 1: haagsemocro1 ($75.48 in chips)
Seat 4: Zubasa07 ($446.30 in chips)
Zubasa07: posts small blind $1
haagsemocro1: posts big blind $3
*** HOLE CARDS ***
Zubasa07: folds
Uncalled bet ($2) returned to haagsemocro1
haagsemocro1 collected $2 from pot
haagsemocro1: doesn't show hand
*** SUMMARY ***
Total pot $2 | Rake $0
Seat 1: haagsemocro1 (big blind) collected ($2)
Seat 4: Zubasa07 (button) (small blind) folded before Flop


PokerStars Hand #153565345113:  Hold'em Limit ($3/$6 USD) - 2016/05/19 20:23:03 ET
Table 'Pavo' 6-max Seat #1 is the button
Seat 1: haagsemocro1 ($76.48 in chips)
Seat 4: Zubasa07 ($445.30 in chips)
haagsemocro1: posts small blind $1
Zubasa07: posts big blind $3
*** HOLE CARDS ***
haagsemocro1: raises $3 to $6
Zubasa07: folds
Uncalled bet ($3) returned to haagsemocro1
haagsemocro1 collected $6 from pot
haagsemocro1: doesn't show hand
*** SUMMARY ***
Total pot $6 | Rake $0
Seat 1: haagsemocro1 (button) (small blind) collected ($6)
Seat 4: Zubasa07 (big blind) folded before Flop


PokerStars Hand #153565320056:  Hold'em Limit ($3/$6 USD) - 2016/05/19 20:22:13 ET
Table 'Pavo' 6-max Seat #1 is the button
Seat 1: haagsemocro1 ($99.48 in chips)
Seat 4: Zubasa07 ($422.80 in chips)
haagsemocro1: posts small blind $1
Zubasa07: posts big blind $3
*** HOLE CARDS ***
haagsemocro1: raises $3 to $6
Zubasa07: raises $3 to $9
haagsemocro1: calls $3
*** FLOP *** [2d 6c Ac]
Zubasa07: bets $3
haagsemocro1: calls $3
*** TURN *** [2d 6c Ac] [8d]
Zubasa07: bets $6
haagsemocro1: calls $6
*** RIVER *** [2d 6c Ac 8d] [Ts]
Zubasa07: bets $6
haagsemocro1: calls $6
*** SHOW DOWN ***
Zubasa07: shows [Qh Qc] (a pair of Queens)
haagsemocro1: mucks hand
Zubasa07 collected $47.50 from pot
*** SUMMARY ***
Total pot $48 | Rake $0.50
Board [2d 6c Ac 8d Ts]
Seat 1: haagsemocro1 (button) (small blind) mucked
Seat 4: Zubasa07 (big blind) showed [Qh Qc] and won ($47.50) with a pair of Queens


PokerStars Hand #153565348022:  Hold'em Limit ($3/$6 USD) - 2016/05/19 20:23:09 ET
Table 'Pavo' 6-max Seat #4 is the button
Seat 1: haagsemocro1 ($79.48 in chips)
Seat 4: Zubasa07 ($442.30 in chips)
Zubasa07: posts small blind $1
haagsemocro1: posts big blind $3
*** HOLE CARDS ***
Zubasa07: raises $3 to $6
haagsemocro1: calls $3
*** FLOP *** [2s 3d 2c]
haagsemocro1: checks
Zubasa07: bets $3
haagsemocro1: calls $3
*** TURN *** [2s 3d 2c] [Th]
haagsemocro1: checks
Zubasa07: checks
*** RIVER *** [2s 3d 2c Th] [4s]
haagsemocro1: bets $6
Zubasa07: folds
Uncalled bet ($6) returned to haagsemocro1
haagsemocro1 collected $17.64 from pot
haagsemocro1: doesn't show hand
*** SUMMARY ***
Total pot $18 | Rake $0.36
Board [2s 3d 2c Th 4s]
Seat 1: haagsemocro1 (big blind) collected ($17.64)
Seat 4: Zubasa07 (button) (small blind) folded on the River


PokerStars Hand #153565364224:  Hold'em Limit ($3/$6 USD) - 2016/05/19 20:23:41 ET
Table 'Pavo' 6-max Seat #1 is the button
Seat 1: haagsemocro1 ($88.12 in chips)
Seat 4: Zubasa07 ($433.30 in chips)
haagsemocro1: posts small blind $1
Zubasa07: posts big blind $3
*** HOLE CARDS ***
haagsemocro1: raises $3 to $6
Zubasa07: calls $3
*** FLOP *** [5d Jd 7h]
Zubasa07: checks
haagsemocro1: bets $3
Zubasa07: calls $3
*** TURN *** [5d Jd 7h] [Jc]
Zubasa07: checks
haagsemocro1: checks
*** RIVER *** [5d Jd 7h Jc] [9s]
Zubasa07: checks
haagsemocro1: bets $6
Zubasa07: folds
Uncalled bet ($6) returned to haagsemocro1
haagsemocro1 collected $17.64 from pot
haagsemocro1: doesn't show hand
*** SUMMARY ***
Total pot $18 | Rake $0.36
Board [5d Jd 7h Jc 9s]
Seat 1: haagsemocro1 (button) (small blind) collected ($17.64)
Seat 4: Zubasa07 (big blind) folded on the River


PokerStars Hand #153565381476:  Hold'em Limit ($3/$6 USD) - 2016/05/19 20:24:15 ET
Table 'Pavo' 6-max Seat #4 is the button
Seat 1: haagsemocro1 ($96.76 in chips)
Seat 4: Zubasa07 ($424.30 in chips)
Zubasa07: posts small blind $1
haagsemocro1: posts big blind $3
*** HOLE CARDS ***
Zubasa07: raises $3 to $6
haagsemocro1: raises $3 to $9
Zubasa07: calls $3
*** FLOP *** [9h 6h Ah]
haagsemocro1: checks
Zubasa07: bets $3
haagsemocro1: calls $3
*** TURN *** [9h 6h Ah] [Ac]
haagsemocro1: checks
Zubasa07: checks
*** RIVER *** [9h 6h Ah Ac] [4s]
haagsemocro1: checks
Zubasa07: checks
*** SHOW DOWN ***
haagsemocro1: shows [Kc Ts] (a pair of Aces)
Zubasa07: shows [Ks Qs] (a pair of Aces - King+Queen kicker)
Zubasa07 collected $23.52 from pot
*** SUMMARY ***
Total pot $24 | Rake $0.48
Board [9h 6h Ah Ac 4s]
Seat 1: haagsemocro1 (big blind) showed [Kc Ts] and lost with a pair of Aces
Seat 4: Zubasa07 (button) (small blind) showed [Ks Qs] and won ($23.52) with a pair of Aces


PokerStars Hand #153565412748:  Hold'em Limit ($3/$6 USD) - 2016/05/19 20:25:05 ET
Table 'Pavo' 6-max Seat #1 is the button
Seat 1: haagsemocro1 ($84.76 in chips)
Seat 4: Zubasa07 ($435.82 in chips)
haagsemocro1: posts small blind $1
Zubasa07: posts big blind $3
*** HOLE CARDS ***
haagsemocro1: raises $3 to $6
Zubasa07: calls $3
*** FLOP *** [3h 8c 2s]
Zubasa07: checks
haagsemocro1: bets $3
Zubasa07: raises $3 to $6
haagsemocro1: calls $3
*** TURN *** [3h 8c 2s] [9d]
Zubasa07: bets $6
haagsemocro1: calls $6
*** RIVER *** [3h 8c 2s 9d] [7d]
Zubasa07: bets $6
haagsemocro1: calls $6
*** SHOW DOWN ***
Zubasa07: shows [Ts 3s] (a pair of Threes)
haagsemocro1: shows [Ah 7s] (a pair of Sevens)
haagsemocro1 collected $47.50 from pot
*** SUMMARY ***
Total pot $48 | Rake $0.50
Board [3h 8c 2s 9d 7d]
Seat 1: haagsemocro1 (button) (small blind) showed [Ah 7s] and won ($47.50) with a pair of Sevens
Seat 4: Zubasa07 (big blind) showed [Ts 3s] and lost with a pair of Threes


PokerStars Hand #153565429338:  Hold'em Limit ($3/$6 USD) - 2016/05/19 20:25:38 ET
Table 'Pavo' 6-max Seat #4 is the button
Seat 1: haagsemocro1 ($108.26 in chips)
Seat 4: Zubasa07 ($411.82 in chips)
Zubasa07: posts small blind $1
haagsemocro1: posts big blind $3
*** HOLE CARDS ***
Zubasa07: raises $3 to $6
haagsemocro1: calls $3
*** FLOP *** [4d Jd 3h]
haagsemocro1: checks
Zubasa07: bets $3
haagsemocro1: calls $3
*** TURN *** [4d Jd 3h] [As]
haagsemocro1: checks
Zubasa07: bets $6
haagsemocro1: folds
Uncalled bet ($6) returned to Zubasa07
Zubasa07 collected $17.64 from pot
Zubasa07: doesn't show hand
*** SUMMARY ***
Total pot $18 | Rake $0.36
Board [4d Jd 3h As]
Seat 1: haagsemocro1 (big blind) folded on the Turn
Seat 4: Zubasa07 (button) (small blind) collected ($17.64)


PokerStars Hand #153565466348:  Hold'em Limit ($3/$6 USD) - 2016/05/19 20:26:53 ET
Table 'Pavo' 6-max Seat #1 is the button
Seat 1: haagsemocro1 ($123.76 in chips)
Seat 4: Zubasa07 ($395.46 in chips)
haagsemocro1: posts small blind $1
Zubasa07: posts big blind $3
*** HOLE CARDS ***
haagsemocro1: raises $3 to $6
Zubasa07: calls $3
*** FLOP *** [4c 2d 6s]
Zubasa07: checks
haagsemocro1: bets $3
Zubasa07: raises $3 to $6
haagsemocro1: calls $3
*** TURN *** [4c 2d 6s] [Jd]
Zubasa07: bets $6
haagsemocro1: calls $6
*** RIVER *** [4c 2d 6s Jd] [Tc]
Zubasa07: bets $6
haagsemocro1: folds
Uncalled bet ($6) returned to Zubasa07
Zubasa07 collected $35.50 from pot
Zubasa07: doesn't show hand
*** SUMMARY ***
Total pot $36 | Rake $0.50
Board [4c 2d 6s Jd Tc]
Seat 1: haagsemocro1 (button) (small blind) folded on the River
Seat 4: Zubasa07 (big blind) collected ($35.50)


PokerStars Hand #153565463799:  Hold'em Limit ($3/$6 USD) - 2016/05/19 20:26:47 ET
Table 'Pavo' 6-max Seat #4 is the button
Seat 1: haagsemocro1 ($122.76 in chips)
Seat 4: Zubasa07 ($396.46 in chips)
Zubasa07: posts small blind $1
haagsemocro1: posts big blind $3
*** HOLE CARDS ***
Zubasa07: folds
Uncalled bet ($2) returned to haagsemocro1
haagsemocro1 collected $2 from pot
haagsemocro1: doesn't show hand
*** SUMMARY ***
Total pot $2 | Rake $0
Seat 1: haagsemocro1 (big blind) collected ($2)
Seat 4: Zubasa07 (button) (small blind) folded before Flop


PokerStars Hand #153565447071:  Hold'em Limit ($3/$6 USD) - 2016/05/19 20:26:14 ET
Table 'Pavo' 6-max Seat #1 is the button
Seat 1: haagsemocro1 ($99.26 in chips)
Seat 4: Zubasa07 ($420.46 in chips)
haagsemocro1: posts small blind $1
Zubasa07: posts big blind $3
*** HOLE CARDS ***
haagsemocro1: raises $3 to $6
Zubasa07: raises $3 to $9
haagsemocro1: calls $3
*** FLOP *** [Qc 3d 5h]
Zubasa07: bets $3
haagsemocro1: calls $3
*** TURN *** [Qc 3d 5h] [8s]
Zubasa07: bets $6
haagsemocro1: calls $6
*** RIVER *** [Qc 3d 5h 8s] [4d]
Zubasa07: checks
haagsemocro1: bets $6
Zubasa07: calls $6
*** SHOW DOWN ***
haagsemocro1: shows [7s 6s] (a straight, Four to Eight)
Zubasa07: mucks hand
haagsemocro1 collected $47.50 from pot
*** SUMMARY ***
Total pot $48 | Rake $0.50
Board [Qc 3d 5h 8s 4d]
Seat 1: haagsemocro1 (button) (small blind) showed [7s 6s] and won ($47.50) with a straight, Four to Eight
Seat 4: Zubasa07 (big blind) mucked


PokerStars Hand #153565502101:  Hold'em Limit ($3/$6 USD) - 2016/05/19 20:28:05 ET
Table 'Pavo' 6-max Seat #1 is the button
Seat 1: haagsemocro1 ($120.26 in chips)
Seat 4: Zubasa07 ($397.96 in chips)
haagsemocro1: posts small blind $1
Zubasa07: posts big blind $3
*** HOLE CARDS ***
haagsemocro1: raises $3 to $6
Zubasa07: raises $3 to $9
haagsemocro1: calls $3
*** FLOP *** [Td 6c Js]
Zubasa07: bets $3
haagsemocro1: calls $3
*** TURN *** [Td 6c Js] [4s]
Zubasa07: bets $6
haagsemocro1: calls $6
*** RIVER *** [Td 6c Js 4s] [9s]
Zubasa07: checks
haagsemocro1: checks
*** SHOW DOWN ***
Zubasa07: shows [Kh Ah] (high card Ace)
haagsemocro1: shows [8d 9d] (a pair of Nines)
haagsemocro1 collected $35.50 from pot
*** SUMMARY ***
Total pot $36 | Rake $0.50
Board [Td 6c Js 4s 9s]
Seat 1: haagsemocro1 (button) (small blind) showed [8d 9d] and won ($35.50) with a pair of Nines
Seat 4: Zubasa07 (big blind) showed [Kh Ah] and lost with high card Ace


PokerStars Hand #153565486523:  Hold'em Limit ($3/$6 USD) - 2016/05/19 20:27:33 ET
Table 'Pavo' 6-max Seat #4 is the button
Seat 1: haagsemocro1 ($105.76 in chips)
Seat 4: Zubasa07 ($412.96 in chips)
Zubasa07: posts small blind $1
haagsemocro1: posts big blind $3
*** HOLE CARDS ***
Zubasa07: raises $3 to $6
haagsemocro1: calls $3
*** FLOP *** [6s Qc 4h]
haagsemocro1: checks
Zubasa07: bets $3
haagsemocro1: calls $3
*** TURN *** [6s Qc 4h] [8d]
haagsemocro1: checks
Zubasa07: checks
*** RIVER *** [6s Qc 4h 8d] [3h]
haagsemocro1: bets $6
Zubasa07: calls $6
*** SHOW DOWN ***
haagsemocro1: shows [6c 8h] (two pair, Eights and Sixes)
Zubasa07: mucks hand
haagsemocro1 collected $29.50 from pot
*** SUMMARY ***
Total pot $30 | Rake $0.50
Board [6s Qc 4h 8d 3h]
Seat 1: haagsemocro1 (big blind) showed [6c 8h] and won ($29.50) with two pair, Eights and Sixes
Seat 4: Zubasa07 (button) (small blind) mucked


PokerStars Hand #153565532624:  Hold'em Limit ($3/$6 USD) - 2016/05/19 20:29:07 ET
Table 'Pavo' 6-max Seat #4 is the button
Seat 1: haagsemocro1 ($149.40 in chips)
Seat 4: Zubasa07 ($367.96 in chips)
Zubasa07: posts small blind $1
haagsemocro1: posts big blind $3
*** HOLE CARDS ***
Zubasa07: folds
Uncalled bet ($2) returned to haagsemocro1
haagsemocro1 collected $2 from pot
haagsemocro1: doesn't show hand
*** SUMMARY ***
Total pot $2 | Rake $0
Seat 1: haagsemocro1 (big blind) collected ($2)
Seat 4: Zubasa07 (button) (small blind) folded before Flop


PokerStars Hand #153565528584:  Hold'em Limit ($3/$6 USD) - 2016/05/19 20:28:58 ET
Table 'Pavo' 6-max Seat #1 is the button
Seat 1: haagsemocro1 ($146.40 in chips)
Seat 4: Zubasa07 ($370.96 in chips)
haagsemocro1: posts small blind $1
Zubasa07: posts big blind $3
*** HOLE CARDS ***
haagsemocro1: raises $3 to $6
Zubasa07: folds
Uncalled bet ($3) returned to haagsemocro1
haagsemocro1 collected $6 from pot
haagsemocro1: doesn't show hand
*** SUMMARY ***
Total pot $6 | Rake $0
Seat 1: haagsemocro1 (button) (small blind) collected ($6)
Seat 4: Zubasa07 (big blind) folded before Flop


PokerStars Hand #153565519821:  Hold'em Limit ($3/$6 USD) - 2016/05/19 20:28:41 ET
Table 'Pavo' 6-max Seat #4 is the button
Seat 1: haagsemocro1 ($137.76 in chips)
Seat 4: Zubasa07 ($379.96 in chips)
Zubasa07: posts small blind $1
haagsemocro1: posts big blind $3
*** HOLE CARDS ***
Zubasa07: raises $3 to $6
haagsemocro1: raises $3 to $9
Zubasa07: calls $3
*** FLOP *** [3d Kd 3c]
haagsemocro1: checks
Zubasa07: checks
*** TURN *** [3d Kd 3c] [8s]
haagsemocro1: bets $6
Zubasa07: folds
Uncalled bet ($6) returned to haagsemocro1
haagsemocro1 collected $17.64 from pot
haagsemocro1: doesn't show hand
*** SUMMARY ***
Total pot $18 | Rake $0.36
Board [3d Kd 3c 8s]
Seat 1: haagsemocro1 (big blind) collected ($17.64)
Seat 4: Zubasa07 (button) (small blind) folded on the Turn


PokerStars Hand #153565536659:  Hold'em Limit ($3/$6 USD) - 2016/05/19 20:29:15 ET
Table 'Pavo' 6-max Seat #1 is the button
Seat 1: haagsemocro1 ($150.40 in chips)
Seat 4: Zubasa07 ($366.96 in chips)
haagsemocro1: posts small blind $1
Zubasa07: posts big blind $3
*** HOLE CARDS ***
haagsemocro1: raises $3 to $6
Zubasa07: calls $3
*** FLOP *** [Td 5c 4s]
Zubasa07: checks
haagsemocro1: bets $3
Zubasa07: calls $3
*** TURN *** [Td 5c 4s] [Ad]
Zubasa07: checks
haagsemocro1: checks
*** RIVER *** [Td 5c 4s Ad] [Th]
Zubasa07: checks
haagsemocro1: checks
*** SHOW DOWN ***
Zubasa07: shows [Qd 9s] (a pair of Tens)
haagsemocro1: shows [Ks 4c] (two pair, Tens and Fours)
haagsemocro1 collected $17.64 from pot
*** SUMMARY ***
Total pot $18 | Rake $0.36
Board [Td 5c 4s Ad Th]
Seat 1: haagsemocro1 (button) (small blind) showed [Ks 4c] and won ($17.64) with two pair, Tens and Fours
Seat 4: Zubasa07 (big blind) showed [Qd 9s] and lost with a pair of Tens


PokerStars Hand #153565553467:  Hold'em Limit ($3/$6 USD) - 2016/05/19 20:29:49 ET
Table 'Pavo' 6-max Seat #4 is the button
Seat 1: haagsemocro1 ($159.04 in chips)
Seat 4: Zubasa07 ($357.96 in chips)
Zubasa07: posts small blind $1
haagsemocro1: posts big blind $3
*** HOLE CARDS ***
Zubasa07: raises $3 to $6
haagsemocro1: calls $3
*** FLOP *** [5d 7s 4d]
haagsemocro1: checks
Zubasa07: bets $3
haagsemocro1: calls $3
*** TURN *** [5d 7s 4d] [Kh]
haagsemocro1: checks
Zubasa07: bets $6
haagsemocro1: folds
Uncalled bet ($6) returned to Zubasa07
Zubasa07 collected $17.64 from pot
Zubasa07: doesn't show hand
*** SUMMARY ***
Total pot $18 | Rake $0.36
Board [5d 7s 4d Kh]
Seat 1: haagsemocro1 (big blind) folded on the Turn
Seat 4: Zubasa07 (button) (small blind) collected ($17.64)


PokerStars Hand #153565588220:  Hold'em Limit ($3/$6 USD) - 2016/05/19 20:30:59 ET
Table 'Pavo' 6-max Seat #4 is the button
Seat 1: haagsemocro1 ($170.54 in chips)
Seat 4: Zubasa07 ($345.60 in chips)
Zubasa07: posts small blind $1
haagsemocro1: posts big blind $3
*** HOLE CARDS ***
Hi Im Alexey joins the table at seat #2
Zubasa07: raises $3 to $6
haagsemocro1: calls $3
*** FLOP *** [4c 2c Jd]
haagsemocro1: checks
Zubasa07: bets $3
haagsemocro1: calls $3
*** TURN *** [4c 2c Jd] [Kd]
haagsemocro1: checks
Zubasa07: bets $6
haagsemocro1: calls $6
*** RIVER *** [4c 2c Jd Kd] [2s]
haagsemocro1: checks
Zubasa07: bets $6
haagsemocro1: calls $6
*** SHOW DOWN ***
Zubasa07: shows [Kc As] (two pair, Kings and Deuces)
haagsemocro1: mucks hand
Zubasa07 collected $41.50 from pot
*** SUMMARY ***
Total pot $42 | Rake $0.50
Board [4c 2c Jd Kd 2s]
Seat 1: haagsemocro1 (big blind) mucked
Seat 4: Zubasa07 (button) (small blind) showed [Kc As] and won ($41.50) with two pair, Kings and Deuces


PokerStars Hand #153565565915:  Hold'em Limit ($3/$6 USD) - 2016/05/19 20:30:14 ET
Table 'Pavo' 6-max Seat #1 is the button
Seat 1: haagsemocro1 ($150.04 in chips)
Seat 4: Zubasa07 ($366.60 in chips)
haagsemocro1: posts small blind $1
Zubasa07: posts big blind $3
*** HOLE CARDS ***
haagsemocro1: raises $3 to $6
Zubasa07: calls $3
*** FLOP *** [9d 2h 3s]
Zubasa07: checks
haagsemocro1: bets $3
Zubasa07: raises $3 to $6
haagsemocro1: raises $3 to $9
Zubasa07: calls $3
*** TURN *** [9d 2h 3s] [7s]
Zubasa07: checks
haagsemocro1: bets $6
Zubasa07: calls $6
*** RIVER *** [9d 2h 3s 7s] [Tc]
Zubasa07: checks
haagsemocro1: checks
*** SHOW DOWN ***
Zubasa07: shows [9s 4c] (a pair of Nines)
haagsemocro1: shows [9c 8c] (a pair of Nines - Ten+Eight kicker)
haagsemocro1 collected $41.50 from pot
*** SUMMARY ***
Total pot $42 | Rake $0.50
Board [9d 2h 3s 7s Tc]
Seat 1: haagsemocro1 (button) (small blind) showed [9c 8c] and won ($41.50) with a pair of Nines
Seat 4: Zubasa07 (big blind) showed [9s 4c] and lost with a pair of Nines


PokerStars Hand #153567802316:  Hold'em Limit ($3/$6 USD) - 2016/05/19 21:56:14 ET
Table 'Pavo' 6-max Seat #6 is the button
Seat 3: xKartx ($77 in chips)
Seat 6: JCPKCH ($175.80 in chips)
anetkaapro will be allowed to play after the button
JCPKCH: posts small blind $1
TinaTurner72: is sitting out
xKartx: posts big blind $3
*** HOLE CARDS ***
JCPKCH: folds
Uncalled bet ($2) returned to xKartx
xKartx collected $2 from pot
*** SUMMARY ***
Total pot $2 | Rake $0
Seat 3: xKartx (big blind) collected ($2)
Seat 6: JCPKCH (button) (small blind) folded before Flop


PokerStars Hand #153568765449:  Hold'em Limit ($3/$6 USD) - 2016/05/19 22:40:34 ET
Table 'Pavo' 6-max Seat #1 is the button
Seat 1: lin1rabbit ($80 in chips)
Seat 6: JCPKCH ($136.51 in chips)
lin1rabbit: posts small blind $1
anetkaapro was removed from the table for failing to post
JCPKCH: posts big blind $3
*** HOLE CARDS ***
lin1rabbit: raises $3 to $6
JCPKCH: calls $3
*** FLOP *** [3c 9s 8d]
JCPKCH: checks
lin1rabbit: bets $3
JCPKCH: calls $3
*** TURN *** [3c 9s 8d] [9c]
JCPKCH: checks
lin1rabbit: bets $6
JCPKCH: calls $6
*** RIVER *** [3c 9s 8d 9c] [7c]
JCPKCH: checks
lin1rabbit: bets $6
JCPKCH: raises $6 to $12
lin1rabbit: calls $6
*** SHOW DOWN ***
JCPKCH: shows [Qd 9d] (three of a kind, Nines)
lin1rabbit: mucks hand
JCPKCH collected $53.50 from pot
*** SUMMARY ***
Total pot $54 | Rake $0.50
Board [3c 9s 8d 9c 7c]
Seat 1: lin1rabbit (button) (small blind) mucked
Seat 6: JCPKCH (big blind) showed [Qd 9d] and won ($53.50) with three of a kind, Nines


PokerStars Hand #153568771965:  Hold'em Limit ($3/$6 USD) - 2016/05/19 22:40:54 ET
Table 'Pavo' 6-max Seat #6 is the button
Seat 1: lin1rabbit ($108 in chips)
Seat 6: JCPKCH ($163.01 in chips)
JCPKCH: posts small blind $1
lin1rabbit: posts big blind $3
*** HOLE CARDS ***
JCPKCH: calls $2
lin1rabbit: raises $3 to $6
JCPKCH: calls $3
*** FLOP *** [2c 8c Ah]
lin1rabbit: bets $3
JCPKCH: calls $3
*** TURN *** [2c 8c Ah] [Th]
lin1rabbit: bets $6
JCPKCH: calls $6
*** RIVER *** [2c 8c Ah Th] [Ks]
lin1rabbit: bets $6
JCPKCH: calls $6
*** SHOW DOWN ***
lin1rabbit: shows [6c Td] (a pair of Tens)
JCPKCH: shows [Js Tc] (a pair of Tens - Ace+King+Jack kicker)
JCPKCH collected $41.50 from pot
*** SUMMARY ***
Total pot $42 | Rake $0.50
Board [2c 8c Ah Th Ks]
Seat 1: lin1rabbit (big blind) showed [6c Td] and lost with a pair of Tens
Seat 6: JCPKCH (button) (small blind) showed [Js Tc] and won ($41.50) with a pair of Tens


PokerStars Hand #153568784634:  Hold'em Limit ($3/$6 USD) - 2016/05/19 22:41:31 ET
Table 'Pavo' 6-max Seat #6 is the button
Seat 1: lin1rabbit ($72 in chips)
Seat 6: JCPKCH ($198.01 in chips)
JCPKCH: posts small blind $1
lin1rabbit: posts big blind $3
*** HOLE CARDS ***
JCPKCH: calls $2
lin1rabbit: checks
*** FLOP *** [9h 6d 3d]
lin1rabbit: checks
JCPKCH: checks
*** TURN *** [9h 6d 3d] [5d]
lin1rabbit: checks
JCPKCH: checks
*** RIVER *** [9h 6d 3d 5d] [Jd]
lin1rabbit: checks
JCPKCH: checks
*** SHOW DOWN ***
lin1rabbit: shows [8d 2s] (a flush, Jack high)
JCPKCH: mucks hand
lin1rabbit collected $5.88 from pot
*** SUMMARY ***
Total pot $6 | Rake $0.12
Board [9h 6d 3d 5d Jd]
Seat 1: lin1rabbit (big blind) showed [8d 2s] and won ($5.88) with a flush, Jack high
Seat 6: JCPKCH (button) (small blind) mucked


PokerStars Hand #153568779458:  Hold'em Limit ($3/$6 USD) - 2016/05/19 22:41:16 ET
Table 'Pavo' 6-max Seat #1 is the button
Seat 1: lin1rabbit ($87 in chips)
Seat 6: JCPKCH ($183.51 in chips)
lin1rabbit: posts small blind $1
JCPKCH: posts big blind $3
*** HOLE CARDS ***
lin1rabbit: raises $3 to $6
JCPKCH: calls $3
*** FLOP *** [9c 2d 2h]
JCPKCH: checks
lin1rabbit: bets $3
JCPKCH: calls $3
*** TURN *** [9c 2d 2h] [5c]
JCPKCH: checks
lin1rabbit: checks
*** RIVER *** [9c 2d 2h 5c] [6c]
JCPKCH: bets $6
lin1rabbit: calls $6
*** SHOW DOWN ***
JCPKCH: shows [6h Ks] (two pair, Sixes and Deuces)
lin1rabbit: mucks hand
JCPKCH collected $29.50 from pot
*** SUMMARY ***
Total pot $30 | Rake $0.50
Board [9c 2d 2h 5c 6c]
Seat 1: lin1rabbit (button) (small blind) mucked
Seat 6: JCPKCH (big blind) showed [6h Ks] and won ($29.50) with two pair, Sixes and Deuces


PokerStars Hand #153568806848:  Hold'em Limit ($3/$6 USD) - 2016/05/19 22:42:37 ET
Table 'Pavo' 6-max Seat #6 is the button
Seat 1: lin1rabbit ($108 in chips)
Seat 6: JCPKCH ($212.51 in chips)
JCPKCH: posts small blind $1
lin1rabbit: posts big blind $3
*** HOLE CARDS ***
JCPKCH: folds
Uncalled bet ($2) returned to lin1rabbit
lin1rabbit collected $2 from pot
lin1rabbit: doesn't show hand
*** SUMMARY ***
Total pot $2 | Rake $0
Seat 1: lin1rabbit (big blind) collected ($2)
Seat 6: JCPKCH (button) (small blind) folded before Flop


PokerStars Hand #153568791366:  Hold'em Limit ($3/$6 USD) - 2016/05/19 22:41:51 ET
Table 'Pavo' 6-max Seat #1 is the button
Seat 1: lin1rabbit ($74.88 in chips)
Seat 6: JCPKCH ($195.01 in chips)
lin1rabbit is disconnected
lin1rabbit is connected
lin1rabbit: posts small blind $1
JCPKCH: posts big blind $3
*** HOLE CARDS ***
lin1rabbit: raises $3 to $6
JCPKCH: calls $3
*** FLOP *** [8h 6h 5s]
JCPKCH: checks
lin1rabbit: checks
*** TURN *** [8h 6h 5s] [3d]
JCPKCH: bets $6
lin1rabbit: calls $6
*** RIVER *** [8h 6h 5s 3d] [As]
JCPKCH: checks
lin1rabbit: bets $6
JCPKCH: calls $6
*** SHOW DOWN ***
lin1rabbit: shows [3c Ts] (a pair of Threes)
JCPKCH: shows [7d 8c] (a pair of Eights)
JCPKCH collected $35.50 from pot
*** SUMMARY ***
Total pot $36 | Rake $0.50
Board [8h 6h 5s 3d As]
Seat 1: lin1rabbit (button) (small blind) showed [3c Ts] and lost with a pair of Threes
Seat 6: JCPKCH (big blind) showed [7d 8c] and won ($35.50) with a pair of Eights


PokerStars Hand #153568814215:  Hold'em Limit ($3/$6 USD) - 2016/05/19 22:42:59 ET
Table 'Pavo' 6-max Seat #6 is the button
Seat 1: lin1rabbit ($100 in chips)
Seat 6: JCPKCH ($220.15 in chips)
JCPKCH: posts small blind $1
lin1rabbit: posts big blind $3
*** HOLE CARDS ***
JCPKCH: folds
Uncalled bet ($2) returned to lin1rabbit
lin1rabbit collected $2 from pot
lin1rabbit: doesn't show hand
*** SUMMARY ***
Total pot $2 | Rake $0
Seat 1: lin1rabbit (big blind) collected ($2)
Seat 6: JCPKCH (button) (small blind) folded before Flop


PokerStars Hand #153568808411:  Hold'em Limit ($3/$6 USD) - 2016/05/19 22:42:42 ET
Table 'Pavo' 6-max Seat #1 is the button
Seat 1: lin1rabbit ($109 in chips)
Seat 6: JCPKCH ($211.51 in chips)
lin1rabbit: posts small blind $1
JCPKCH: posts big blind $3
*** HOLE CARDS ***
lin1rabbit: raises $3 to $6
JCPKCH: calls $3
*** FLOP *** [5c 5d Ac]
JCPKCH: checks
lin1rabbit: bets $3
JCPKCH: calls $3
*** TURN *** [5c 5d Ac] [Ah]
JCPKCH: checks
lin1rabbit: checks
*** RIVER *** [5c 5d Ac Ah] [6s]
JCPKCH: bets $6
lin1rabbit: folds
Uncalled bet ($6) returned to JCPKCH
JCPKCH collected $17.64 from pot
*** SUMMARY ***
Total pot $18 | Rake $0.36
Board [5c 5d Ac Ah 6s]
Seat 1: lin1rabbit (button) (small blind) folded on the River
Seat 6: JCPKCH (big blind) collected ($17.64)


PokerStars Hand #153568821078:  Hold'em Limit ($3/$6 USD) - 2016/05/19 22:43:20 ET
Table 'Pavo' 6-max Seat #6 is the button
Seat 1: lin1rabbit ($100.82 in chips)
Seat 6: JCPKCH ($218.97 in chips)
JCPKCH: posts small blind $1
lin1rabbit: posts big blind $3
*** HOLE CARDS ***
JCPKCH: folds
Uncalled bet ($2) returned to lin1rabbit
lin1rabbit collected $2 from pot
lin1rabbit: doesn't show hand
*** SUMMARY ***
Total pot $2 | Rake $0
Seat 1: lin1rabbit (big blind) collected ($2)
Seat 6: JCPKCH (button) (small blind) folded before Flop


PokerStars Hand #153568815778:  Hold'em Limit ($3/$6 USD) - 2016/05/19 22:43:04 ET
Table 'Pavo' 6-max Seat #1 is the button
Seat 1: lin1rabbit ($101 in chips)
Seat 6: JCPKCH ($219.15 in chips)
lin1rabbit: posts small blind $1
JCPKCH: posts big blind $3
*** HOLE CARDS ***
lin1rabbit: raises $3 to $6
JCPKCH: calls $3
*** FLOP *** [Kc Ad 3c]
JCPKCH: checks
lin1rabbit: bets $3
JCPKCH: calls $3
*** TURN *** [Kc Ad 3c] [4c]
JCPKCH: checks
lin1rabbit: checks
*** RIVER *** [Kc Ad 3c 4c] [4d]
JCPKCH: checks
lin1rabbit: checks
*** SHOW DOWN ***
JCPKCH: shows [7d 3h] (two pair, Fours and Threes)
lin1rabbit: shows [3d Ts] (two pair, Fours and Threes)
JCPKCH collected $8.82 from pot
lin1rabbit collected $8.82 from pot
*** SUMMARY ***
Total pot $18 | Rake $0.36
Board [Kc Ad 3c 4c 4d]
Seat 1: lin1rabbit (button) (small blind) showed [3d Ts] and won ($8.82) with two pair, Fours and Threes
Seat 6: JCPKCH (big blind) showed [7d 3h] and won ($8.82) with two pair, Fours and Threes


PokerStars Hand #153568827793:  Hold'em Limit ($3/$6 USD) - 2016/05/19 22:43:41 ET
Table 'Pavo' 6-max Seat #6 is the button
Seat 1: lin1rabbit ($92.82 in chips)
Seat 6: JCPKCH ($226.61 in chips)
JCPKCH: posts small blind $1
lin1rabbit: posts big blind $3
*** HOLE CARDS ***
JCPKCH: folds
Uncalled bet ($2) returned to lin1rabbit
lin1rabbit collected $2 from pot
lin1rabbit: doesn't show hand
*** SUMMARY ***
Total pot $2 | Rake $0
Seat 1: lin1rabbit (big blind) collected ($2)
Seat 6: JCPKCH (button) (small blind) folded before Flop


PokerStars Hand #153568822787:  Hold'em Limit ($3/$6 USD) - 2016/05/19 22:43:25 ET
Table 'Pavo' 6-max Seat #1 is the button
Seat 1: lin1rabbit ($101.82 in chips)
Seat 6: JCPKCH ($217.97 in chips)
lin1rabbit: posts small blind $1
JCPKCH: posts big blind $3
*** HOLE CARDS ***
lin1rabbit: raises $3 to $6
JCPKCH: calls $3
*** FLOP *** [Ac Th 3d]
JCPKCH: checks
lin1rabbit: bets $3
JCPKCH: calls $3
*** TURN *** [Ac Th 3d] [Kd]
JCPKCH: checks
lin1rabbit: checks
*** RIVER *** [Ac Th 3d Kd] [Jd]
JCPKCH: checks
lin1rabbit: checks
*** SHOW DOWN ***
JCPKCH: shows [2s 3c] (a pair of Threes)
lin1rabbit: mucks hand
JCPKCH collected $17.64 from pot
*** SUMMARY ***
Total pot $18 | Rake $0.36
Board [Ac Th 3d Kd Jd]
Seat 1: lin1rabbit (button) (small blind) mucked
Seat 6: JCPKCH (big blind) showed [2s 3c] and won ($17.64) with a pair of Threes


PokerStars Hand #153568829354:  Hold'em Limit ($3/$6 USD) - 2016/05/19 22:43:45 ET
Table 'Pavo' 6-max Seat #1 is the button
Seat 1: lin1rabbit ($93.82 in chips)
Seat 6: JCPKCH ($225.61 in chips)
lin1rabbit: posts small blind $1
JCPKCH: posts big blind $3
*** HOLE CARDS ***
lin1rabbit: raises $3 to $6
JCPKCH: calls $3
*** FLOP *** [2s Kd 4d]
JCPKCH: checks
lin1rabbit: bets $3
JCPKCH: calls $3
*** TURN *** [2s Kd 4d] [Tc]
JCPKCH: checks
lin1rabbit: bets $6
JCPKCH: calls $6
*** RIVER *** [2s Kd 4d Tc] [9c]
JCPKCH: checks
lin1rabbit: bets $6
JCPKCH: calls $6
*** SHOW DOWN ***
lin1rabbit: shows [Th Qd] (a pair of Tens)
JCPKCH: mucks hand
lin1rabbit collected $41.50 from pot
*** SUMMARY ***
Total pot $42 | Rake $0.50
Board [2s Kd 4d Tc 9c]
Seat 1: lin1rabbit (button) (small blind) showed [Th Qd] and won ($41.50) with a pair of Tens
Seat 6: JCPKCH (big blind) mucked


PokerStars Hand #153568834993:  Hold'em Limit ($3/$6 USD) - 2016/05/19 22:44:02 ET
Table 'Pavo' 6-max Seat #6 is the button
Seat 1: lin1rabbit ($114.32 in chips)
Seat 6: JCPKCH ($204.61 in chips)
JCPKCH: posts small blind $1
lin1rabbit: posts big blind $3
*** HOLE CARDS ***
JCPKCH: raises $3 to $6
lin1rabbit: raises $3 to $9
JCPKCH: calls $3
*** FLOP *** [7s Ah Th]
lin1rabbit: bets $3
JCPKCH: calls $3
*** TURN *** [7s Ah Th] [8d]
lin1rabbit: bets $6
JCPKCH: calls $6
*** RIVER *** [7s Ah Th 8d] [Ac]
lin1rabbit: bets $6
JCPKCH: calls $6
*** SHOW DOWN ***
lin1rabbit: shows [As 9c] (three of a kind, Aces)
JCPKCH: mucks hand
chip_diddler joins the table at seat #5
lin1rabbit collected $47.50 from pot
*** SUMMARY ***
Total pot $48 | Rake $0.50
Board [7s Ah Th 8d Ac]
Seat 1: lin1rabbit (big blind) showed [As 9c] and won ($47.50) with three of a kind, Aces
Seat 6: JCPKCH (button) (small blind) mucked


