PokerStars Hand #147429827082:  Hold'em Limit ($3/$6 USD) - 2016/01/21 12:42:48 ET
Table 'Pavo' 2-max Seat #2 is the button
Seat 1: knysi ($48.84 in chips)
Seat 2: 7moneymaster ($304 in chips)
7moneymaster: posts small blind $1
knysi: posts big blind $3
*** HOLE CARDS ***
7moneymaster: raises $3 to $6
knysi: calls $3
*** FLOP *** [4d 5h 2d]
knysi: checks
7moneymaster: bets $3
knysi: calls $3
*** TURN *** [4d 5h 2d] [5s]
knysi: checks
7moneymaster: bets $6
knysi: raises $6 to $12
7moneymaster: calls $6
*** RIVER *** [4d 5h 2d 5s] [9s]
knysi: bets $6
7moneymaster: calls $6
*** SHOW DOWN ***
knysi: shows [2c Ah] (two pair, Fives and Deuces)
7moneymaster: mucks hand
knysi collected $53.50 from pot
*** SUMMARY ***
Total pot $54 | Rake $0.50
Board [4d 5h 2d 5s 9s]
Seat 1: knysi (big blind) showed [2c Ah] and won ($53.50) with two pair, Fives and Deuces
Seat 2: 7moneymaster (button) (small blind) mucked


PokerStars Hand #147429882485:  Hold'em Limit ($3/$6 USD) - 2016/01/21 12:43:43 ET
Table 'Pavo' 2-max Seat #2 is the button
Seat 1: knysi ($74.34 in chips)
Seat 2: 7moneymaster ($278 in chips)
7moneymaster: posts small blind $1
knysi: posts big blind $3
*** HOLE CARDS ***
7moneymaster: raises $3 to $6
knysi: calls $3
*** FLOP *** [8c Ac Td]
knysi: checks
7moneymaster: bets $3
knysi: calls $3
*** TURN *** [8c Ac Td] [5s]
knysi: checks
7moneymaster: bets $6
knysi: raises $6 to $12
7moneymaster: calls $6
*** RIVER *** [8c Ac Td 5s] [Qc]
knysi: bets $6
7moneymaster: calls $6
*** SHOW DOWN ***
knysi: shows [7s Ad] (a pair of Aces)
7moneymaster: shows [Ts 5d] (two pair, Tens and Fives)
7moneymaster collected $53.50 from pot
*** SUMMARY ***
Total pot $54 | Rake $0.50
Board [8c Ac Td 5s Qc]
Seat 1: knysi (big blind) showed [7s Ad] and lost with a pair of Aces
Seat 2: 7moneymaster (button) (small blind) showed [Ts 5d] and won ($53.50) with two pair, Tens and Fives


PokerStars Hand #147429877666:  Hold'em Limit ($3/$6 USD) - 2016/01/21 12:43:38 ET
Table 'Pavo' 2-max Seat #1 is the button
Seat 1: knysi ($75.34 in chips)
Seat 2: 7moneymaster ($277 in chips)
knysi: posts small blind $1
7moneymaster: posts big blind $3
*** HOLE CARDS ***
knysi: folds
Uncalled bet ($2) returned to 7moneymaster
7moneymaster collected $2 from pot
7moneymaster: doesn't show hand
*** SUMMARY ***
Total pot $2 | Rake $0
Seat 1: knysi (button) (small blind) folded before Flop
Seat 2: 7moneymaster (big blind) collected ($2)


PokerStars Hand #147429871326:  Hold'em Limit ($3/$6 USD) - 2016/01/21 12:43:32 ET
Table 'Pavo' 2-max Seat #2 is the button
Seat 1: knysi ($78.34 in chips)
Seat 2: 7moneymaster ($274 in chips)
7moneymaster: posts small blind $1
knysi: posts big blind $3
*** HOLE CARDS ***
7moneymaster: raises $3 to $6
knysi: folds
Uncalled bet ($3) returned to 7moneymaster
7moneymaster collected $6 from pot
7moneymaster: doesn't show hand
*** SUMMARY ***
Total pot $6 | Rake $0
Seat 1: knysi (big blind) folded before Flop
Seat 2: 7moneymaster (button) (small blind) collected ($6)


PokerStars Hand #147429862472:  Hold'em Limit ($3/$6 USD) - 2016/01/21 12:43:23 ET
Table 'Pavo' 2-max Seat #1 is the button
Seat 1: knysi ($75.34 in chips)
Seat 2: 7moneymaster ($277 in chips)
knysi: posts small blind $1
7moneymaster: posts big blind $3
*** HOLE CARDS ***
knysi: raises $3 to $6
7moneymaster: folds
Uncalled bet ($3) returned to knysi
knysi collected $6 from pot
knysi: doesn't show hand
*** SUMMARY ***
Total pot $6 | Rake $0
Seat 1: knysi (button) (small blind) collected ($6)
Seat 2: 7moneymaster (big blind) folded before Flop


PokerStars Hand #147429946445:  Hold'em Limit ($3/$6 USD) - 2016/01/21 12:44:45 ET
Table 'Pavo' 2-max Seat #1 is the button
Seat 1: knysi ($49.84 in chips)
Seat 2: 7moneymaster ($301.02 in chips)
knysi: posts small blind $1
7moneymaster: posts big blind $3
*** HOLE CARDS ***
knysi: raises $3 to $6
7moneymaster: calls $3
*** FLOP *** [5s 2c Qs]
7moneymaster: checks
knysi: checks
*** TURN *** [5s 2c Qs] [Js]
7moneymaster: checks
knysi: bets $6
7moneymaster: folds
Uncalled bet ($6) returned to knysi
knysi collected $11.76 from pot
knysi: doesn't show hand
*** SUMMARY ***
Total pot $12 | Rake $0.24
Board [5s 2c Qs Js]
Seat 1: knysi (button) (small blind) collected ($11.76)
Seat 2: 7moneymaster (big blind) folded on the Turn


PokerStars Hand #147429924900:  Hold'em Limit ($3/$6 USD) - 2016/01/21 12:44:24 ET
Table 'Pavo' 2-max Seat #2 is the button
Seat 1: knysi ($35.34 in chips)
Seat 2: 7moneymaster ($316.02 in chips)
7moneymaster: posts small blind $1
knysi: posts big blind $3
*** HOLE CARDS ***
7moneymaster: raises $3 to $6
knysi: calls $3
*** FLOP *** [7h 2h 5s]
knysi: checks
7moneymaster: bets $3
knysi: calls $3
*** TURN *** [7h 2h 5s] [9h]
knysi: checks
7moneymaster: checks
*** RIVER *** [7h 2h 5s 9h] [2d]
knysi: bets $6
7moneymaster: calls $6
*** SHOW DOWN ***
knysi: shows [7d 6c] (two pair, Sevens and Deuces)
7moneymaster: mucks hand
knysi collected $29.50 from pot
*** SUMMARY ***
Total pot $30 | Rake $0.50
Board [7h 2h 5s 9h 2d]
Seat 1: knysi (big blind) showed [7d 6c] and won ($29.50) with two pair, Sevens and Deuces
Seat 2: 7moneymaster (button) (small blind) mucked


PokerStars Hand #147429911016:  Hold'em Limit ($3/$6 USD) - 2016/01/21 12:44:11 ET
Table 'Pavo' 2-max Seat #1 is the button
Seat 1: knysi ($47.34 in chips)
Seat 2: 7moneymaster ($304.50 in chips)
knysi: posts small blind $1
7moneymaster: posts big blind $3
*** HOLE CARDS ***
knysi: raises $3 to $6
7moneymaster: raises $3 to $9
knysi: calls $3
*** FLOP *** [8h 2s 7c]
7moneymaster: bets $3
knysi: calls $3
*** TURN *** [8h 2s 7c] [8s]
7moneymaster: bets $6
knysi: folds
Uncalled bet ($6) returned to 7moneymaster
7moneymaster collected $23.52 from pot
7moneymaster: doesn't show hand
*** SUMMARY ***
Total pot $24 | Rake $0.48
Board [8h 2s 7c 8s]
Seat 1: knysi (button) (small blind) folded on the Turn
Seat 2: 7moneymaster (big blind) collected ($23.52)


PokerStars Hand #147430021475:  Hold'em Limit ($3/$6 USD) - 2016/01/21 12:45:58 ET
Table 'Pavo' 2-max Seat #1 is the button
Seat 1: knysi ($35.60 in chips)
Seat 2: 7moneymaster ($314.18 in chips)
knysi: posts small blind $1
7moneymaster: posts big blind $3
*** HOLE CARDS ***
knysi: folds
Uncalled bet ($2) returned to 7moneymaster
7moneymaster collected $2 from pot
7moneymaster: doesn't show hand
*** SUMMARY ***
Total pot $2 | Rake $0
Seat 1: knysi (button) (small blind) folded before Flop
Seat 2: 7moneymaster (big blind) collected ($2)


PokerStars Hand #147430009757:  Hold'em Limit ($3/$6 USD) - 2016/01/21 12:45:47 ET
Table 'Pavo' 2-max Seat #2 is the button
Seat 1: knysi ($34.60 in chips)
Seat 2: 7moneymaster ($315.18 in chips)
7moneymaster: posts small blind $1
knysi: posts big blind $3
*** HOLE CARDS ***
7moneymaster: folds
Uncalled bet ($2) returned to knysi
knysi collected $2 from pot
knysi: doesn't show hand
*** SUMMARY ***
Total pot $2 | Rake $0
Seat 1: knysi (big blind) collected ($2)
Seat 2: 7moneymaster (button) (small blind) folded before Flop


PokerStars Hand #147429986685:  Hold'em Limit ($3/$6 USD) - 2016/01/21 12:45:24 ET
Table 'Pavo' 2-max Seat #1 is the button
Seat 1: knysi ($46.60 in chips)
Seat 2: 7moneymaster ($303.66 in chips)
knysi: posts small blind $1
7moneymaster: posts big blind $3
*** HOLE CARDS ***
knysi: raises $3 to $6
7moneymaster: calls $3
*** FLOP *** [Kh 4h Qd]
7moneymaster: checks
knysi: checks
*** TURN *** [Kh 4h Qd] [2s]
7moneymaster: bets $6
knysi: calls $6
*** RIVER *** [Kh 4h Qd 2s] [4s]
7moneymaster: bets $6
knysi: folds
Uncalled bet ($6) returned to 7moneymaster
7moneymaster collected $23.52 from pot
7moneymaster: doesn't show hand
*** SUMMARY ***
Total pot $24 | Rake $0.48
Board [Kh 4h Qd 2s 4s]
Seat 1: knysi (button) (small blind) folded on the River
Seat 2: 7moneymaster (big blind) collected ($23.52)


PokerStars Hand #147429966875:  Hold'em Limit ($3/$6 USD) - 2016/01/21 12:45:05 ET
Table 'Pavo' 2-max Seat #2 is the button
Seat 1: knysi ($55.60 in chips)
Seat 2: 7moneymaster ($295.02 in chips)
7moneymaster: posts small blind $1
knysi: posts big blind $3
*** HOLE CARDS ***
7moneymaster: raises $3 to $6
knysi: calls $3
*** FLOP *** [6d Jd 2s]
knysi: checks
7moneymaster: bets $3
knysi: calls $3
*** TURN *** [6d Jd 2s] [Ad]
knysi: checks
7moneymaster: checks
*** RIVER *** [6d Jd 2s Ad] [Qh]
knysi: checks
7moneymaster: checks
*** SHOW DOWN ***
knysi: shows [9h Tc] (high card Ace)
7moneymaster: shows [3c Kc] (high card Ace - King kicker)
7moneymaster collected $17.64 from pot
*** SUMMARY ***
Total pot $18 | Rake $0.36
Board [6d Jd 2s Ad Qh]
Seat 1: knysi (big blind) showed [9h Tc] and lost with high card Ace
Seat 2: 7moneymaster (button) (small blind) showed [3c Kc] and won ($17.64) with high card Ace


PokerStars Hand #147430083889:  Hold'em Limit ($3/$6 USD) - 2016/01/21 12:47:00 ET
Table 'Pavo' 2-max Seat #2 is the button
Seat 1: knysi ($12.60 in chips)
Seat 2: 7moneymaster ($336.68 in chips)
7moneymaster: posts small blind $1
knysi: posts big blind $3
*** HOLE CARDS ***
7moneymaster: raises $3 to $6
knysi: folds
Uncalled bet ($3) returned to 7moneymaster
7moneymaster collected $6 from pot
7moneymaster: doesn't show hand
*** SUMMARY ***
Total pot $6 | Rake $0
Seat 1: knysi (big blind) folded before Flop
Seat 2: 7moneymaster (button) (small blind) collected ($6)


PokerStars Hand #147430079356:  Hold'em Limit ($3/$6 USD) - 2016/01/21 12:46:55 ET
Table 'Pavo' 2-max Seat #1 is the button
Seat 1: knysi ($13.60 in chips)
Seat 2: 7moneymaster ($335.68 in chips)
knysi: posts small blind $1
7moneymaster: posts big blind $3
*** HOLE CARDS ***
knysi: folds
Uncalled bet ($2) returned to 7moneymaster
7moneymaster collected $2 from pot
7moneymaster: doesn't show hand
*** SUMMARY ***
Total pot $2 | Rake $0
Seat 1: knysi (button) (small blind) folded before Flop
Seat 2: 7moneymaster (big blind) collected ($2)


PokerStars Hand #147430071609:  Hold'em Limit ($3/$6 USD) - 2016/01/21 12:46:47 ET
Table 'Pavo' 2-max Seat #2 is the button
Seat 1: knysi ($12.60 in chips)
Seat 2: 7moneymaster ($336.68 in chips)
7moneymaster: posts small blind $1
knysi: posts big blind $3
*** HOLE CARDS ***
7moneymaster: folds
Uncalled bet ($2) returned to knysi
knysi collected $2 from pot
knysi: doesn't show hand
*** SUMMARY ***
Total pot $2 | Rake $0
Seat 1: knysi (big blind) collected ($2)
Seat 2: 7moneymaster (button) (small blind) folded before Flop


PokerStars Hand #147430067051:  Hold'em Limit ($3/$6 USD) - 2016/01/21 12:46:43 ET
Table 'Pavo' 2-max Seat #1 is the button
Seat 1: knysi ($13.60 in chips)
Seat 2: 7moneymaster ($335.68 in chips)
knysi: posts small blind $1
7moneymaster: posts big blind $3
*** HOLE CARDS ***
knysi: folds
Uncalled bet ($2) returned to 7moneymaster
7moneymaster collected $2 from pot
7moneymaster: doesn't show hand
*** SUMMARY ***
Total pot $2 | Rake $0
Seat 1: knysi (button) (small blind) folded before Flop
Seat 2: 7moneymaster (big blind) collected ($2)


PokerStars Hand #147430026779:  Hold'em Limit ($3/$6 USD) - 2016/01/21 12:46:03 ET
Table 'Pavo' 2-max Seat #2 is the button
Seat 1: knysi ($34.60 in chips)
Seat 2: 7moneymaster ($315.18 in chips)
7moneymaster: posts small blind $1
knysi: posts big blind $3
*** HOLE CARDS ***
7moneymaster: raises $3 to $6
knysi: calls $3
*** FLOP *** [8s Jc 8c]
knysi: checks
7moneymaster: bets $3
knysi: calls $3
*** TURN *** [8s Jc 8c] [7c]
knysi: checks
7moneymaster: bets $6
knysi: calls $6
*** RIVER *** [8s Jc 8c 7c] [6c]
knysi: checks
7moneymaster: bets $6
knysi: calls $6
*** SHOW DOWN ***
7moneymaster: shows [Qc 4c] (a flush, Queen high)
knysi: mucks hand
7moneymaster collected $41.50 from pot
*** SUMMARY ***
Total pot $42 | Rake $0.50
Board [8s Jc 8c 7c 6c]
Seat 1: knysi (big blind) mucked
Seat 2: 7moneymaster (button) (small blind) showed [Qc 4c] and won ($41.50) with a flush, Queen high


PokerStars Hand #147430090978:  Hold'em Limit ($3/$6 USD) - 2016/01/21 12:47:06 ET
Table 'Pavo' 2-max Seat #1 is the button
Seat 1: knysi ($9.60 in chips)
Seat 2: 7moneymaster ($339.68 in chips)
knysi: posts small blind $1
7moneymaster: posts big blind $3
*** HOLE CARDS ***
knysi: raises $3 to $6
7moneymaster: calls $3
*** FLOP *** [8c Jc 4s]
7moneymaster: checks
knysi: bets $3
7moneymaster: calls $3
*** TURN *** [8c Jc 4s] [2s]
7moneymaster: checks
knysi: bets $0.60 and is all-in
7moneymaster: calls $0.60
*** RIVER *** [8c Jc 4s 2s] [6c]
*** SHOW DOWN ***
7moneymaster: shows [4d Ac] (a pair of Fours)
knysi: shows [Kd Qd] (high card King)
7moneymaster collected $18.82 from pot
*** SUMMARY ***
Total pot $19.20 | Rake $0.38
Board [8c Jc 4s 2s 6c]
Seat 1: knysi (button) (small blind) showed [Kd Qd] and lost with high card King
Seat 2: 7moneymaster (big blind) showed [4d Ac] and won ($18.82) with a pair of Fours


