PokerStars Hand #144476020901:  Hold'em Limit ($3/$6 USD) - 2015/11/27 16:21:50 ET
Table 'Pavo II' 2-max Seat #2 is the button
Seat 1: Cah4ec1982 ($125.64 in chips)
Seat 2: Mite1981 ($114 in chips)
Mite1981: posts small blind $1
Cah4ec1982: posts big blind $3
*** HOLE CARDS ***
Mite1981: raises $3 to $6
Cah4ec1982: calls $3
*** FLOP *** [Ac 2c 9s]
Cah4ec1982: checks
Mite1981: bets $3
Cah4ec1982: raises $3 to $6
Mite1981: folds
Uncalled bet ($3) returned to Cah4ec1982
Cah4ec1982 collected $17.64 from pot
Cah4ec1982: doesn't show hand
*** SUMMARY ***
Total pot $18 | Rake $0.36
Board [Ac 2c 9s]
Seat 1: Cah4ec1982 (big blind) collected ($17.64)
Seat 2: Mite1981 (button) (small blind) folded on the Flop


PokerStars Hand #144476008552:  Hold'em Limit ($3/$6 USD) - 2015/11/27 16:21:37 ET
Table 'Pavo II' 2-max Seat #1 is the button
Seat 1: Cah4ec1982 ($117 in chips)
Seat 2: Mite1981 ($123 in chips)
Cah4ec1982: posts small blind $1
Mite1981: posts big blind $3
*** HOLE CARDS ***
Cah4ec1982: raises $3 to $6
Mite1981: calls $3
*** FLOP *** [Qs 6d Ts]
Mite1981: checks
Cah4ec1982: bets $3
Mite1981: calls $3
*** TURN *** [Qs 6d Ts] [5s]
Mite1981: checks
Cah4ec1982: bets $6
Mite1981: folds
Uncalled bet ($6) returned to Cah4ec1982
Cah4ec1982 collected $17.64 from pot
Cah4ec1982: doesn't show hand
*** SUMMARY ***
Total pot $18 | Rake $0.36
Board [Qs 6d Ts 5s]
Seat 1: Cah4ec1982 (button) (small blind) collected ($17.64)
Seat 2: Mite1981 (big blind) folded on the Turn


PokerStars Hand #144476082269:  Hold'em Limit ($3/$6 USD) - 2015/11/27 16:22:57 ET
Table 'Pavo II' 2-max Seat #1 is the button
Seat 1: Cah4ec1982 ($127.44 in chips)
Seat 2: Mite1981 ($110.14 in chips)
Cah4ec1982: posts small blind $1
Mite1981: posts big blind $3
*** HOLE CARDS ***
Cah4ec1982: raises $3 to $6
Mite1981: folds
Uncalled bet ($3) returned to Cah4ec1982
Cah4ec1982 collected $6 from pot
Cah4ec1982: doesn't show hand
*** SUMMARY ***
Total pot $6 | Rake $0
Seat 1: Cah4ec1982 (button) (small blind) collected ($6)
Seat 2: Mite1981 (big blind) folded before Flop


PokerStars Hand #144476068578:  Hold'em Limit ($3/$6 USD) - 2015/11/27 16:22:42 ET
Table 'Pavo II' 2-max Seat #2 is the button
Seat 1: Cah4ec1982 ($145.44 in chips)
Seat 2: Mite1981 ($92.64 in chips)
Mite1981: posts small blind $1
Cah4ec1982: posts big blind $3
*** HOLE CARDS ***
Mite1981: raises $3 to $6
Cah4ec1982: raises $3 to $9
Mite1981: calls $3
*** FLOP *** [8d 4c Kd]
Cah4ec1982: bets $3
Mite1981: calls $3
*** TURN *** [8d 4c Kd] [2d]
Cah4ec1982: checks
Mite1981: bets $6
Cah4ec1982: calls $6
*** RIVER *** [8d 4c Kd 2d] [9d]
Cah4ec1982: checks
Mite1981: checks
*** SHOW DOWN ***
Cah4ec1982: shows [3c As] (high card Ace)
Mite1981: shows [Kh 2s] (two pair, Kings and Deuces)
Mite1981 collected $35.50 from pot
*** SUMMARY ***
Total pot $36 | Rake $0.50
Board [8d 4c Kd 2d 9d]
Seat 1: Cah4ec1982 (big blind) showed [3c As] and lost with high card Ace
Seat 2: Mite1981 (button) (small blind) showed [Kh 2s] and won ($35.50) with two pair, Kings and Deuces


PokerStars Hand #144476057042:  Hold'em Limit ($3/$6 USD) - 2015/11/27 16:22:29 ET
Table 'Pavo II' 2-max Seat #1 is the button
Seat 1: Cah4ec1982 ($136.80 in chips)
Seat 2: Mite1981 ($101.64 in chips)
Cah4ec1982: posts small blind $1
Mite1981: posts big blind $3
*** HOLE CARDS ***
Cah4ec1982: raises $3 to $6
Mite1981: calls $3
*** FLOP *** [9h As 7d]
Mite1981: checks
Cah4ec1982: bets $3
Mite1981: calls $3
*** TURN *** [9h As 7d] [4d]
Mite1981: checks
Cah4ec1982: bets $6
Mite1981: folds
Uncalled bet ($6) returned to Cah4ec1982
Cah4ec1982 collected $17.64 from pot
Cah4ec1982: doesn't show hand
*** SUMMARY ***
Total pot $18 | Rake $0.36
Board [9h As 7d 4d]
Seat 1: Cah4ec1982 (button) (small blind) collected ($17.64)
Seat 2: Mite1981 (big blind) folded on the Turn


PokerStars Hand #144476046079:  Hold'em Limit ($3/$6 USD) - 2015/11/27 16:22:17 ET
Table 'Pavo II' 2-max Seat #2 is the button
Seat 1: Cah4ec1982 ($125.28 in chips)
Seat 2: Mite1981 ($113.64 in chips)
Mite1981: posts small blind $1
Cah4ec1982: posts big blind $3
*** HOLE CARDS ***
Mite1981: raises $3 to $6
Cah4ec1982: calls $3
*** FLOP *** [2c 6s 2s]
Cah4ec1982: checks
Mite1981: bets $3
Cah4ec1982: raises $3 to $6
Mite1981: calls $3
*** TURN *** [2c 6s 2s] [3s]
Cah4ec1982: bets $6
Mite1981: folds
Uncalled bet ($6) returned to Cah4ec1982
Cah4ec1982 collected $23.52 from pot
Cah4ec1982: doesn't show hand
*** SUMMARY ***
Total pot $24 | Rake $0.48
Board [2c 6s 2s 3s]
Seat 1: Cah4ec1982 (big blind) collected ($23.52)
Seat 2: Mite1981 (button) (small blind) folded on the Turn


PokerStars Hand #144476029482:  Hold'em Limit ($3/$6 USD) - 2015/11/27 16:21:59 ET
Table 'Pavo II' 2-max Seat #1 is the button
Seat 1: Cah4ec1982 ($134.28 in chips)
Seat 2: Mite1981 ($105 in chips)
Cah4ec1982: posts small blind $1
Mite1981: posts big blind $3
*** HOLE CARDS ***
Cah4ec1982: raises $3 to $6
Mite1981: calls $3
*** FLOP *** [2h Ks Ad]
Mite1981: checks
Cah4ec1982: bets $3
Mite1981: calls $3
*** TURN *** [2h Ks Ad] [8d]
Mite1981: checks
Cah4ec1982: checks
*** RIVER *** [2h Ks Ad 8d] [Td]
Mite1981: bets $6
Cah4ec1982: folds
Uncalled bet ($6) returned to Mite1981
Mite1981 collected $17.64 from pot
Mite1981: doesn't show hand
*** SUMMARY ***
Total pot $18 | Rake $0.36
Board [2h Ks Ad 8d Td]
Seat 1: Cah4ec1982 (button) (small blind) folded on the River
Seat 2: Mite1981 (big blind) collected ($17.64)


PokerStars Hand #144476137590:  Hold'em Limit ($3/$6 USD) - 2015/11/27 16:23:57 ET
Table 'Pavo II' 2-max Seat #2 is the button
Seat 1: Cah4ec1982 ($186.44 in chips)
Seat 2: Mite1981 ($49.64 in chips)
Mite1981: posts small blind $1
Cah4ec1982: posts big blind $3
*** HOLE CARDS ***
Mite1981: raises $3 to $6
Cah4ec1982: calls $3
*** FLOP *** [Qc Ad 9s]
Cah4ec1982: checks
Mite1981: bets $3
Cah4ec1982: folds
Uncalled bet ($3) returned to Mite1981
Mite1981 collected $11.76 from pot
Mite1981: doesn't show hand
*** SUMMARY ***
Total pot $12 | Rake $0.24
Board [Qc Ad 9s]
Seat 1: Cah4ec1982 (big blind) folded on the Flop
Seat 2: Mite1981 (button) (small blind) collected ($11.76)


PokerStars Hand #144476119390:  Hold'em Limit ($3/$6 USD) - 2015/11/27 16:23:38 ET
Table 'Pavo II' 2-max Seat #1 is the button
Seat 1: Cah4ec1982 ($141.94 in chips)
Seat 2: Mite1981 ($94.64 in chips)
Cah4ec1982: posts small blind $1
Mite1981: posts big blind $3
*** HOLE CARDS ***
Cah4ec1982: raises $3 to $6
Mite1981: calls $3
*** FLOP *** [Ad 2h 5s]
Mite1981: checks
Cah4ec1982: bets $3
Mite1981: calls $3
*** TURN *** [Ad 2h 5s] [Qc]
Mite1981: checks
Cah4ec1982: bets $6
Mite1981: raises $6 to $12
Cah4ec1982: raises $6 to $18
Mite1981: raises $6 to $24
Betting is capped
Cah4ec1982: calls $6
*** RIVER *** [Ad 2h 5s Qc] [9c]
Mite1981: bets $6
Cah4ec1982: raises $6 to $12
Mite1981: calls $6
*** SHOW DOWN ***
Cah4ec1982: shows [5c 5d] (three of a kind, Fives)
Mite1981: mucks hand
Cah4ec1982 collected $89.50 from pot
*** SUMMARY ***
Total pot $90 | Rake $0.50
Board [Ad 2h 5s Qc 9c]
Seat 1: Cah4ec1982 (button) (small blind) showed [5c 5d] and won ($89.50) with three of a kind, Fives
Seat 2: Mite1981 (big blind) mucked


PokerStars Hand #144476104324:  Hold'em Limit ($3/$6 USD) - 2015/11/27 16:23:21 ET
Table 'Pavo II' 2-max Seat #2 is the button
Seat 1: Cah4ec1982 ($156.94 in chips)
Seat 2: Mite1981 ($80.14 in chips)
Mite1981: posts small blind $1
Cah4ec1982: posts big blind $3
*** HOLE CARDS ***
Mite1981: raises $3 to $6
Cah4ec1982: raises $3 to $9
Mite1981: raises $3 to $12
Betting is capped
Cah4ec1982: calls $3
*** FLOP *** [Qs Th 4d]
Cah4ec1982: checks
Mite1981: bets $3
Cah4ec1982: calls $3
*** TURN *** [Qs Th 4d] [Td]
Cah4ec1982: checks
Mite1981: checks
*** RIVER *** [Qs Th 4d Td] [3h]
Cah4ec1982: checks
Mite1981: bets $6
Cah4ec1982: folds
Uncalled bet ($6) returned to Mite1981
Mite1981 collected $29.50 from pot
Mite1981: doesn't show hand
*** SUMMARY ***
Total pot $30 | Rake $0.50
Board [Qs Th 4d Td 3h]
Seat 1: Cah4ec1982 (big blind) folded on the River
Seat 2: Mite1981 (button) (small blind) collected ($29.50)


PokerStars Hand #144476099368:  Hold'em Limit ($3/$6 USD) - 2015/11/27 16:23:15 ET
Table 'Pavo II' 2-max Seat #1 is the button
Seat 1: Cah4ec1982 ($153.94 in chips)
Seat 2: Mite1981 ($83.14 in chips)
Cah4ec1982: posts small blind $1
Mite1981: posts big blind $3
*** HOLE CARDS ***
Cah4ec1982: raises $3 to $6
Mite1981: folds
Uncalled bet ($3) returned to Cah4ec1982
Cah4ec1982 collected $6 from pot
Cah4ec1982: doesn't show hand
*** SUMMARY ***
Total pot $6 | Rake $0
Seat 1: Cah4ec1982 (button) (small blind) collected ($6)
Seat 2: Mite1981 (big blind) folded before Flop


PokerStars Hand #144476086888:  Hold'em Limit ($3/$6 USD) - 2015/11/27 16:23:02 ET
Table 'Pavo II' 2-max Seat #2 is the button
Seat 1: Cah4ec1982 ($130.44 in chips)
Seat 2: Mite1981 ($107.14 in chips)
Mite1981: posts small blind $1
Cah4ec1982: posts big blind $3
*** HOLE CARDS ***
Mite1981: raises $3 to $6
Cah4ec1982: raises $3 to $9
Mite1981: calls $3
*** FLOP *** [7c 4c 8c]
Cah4ec1982: bets $3
Mite1981: calls $3
*** TURN *** [7c 4c 8c] [8d]
Cah4ec1982: bets $6
Mite1981: calls $6
*** RIVER *** [7c 4c 8c 8d] [Js]
Cah4ec1982: bets $6
Mite1981: calls $6
*** SHOW DOWN ***
Cah4ec1982: shows [Td Jc] (two pair, Jacks and Eights)
Mite1981: mucks hand
Cah4ec1982 collected $47.50 from pot
*** SUMMARY ***
Total pot $48 | Rake $0.50
Board [7c 4c 8c 8d Js]
Seat 1: Cah4ec1982 (big blind) showed [Td Jc] and won ($47.50) with two pair, Jacks and Eights
Seat 2: Mite1981 (button) (small blind) mucked


PokerStars Hand #144476180600:  Hold'em Limit ($3/$6 USD) - 2015/11/27 16:24:44 ET
Table 'Pavo II' 2-max Seat #2 is the button
Seat 1: Cah4ec1982 ($216.44 in chips)
Seat 2: Mite1981 ($472 in chips)
Mite1981: posts small blind $1
Cah4ec1982: posts big blind $3
*** HOLE CARDS ***
Mite1981: folds
Uncalled bet ($2) returned to Cah4ec1982
Mite1981 leaves the table
Cah4ec1982 collected $2 from pot
Cah4ec1982: doesn't show hand
*** SUMMARY ***
Total pot $2 | Rake $0
Seat 1: Cah4ec1982 (big blind) collected ($2)
Seat 2: Mite1981 (button) (small blind) folded before Flop


PokerStars Hand #144476167756:  Hold'em Limit ($3/$6 USD) - 2015/11/27 16:24:30 ET
Table 'Pavo II' 2-max Seat #1 is the button
Seat 1: Cah4ec1982 ($201.94 in chips)
Seat 2: Mite1981 ($487 in chips)
Cah4ec1982: posts small blind $1
Mite1981: posts big blind $3
*** HOLE CARDS ***
Cah4ec1982: raises $3 to $6
Mite1981: calls $3
*** FLOP *** [4h 8s 3s]
Mite1981: checks
Cah4ec1982: bets $3
Mite1981: calls $3
*** TURN *** [4h 8s 3s] [Tc]
Mite1981: checks
Cah4ec1982: checks
*** RIVER *** [4h 8s 3s Tc] [6h]
Mite1981: checks
Cah4ec1982: bets $6
Mite1981: calls $6
*** SHOW DOWN ***
Cah4ec1982: shows [3d 6s] (two pair, Sixes and Threes)
Mite1981: mucks hand
Cah4ec1982 collected $29.50 from pot
*** SUMMARY ***
Total pot $30 | Rake $0.50
Board [4h 8s 3s Tc 6h]
Seat 1: Cah4ec1982 (button) (small blind) showed [3d 6s] and won ($29.50) with two pair, Sixes and Threes
Seat 2: Mite1981 (big blind) mucked


PokerStars Hand #144476161282:  Hold'em Limit ($3/$6 USD) - 2015/11/27 16:24:23 ET
Table 'Pavo II' 2-max Seat #2 is the button
Seat 1: Cah4ec1982 ($200.94 in chips)
Seat 2: Mite1981 ($34.40 in chips)
Mite1981: posts small blind $1
Cah4ec1982: posts big blind $3
*** HOLE CARDS ***
Mite1981: folds
Uncalled bet ($2) returned to Cah4ec1982
Cah4ec1982 collected $2 from pot
Cah4ec1982: doesn't show hand
*** SUMMARY ***
Total pot $2 | Rake $0
Seat 1: Cah4ec1982 (big blind) collected ($2)
Seat 2: Mite1981 (button) (small blind) folded before Flop


PokerStars Hand #144476145291:  Hold'em Limit ($3/$6 USD) - 2015/11/27 16:24:06 ET
Table 'Pavo II' 2-max Seat #1 is the button
Seat 1: Cah4ec1982 ($180.44 in chips)
Seat 2: Mite1981 ($55.40 in chips)
Cah4ec1982: posts small blind $1
Mite1981: posts big blind $3
*** HOLE CARDS ***
Cah4ec1982: raises $3 to $6
Mite1981: raises $3 to $9
Cah4ec1982: calls $3
*** FLOP *** [7h 6d 4d]
Mite1981: bets $3
Cah4ec1982: raises $3 to $6
Mite1981: calls $3
*** TURN *** [7h 6d 4d] [8c]
Mite1981: checks
Cah4ec1982: bets $6
Mite1981: calls $6
*** RIVER *** [7h 6d 4d 8c] [Ts]
Mite1981: checks
Cah4ec1982: bets $6
Mite1981: folds
Uncalled bet ($6) returned to Cah4ec1982
Cah4ec1982 collected $41.50 from pot
*** SUMMARY ***
Total pot $42 | Rake $0.50
Board [7h 6d 4d 8c Ts]
Seat 1: Cah4ec1982 (button) (small blind) collected ($41.50)
Seat 2: Mite1981 (big blind) folded on the River


