PokerStars Hand #167870251581:  Hold'em Limit ($3/$6 USD) - 2017/03/20 16:38:45 ET
Table 'Pawlowia' 6-max Seat #5 is the button
Seat 4: TbIP-TbIP 88 ($86.47 in chips)
Seat 5: zxkz ($104.17 in chips)
zxkz: posts small blind $1
TbIP-TbIP 88: posts big blind $3
Chessnok joins the table at seat #6
*** HOLE CARDS ***
zxkz: folds
Uncalled bet ($2) returned to TbIP-TbIP 88
TbIP-TbIP 88 collected $2 from pot
TbIP-TbIP 88: doesn't show hand
Kosova1968 is disconnected
*** SUMMARY ***
Total pot $2 | Rake $0
Seat 4: TbIP-TbIP 88 (big blind) collected ($2)
Seat 5: zxkz (button) (small blind) folded before Flop


PokerStars Hand #167871158041:  Hold'em Limit ($3/$6 USD) - 2017/03/20 16:54:28 ET
Table 'Pawlowia' 6-max Seat #6 is the button
Seat 1: RuckyRu5150 ($57.16 in chips)
Seat 6: Chessnok ($196.18 in chips)
Chessnok: posts small blind $1
RuckyRu5150: posts big blind $3
*** HOLE CARDS ***
Chessnok: folds
Uncalled bet ($2) returned to RuckyRu5150
RuckyRu5150 collected $2 from pot
RuckyRu5150: doesn't show hand
*** SUMMARY ***
Total pot $2 | Rake $0
Seat 1: RuckyRu5150 (big blind) collected ($2)
Seat 6: Chessnok (button) (small blind) folded before Flop


PokerStars Hand #167871153472:  Hold'em Limit ($3/$6 USD) - 2017/03/20 16:54:23 ET
Table 'Pawlowia' 6-max Seat #1 is the button
Seat 1: RuckyRu5150 ($58.16 in chips)
Seat 6: Chessnok ($195.18 in chips)
RuckyRu5150: posts small blind $1
vestimokrec: is sitting out
Chessnok: posts big blind $3
*** HOLE CARDS ***
RuckyRu5150: folds
Uncalled bet ($2) returned to Chessnok
Chessnok collected $2 from pot
Chessnok: doesn't show hand
*** SUMMARY ***
Total pot $2 | Rake $0
Seat 1: RuckyRu5150 (button) (small blind) folded before Flop
Seat 6: Chessnok (big blind) collected ($2)


PokerStars Hand #167871213579:  Hold'em Limit ($3/$6 USD) - 2017/03/20 16:55:31 ET
Table 'Pawlowia' 6-max Seat #6 is the button
Seat 1: RuckyRu5150 ($69.66 in chips)
Seat 6: Chessnok ($182.58 in chips)
Chessnok: posts small blind $1
RuckyRu5150: posts big blind $3
*** HOLE CARDS ***
Chessnok: raises $3 to $6
RuckyRu5150: calls $3
*** FLOP *** [5h 9s 6s]
RuckyRu5150: checks
Chessnok: checks
*** TURN *** [5h 9s 6s] [8s]
RuckyRu5150: bets $6
Chessnok: folds
Uncalled bet ($6) returned to RuckyRu5150
RuckyRu5150 collected $11.76 from pot
*** SUMMARY ***
Total pot $12 | Rake $0.24
Board [5h 9s 6s 8s]
Seat 1: RuckyRu5150 (big blind) collected ($11.76)
Seat 6: Chessnok (button) (small blind) folded on the Turn


PokerStars Hand #167871204655:  Hold'em Limit ($3/$6 USD) - 2017/03/20 16:55:19 ET
Table 'Pawlowia' 6-max Seat #1 is the button
Seat 1: RuckyRu5150 ($75.66 in chips)
Seat 6: Chessnok ($176.82 in chips)
RuckyRu5150: posts small blind $1
Chessnok: posts big blind $3
*** HOLE CARDS ***
RuckyRu5150: calls $2
Chessnok: raises $3 to $6
RuckyRu5150: calls $3
*** FLOP *** [9c 8c 5s]
Chessnok: bets $3
RuckyRu5150: folds
Uncalled bet ($3) returned to Chessnok
Chessnok collected $11.76 from pot
Chessnok: doesn't show hand
*** SUMMARY ***
Total pot $12 | Rake $0.24
Board [9c 8c 5s]
Seat 1: RuckyRu5150 (button) (small blind) folded on the Flop
Seat 6: Chessnok (big blind) collected ($11.76)


PokerStars Hand #167871186291:  Hold'em Limit ($3/$6 USD) - 2017/03/20 16:54:57 ET
Table 'Pawlowia' 6-max Seat #6 is the button
Seat 1: RuckyRu5150 ($49.16 in chips)
Seat 6: Chessnok ($203.82 in chips)
Chessnok: posts small blind $1
RuckyRu5150: posts big blind $3
*** HOLE CARDS ***
Chessnok: raises $3 to $6
RuckyRu5150: calls $3
*** FLOP *** [7d 2d 9d]
RuckyRu5150: checks
Chessnok: bets $3
RuckyRu5150: calls $3
*** TURN *** [7d 2d 9d] [5s]
RuckyRu5150: checks
Chessnok: bets $6
RuckyRu5150: raises $6 to $12
Chessnok: calls $6
*** RIVER *** [7d 2d 9d 5s] [Qh]
RuckyRu5150: bets $6
Chessnok: calls $6
*** SHOW DOWN ***
RuckyRu5150: shows [3d Qd] (a flush, Queen high)
Chessnok: mucks hand
RuckyRu5150 collected $53.50 from pot
*** SUMMARY ***
Total pot $54 | Rake $0.50
Board [7d 2d 9d 5s Qh]
Seat 1: RuckyRu5150 (big blind) showed [3d Qd] and won ($53.50) with a flush, Queen high
Seat 6: Chessnok (button) (small blind) mucked


PokerStars Hand #167871162201:  Hold'em Limit ($3/$6 USD) - 2017/03/20 16:54:32 ET
Table 'Pawlowia' 6-max Seat #1 is the button
Seat 1: RuckyRu5150 ($58.16 in chips)
Seat 6: Chessnok ($195.18 in chips)
RuckyRu5150: posts small blind $1
Kosova1968 was removed from the table for failing to post
Chessnok: posts big blind $3
*** HOLE CARDS ***
vestimokrec leaves the table
RuckyRu5150: raises $3 to $6
Chessnok: calls $3
*** FLOP *** [2c Jh 5c]
Chessnok: checks
RuckyRu5150: bets $3
Chessnok: calls $3
*** TURN *** [2c Jh 5c] [Qh]
Chessnok: checks
RuckyRu5150: checks
*** RIVER *** [2c Jh 5c Qh] [3c]
Chessnok: bets $6
RuckyRu5150: folds
Uncalled bet ($6) returned to Chessnok
Chessnok collected $17.64 from pot
Chessnok: doesn't show hand
*** SUMMARY ***
Total pot $18 | Rake $0.36
Board [2c Jh 5c Qh 3c]
Seat 1: RuckyRu5150 (button) (small blind) folded on the River
Seat 6: Chessnok (big blind) collected ($17.64)


PokerStars Hand #167871264908:  Hold'em Limit ($3/$6 USD) - 2017/03/20 16:56:39 ET
Table 'Pawlowia' 6-max Seat #1 is the button
Seat 1: RuckyRu5150 ($80.92 in chips)
Seat 6: Chessnok ($170.22 in chips)
RuckyRu5150: posts small blind $1
Chessnok: posts big blind $3
*** HOLE CARDS ***
RuckyRu5150: folds
Uncalled bet ($2) returned to Chessnok
Chessnok collected $2 from pot
Chessnok: doesn't show hand
*** SUMMARY ***
Total pot $2 | Rake $0
Seat 1: RuckyRu5150 (button) (small blind) folded before Flop
Seat 6: Chessnok (big blind) collected ($2)


PokerStars Hand #167871238345:  Hold'em Limit ($3/$6 USD) - 2017/03/20 16:56:04 ET
Table 'Pawlowia' 6-max Seat #6 is the button
Seat 1: RuckyRu5150 ($66.42 in chips)
Seat 6: Chessnok ($185.22 in chips)
Chessnok: posts small blind $1
RuckyRu5150: posts big blind $3
*** HOLE CARDS ***
Chessnok: raises $3 to $6
RuckyRu5150: calls $3
*** FLOP *** [8c 7h Qd]
RuckyRu5150: bets $3
Chessnok: calls $3
*** TURN *** [8c 7h Qd] [Qc]
RuckyRu5150: bets $6
Chessnok: calls $6
*** RIVER *** [8c 7h Qd Qc] [Jc]
RuckyRu5150: bets $6
Chessnok: folds
Uncalled bet ($6) returned to RuckyRu5150
RuckyRu5150 collected $29.50 from pot
*** SUMMARY ***
Total pot $30 | Rake $0.50
Board [8c 7h Qd Qc Jc]
Seat 1: RuckyRu5150 (big blind) collected ($29.50)
Seat 6: Chessnok (button) (small blind) folded on the River


PokerStars Hand #167871226982:  Hold'em Limit ($3/$6 USD) - 2017/03/20 16:55:49 ET
Table 'Pawlowia' 6-max Seat #1 is the button
Seat 1: RuckyRu5150 ($75.42 in chips)
Seat 6: Chessnok ($176.58 in chips)
RuckyRu5150: posts small blind $1
Chessnok: posts big blind $3
*** HOLE CARDS ***
RuckyRu5150: calls $2
Chessnok: raises $3 to $6
RuckyRu5150: calls $3
*** FLOP *** [Qs As Tc]
Chessnok: bets $3
RuckyRu5150: calls $3
*** TURN *** [Qs As Tc] [9c]
Chessnok: bets $6
RuckyRu5150: folds
Uncalled bet ($6) returned to Chessnok
Chessnok collected $17.64 from pot
Chessnok: doesn't show hand
*** SUMMARY ***
Total pot $18 | Rake $0.36
Board [Qs As Tc 9c]
Seat 1: RuckyRu5150 (button) (small blind) folded on the Turn
Seat 6: Chessnok (big blind) collected ($17.64)


PokerStars Hand #167871282334:  Hold'em Limit ($3/$6 USD) - 2017/03/20 16:57:02 ET
Table 'Pawlowia' 6-max Seat #1 is the button
Seat 1: RuckyRu5150 ($94.42 in chips)
Seat 6: Chessnok ($156.22 in chips)
RuckyRu5150: posts small blind $1
Chessnok: posts big blind $3
*** HOLE CARDS ***
RuckyRu5150: folds
Uncalled bet ($2) returned to Chessnok
Chessnok collected $2 from pot
Chessnok: doesn't show hand
*** SUMMARY ***
Total pot $2 | Rake $0
Seat 1: RuckyRu5150 (button) (small blind) folded before Flop
Seat 6: Chessnok (big blind) collected ($2)


PokerStars Hand #167871268539:  Hold'em Limit ($3/$6 USD) - 2017/03/20 16:56:44 ET
Table 'Pawlowia' 6-max Seat #6 is the button
Seat 1: RuckyRu5150 ($79.92 in chips)
Seat 6: Chessnok ($171.22 in chips)
Chessnok: posts small blind $1
RuckyRu5150: posts big blind $3
*** HOLE CARDS ***
Chessnok: raises $3 to $6
RuckyRu5150: calls $3
*** FLOP *** [Jd 5c Kd]
RuckyRu5150: checks
Chessnok: bets $3
RuckyRu5150: calls $3
*** TURN *** [Jd 5c Kd] [9c]
RuckyRu5150: checks
Chessnok: checks
*** RIVER *** [Jd 5c Kd 9c] [8c]
RuckyRu5150: bets $6
Chessnok: calls $6
*** SHOW DOWN ***
RuckyRu5150: shows [5s 4s] (a pair of Fives)
Chessnok: mucks hand
RuckyRu5150 collected $29.50 from pot
*** SUMMARY ***
Total pot $30 | Rake $0.50
Board [Jd 5c Kd 9c 8c]
Seat 1: RuckyRu5150 (big blind) showed [5s 4s] and won ($29.50) with a pair of Fives
Seat 6: Chessnok (button) (small blind) mucked


