PokerStars Hand #176641410179:  Hold'em Limit ($3/$6 USD) - 2017/10/08 6:27:27 ET
Table 'Pawlowia' 6-max Seat #3 is the button
Seat 2: nedo1414 ($111 in chips)
Seat 3: patrikskjold ($41.26 in chips)
patrikskjold: posts small blind $1
nedo1414: posts big blind $3
*** HOLE CARDS ***
patrikskjold: raises $3 to $6
nedo1414: raises $3 to $9
patrikskjold: calls $3
*** FLOP *** [Ac 3h Qc]
nedo1414: checks
patrikskjold: checks
*** TURN *** [Ac 3h Qc] [Th]
nedo1414: bets $6
patrikskjold: folds
Uncalled bet ($6) returned to nedo1414
nedo1414 collected $17.64 from pot
nedo1414: doesn't show hand
*** SUMMARY ***
Total pot $18 | Rake $0.36
Board [Ac 3h Qc Th]
Seat 2: nedo1414 (big blind) collected ($17.64)
Seat 3: patrikskjold (button) (small blind) folded on the Turn


PokerStars Hand #176641403103:  Hold'em Limit ($3/$6 USD) - 2017/10/08 6:27:10 ET
Table 'Pawlowia' 6-max Seat #2 is the button
Seat 2: nedo1414 ($120 in chips)
Seat 3: patrikskjold ($32.62 in chips)
nedo1414: posts small blind $1
patrikskjold: posts big blind $3
*** HOLE CARDS ***
nedo1414: raises $3 to $6
patrikskjold: raises $3 to $9
nedo1414: calls $3
*** FLOP *** [3s 7d Jc]
patrikskjold: bets $3
nedo1414: folds
Uncalled bet ($3) returned to patrikskjold
patrikskjold collected $17.64 from pot
patrikskjold: doesn't show hand
*** SUMMARY ***
Total pot $18 | Rake $0.36
Board [3s 7d Jc]
Seat 2: nedo1414 (button) (small blind) folded on the Flop
Seat 3: patrikskjold (big blind) collected ($17.64)


PokerStars Hand #176641429450:  Hold'em Limit ($3/$6 USD) - 2017/10/08 6:28:13 ET
Table 'Pawlowia' 6-max Seat #2 is the button
Seat 2: nedo1414 ($130.16 in chips)
Seat 3: patrikskjold ($21.26 in chips)
nedo1414: posts small blind $1
patrikskjold: posts big blind $3
*** HOLE CARDS ***
nedo1414: raises $3 to $6
patrikskjold: folds
Uncalled bet ($3) returned to nedo1414
nedo1414 collected $6 from pot
nedo1414: doesn't show hand
*** SUMMARY ***
Total pot $6 | Rake $0
Seat 2: nedo1414 (button) (small blind) collected ($6)
Seat 3: patrikskjold (big blind) folded before Flop


PokerStars Hand #176641416839:  Hold'em Limit ($3/$6 USD) - 2017/10/08 6:27:43 ET
Table 'Pawlowia' 6-max Seat #2 is the button
Seat 2: nedo1414 ($119.64 in chips)
Seat 3: patrikskjold ($32.26 in chips)
nedo1414: posts small blind $1
patrikskjold: posts big blind $3
*** HOLE CARDS ***
nedo1414: folds
Uncalled bet ($2) returned to patrikskjold
patrikskjold collected $2 from pot
patrikskjold: doesn't show hand
*** SUMMARY ***
Total pot $2 | Rake $0
Seat 2: nedo1414 (button) (small blind) folded before Flop
Seat 3: patrikskjold (big blind) collected ($2)


PokerStars Hand #176641433376:  Hold'em Limit ($3/$6 USD) - 2017/10/08 6:28:22 ET
Table 'Pawlowia' 6-max Seat #3 is the button
Seat 2: nedo1414 ($133.16 in chips)
Seat 3: patrikskjold ($18.26 in chips)
patrikskjold: posts small blind $1
nedo1414: posts big blind $3
*** HOLE CARDS ***
patrikskjold: raises $3 to $6
nedo1414: calls $3
*** FLOP *** [Th 3d 2h]
nedo1414: checks
patrikskjold: bets $3
nedo1414: calls $3
*** TURN *** [Th 3d 2h] [Tc]
nedo1414: checks
patrikskjold: bets $6
nedo1414: raises $6 to $12
patrikskjold: calls $3.26 and is all-in
Uncalled bet ($2.74) returned to nedo1414
*** RIVER *** [Th 3d 2h Tc] [7c]
*** SHOW DOWN ***
nedo1414: shows [5d 3s] (two pair, Tens and Threes)
patrikskjold: shows [Kd Ah] (a pair of Tens)
nedo1414 collected $36.02 from pot
*** SUMMARY ***
Total pot $36.52 | Rake $0.50
Board [Th 3d 2h Tc 7c]
Seat 2: nedo1414 (big blind) showed [5d 3s] and won ($36.02) with two pair, Tens and Threes
Seat 3: patrikskjold (button) (small blind) showed [Kd Ah] and lost with a pair of Tens


PokerStars Hand #176641422085:  Hold'em Limit ($3/$6 USD) - 2017/10/08 6:27:55 ET
Table 'Pawlowia' 6-max Seat #3 is the button
Seat 2: nedo1414 ($118.64 in chips)
Seat 3: patrikskjold ($33.26 in chips)
patrikskjold: posts small blind $1
nedo1414: posts big blind $3
*** HOLE CARDS ***
patrikskjold: raises $3 to $6
nedo1414: raises $3 to $9
patrikskjold: calls $3
*** FLOP *** [Td Jh 7h]
nedo1414: bets $3
patrikskjold: calls $3
*** TURN *** [Td Jh 7h] [6s]
nedo1414: checks
patrikskjold: checks
*** RIVER *** [Td Jh 7h 6s] [7d]
nedo1414: bets $6
patrikskjold: folds
Uncalled bet ($6) returned to nedo1414
nedo1414 collected $23.52 from pot
nedo1414: doesn't show hand
*** SUMMARY ***
Total pot $24 | Rake $0.48
Board [Td Jh 7h 6s 7d]
Seat 2: nedo1414 (big blind) collected ($23.52)
Seat 3: patrikskjold (button) (small blind) folded on the River


