PokerStars Hand #150486389702:  Hold'em Limit ($3/$6 USD) - 2016/03/17 8:58:44 ET
Table 'Pawona' 10-max Seat #6 is the button
Seat 6: Agrotait ($92.16 in chips)
Seat 8: nashmed99 ($209.91 in chips)
Agrotait: posts small blind $1
nashmed99: posts big blind $3
*** HOLE CARDS ***
Agrotait: folds
Uncalled bet ($2) returned to nashmed99
nashmed99 collected $2 from pot
nashmed99: doesn't show hand
*** SUMMARY ***
Total pot $2 | Rake $0
Seat 6: Agrotait (button) (small blind) folded before Flop
Seat 8: nashmed99 (big blind) collected ($2)


PokerStars Hand #150486372637:  Hold'em Limit ($3/$6 USD) - 2016/03/17 8:58:08 ET
Table 'Pawona' 10-max Seat #8 is the button
Seat 6: Agrotait ($80.64 in chips)
Seat 8: nashmed99 ($221.91 in chips)
nashmed99: posts small blind $1
Agrotait: posts big blind $3
*** HOLE CARDS ***
nashmed99: raises $3 to $6
Agrotait: calls $3
*** FLOP *** [7h Jc 5d]
Agrotait: checks
nashmed99: checks
*** TURN *** [7h Jc 5d] [5c]
Agrotait: bets $6
nashmed99: calls $6
*** RIVER *** [7h Jc 5d 5c] [Qd]
Agrotait: bets $6
nashmed99: folds
Uncalled bet ($6) returned to Agrotait
Agrotait collected $23.52 from pot
Agrotait: doesn't show hand
*** SUMMARY ***
Total pot $24 | Rake $0.48
Board [7h Jc 5d 5c Qd]
Seat 6: Agrotait (big blind) collected ($23.52)
Seat 8: nashmed99 (button) (small blind) folded on the River


PokerStars Hand #150486404407:  Hold'em Limit ($3/$6 USD) - 2016/03/17 8:59:14 ET
Table 'Pawona' 10-max Seat #6 is the button
Seat 6: Agrotait ($88.16 in chips)
Seat 8: nashmed99 ($213.91 in chips)
Agrotait: posts small blind $1
nashmed99: posts big blind $3
*** HOLE CARDS ***
Agrotait: raises $3 to $6
nashmed99: folds
Uncalled bet ($3) returned to Agrotait
Agrotait collected $6 from pot
Agrotait: doesn't show hand
*** SUMMARY ***
Total pot $6 | Rake $0
Seat 6: Agrotait (button) (small blind) collected ($6)
Seat 8: nashmed99 (big blind) folded before Flop


PokerStars Hand #150486392446:  Hold'em Limit ($3/$6 USD) - 2016/03/17 8:58:49 ET
Table 'Pawona' 10-max Seat #8 is the button
Seat 6: Agrotait ($91.16 in chips)
Seat 8: nashmed99 ($210.91 in chips)
nashmed99: posts small blind $1
Agrotait: posts big blind $3
*** HOLE CARDS ***
nashmed99: raises $3 to $6
Agrotait: folds
Uncalled bet ($3) returned to nashmed99
nashmed99 collected $6 from pot
nashmed99: doesn't show hand
*** SUMMARY ***
Total pot $6 | Rake $0
Seat 6: Agrotait (big blind) folded before Flop
Seat 8: nashmed99 (button) (small blind) collected ($6)


PokerStars Hand #150486407445:  Hold'em Limit ($3/$6 USD) - 2016/03/17 8:59:20 ET
Table 'Pawona' 10-max Seat #8 is the button
Seat 6: Agrotait ($91.16 in chips)
Seat 8: nashmed99 ($210.91 in chips)
nashmed99: posts small blind $1
Agrotait: posts big blind $3
*** HOLE CARDS ***
nashmed99: raises $3 to $6
Agrotait: raises $3 to $9
nashmed99: calls $3
*** FLOP *** [6d 8c 4s]
Agrotait: bets $3
nashmed99: calls $3
*** TURN *** [6d 8c 4s] [Kc]
Agrotait: checks
nashmed99: bets $6
Agrotait: calls $6
*** RIVER *** [6d 8c 4s Kc] [5h]
Agrotait: checks
nashmed99: checks
*** SHOW DOWN ***
Agrotait: shows [Ah 7s] (a straight, Four to Eight)
nashmed99: mucks hand
Agrotait collected $35.50 from pot
*** SUMMARY ***
Total pot $36 | Rake $0.50
Board [6d 8c 4s Kc 5h]
Seat 6: Agrotait (big blind) showed [Ah 7s] and won ($35.50) with a straight, Four to Eight
Seat 8: nashmed99 (button) (small blind) mucked


PokerStars Hand #150486449196:  Hold'em Limit ($3/$6 USD) - 2016/03/17 9:00:44 ET
Table 'Pawona' 10-max Seat #6 is the button
Seat 6: Agrotait ($152.66 in chips)
Seat 8: nashmed99 ($147.91 in chips)
Agrotait: posts small blind $1
nashmed99: posts big blind $3
*** HOLE CARDS ***
Agrotait: folds
Uncalled bet ($2) returned to nashmed99
nashmed99 collected $2 from pot
nashmed99: doesn't show hand
*** SUMMARY ***
Total pot $2 | Rake $0
Seat 6: Agrotait (button) (small blind) folded before Flop
Seat 8: nashmed99 (big blind) collected ($2)


PokerStars Hand #150486432469:  Hold'em Limit ($3/$6 USD) - 2016/03/17 9:00:11 ET
Table 'Pawona' 10-max Seat #8 is the button
Seat 6: Agrotait ($123.16 in chips)
Seat 8: nashmed99 ($177.91 in chips)
nashmed99: posts small blind $1
Agrotait: posts big blind $3
*** HOLE CARDS ***
nashmed99: raises $3 to $6
Agrotait: raises $3 to $9
nashmed99: raises $3 to $12
Betting is capped
Agrotait: calls $3
*** FLOP *** [8d 8c Qd]
Agrotait: checks
nashmed99: bets $3
Agrotait: raises $3 to $6
nashmed99: calls $3
*** TURN *** [8d 8c Qd] [3s]
Agrotait: bets $6
nashmed99: calls $6
*** RIVER *** [8d 8c Qd 3s] [3h]
Agrotait: bets $6
nashmed99: calls $6
*** SHOW DOWN ***
Agrotait: shows [As Ad] (two pair, Aces and Eights)
nashmed99: mucks hand
Agrotait collected $59.50 from pot
*** SUMMARY ***
Total pot $60 | Rake $0.50
Board [8d 8c Qd 3s 3h]
Seat 6: Agrotait (big blind) showed [As Ad] and won ($59.50) with two pair, Aces and Eights
Seat 8: nashmed99 (button) (small blind) mucked


PokerStars Hand #150486480280:  Hold'em Limit ($3/$6 USD) - 2016/03/17 9:01:41 ET
Table 'Pawona' 10-max Seat #8 is the button
Seat 6: Agrotait ($160.16 in chips)
Seat 8: nashmed99 ($139.67 in chips)
nashmed99: posts small blind $1
Agrotait: posts big blind $3
*** HOLE CARDS ***
nashmed99: raises $3 to $6
Agrotait: raises $3 to $9
nashmed99: calls $3
*** FLOP *** [9d As 5c]
Agrotait: bets $3
nashmed99: folds
Uncalled bet ($3) returned to Agrotait
Agrotait collected $17.64 from pot
Agrotait: doesn't show hand
*** SUMMARY ***
Total pot $18 | Rake $0.36
Board [9d As 5c]
Seat 6: Agrotait (big blind) collected ($17.64)
Seat 8: nashmed99 (button) (small blind) folded on the Flop


PokerStars Hand #150486471367:  Hold'em Limit ($3/$6 USD) - 2016/03/17 9:01:25 ET
Table 'Pawona' 10-max Seat #6 is the button
Seat 6: Agrotait ($166.16 in chips)
Seat 8: nashmed99 ($133.91 in chips)
Agrotait: posts small blind $1
nashmed99: posts big blind $3
*** HOLE CARDS ***
Agrotait: raises $3 to $6
nashmed99: calls $3
*** FLOP *** [8c Ts 6c]
nashmed99: checks
Agrotait: checks
*** TURN *** [8c Ts 6c] [Jc]
nashmed99: bets $6
Agrotait: folds
Uncalled bet ($6) returned to nashmed99
nashmed99 collected $11.76 from pot
nashmed99: doesn't show hand
*** SUMMARY ***
Total pot $12 | Rake $0.24
Board [8c Ts 6c Jc]
Seat 6: Agrotait (button) (small blind) folded on the Turn
Seat 8: nashmed99 (big blind) collected ($11.76)


PokerStars Hand #150486453141:  Hold'em Limit ($3/$6 USD) - 2016/03/17 9:00:51 ET
Table 'Pawona' 10-max Seat #8 is the button
Seat 6: Agrotait ($151.66 in chips)
Seat 8: nashmed99 ($148.91 in chips)
nashmed99: posts small blind $1
Agrotait: posts big blind $3
*** HOLE CARDS ***
nashmed99: raises $3 to $6
Agrotait: calls $3
*** FLOP *** [Js 5d Ad]
Agrotait: checks
nashmed99: bets $3
Agrotait: calls $3
*** TURN *** [Js 5d Ad] [3s]
Agrotait: checks
nashmed99: checks
*** RIVER *** [Js 5d Ad 3s] [9s]
Agrotait: bets $6
nashmed99: calls $6
*** SHOW DOWN ***
Agrotait: shows [7d Jc] (a pair of Jacks)
nashmed99: mucks hand
Agrotait collected $29.50 from pot
*** SUMMARY ***
Total pot $30 | Rake $0.50
Board [Js 5d Ad 3s 9s]
Seat 6: Agrotait (big blind) showed [7d Jc] and won ($29.50) with a pair of Jacks
Seat 8: nashmed99 (button) (small blind) mucked


PokerStars Hand #150486515384:  Hold'em Limit ($3/$6 USD) - 2016/03/17 9:02:45 ET
Table 'Pawona' 10-max Seat #6 is the button
Seat 6: Agrotait ($184.30 in chips)
Seat 8: nashmed99 ($114.67 in chips)
Agrotait: posts small blind $1
nashmed99: posts big blind $3
*** HOLE CARDS ***
Agrotait: raises $3 to $6
nashmed99: calls $3
*** FLOP *** [4s 7s 8h]
nashmed99: checks
Agrotait: bets $3
nashmed99: calls $3
*** TURN *** [4s 7s 8h] [3h]
nashmed99: checks
Agrotait: bets $6
nashmed99: calls $6
*** RIVER *** [4s 7s 8h 3h] [Ks]
nashmed99: checks
Agrotait: bets $6
nashmed99: folds
Uncalled bet ($6) returned to Agrotait
Agrotait collected $29.50 from pot
Agrotait: doesn't show hand
*** SUMMARY ***
Total pot $30 | Rake $0.50
Board [4s 7s 8h 3h Ks]
Seat 6: Agrotait (button) (small blind) collected ($29.50)
Seat 8: nashmed99 (big blind) folded on the River


PokerStars Hand #150486509106:  Hold'em Limit ($3/$6 USD) - 2016/03/17 9:02:34 ET
Table 'Pawona' 10-max Seat #8 is the button
Seat 6: Agrotait ($183.30 in chips)
Seat 8: nashmed99 ($115.67 in chips)
nashmed99: posts small blind $1
Agrotait: posts big blind $3
*** HOLE CARDS ***
nashmed99: folds
Uncalled bet ($2) returned to Agrotait
Agrotait collected $2 from pot
Agrotait: doesn't show hand
*** SUMMARY ***
Total pot $2 | Rake $0
Seat 6: Agrotait (big blind) collected ($2)
Seat 8: nashmed99 (button) (small blind) folded before Flop


PokerStars Hand #150486486770:  Hold'em Limit ($3/$6 USD) - 2016/03/17 9:01:53 ET
Table 'Pawona' 10-max Seat #6 is the button
Seat 6: Agrotait ($168.80 in chips)
Seat 8: nashmed99 ($130.67 in chips)
Agrotait: posts small blind $1
nashmed99: posts big blind $3
*** HOLE CARDS ***
Agrotait: raises $3 to $6
nashmed99: calls $3
*** FLOP *** [4c 7c Kh]
nashmed99: checks
Agrotait: bets $3
nashmed99: calls $3
*** TURN *** [4c 7c Kh] [Jc]
nashmed99: checks
Agrotait: checks
*** RIVER *** [4c 7c Kh Jc] [3d]
nashmed99: bets $6
Agrotait: calls $6
*** SHOW DOWN ***
nashmed99: shows [4s Ah] (a pair of Fours)
Agrotait: shows [Ts Td] (a pair of Tens)
Agrotait collected $29.50 from pot
*** SUMMARY ***
Total pot $30 | Rake $0.50
Board [4c 7c Kh Jc 3d]
Seat 6: Agrotait (button) (small blind) showed [Ts Td] and won ($29.50) with a pair of Tens
Seat 8: nashmed99 (big blind) showed [4s Ah] and lost with a pair of Fours


PokerStars Hand #150486529948:  Hold'em Limit ($3/$6 USD) - 2016/03/17 9:03:11 ET
Table 'Pawona' 10-max Seat #8 is the button
Seat 6: Agrotait ($198.80 in chips)
Seat 8: nashmed99 ($99.67 in chips)
nashmed99: posts small blind $1
Agrotait: posts big blind $3
*** HOLE CARDS ***
nashmed99: raises $3 to $6
Agrotait: calls $3
*** FLOP *** [6s 8d 8s]
Agrotait: checks
nashmed99: checks
*** TURN *** [6s 8d 8s] [9d]
masterblstr8 joins the table at seat #9
Agrotait: bets $6
nashmed99: calls $6
*** RIVER *** [6s 8d 8s 9d] [Ks]
Agrotait: checks
nashmed99: checks
*** SHOW DOWN ***
Agrotait: shows [Ah Ts] (a pair of Eights)
nashmed99: mucks hand
Agrotait collected $23.52 from pot
*** SUMMARY ***
Total pot $24 | Rake $0.48
Board [6s 8d 8s 9d Ks]
Seat 6: Agrotait (big blind) showed [Ah Ts] and won ($23.52) with a pair of Eights
Seat 8: nashmed99 (button) (small blind) mucked


PokerStars Hand #150486551897:  Hold'em Limit ($3/$6 USD) - 2016/03/17 9:03:51 ET
Table 'Pawona' 10-max Seat #8 is the button
Seat 8: nashmed99 ($88.67 in chips)
Seat 9: masterblstr8 ($120 in chips)
nashmed99: posts small blind $1
Agrotait leaves the table
masterblstr8: posts big blind $3
*** HOLE CARDS ***
nashmed99: raises $3 to $6
masterblstr8: calls $3
*** FLOP *** [8h 8d 3h]
masterblstr8: checks
nashmed99: bets $3
masterblstr8: raises $3 to $6
nashmed99: calls $3
*** TURN *** [8h 8d 3h] [Qc]
masterblstr8: bets $6
nashmed99: calls $6
*** RIVER *** [8h 8d 3h Qc] [Kc]
masterblstr8: bets $6
nashmed99: calls $6
*** SHOW DOWN ***
masterblstr8: shows [7c 5h] (a pair of Eights)
nashmed99: shows [Ad Qd] (two pair, Queens and Eights)
nashmed99 collected $47.50 from pot
*** SUMMARY ***
Total pot $48 | Rake $0.50
Board [8h 8d 3h Qc Kc]
Seat 8: nashmed99 (button) (small blind) showed [Ad Qd] and won ($47.50) with two pair, Queens and Eights
Seat 9: masterblstr8 (big blind) showed [7c 5h] and lost with a pair of Eights


PokerStars Hand #150486546272:  Hold'em Limit ($3/$6 USD) - 2016/03/17 9:03:41 ET
Table 'Pawona' 10-max Seat #6 is the button
Seat 6: Agrotait ($210.32 in chips)
Seat 8: nashmed99 ($87.67 in chips)
Agrotait: posts small blind $1
nashmed99: posts big blind $3
*** HOLE CARDS ***
Agrotait: folds
Uncalled bet ($2) returned to nashmed99
nashmed99 collected $2 from pot
nashmed99: doesn't show hand
*** SUMMARY ***
Total pot $2 | Rake $0
Seat 6: Agrotait (button) (small blind) folded before Flop
Seat 8: nashmed99 (big blind) collected ($2)


PokerStars Hand #150486567735:  Hold'em Limit ($3/$6 USD) - 2016/03/17 9:04:19 ET
Table 'Pawona' 10-max Seat #9 is the button
Seat 8: nashmed99 ($112.17 in chips)
Seat 9: masterblstr8 ($96 in chips)
masterblstr8: posts small blind $1
nashmed99: posts big blind $3
*** HOLE CARDS ***
masterblstr8: raises $3 to $6
nashmed99: folds
Uncalled bet ($3) returned to masterblstr8
masterblstr8 collected $6 from pot
masterblstr8: doesn't show hand
*** SUMMARY ***
Total pot $6 | Rake $0
Seat 8: nashmed99 (big blind) folded before Flop
Seat 9: masterblstr8 (button) (small blind) collected ($6)


