PokerStars Hand #171658985989:  Hold'em Limit ($3/$6 USD) - 2017/06/11 19:09:46 ET
Table 'Pawona' 6-max Seat #6 is the button
Seat 3: simper11 ($126.76 in chips)
Seat 6: sda.80.16 ($113 in chips)
sda.80.16: posts small blind $1
simper11: posts big blind $3
*** HOLE CARDS ***
sda.80.16: raises $3 to $6
simper11: folds
Uncalled bet ($3) returned to sda.80.16
sda.80.16 collected $6 from pot
Jack_Wu1985 joins the table at seat #4
sda.80.16: doesn't show hand
*** SUMMARY ***
Total pot $6 | Rake $0
Seat 3: simper11 (big blind) folded before Flop
Seat 6: sda.80.16 (button) (small blind) collected ($6)


PokerStars Hand #171658977659:  Hold'em Limit ($3/$6 USD) - 2017/06/11 19:09:32 ET
Table 'Pawona' 6-max Seat #3 is the button
Seat 3: simper11 ($121 in chips)
Seat 6: sda.80.16 ($119 in chips)
simper11: posts small blind $1
sda.80.16: posts big blind $3
*** HOLE CARDS ***
simper11: raises $3 to $6
sda.80.16: calls $3
*** FLOP *** [7c Js Ks]
sda.80.16: checks
simper11: bets $3
sda.80.16: folds
Uncalled bet ($3) returned to simper11
simper11 collected $11.76 from pot
simper11: doesn't show hand
*** SUMMARY ***
Total pot $12 | Rake $0.24
Board [7c Js Ks]
Seat 3: simper11 (button) (small blind) collected ($11.76)
Seat 6: sda.80.16 (big blind) folded on the Flop


