PokerStars Hand #153447673061:  Hold'em Limit ($3/$6 USD) - 2016/05/17 12:03:26 ET
Table 'Pax III' 6-max Seat #1 is the button
Seat 1: asf5550 ($120 in chips)
Seat 2: TbIP-TbIP 88 ($72 in chips)
asf5550: posts small blind $1
TbIP-TbIP 88: posts big blind $3
*** HOLE CARDS ***
asf5550: raises $3 to $6
TbIP-TbIP 88: calls $3
*** FLOP *** [4s 5h 6c]
TbIP-TbIP 88: checks
asf5550: checks
*** TURN *** [4s 5h 6c] [7c]
robertass84 joins the table at seat #3
TbIP-TbIP 88: bets $6
asf5550: folds
Uncalled bet ($6) returned to TbIP-TbIP 88
TbIP-TbIP 88 collected $11.76 from pot
TbIP-TbIP 88: doesn't show hand
*** SUMMARY ***
Total pot $12 | Rake $0.24
Board [4s 5h 6c 7c]
Seat 1: asf5550 (button) (small blind) folded on the Turn
Seat 2: TbIP-TbIP 88 (big blind) collected ($11.76)


PokerStars Hand #153448201707:  Hold'em Limit ($3/$6 USD) - 2016/05/17 12:15:28 ET
Table 'Pax III' 6-max Seat #6 is the button
Seat 4: BuzovaPro ($102.29 in chips)
Seat 6: fsreibnitz ($155.27 in chips)
fsreibnitz: posts small blind $1
TbIP-TbIP 88: is sitting out
BuzovaPro: posts big blind $3
*** HOLE CARDS ***
fsreibnitz: raises $3 to $6
TbIP-TbIP 88 leaves the table
BuzovaPro: folds
Uncalled bet ($3) returned to fsreibnitz
fsreibnitz collected $6 from pot
*** SUMMARY ***
Total pot $6 | Rake $0
Seat 4: BuzovaPro (big blind) folded before Flop
Seat 6: fsreibnitz (button) (small blind) collected ($6)


