PokerStars Hand #172266065091:  Hold'em Limit ($3/$6 USD) - 2017/06/26 12:22:09 ET
Table 'Peacock' 6-max Seat #1 is the button
Seat 1: Zubasa07 ($329.53 in chips)
Seat 6: igorkabmw ($50.48 in chips)
Zubasa07: posts small blind $1
B_loJkl is disconnected
sim5sim5 joins the table at seat #5
B_loJkl has timed out while disconnected
B_loJkl: is sitting out
igorkabmw: posts big blind $3
*** HOLE CARDS ***
Zubasa07: raises $3 to $6
igorkabmw: folds
Uncalled bet ($3) returned to Zubasa07
Zubasa07 collected $6 from pot
Zubasa07: doesn't show hand
*** SUMMARY ***
Total pot $6 | Rake $0
Seat 1: Zubasa07 (button) (small blind) collected ($6)
Seat 6: igorkabmw (big blind) folded before Flop


PokerStars Hand #172266078440:  Hold'em Limit ($3/$6 USD) - 2017/06/26 12:22:30 ET
Table 'Peacock' 6-max Seat #6 is the button
Seat 1: Zubasa07 ($332.53 in chips)
Seat 6: igorkabmw ($47.48 in chips)
igorkabmw: posts small blind $1
Zubasa07: posts big blind $3
*** HOLE CARDS ***
igorkabmw: calls $2
Zubasa07: checks
*** FLOP *** [6d Js Jh]
Zubasa07: checks
igorkabmw: checks
*** TURN *** [6d Js Jh] [Kh]
Zubasa07: checks
igorkabmw: checks
*** RIVER *** [6d Js Jh Kh] [Th]
Zubasa07: checks
igorkabmw: checks
*** SHOW DOWN ***
Zubasa07: shows [4c 5d] (a pair of Jacks)
igorkabmw: shows [8h 3s] (a pair of Jacks - King+Ten+Eight kicker)
igorkabmw collected $5.88 from pot
*** SUMMARY ***
Total pot $6 | Rake $0.12
Board [6d Js Jh Kh Th]
Seat 1: Zubasa07 (big blind) showed [4c 5d] and lost with a pair of Jacks
Seat 6: igorkabmw (button) (small blind) showed [8h 3s] and won ($5.88) with a pair of Jacks


PokerStars Hand #172266136374:  Hold'em Limit ($3/$6 USD) - 2017/06/26 12:24:02 ET
Table 'Peacock' 6-max Seat #2 is the button
Seat 1: Zubasa07 ($328.53 in chips)
Seat 2: B_loJkl ($147 in chips)
B_loJkl: posts small blind $1
igorkabmw: is sitting out
igorkabmw leaves the table
Zubasa07: posts big blind $3
*** HOLE CARDS ***
B_loJkl: folds
Uncalled bet ($2) returned to Zubasa07
Zubasa07 collected $2 from pot
Zubasa07: doesn't show hand
*** SUMMARY ***
Total pot $2 | Rake $0
Seat 1: Zubasa07 (big blind) collected ($2)
Seat 2: B_loJkl (button) (small blind) folded before Flop


