PokerStars Hand #148100622211:  Hold'em Limit ($3/$6 USD) - 2016/02/02 6:39:42 ET
Table 'Peacock III' 2-max Seat #1 is the button
Seat 1: ct-650 ($151 in chips)
Seat 2: melyh82 ($60.37 in chips)
ct-650: posts small blind $1
melyh82: posts big blind $3
*** HOLE CARDS ***
ct-650: raises $3 to $6
melyh82: calls $3
*** FLOP *** [As Kc 6d]
melyh82: checks
ct-650: bets $3
melyh82: raises $3 to $6
ct-650: folds
Uncalled bet ($3) returned to melyh82
melyh82 collected $17.64 from pot
*** SUMMARY ***
Total pot $18 | Rake $0.36
Board [As Kc 6d]
Seat 1: ct-650 (button) (small blind) folded on the Flop
Seat 2: melyh82 (big blind) collected ($17.64)


PokerStars Hand #148100626860:  Hold'em Limit ($3/$6 USD) - 2016/02/02 6:39:50 ET
Table 'Peacock III' 2-max Seat #2 is the button
Seat 1: ct-650 ($142 in chips)
Seat 2: melyh82 ($69.01 in chips)
melyh82: posts small blind $1
ct-650: posts big blind $3
*** HOLE CARDS ***
melyh82: raises $3 to $6
ct-650: calls $3
*** FLOP *** [Ad Jc 7c]
ct-650: checks
melyh82: checks
*** TURN *** [Ad Jc 7c] [Ah]
ct-650: bets $6
melyh82: calls $6
*** RIVER *** [Ad Jc 7c Ah] [5c]
ct-650: bets $6
melyh82: folds
Uncalled bet ($6) returned to ct-650
ct-650 collected $23.52 from pot
*** SUMMARY ***
Total pot $24 | Rake $0.48
Board [Ad Jc 7c Ah 5c]
Seat 1: ct-650 (big blind) collected ($23.52)
Seat 2: melyh82 (button) (small blind) folded on the River


PokerStars Hand #148100636045:  Hold'em Limit ($3/$6 USD) - 2016/02/02 6:40:06 ET
Table 'Peacock III' 2-max Seat #2 is the button
Seat 1: ct-650 ($156.52 in chips)
Seat 2: melyh82 ($54.01 in chips)
melyh82: posts small blind $1
ct-650: posts big blind $3
*** HOLE CARDS ***
melyh82: raises $3 to $6
ct-650: calls $3
*** FLOP *** [6d 6s Ts]
ct-650: checks
melyh82: bets $3
ct-650: raises $3 to $6
melyh82: calls $3
*** TURN *** [6d 6s Ts] [3s]
ct-650: bets $6
melyh82: calls $6
*** RIVER *** [6d 6s Ts 3s] [4h]
ct-650: bets $6
melyh82: calls $6
*** SHOW DOWN ***
ct-650: shows [8s 6h] (three of a kind, Sixes)
melyh82: mucks hand
ct-650 collected $47.50 from pot
*** SUMMARY ***
Total pot $48 | Rake $0.50
Board [6d 6s Ts 3s 4h]
Seat 1: ct-650 (big blind) showed [8s 6h] and won ($47.50) with three of a kind, Sixes
Seat 2: melyh82 (button) (small blind) mucked


PokerStars Hand #148100616329:  Hold'em Limit ($3/$6 USD) - 2016/02/02 6:39:31 ET
Table 'Peacock III' 2-max Seat #2 is the button
Seat 1: ct-650 ($150 in chips)
Seat 2: melyh82 ($61.37 in chips)
melyh82: posts small blind $1
ct-650: posts big blind $3
*** HOLE CARDS ***
melyh82: folds
Uncalled bet ($2) returned to ct-650
ct-650 collected $2 from pot
*** SUMMARY ***
Total pot $2 | Rake $0
Seat 1: ct-650 (big blind) collected ($2)
Seat 2: melyh82 (button) (small blind) folded before Flop


PokerStars Hand #148100633257:  Hold'em Limit ($3/$6 USD) - 2016/02/02 6:40:01 ET
Table 'Peacock III' 2-max Seat #1 is the button
Seat 1: ct-650 ($153.52 in chips)
Seat 2: melyh82 ($57.01 in chips)
ct-650: posts small blind $1
melyh82: posts big blind $3
*** HOLE CARDS ***
ct-650: raises $3 to $6
melyh82: folds
Uncalled bet ($3) returned to ct-650
ct-650 collected $6 from pot
*** SUMMARY ***
Total pot $6 | Rake $0
Seat 1: ct-650 (button) (small blind) collected ($6)
Seat 2: melyh82 (big blind) folded before Flop


PokerStars Hand #148100671452:  Hold'em Limit ($3/$6 USD) - 2016/02/02 6:41:09 ET
Table 'Peacock III' 2-max Seat #2 is the button
Seat 1: ct-650 ($161.78 in chips)
Seat 2: melyh82 ($47.15 in chips)
melyh82: posts small blind $1
ct-650: posts big blind $3
*** HOLE CARDS ***
melyh82: folds
Uncalled bet ($2) returned to ct-650
ct-650 collected $2 from pot
*** SUMMARY ***
Total pot $2 | Rake $0
Seat 1: ct-650 (big blind) collected ($2)
Seat 2: melyh82 (button) (small blind) folded before Flop


PokerStars Hand #148100657351:  Hold'em Limit ($3/$6 USD) - 2016/02/02 6:40:44 ET
Table 'Peacock III' 2-max Seat #2 is the button
Seat 1: ct-650 ($171.02 in chips)
Seat 2: melyh82 ($38.65 in chips)
melyh82: posts small blind $1
ct-650: posts big blind $3
*** HOLE CARDS ***
melyh82: raises $3 to $6
ct-650: calls $3
*** FLOP *** [2c 9d 6s]
ct-650: checks
melyh82: bets $3
ct-650: calls $3
*** TURN *** [2c 9d 6s] [2h]
ct-650: checks
melyh82: bets $6
ct-650: calls $6
*** RIVER *** [2c 9d 6s 2h] [9h]
ct-650: checks
melyh82: bets $6
ct-650: folds
Uncalled bet ($6) returned to melyh82
melyh82 collected $29.50 from pot
*** SUMMARY ***
Total pot $30 | Rake $0.50
Board [2c 9d 6s 2h 9h]
Seat 1: ct-650 (big blind) folded on the River
Seat 2: melyh82 (button) (small blind) collected ($29.50)


PokerStars Hand #148100674631:  Hold'em Limit ($3/$6 USD) - 2016/02/02 6:41:14 ET
Table 'Peacock III' 2-max Seat #1 is the button
Seat 1: ct-650 ($162.78 in chips)
Seat 2: melyh82 ($46.15 in chips)
ct-650: posts small blind $1
melyh82: posts big blind $3
*** HOLE CARDS ***
ct-650: raises $3 to $6
melyh82: calls $3
*** FLOP *** [As 7c Ah]
melyh82: checks
ct-650: bets $3
melyh82: calls $3
*** TURN *** [As 7c Ah] [3h]
melyh82: checks
ct-650: checks
*** RIVER *** [As 7c Ah 3h] [9s]
melyh82: bets $6
ct-650: calls $6
*** SHOW DOWN ***
melyh82: shows [5h 5c] (two pair, Aces and Fives)
ct-650: shows [9d 5d] (two pair, Aces and Nines)
ct-650 collected $29.50 from pot
*** SUMMARY ***
Total pot $30 | Rake $0.50
Board [As 7c Ah 3h 9s]
Seat 1: ct-650 (button) (small blind) showed [9d 5d] and won ($29.50) with two pair, Aces and Nines
Seat 2: melyh82 (big blind) showed [5h 5c] and lost with two pair, Aces and Fives


PokerStars Hand #148100645525:  Hold'em Limit ($3/$6 USD) - 2016/02/02 6:40:23 ET
Table 'Peacock III' 2-max Seat #1 is the button
Seat 1: ct-650 ($180.02 in chips)
Seat 2: melyh82 ($30.01 in chips)
ct-650: posts small blind $1
melyh82: posts big blind $3
*** HOLE CARDS ***
ct-650: raises $3 to $6
melyh82: calls $3
*** FLOP *** [Kc 6d 3s]
melyh82: checks
ct-650: bets $3
melyh82: calls $3
*** TURN *** [Kc 6d 3s] [Kd]
melyh82: checks
ct-650: checks
*** RIVER *** [Kc 6d 3s Kd] [7s]
melyh82: checks
ct-650: checks
*** SHOW DOWN ***
melyh82: shows [Ah 5c] (a pair of Kings)
ct-650: mucks hand
melyh82 collected $17.64 from pot
*** SUMMARY ***
Total pot $18 | Rake $0.36
Board [Kc 6d 3s Kd 7s]
Seat 1: ct-650 (button) (small blind) mucked
Seat 2: melyh82 (big blind) showed [Ah 5c] and won ($17.64) with a pair of Kings


PokerStars Hand #148100710905:  Hold'em Limit ($3/$6 USD) - 2016/02/02 6:42:15 ET
Table 'Peacock III' 2-max Seat #2 is the button
Seat 1: ct-650 ($122.28 in chips)
Seat 2: melyh82 ($84.91 in chips)
melyh82: posts small blind $1
ct-650: posts big blind $3
*** HOLE CARDS ***
melyh82: folds
Uncalled bet ($2) returned to ct-650
ct-650 collected $2 from pot
*** SUMMARY ***
Total pot $2 | Rake $0
Seat 1: ct-650 (big blind) collected ($2)
Seat 2: melyh82 (button) (small blind) folded before Flop


PokerStars Hand #148100700228:  Hold'em Limit ($3/$6 USD) - 2016/02/02 6:41:59 ET
Table 'Peacock III' 2-max Seat #1 is the button
Seat 1: ct-650 ($146.28 in chips)
Seat 2: melyh82 ($61.41 in chips)
ct-650: posts small blind $1
melyh82: posts big blind $3
*** HOLE CARDS ***
ct-650: raises $3 to $6
melyh82: raises $3 to $9
ct-650: calls $3
*** FLOP *** [Qh Ts 6c]
melyh82: bets $3
ct-650: calls $3
*** TURN *** [Qh Ts 6c] [9s]
melyh82: bets $6
ct-650: calls $6
*** RIVER *** [Qh Ts 6c 9s] [5s]
melyh82: bets $6
ct-650: calls $6
*** SHOW DOWN ***
melyh82: shows [Tc Td] (three of a kind, Tens)
ct-650: mucks hand
melyh82 collected $47.50 from pot
*** SUMMARY ***
Total pot $48 | Rake $0.50
Board [Qh Ts 6c 9s 5s]
Seat 1: ct-650 (button) (small blind) mucked
Seat 2: melyh82 (big blind) showed [Tc Td] and won ($47.50) with three of a kind, Tens


PokerStars Hand #148100691686:  Hold'em Limit ($3/$6 USD) - 2016/02/02 6:41:44 ET
Table 'Peacock III' 2-max Seat #2 is the button
Seat 1: ct-650 ($170.28 in chips)
Seat 2: melyh82 ($37.91 in chips)
melyh82: posts small blind $1
ct-650: posts big blind $3
*** HOLE CARDS ***
melyh82: raises $3 to $6
ct-650: calls $3
*** FLOP *** [Qs 2d 9h]
ct-650: checks
melyh82: bets $3
ct-650: raises $3 to $6
melyh82: calls $3
*** TURN *** [Qs 2d 9h] [Ts]
ct-650: bets $6
melyh82: calls $6
*** RIVER *** [Qs 2d 9h Ts] [Kd]
ct-650: bets $6
melyh82: raises $6 to $12
ct-650: folds
Uncalled bet ($6) returned to melyh82
melyh82 collected $47.50 from pot
*** SUMMARY ***
Total pot $48 | Rake $0.50
Board [Qs 2d 9h Ts Kd]
Seat 1: ct-650 (big blind) folded on the River
Seat 2: melyh82 (button) (small blind) collected ($47.50)


PokerStars Hand #148100688478:  Hold'em Limit ($3/$6 USD) - 2016/02/02 6:41:38 ET
Table 'Peacock III' 2-max Seat #1 is the button
Seat 1: ct-650 ($171.28 in chips)
Seat 2: melyh82 ($36.91 in chips)
ct-650: posts small blind $1
melyh82: posts big blind $3
*** HOLE CARDS ***
ct-650: folds
Uncalled bet ($2) returned to melyh82
melyh82 collected $2 from pot
*** SUMMARY ***
Total pot $2 | Rake $0
Seat 1: ct-650 (button) (small blind) folded before Flop
Seat 2: melyh82 (big blind) collected ($2)


PokerStars Hand #148100714496:  Hold'em Limit ($3/$6 USD) - 2016/02/02 6:42:22 ET
Table 'Peacock III' 2-max Seat #1 is the button
Seat 1: ct-650 ($123.28 in chips)
Seat 2: melyh82 ($83.91 in chips)
ct-650: posts small blind $1
melyh82: posts big blind $3
*** HOLE CARDS ***
ct-650: raises $3 to $6
melyh82: calls $3
*** FLOP *** [5c 7c 4h]
melyh82: checks
ct-650: bets $3
melyh82: calls $3
*** TURN *** [5c 7c 4h] [9s]
melyh82: checks
ct-650: bets $6
melyh82: folds
Uncalled bet ($6) returned to ct-650
ct-650 collected $17.64 from pot
*** SUMMARY ***
Total pot $18 | Rake $0.36
Board [5c 7c 4h 9s]
Seat 1: ct-650 (button) (small blind) collected ($17.64)
Seat 2: melyh82 (big blind) folded on the Turn


PokerStars Hand #148100733417:  Hold'em Limit ($3/$6 USD) - 2016/02/02 6:42:55 ET
Table 'Peacock III' 2-max Seat #2 is the button
Seat 1: ct-650 ($119.92 in chips)
Seat 2: melyh82 ($86.41 in chips)
melyh82: posts small blind $1
ct-650: posts big blind $3
*** HOLE CARDS ***
melyh82: raises $3 to $6
ct-650: calls $3
*** FLOP *** [9s 3c 4h]
ct-650: checks
melyh82: checks
*** TURN *** [9s 3c 4h] [Qs]
ct-650: checks
melyh82: bets $6
ct-650: folds
Uncalled bet ($6) returned to melyh82
melyh82 collected $11.76 from pot
*** SUMMARY ***
Total pot $12 | Rake $0.24
Board [9s 3c 4h Qs]
Seat 1: ct-650 (big blind) folded on the Turn
Seat 2: melyh82 (button) (small blind) collected ($11.76)


PokerStars Hand #148100730696:  Hold'em Limit ($3/$6 USD) - 2016/02/02 6:42:50 ET
Table 'Peacock III' 2-max Seat #1 is the button
Seat 1: ct-650 ($116.92 in chips)
Seat 2: melyh82 ($89.41 in chips)
ct-650: posts small blind $1
melyh82: posts big blind $3
*** HOLE CARDS ***
ct-650: raises $3 to $6
melyh82: folds
Uncalled bet ($3) returned to ct-650
ct-650 collected $6 from pot
*** SUMMARY ***
Total pot $6 | Rake $0
Seat 1: ct-650 (button) (small blind) collected ($6)
Seat 2: melyh82 (big blind) folded before Flop


PokerStars Hand #148100722677:  Hold'em Limit ($3/$6 USD) - 2016/02/02 6:42:36 ET
Table 'Peacock III' 2-max Seat #2 is the button
Seat 1: ct-650 ($131.92 in chips)
Seat 2: melyh82 ($74.91 in chips)
melyh82: posts small blind $1
ct-650: posts big blind $3
*** HOLE CARDS ***
melyh82: raises $3 to $6
ct-650: raises $3 to $9
melyh82: calls $3
*** FLOP *** [5s 6h 7d]
ct-650: bets $3
melyh82: raises $3 to $6
ct-650: calls $3
*** TURN *** [5s 6h 7d] [3d]
ct-650: checks
melyh82: bets $6
ct-650: folds
Uncalled bet ($6) returned to melyh82
melyh82 collected $29.50 from pot
*** SUMMARY ***
Total pot $30 | Rake $0.50
Board [5s 6h 7d 3d]
Seat 1: ct-650 (big blind) folded on the Turn
Seat 2: melyh82 (button) (small blind) collected ($29.50)


PokerStars Hand #148100739120:  Hold'em Limit ($3/$6 USD) - 2016/02/02 6:43:04 ET
Table 'Peacock III' 2-max Seat #1 is the button
Seat 1: ct-650 ($113.92 in chips)
Seat 2: melyh82 ($92.17 in chips)
ct-650: posts small blind $1
melyh82: posts big blind $3
*** HOLE CARDS ***
ct-650: raises $3 to $6
melyh82: calls $3
*** FLOP *** [3s 4h 6h]
melyh82: checks
ct-650: bets $3
melyh82: calls $3
*** TURN *** [3s 4h 6h] [4c]
melyh82: checks
ct-650: bets $6
melyh82: calls $6
*** RIVER *** [3s 4h 6h 4c] [9h]
melyh82: bets $6
ct-650: calls $6
*** SHOW DOWN ***
melyh82: shows [9d Qh] (two pair, Nines and Fours)
ct-650: mucks hand
melyh82 collected $41.50 from pot
*** SUMMARY ***
Total pot $42 | Rake $0.50
Board [3s 4h 6h 4c 9h]
Seat 1: ct-650 (button) (small blind) mucked
Seat 2: melyh82 (big blind) showed [9d Qh] and won ($41.50) with two pair, Nines and Fours


PokerStars Hand #148100749502:  Hold'em Limit ($3/$6 USD) - 2016/02/02 6:43:22 ET
Table 'Peacock III' 2-max Seat #2 is the button
Seat 1: ct-650 ($92.92 in chips)
Seat 2: melyh82 ($112.67 in chips)
melyh82: posts small blind $1
ct-650: posts big blind $3
*** HOLE CARDS ***
melyh82: raises $3 to $6
ct-650: calls $3
*** FLOP *** [Qd 7c Qs]
ct-650: checks
melyh82: bets $3
ct-650: folds
Uncalled bet ($3) returned to melyh82
melyh82 collected $11.76 from pot
*** SUMMARY ***
Total pot $12 | Rake $0.24
Board [Qd 7c Qs]
Seat 1: ct-650 (big blind) folded on the Flop
Seat 2: melyh82 (button) (small blind) collected ($11.76)


PokerStars Hand #148100770651:  Hold'em Limit ($3/$6 USD) - 2016/02/02 6:43:58 ET
Table 'Peacock III' 2-max Seat #2 is the button
Seat 1: ct-650 ($80.68 in chips)
Seat 2: melyh82 ($123.95 in chips)
melyh82: posts small blind $1
ct-650: posts big blind $3
*** HOLE CARDS ***
melyh82: raises $3 to $6
ct-650: calls $3
*** FLOP *** [9c Tc Td]
ct-650: checks
melyh82: bets $3
ct-650: calls $3
*** TURN *** [9c Tc Td] [3c]
ct-650: checks
melyh82: checks
*** RIVER *** [9c Tc Td 3c] [6s]
ct-650: bets $6
melyh82: calls $6
*** SHOW DOWN ***
ct-650: shows [Kd 6h] (two pair, Tens and Sixes)
melyh82: mucks hand
ct-650 collected $29.50 from pot
*** SUMMARY ***
Total pot $30 | Rake $0.50
Board [9c Tc Td 3c 6s]
Seat 1: ct-650 (big blind) showed [Kd 6h] and won ($29.50) with two pair, Tens and Sixes
Seat 2: melyh82 (button) (small blind) mucked


PokerStars Hand #148100765000:  Hold'em Limit ($3/$6 USD) - 2016/02/02 6:43:48 ET
Table 'Peacock III' 2-max Seat #1 is the button
Seat 1: ct-650 ($86.68 in chips)
Seat 2: melyh82 ($118.19 in chips)
ct-650: posts small blind $1
melyh82: posts big blind $3
*** HOLE CARDS ***
ct-650: raises $3 to $6
melyh82: calls $3
*** FLOP *** [Ah 9h Ac]
melyh82: checks
ct-650: checks
*** TURN *** [Ah 9h Ac] [9d]
melyh82: bets $6
ct-650: folds
Uncalled bet ($6) returned to melyh82
melyh82 collected $11.76 from pot
*** SUMMARY ***
Total pot $12 | Rake $0.24
Board [Ah 9h Ac 9d]
Seat 1: ct-650 (button) (small blind) folded on the Turn
Seat 2: melyh82 (big blind) collected ($11.76)


PokerStars Hand #148100759056:  Hold'em Limit ($3/$6 USD) - 2016/02/02 6:43:38 ET
Table 'Peacock III' 2-max Seat #2 is the button
Seat 1: ct-650 ($92.68 in chips)
Seat 2: melyh82 ($112.43 in chips)
melyh82: posts small blind $1
ct-650: posts big blind $3
*** HOLE CARDS ***
melyh82: raises $3 to $6
ct-650: calls $3
*** FLOP *** [4s 3c Ac]
ct-650: checks
melyh82: checks
*** TURN *** [4s 3c Ac] [Ks]
ct-650: checks
melyh82: bets $6
ct-650: folds
Uncalled bet ($6) returned to melyh82
melyh82 collected $11.76 from pot
*** SUMMARY ***
Total pot $12 | Rake $0.24
Board [4s 3c Ac Ks]
Seat 1: ct-650 (big blind) folded on the Turn
Seat 2: melyh82 (button) (small blind) collected ($11.76)


PokerStars Hand #148100754838:  Hold'em Limit ($3/$6 USD) - 2016/02/02 6:43:31 ET
Table 'Peacock III' 2-max Seat #1 is the button
Seat 1: ct-650 ($86.92 in chips)
Seat 2: melyh82 ($118.43 in chips)
ct-650: posts small blind $1
melyh82: posts big blind $3
*** HOLE CARDS ***
ct-650: raises $3 to $6
melyh82: calls $3
*** FLOP *** [Tc 3h Jd]
melyh82: checks
ct-650: bets $3
melyh82: folds
Uncalled bet ($3) returned to ct-650
ct-650 collected $11.76 from pot
*** SUMMARY ***
Total pot $12 | Rake $0.24
Board [Tc 3h Jd]
Seat 1: ct-650 (button) (small blind) collected ($11.76)
Seat 2: melyh82 (big blind) folded on the Flop


PokerStars Hand #148100778809:  Hold'em Limit ($3/$6 USD) - 2016/02/02 6:44:12 ET
Table 'Peacock III' 2-max Seat #1 is the button
Seat 1: ct-650 ($95.18 in chips)
Seat 2: melyh82 ($108.95 in chips)
ct-650: posts small blind $1
melyh82: posts big blind $3
*** HOLE CARDS ***
ct-650: raises $3 to $6
melyh82: calls $3
*** FLOP *** [6s 5d 2c]
melyh82: checks
ct-650: bets $3
melyh82: calls $3
*** TURN *** [6s 5d 2c] [3s]
melyh82: checks
ct-650: bets $6
melyh82: calls $6
*** RIVER *** [6s 5d 2c 3s] [Qc]
melyh82: checks
ct-650: checks
*** SHOW DOWN ***
melyh82: shows [8s 2h] (a pair of Deuces)
ct-650: shows [Kh 5h] (a pair of Fives)
ct-650 collected $29.50 from pot
*** SUMMARY ***
Total pot $30 | Rake $0.50
Board [6s 5d 2c 3s Qc]
Seat 1: ct-650 (button) (small blind) showed [Kh 5h] and won ($29.50) with a pair of Fives
Seat 2: melyh82 (big blind) showed [8s 2h] and lost with a pair of Deuces


PokerStars Hand #148100817478:  Hold'em Limit ($3/$6 USD) - 2016/02/02 6:45:18 ET
Table 'Peacock III' 2-max Seat #2 is the button
Seat 1: ct-650 ($108.93 in chips)
Seat 2: melyh82 ($92.86 in chips)
melyh82: posts small blind $1
ct-650: posts big blind $3
*** HOLE CARDS ***
melyh82: raises $3 to $6
ct-650: folds
Uncalled bet ($3) returned to melyh82
melyh82 collected $6 from pot
*** SUMMARY ***
Total pot $6 | Rake $0
Seat 1: ct-650 (big blind) folded before Flop
Seat 2: melyh82 (button) (small blind) collected ($6)


PokerStars Hand #148100814547:  Hold'em Limit ($3/$6 USD) - 2016/02/02 6:45:13 ET
Table 'Peacock III' 2-max Seat #1 is the button
Seat 1: ct-650 ($105.93 in chips)
Seat 2: melyh82 ($95.86 in chips)
ct-650: posts small blind $1
melyh82: posts big blind $3
*** HOLE CARDS ***
ct-650: raises $3 to $6
melyh82: folds
Uncalled bet ($3) returned to ct-650
ct-650 collected $6 from pot
*** SUMMARY ***
Total pot $6 | Rake $0
Seat 1: ct-650 (button) (small blind) collected ($6)
Seat 2: melyh82 (big blind) folded before Flop


PokerStars Hand #148100807169:  Hold'em Limit ($3/$6 USD) - 2016/02/02 6:45:00 ET
Table 'Peacock III' 2-max Seat #2 is the button
Seat 1: ct-650 ($88.43 in chips)
Seat 2: melyh82 ($113.86 in chips)
melyh82: posts small blind $1
ct-650: posts big blind $3
*** HOLE CARDS ***
melyh82: raises $3 to $6
ct-650: calls $3
*** FLOP *** [9s 8c 2d]
ct-650: checks
melyh82: checks
*** TURN *** [9s 8c 2d] [6h]
ct-650: bets $6
melyh82: calls $6
*** RIVER *** [9s 8c 2d 6h] [3c]
ct-650: bets $6
melyh82: calls $6
*** SHOW DOWN ***
ct-650: shows [7h 8h] (a pair of Eights)
melyh82: mucks hand
ct-650 collected $35.50 from pot
*** SUMMARY ***
Total pot $36 | Rake $0.50
Board [9s 8c 2d 6h 3c]
Seat 1: ct-650 (big blind) showed [7h 8h] and won ($35.50) with a pair of Eights
Seat 2: melyh82 (button) (small blind) mucked


PokerStars Hand #148100802375:  Hold'em Limit ($3/$6 USD) - 2016/02/02 6:44:52 ET
Table 'Peacock III' 2-max Seat #1 is the button
Seat 1: ct-650 ($94.43 in chips)
Seat 2: melyh82 ($108.10 in chips)
ct-650: posts small blind $1
melyh82: posts big blind $3
*** HOLE CARDS ***
ct-650: raises $3 to $6
melyh82: calls $3
*** FLOP *** [8c 6d Ts]
melyh82: checks
ct-650: checks
*** TURN *** [8c 6d Ts] [9s]
melyh82: bets $6
ct-650: folds
Uncalled bet ($6) returned to melyh82
melyh82 collected $11.76 from pot
*** SUMMARY ***
Total pot $12 | Rake $0.24
Board [8c 6d Ts 9s]
Seat 1: ct-650 (button) (small blind) folded on the Turn
Seat 2: melyh82 (big blind) collected ($11.76)


PokerStars Hand #148100797874:  Hold'em Limit ($3/$6 USD) - 2016/02/02 6:44:44 ET
Table 'Peacock III' 2-max Seat #2 is the button
Seat 1: ct-650 ($100.43 in chips)
Seat 2: melyh82 ($102.34 in chips)
melyh82: posts small blind $1
ct-650: posts big blind $3
*** HOLE CARDS ***
melyh82: raises $3 to $6
ct-650: calls $3
*** FLOP *** [Jh Kd Jc]
ct-650: checks
melyh82: bets $3
ct-650: folds
Uncalled bet ($3) returned to melyh82
melyh82 collected $11.76 from pot
*** SUMMARY ***
Total pot $12 | Rake $0.24
Board [Jh Kd Jc]
Seat 1: ct-650 (big blind) folded on the Flop
Seat 2: melyh82 (button) (small blind) collected ($11.76)


PokerStars Hand #148100793250:  Hold'em Limit ($3/$6 USD) - 2016/02/02 6:44:36 ET
Table 'Peacock III' 2-max Seat #1 is the button
Seat 1: ct-650 ($109.43 in chips)
Seat 2: melyh82 ($93.70 in chips)
ct-650: posts small blind $1
melyh82: posts big blind $3
*** HOLE CARDS ***
ct-650: raises $3 to $6
melyh82: raises $3 to $9
ct-650: calls $3
*** FLOP *** [3c Ad 9d]
melyh82: bets $3
ct-650: folds
Uncalled bet ($3) returned to melyh82
melyh82 collected $17.64 from pot
*** SUMMARY ***
Total pot $18 | Rake $0.36
Board [3c Ad 9d]
Seat 1: ct-650 (button) (small blind) folded on the Flop
Seat 2: melyh82 (big blind) collected ($17.64)


PokerStars Hand #148100820310:  Hold'em Limit ($3/$6 USD) - 2016/02/02 6:45:23 ET
Table 'Peacock III' 2-max Seat #1 is the button
Seat 1: ct-650 ($105.93 in chips)
Seat 2: melyh82 ($95.86 in chips)
ct-650: posts small blind $1
melyh82: posts big blind $3
*** HOLE CARDS ***
ct-650: raises $3 to $6
melyh82: calls $3
*** FLOP *** [7s 7c Jc]
melyh82: checks
ct-650: bets $3
melyh82: raises $3 to $6
ct-650: folds
Uncalled bet ($3) returned to melyh82
melyh82 collected $17.64 from pot
*** SUMMARY ***
Total pot $18 | Rake $0.36
Board [7s 7c Jc]
Seat 1: ct-650 (button) (small blind) folded on the Flop
Seat 2: melyh82 (big blind) collected ($17.64)


PokerStars Hand #148100786674:  Hold'em Limit ($3/$6 USD) - 2016/02/02 6:44:25 ET
Table 'Peacock III' 2-max Seat #2 is the button
Seat 1: ct-650 ($109.68 in chips)
Seat 2: melyh82 ($93.95 in chips)
melyh82: posts small blind $1
ct-650: posts big blind $3
*** HOLE CARDS ***
melyh82: raises $3 to $6
ct-650: raises $3 to $9
melyh82: calls $3
*** FLOP *** [Kd Ah Jh]
ct-650: bets $3
melyh82: calls $3
*** TURN *** [Kd Ah Jh] [Kc]
ct-650: bets $6
melyh82: calls $6
*** RIVER *** [Kd Ah Jh Kc] [Th]
ct-650: bets $6
melyh82: calls $6
*** SHOW DOWN ***
ct-650: shows [Td As] (two pair, Aces and Kings)
melyh82: shows [3h Ad] (two pair, Aces and Kings)
ct-650 collected $23.75 from pot
melyh82 collected $23.75 from pot
*** SUMMARY ***
Total pot $48 | Rake $0.50
Board [Kd Ah Jh Kc Th]
Seat 1: ct-650 (big blind) showed [Td As] and won ($23.75) with two pair, Aces and Kings
Seat 2: melyh82 (button) (small blind) showed [3h Ad] and won ($23.75) with two pair, Aces and Kings


PokerStars Hand #148100849731:  Hold'em Limit ($3/$6 USD) - 2016/02/02 6:46:13 ET
Table 'Peacock III' 2-max Seat #1 is the button
Seat 1: ct-650 ($92.45 in chips)
Seat 2: melyh82 ($107.90 in chips)
ct-650: posts small blind $1
melyh82: posts big blind $3
*** HOLE CARDS ***
ct-650: raises $3 to $6
melyh82: calls $3
*** FLOP *** [2h 2s Ts]
melyh82: checks
ct-650: checks
*** TURN *** [2h 2s Ts] [As]
melyh82: checks
ct-650: bets $6
melyh82: calls $6
*** RIVER *** [2h 2s Ts As] [3h]
melyh82: checks
ct-650: checks
*** SHOW DOWN ***
melyh82: shows [Td 7c] (two pair, Tens and Deuces)
ct-650: mucks hand
melyh82 collected $23.52 from pot
*** SUMMARY ***
Total pot $24 | Rake $0.48
Board [2h 2s Ts As 3h]
Seat 1: ct-650 (button) (small blind) mucked
Seat 2: melyh82 (big blind) showed [Td 7c] and won ($23.52) with two pair, Tens and Deuces


PokerStars Hand #148100845376:  Hold'em Limit ($3/$6 USD) - 2016/02/02 6:46:05 ET
Table 'Peacock III' 2-max Seat #2 is the button
Seat 1: ct-650 ($98.45 in chips)
Seat 2: melyh82 ($102.14 in chips)
melyh82: posts small blind $1
ct-650: posts big blind $3
*** HOLE CARDS ***
melyh82: raises $3 to $6
ct-650: calls $3
*** FLOP *** [Qs 3s 4h]
ct-650: checks
melyh82: bets $3
ct-650: folds
Uncalled bet ($3) returned to melyh82
melyh82 collected $11.76 from pot
*** SUMMARY ***
Total pot $12 | Rake $0.24
Board [Qs 3s 4h]
Seat 1: ct-650 (big blind) folded on the Flop
Seat 2: melyh82 (button) (small blind) collected ($11.76)


PokerStars Hand #148100840923:  Hold'em Limit ($3/$6 USD) - 2016/02/02 6:45:58 ET
Table 'Peacock III' 2-max Seat #1 is the button
Seat 1: ct-650 ($92.69 in chips)
Seat 2: melyh82 ($108.14 in chips)
ct-650: posts small blind $1
melyh82: posts big blind $3
*** HOLE CARDS ***
ct-650: raises $3 to $6
melyh82: calls $3
*** FLOP *** [9d Jc 3h]
melyh82: checks
ct-650: bets $3
melyh82: folds
Uncalled bet ($3) returned to ct-650
ct-650 collected $11.76 from pot
*** SUMMARY ***
Total pot $12 | Rake $0.24
Board [9d Jc 3h]
Seat 1: ct-650 (button) (small blind) collected ($11.76)
Seat 2: melyh82 (big blind) folded on the Flop


PokerStars Hand #148100833431:  Hold'em Limit ($3/$6 USD) - 2016/02/02 6:45:45 ET
Table 'Peacock III' 2-max Seat #1 is the button
Seat 1: ct-650 ($87.93 in chips)
Seat 2: melyh82 ($113.14 in chips)
ct-650: posts small blind $1
melyh82: posts big blind $3
*** HOLE CARDS ***
ct-650: folds
Uncalled bet ($2) returned to melyh82
melyh82 collected $2 from pot
*** SUMMARY ***
Total pot $2 | Rake $0
Seat 1: ct-650 (button) (small blind) folded before Flop
Seat 2: melyh82 (big blind) collected ($2)


PokerStars Hand #148100825544:  Hold'em Limit ($3/$6 USD) - 2016/02/02 6:45:31 ET
Table 'Peacock III' 2-max Seat #2 is the button
Seat 1: ct-650 ($96.93 in chips)
Seat 2: melyh82 ($104.50 in chips)
melyh82: posts small blind $1
ct-650: posts big blind $3
*** HOLE CARDS ***
melyh82: raises $3 to $6
ct-650: calls $3
*** FLOP *** [2h 4h Ts]
ct-650: checks
melyh82: bets $3
ct-650: calls $3
*** TURN *** [2h 4h Ts] [7d]
ct-650: checks
melyh82: checks
*** RIVER *** [2h 4h Ts 7d] [Jd]
ct-650: checks
melyh82: checks
*** SHOW DOWN ***
ct-650: shows [5c 8h] (high card Jack)
melyh82: shows [As Qc] (high card Ace)
melyh82 collected $17.64 from pot
*** SUMMARY ***
Total pot $18 | Rake $0.36
Board [2h 4h Ts 7d Jd]
Seat 1: ct-650 (big blind) showed [5c 8h] and lost with high card Jack
Seat 2: melyh82 (button) (small blind) showed [As Qc] and won ($17.64) with high card Ace


PokerStars Hand #148100835916:  Hold'em Limit ($3/$6 USD) - 2016/02/02 6:45:49 ET
Table 'Peacock III' 2-max Seat #2 is the button
Seat 1: ct-650 ($86.93 in chips)
Seat 2: melyh82 ($114.14 in chips)
melyh82: posts small blind $1
ct-650: posts big blind $3
*** HOLE CARDS ***
melyh82: raises $3 to $6
ct-650: calls $3
*** FLOP *** [Ts 3d 6d]
ct-650: checks
melyh82: checks
*** TURN *** [Ts 3d 6d] [6h]
ct-650: bets $6
melyh82: folds
Uncalled bet ($6) returned to ct-650
ct-650 collected $11.76 from pot
*** SUMMARY ***
Total pot $12 | Rake $0.24
Board [Ts 3d 6d 6h]
Seat 1: ct-650 (big blind) collected ($11.76)
Seat 2: melyh82 (button) (small blind) folded on the Turn


PokerStars Hand #148100880605:  Hold'em Limit ($3/$6 USD) - 2016/02/02 6:47:05 ET
Table 'Peacock III' 2-max Seat #1 is the button
Seat 1: ct-650 ($142.83 in chips)
Seat 2: melyh82 ($115.80 in chips)
ct-650: posts small blind $1
melyh82: posts big blind $3
*** HOLE CARDS ***
ct-650: raises $3 to $6
melyh82: raises $3 to $9
ct-650: calls $3
*** FLOP *** [2c 6s 7h]
melyh82: bets $3
ct-650: calls $3
*** TURN *** [2c 6s 7h] [Ac]
melyh82: bets $6
ct-650: calls $6
*** RIVER *** [2c 6s 7h Ac] [4d]
melyh82: bets $6
ct-650: calls $6
*** SHOW DOWN ***
melyh82: shows [7d 7s] (three of a kind, Sevens)
ct-650: mucks hand
melyh82 collected $47.50 from pot
*** SUMMARY ***
Total pot $48 | Rake $0.50
Board [2c 6s 7h Ac 4d]
Seat 1: ct-650 (button) (small blind) mucked
Seat 2: melyh82 (big blind) showed [7d 7s] and won ($47.50) with three of a kind, Sevens


PokerStars Hand #148100874633:  Hold'em Limit ($3/$6 USD) - 2016/02/02 6:46:55 ET
Table 'Peacock III' 2-max Seat #2 is the button
Seat 1: ct-650 ($142.95 in chips)
Seat 2: melyh82 ($115.92 in chips)
melyh82: posts small blind $1
ct-650: posts big blind $3
*** HOLE CARDS ***
melyh82: raises $3 to $6
ct-650: calls $3
*** FLOP *** [2d Js 2c]
ct-650: checks
melyh82: checks
*** TURN *** [2d Js 2c] [6d]
ct-650: checks
melyh82: checks
*** RIVER *** [2d Js 2c 6d] [8c]
ct-650: checks
melyh82: checks
*** SHOW DOWN ***
ct-650: shows [Kc 7d] (a pair of Deuces)
melyh82: shows [3s Ks] (a pair of Deuces)
ct-650 collected $5.88 from pot
melyh82 collected $5.88 from pot
*** SUMMARY ***
Total pot $12 | Rake $0.24
Board [2d Js 2c 6d 8c]
Seat 1: ct-650 (big blind) showed [Kc 7d] and won ($5.88) with a pair of Deuces
Seat 2: melyh82 (button) (small blind) showed [3s Ks] and won ($5.88) with a pair of Deuces


PokerStars Hand #148100890030:  Hold'em Limit ($3/$6 USD) - 2016/02/02 6:47:21 ET
Table 'Peacock III' 2-max Seat #2 is the button
Seat 1: ct-650 ($118.83 in chips)
Seat 2: melyh82 ($139.30 in chips)
melyh82: posts small blind $1
ct-650: posts big blind $3
*** HOLE CARDS ***
melyh82: raises $3 to $6
ct-650: calls $3
*** FLOP *** [Qc Jh 4d]
ct-650: checks
melyh82: bets $3
ct-650: raises $3 to $6
melyh82: folds
Uncalled bet ($3) returned to ct-650
ct-650 collected $17.64 from pot
*** SUMMARY ***
Total pot $18 | Rake $0.36
Board [Qc Jh 4d]
Seat 1: ct-650 (big blind) collected ($17.64)
Seat 2: melyh82 (button) (small blind) folded on the Flop


PokerStars Hand #148100866631:  Hold'em Limit ($3/$6 USD) - 2016/02/02 6:46:41 ET
Table 'Peacock III' 2-max Seat #1 is the button
Seat 1: ct-650 ($116.45 in chips)
Seat 2: melyh82 ($142.92 in chips)
ct-650: posts small blind $1
melyh82: posts big blind $3
*** HOLE CARDS ***
ct-650: raises $3 to $6
melyh82: calls $3
*** FLOP *** [5c 8c 5s]
melyh82: checks
ct-650: bets $3
melyh82: calls $3
*** TURN *** [5c 8c 5s] [2d]
melyh82: checks
ct-650: bets $6
melyh82: calls $6
*** RIVER *** [5c 8c 5s 2d] [Kd]
melyh82: checks
ct-650: bets $6
melyh82: raises $6 to $12
ct-650: calls $6
*** SHOW DOWN ***
melyh82: shows [6d Ks] (two pair, Kings and Fives)
ct-650: shows [Ac Kh] (two pair, Kings and Fives - Ace kicker)
ct-650 collected $53.50 from pot
*** SUMMARY ***
Total pot $54 | Rake $0.50
Board [5c 8c 5s 2d Kd]
Seat 1: ct-650 (button) (small blind) showed [Ac Kh] and won ($53.50) with two pair, Kings and Fives
Seat 2: melyh82 (big blind) showed [6d Ks] and lost with two pair, Kings and Fives


PokerStars Hand #148100857834:  Hold'em Limit ($3/$6 USD) - 2016/02/02 6:46:27 ET
Table 'Peacock III' 2-max Seat #2 is the button
Seat 1: ct-650 ($80.45 in chips)
Seat 2: melyh82 ($119.42 in chips)
melyh82: posts small blind $1
ct-650: posts big blind $3
*** HOLE CARDS ***
melyh82: raises $3 to $6
ct-650: raises $3 to $9
melyh82: calls $3
*** FLOP *** [3c Js 2c]
ct-650: bets $3
melyh82: calls $3
*** TURN *** [3c Js 2c] [5h]
ct-650: bets $6
melyh82: calls $6
*** RIVER *** [3c Js 2c 5h] [3d]
ct-650: checks
melyh82: bets $6
ct-650: calls $6
*** SHOW DOWN ***
melyh82: shows [Jh 9d] (two pair, Jacks and Threes)
ct-650: mucks hand
melyh82 collected $47.50 from pot
*** SUMMARY ***
Total pot $48 | Rake $0.50
Board [3c Js 2c 5h 3d]
Seat 1: ct-650 (big blind) mucked
Seat 2: melyh82 (button) (small blind) showed [Jh 9d] and won ($47.50) with two pair, Jacks and Threes


PokerStars Hand #148100895823:  Hold'em Limit ($3/$6 USD) - 2016/02/02 6:47:31 ET
Table 'Peacock III' 2-max Seat #1 is the button
Seat 1: ct-650 ($127.47 in chips)
Seat 2: melyh82 ($130.30 in chips)
ct-650: posts small blind $1
melyh82: posts big blind $3
*** HOLE CARDS ***
ct-650: folds
Uncalled bet ($2) returned to melyh82
melyh82 collected $2 from pot
*** SUMMARY ***
Total pot $2 | Rake $0
Seat 1: ct-650 (button) (small blind) folded before Flop
Seat 2: melyh82 (big blind) collected ($2)


PokerStars Hand #148100914720:  Hold'em Limit ($3/$6 USD) - 2016/02/02 6:48:03 ET
Table 'Peacock III' 2-max Seat #1 is the button
Seat 1: ct-650 ($131.87 in chips)
Seat 2: melyh82 ($124.94 in chips)
ct-650: posts small blind $1
melyh82: posts big blind $3
*** HOLE CARDS ***
ct-650: raises $3 to $6
melyh82: calls $3
*** FLOP *** [Jd 7c 8s]
melyh82: checks
ct-650: bets $3
melyh82: calls $3
*** TURN *** [Jd 7c 8s] [9c]
melyh82: checks
ct-650: checks
*** RIVER *** [Jd 7c 8s 9c] [Kc]
melyh82: bets $6
ct-650: folds
Uncalled bet ($6) returned to melyh82
melyh82 collected $17.64 from pot
*** SUMMARY ***
Total pot $18 | Rake $0.36
Board [Jd 7c 8s 9c Kc]
Seat 1: ct-650 (button) (small blind) folded on the River
Seat 2: melyh82 (big blind) collected ($17.64)


PokerStars Hand #148100908472:  Hold'em Limit ($3/$6 USD) - 2016/02/02 6:47:53 ET
Table 'Peacock III' 2-max Seat #2 is the button
Seat 1: ct-650 ($140.87 in chips)
Seat 2: melyh82 ($116.30 in chips)
melyh82: posts small blind $1
ct-650: posts big blind $3
*** HOLE CARDS ***
melyh82: raises $3 to $6
ct-650: calls $3
*** FLOP *** [7c Qh 3d]
ct-650: checks
melyh82: bets $3
ct-650: calls $3
*** TURN *** [7c Qh 3d] [Th]
ct-650: checks
melyh82: bets $6
ct-650: folds
Uncalled bet ($6) returned to melyh82
melyh82 collected $17.64 from pot
*** SUMMARY ***
Total pot $18 | Rake $0.36
Board [7c Qh 3d Th]
Seat 1: ct-650 (big blind) folded on the Turn
Seat 2: melyh82 (button) (small blind) collected ($17.64)


PokerStars Hand #148100904073:  Hold'em Limit ($3/$6 USD) - 2016/02/02 6:47:45 ET
Table 'Peacock III' 2-max Seat #1 is the button
Seat 1: ct-650 ($135.11 in chips)
Seat 2: melyh82 ($122.30 in chips)
ct-650: posts small blind $1
melyh82: posts big blind $3
*** HOLE CARDS ***
ct-650: raises $3 to $6
melyh82: calls $3
*** FLOP *** [3d 6h Td]
melyh82: checks
ct-650: bets $3
melyh82: folds
Uncalled bet ($3) returned to ct-650
ct-650 collected $11.76 from pot
*** SUMMARY ***
Total pot $12 | Rake $0.24
Board [3d 6h Td]
Seat 1: ct-650 (button) (small blind) collected ($11.76)
Seat 2: melyh82 (big blind) folded on the Flop


PokerStars Hand #148100898466:  Hold'em Limit ($3/$6 USD) - 2016/02/02 6:47:36 ET
Table 'Peacock III' 2-max Seat #2 is the button
Seat 1: ct-650 ($126.47 in chips)
Seat 2: melyh82 ($131.30 in chips)
melyh82: posts small blind $1
ct-650: posts big blind $3
*** HOLE CARDS ***
melyh82: raises $3 to $6
ct-650: calls $3
*** FLOP *** [7c 2c Jc]
ct-650: checks
melyh82: bets $3
ct-650: raises $3 to $6
melyh82: folds
Uncalled bet ($3) returned to ct-650
ct-650 collected $17.64 from pot
*** SUMMARY ***
Total pot $18 | Rake $0.36
Board [7c 2c Jc]
Seat 1: ct-650 (big blind) collected ($17.64)
Seat 2: melyh82 (button) (small blind) folded on the Flop


PokerStars Hand #148100921513:  Hold'em Limit ($3/$6 USD) - 2016/02/02 6:48:15 ET
Table 'Peacock III' 2-max Seat #2 is the button
Seat 1: ct-650 ($122.87 in chips)
Seat 2: melyh82 ($133.58 in chips)
melyh82: posts small blind $1
ct-650: posts big blind $3
*** HOLE CARDS ***
melyh82: raises $3 to $6
ct-650: calls $3
*** FLOP *** [Js 2s 5c]
ct-650: checks
melyh82: checks
*** TURN *** [Js 2s 5c] [9c]
ct-650: bets $6
melyh82: calls $6
*** RIVER *** [Js 2s 5c 9c] [Qh]
ct-650: checks
melyh82: bets $6
ct-650: calls $6
*** SHOW DOWN ***
melyh82: shows [6s 9h] (a pair of Nines)
ct-650: mucks hand
melyh82 collected $35.50 from pot
*** SUMMARY ***
Total pot $36 | Rake $0.50
Board [Js 2s 5c 9c Qh]
Seat 1: ct-650 (big blind) mucked
Seat 2: melyh82 (button) (small blind) showed [6s 9h] and won ($35.50) with a pair of Nines


PokerStars Hand #148100948962:  Hold'em Limit ($3/$6 USD) - 2016/02/02 6:49:02 ET
Table 'Peacock III' 2-max Seat #1 is the button
Seat 1: ct-650 ($136.87 in chips)
Seat 2: melyh82 ($118.08 in chips)
ct-650: posts small blind $1
melyh82: posts big blind $3
*** HOLE CARDS ***
ct-650: raises $3 to $6
melyh82: raises $3 to $9
ct-650: calls $3
*** FLOP *** [8d Ac Qh]
melyh82: bets $3
ct-650: folds
Uncalled bet ($3) returned to melyh82
melyh82 collected $17.64 from pot
*** SUMMARY ***
Total pot $18 | Rake $0.36
Board [8d Ac Qh]
Seat 1: ct-650 (button) (small blind) folded on the Flop
Seat 2: melyh82 (big blind) collected ($17.64)


PokerStars Hand #148100931758:  Hold'em Limit ($3/$6 USD) - 2016/02/02 6:48:32 ET
Table 'Peacock III' 2-max Seat #1 is the button
Seat 1: ct-650 ($104.87 in chips)
Seat 2: melyh82 ($151.08 in chips)
ct-650: posts small blind $1
melyh82: posts big blind $3
*** HOLE CARDS ***
ct-650: raises $3 to $6
melyh82: calls $3
*** FLOP *** [5d 5s Qc]
melyh82: checks
ct-650: bets $3
melyh82: calls $3
*** TURN *** [5d 5s Qc] [8d]
melyh82: checks
ct-650: bets $6
melyh82: calls $6
*** RIVER *** [5d 5s Qc 8d] [Qh]
melyh82: checks
ct-650: bets $6
melyh82: folds
Uncalled bet ($6) returned to ct-650
ct-650 collected $29.50 from pot
*** SUMMARY ***
Total pot $30 | Rake $0.50
Board [5d 5s Qc 8d Qh]
Seat 1: ct-650 (button) (small blind) collected ($29.50)
Seat 2: melyh82 (big blind) folded on the River


PokerStars Hand #148100953291:  Hold'em Limit ($3/$6 USD) - 2016/02/02 6:49:09 ET
Table 'Peacock III' 2-max Seat #2 is the button
Seat 1: ct-650 ($127.87 in chips)
Seat 2: melyh82 ($126.72 in chips)
melyh82: posts small blind $1
ct-650: posts big blind $3
*** HOLE CARDS ***
melyh82: raises $3 to $6
ct-650: raises $3 to $9
melyh82: calls $3
*** FLOP *** [Qh Tc Qd]
ct-650: bets $3
melyh82: calls $3
*** TURN *** [Qh Tc Qd] [9s]
ct-650: bets $6
melyh82: calls $6
*** RIVER *** [Qh Tc Qd 9s] [8d]
ct-650: bets $6
melyh82: calls $6
*** SHOW DOWN ***
ct-650: shows [Js Th] (a straight, Eight to Queen)
melyh82: mucks hand
ct-650 collected $47.50 from pot
*** SUMMARY ***
Total pot $48 | Rake $0.50
Board [Qh Tc Qd 9s 8d]
Seat 1: ct-650 (big blind) showed [Js Th] and won ($47.50) with a straight, Eight to Queen
Seat 2: melyh82 (button) (small blind) mucked


PokerStars Hand #148100941346:  Hold'em Limit ($3/$6 USD) - 2016/02/02 6:48:49 ET
Table 'Peacock III' 2-max Seat #2 is the button
Seat 1: ct-650 ($119.37 in chips)
Seat 2: melyh82 ($136.08 in chips)
melyh82: posts small blind $1
ct-650: posts big blind $3
*** HOLE CARDS ***
melyh82: raises $3 to $6
ct-650: calls $3
*** FLOP *** [4h 9d 2d]
ct-650: checks
melyh82: checks
*** TURN *** [4h 9d 2d] [3c]
ct-650: bets $6
melyh82: calls $6
*** RIVER *** [4h 9d 2d 3c] [3s]
ct-650: bets $6
melyh82: calls $6
*** SHOW DOWN ***
ct-650: shows [4s 7s] (two pair, Fours and Threes)
melyh82: mucks hand
ct-650 collected $35.50 from pot
*** SUMMARY ***
Total pot $36 | Rake $0.50
Board [4h 9d 2d 3c 3s]
Seat 1: ct-650 (big blind) showed [4s 7s] and won ($35.50) with two pair, Fours and Threes
Seat 2: melyh82 (button) (small blind) mucked


PokerStars Hand #148100960743:  Hold'em Limit ($3/$6 USD) - 2016/02/02 6:49:22 ET
Table 'Peacock III' 2-max Seat #1 is the button
Seat 1: ct-650 ($151.37 in chips)
Seat 2: melyh82 ($102.72 in chips)
ct-650: posts small blind $1
melyh82: posts big blind $3
*** HOLE CARDS ***
ct-650: raises $3 to $6
melyh82: calls $3
*** FLOP *** [3c 5h Qd]
melyh82: checks
ct-650: bets $3
melyh82: raises $3 to $6
ct-650: folds
Uncalled bet ($3) returned to melyh82
melyh82 collected $17.64 from pot
*** SUMMARY ***
Total pot $18 | Rake $0.36
Board [3c 5h Qd]
Seat 1: ct-650 (button) (small blind) folded on the Flop
Seat 2: melyh82 (big blind) collected ($17.64)


PokerStars Hand #148100965561:  Hold'em Limit ($3/$6 USD) - 2016/02/02 6:49:30 ET
Table 'Peacock III' 2-max Seat #2 is the button
Seat 1: ct-650 ($142.37 in chips)
Seat 2: melyh82 ($111.36 in chips)
melyh82: posts small blind $1
ct-650: posts big blind $3
*** HOLE CARDS ***
melyh82: raises $3 to $6
ct-650: raises $3 to $9
melyh82: calls $3
*** FLOP *** [6h 4c Ts]
ct-650: bets $3
melyh82: raises $3 to $6
ct-650: raises $3 to $9
melyh82: calls $3
*** TURN *** [6h 4c Ts] [3s]
ct-650: bets $6
melyh82: calls $6
*** RIVER *** [6h 4c Ts 3s] [2s]
ct-650: bets $6
melyh82: calls $6
*** SHOW DOWN ***
ct-650: shows [Jh Jc] (a pair of Jacks)
melyh82: mucks hand
ct-650 collected $59.50 from pot
*** SUMMARY ***
Total pot $60 | Rake $0.50
Board [6h 4c Ts 3s 2s]
Seat 1: ct-650 (big blind) showed [Jh Jc] and won ($59.50) with a pair of Jacks
Seat 2: melyh82 (button) (small blind) mucked


PokerStars Hand #148100973845:  Hold'em Limit ($3/$6 USD) - 2016/02/02 6:49:45 ET
Table 'Peacock III' 2-max Seat #1 is the button
Seat 1: ct-650 ($171.87 in chips)
Seat 2: melyh82 ($81.36 in chips)
ct-650: posts small blind $1
melyh82: posts big blind $3
*** HOLE CARDS ***
ct-650: raises $3 to $6
melyh82: calls $3
*** FLOP *** [4d 8s Td]
melyh82: checks
ct-650: bets $3
melyh82: raises $3 to $6
ct-650: calls $3
*** TURN *** [4d 8s Td] [Jd]
melyh82: checks
ct-650: checks
*** RIVER *** [4d 8s Td Jd] [6c]
melyh82: bets $6
ct-650: calls $6
*** SHOW DOWN ***
melyh82: shows [5d 8c] (a pair of Eights)
ct-650: shows [8d Qc] (a pair of Eights - Queen kicker)
ct-650 collected $35.50 from pot
*** SUMMARY ***
Total pot $36 | Rake $0.50
Board [4d 8s Td Jd 6c]
Seat 1: ct-650 (button) (small blind) showed [8d Qc] and won ($35.50) with a pair of Eights
Seat 2: melyh82 (big blind) showed [5d 8c] and lost with a pair of Eights


PokerStars Hand #148100997945:  Hold'em Limit ($3/$6 USD) - 2016/02/02 6:50:26 ET
Table 'Peacock III' 2-max Seat #1 is the button
Seat 1: ct-650 ($200.87 in chips)
Seat 2: melyh82 ($51 in chips)
ct-650: posts small blind $1
melyh82: posts big blind $3
*** HOLE CARDS ***
ct-650: folds
Uncalled bet ($2) returned to melyh82
melyh82 collected $2 from pot
*** SUMMARY ***
Total pot $2 | Rake $0
Seat 1: ct-650 (button) (small blind) folded before Flop
Seat 2: melyh82 (big blind) collected ($2)


PokerStars Hand #148100995454:  Hold'em Limit ($3/$6 USD) - 2016/02/02 6:50:22 ET
Table 'Peacock III' 2-max Seat #2 is the button
Seat 1: ct-650 ($203.87 in chips)
Seat 2: melyh82 ($48 in chips)
melyh82: posts small blind $1
ct-650: posts big blind $3
*** HOLE CARDS ***
melyh82: raises $3 to $6
ct-650: folds
Uncalled bet ($3) returned to melyh82
melyh82 collected $6 from pot
*** SUMMARY ***
Total pot $6 | Rake $0
Seat 1: ct-650 (big blind) folded before Flop
Seat 2: melyh82 (button) (small blind) collected ($6)


PokerStars Hand #148100986004:  Hold'em Limit ($3/$6 USD) - 2016/02/02 6:50:05 ET
Table 'Peacock III' 2-max Seat #1 is the button
Seat 1: ct-650 ($180.37 in chips)
Seat 2: melyh82 ($72 in chips)
ct-650: posts small blind $1
melyh82: posts big blind $3
*** HOLE CARDS ***
ct-650: raises $3 to $6
melyh82: raises $3 to $9
ct-650: calls $3
*** FLOP *** [3d 7s 8c]
melyh82: bets $3
ct-650: calls $3
*** TURN *** [3d 7s 8c] [Kc]
melyh82: checks
ct-650: bets $6
melyh82: calls $6
*** RIVER *** [3d 7s 8c Kc] [5c]
melyh82: checks
ct-650: bets $6
melyh82: calls $6
*** SHOW DOWN ***
ct-650: shows [8h 6d] (a pair of Eights)
melyh82: mucks hand
ct-650 collected $47.50 from pot
*** SUMMARY ***
Total pot $48 | Rake $0.50
Board [3d 7s 8c Kc 5c]
Seat 1: ct-650 (button) (small blind) showed [8h 6d] and won ($47.50) with a pair of Eights
Seat 2: melyh82 (big blind) mucked


PokerStars Hand #148100980652:  Hold'em Limit ($3/$6 USD) - 2016/02/02 6:49:56 ET
Table 'Peacock III' 2-max Seat #2 is the button
Seat 1: ct-650 ($189.37 in chips)
Seat 2: melyh82 ($63.36 in chips)
melyh82: posts small blind $1
ct-650: posts big blind $3
*** HOLE CARDS ***
melyh82: raises $3 to $6
ct-650: calls $3
*** FLOP *** [9c 4s 8d]
ct-650: checks
melyh82: bets $3
ct-650: calls $3
*** TURN *** [9c 4s 8d] [9d]
ct-650: checks
melyh82: bets $6
ct-650: folds
Uncalled bet ($6) returned to melyh82
melyh82 collected $17.64 from pot
*** SUMMARY ***
Total pot $18 | Rake $0.36
Board [9c 4s 8d 9d]
Seat 1: ct-650 (big blind) folded on the Turn
Seat 2: melyh82 (button) (small blind) collected ($17.64)


PokerStars Hand #148101007732:  Hold'em Limit ($3/$6 USD) - 2016/02/02 6:50:42 ET
Table 'Peacock III' 2-max Seat #2 is the button
Seat 1: ct-650 ($196.87 in chips)
Seat 2: melyh82 ($54.76 in chips)
melyh82: posts small blind $1
ct-650: posts big blind $3
*** HOLE CARDS ***
melyh82: raises $3 to $6
ct-650: calls $3
*** FLOP *** [7s 3d 2s]
ct-650: checks
melyh82: bets $3
ct-650: raises $3 to $6
melyh82: calls $3
*** TURN *** [7s 3d 2s] [Ah]
ct-650: bets $6
melyh82: calls $6
*** RIVER *** [7s 3d 2s Ah] [2h]
ct-650: bets $6
melyh82: calls $6
*** SHOW DOWN ***
ct-650: shows [7c Kc] (two pair, Sevens and Deuces)
melyh82: mucks hand
ct-650 collected $47.50 from pot
*** SUMMARY ***
Total pot $48 | Rake $0.50
Board [7s 3d 2s Ah 2h]
Seat 1: ct-650 (big blind) showed [7c Kc] and won ($47.50) with two pair, Sevens and Deuces
Seat 2: melyh82 (button) (small blind) mucked


PokerStars Hand #148101030079:  Hold'em Limit ($3/$6 USD) - 2016/02/02 6:51:21 ET
Table 'Peacock III' 2-max Seat #1 is the button
Seat 1: ct-650 ($237.11 in chips)
Seat 2: melyh82 ($13.25 in chips)
ct-650: posts small blind $1
melyh82: posts big blind $3
*** HOLE CARDS ***
ct-650: folds
Uncalled bet ($2) returned to melyh82
melyh82 collected $2 from pot
*** SUMMARY ***
Total pot $2 | Rake $0
Seat 1: ct-650 (button) (small blind) folded before Flop
Seat 2: melyh82 (big blind) collected ($2)


PokerStars Hand #148101022892:  Hold'em Limit ($3/$6 USD) - 2016/02/02 6:51:08 ET
Table 'Peacock III' 2-max Seat #2 is the button
Seat 1: ct-650 ($243.87 in chips)
Seat 2: melyh82 ($6.76 in chips)
melyh82: posts small blind $1
ct-650: posts big blind $3
*** HOLE CARDS ***
melyh82: raises $3 to $6
ct-650: raises $3 to $9
melyh82: calls $0.76 and is all-in
Uncalled bet ($2.24) returned to ct-650
*** FLOP *** [Ac Ad Qh]
*** TURN *** [Ac Ad Qh] [9d]
*** RIVER *** [Ac Ad Qh 9d] [4c]
*** SHOW DOWN ***
ct-650: shows [Kc 9s] (two pair, Aces and Nines)
melyh82: shows [Ks Kh] (two pair, Aces and Kings)
melyh82 collected $13.25 from pot
*** SUMMARY ***
Total pot $13.52 | Rake $0.27
Board [Ac Ad Qh 9d 4c]
Seat 1: ct-650 (big blind) showed [Kc 9s] and lost with two pair, Aces and Nines
Seat 2: melyh82 (button) (small blind) showed [Ks Kh] and won ($13.25) with two pair, Aces and Kings


PokerStars Hand #148101016228:  Hold'em Limit ($3/$6 USD) - 2016/02/02 6:50:57 ET
Table 'Peacock III' 2-max Seat #1 is the button
Seat 1: ct-650 ($220.37 in chips)
Seat 2: melyh82 ($30.76 in chips)
ct-650: posts small blind $1
melyh82: posts big blind $3
*** HOLE CARDS ***
ct-650: raises $3 to $6
melyh82: raises $3 to $9
ct-650: calls $3
*** FLOP *** [6c 8h 5d]
melyh82: bets $3
ct-650: calls $3
*** TURN *** [6c 8h 5d] [Qs]
melyh82: bets $6
ct-650: calls $6
*** RIVER *** [6c 8h 5d Qs] [3c]
melyh82: bets $6
ct-650: calls $6
*** SHOW DOWN ***
melyh82: shows [Jh Kh] (high card King)
ct-650: shows [5c 2s] (a pair of Fives)
ct-650 collected $47.50 from pot
*** SUMMARY ***
Total pot $48 | Rake $0.50
Board [6c 8h 5d Qs 3c]
Seat 1: ct-650 (button) (small blind) showed [5c 2s] and won ($47.50) with a pair of Fives
Seat 2: melyh82 (big blind) showed [Jh Kh] and lost with high card King


PokerStars Hand #148101004843:  Hold'em Limit ($3/$6 USD) - 2016/02/02 6:50:38 ET
Table 'Peacock III' 2-max Seat #1 is the button
Seat 1: ct-650 ($193.87 in chips)
Seat 2: melyh82 ($57.76 in chips)
ct-650: posts small blind $1
melyh82: posts big blind $3
*** HOLE CARDS ***
ct-650: raises $3 to $6
melyh82: folds
Uncalled bet ($3) returned to ct-650
ct-650 collected $6 from pot
*** SUMMARY ***
Total pot $6 | Rake $0
Seat 1: ct-650 (button) (small blind) collected ($6)
Seat 2: melyh82 (big blind) folded before Flop


PokerStars Hand #148101000527:  Hold'em Limit ($3/$6 USD) - 2016/02/02 6:50:30 ET
Table 'Peacock III' 2-max Seat #2 is the button
Seat 1: ct-650 ($199.87 in chips)
Seat 2: melyh82 ($52 in chips)
melyh82: posts small blind $1
ct-650: posts big blind $3
*** HOLE CARDS ***
melyh82: raises $3 to $6
ct-650: calls $3
*** FLOP *** [Ts 2h Td]
ct-650: checks
melyh82: bets $3
ct-650: folds
Uncalled bet ($3) returned to melyh82
melyh82 collected $11.76 from pot
*** SUMMARY ***
Total pot $12 | Rake $0.24
Board [Ts 2h Td]
Seat 1: ct-650 (big blind) folded on the Flop
Seat 2: melyh82 (button) (small blind) collected ($11.76)


PokerStars Hand #148101032624:  Hold'em Limit ($3/$6 USD) - 2016/02/02 6:51:25 ET
Table 'Peacock III' 2-max Seat #2 is the button
Seat 1: ct-650 ($236.11 in chips)
Seat 2: melyh82 ($14.25 in chips)
melyh82: posts small blind $1
ct-650: posts big blind $3
*** HOLE CARDS ***
melyh82: raises $3 to $6
ct-650: raises $3 to $9
melyh82: calls $3
*** FLOP *** [Jd 3s Qs]
ct-650 is disconnected
ct-650 has timed out while disconnected
ct-650: checks
melyh82: bets $3
ct-650 is connected
ct-650: raises $3 to $6
melyh82: calls $2.25 and is all-in
Uncalled bet ($0.75) returned to ct-650
*** TURN *** [Jd 3s Qs] [7s]
*** RIVER *** [Jd 3s Qs 7s] [Ah]
*** SHOW DOWN ***
ct-650: shows [Kc 5c] (high card Ace)
melyh82: shows [Jc Ks] (a pair of Jacks)
melyh82 collected $28 from pot
*** SUMMARY ***
Total pot $28.50 | Rake $0.50
Board [Jd 3s Qs 7s Ah]
Seat 1: ct-650 (big blind) showed [Kc 5c] and lost with high card Ace
Seat 2: melyh82 (button) (small blind) showed [Jc Ks] and won ($28) with a pair of Jacks


PokerStars Hand #148101093866:  Hold'em Limit ($3/$6 USD) - 2016/02/02 6:53:10 ET
Table 'Peacock III' 2-max Seat #2 is the button
Seat 1: ct-650 ($236.36 in chips)
Seat 2: melyh82 ($13 in chips)
melyh82: posts small blind $1
ct-650: posts big blind $3
*** HOLE CARDS ***
melyh82: raises $3 to $6
ct-650: raises $3 to $9
melyh82: raises $3 to $12
Betting is capped
ct-650: calls $3
*** FLOP *** [Qh 2d 9s]
ct-650: bets $3
melyh82: calls $1 and is all-in
Uncalled bet ($2) returned to ct-650
*** TURN *** [Qh 2d 9s] [5h]
*** RIVER *** [Qh 2d 9s 5h] [4s]
*** SHOW DOWN ***
ct-650: shows [Ah 9d] (a pair of Nines)
melyh82: shows [6c 4d] (a pair of Fours)
melyh82 leaves the table
ct-650 collected $25.50 from pot
*** SUMMARY ***
Total pot $26 | Rake $0.50
Board [Qh 2d 9s 5h 4s]
Seat 1: ct-650 (big blind) showed [Ah 9d] and won ($25.50) with a pair of Nines
Seat 2: melyh82 (button) (small blind) showed [6c 4d] and lost with a pair of Fours


PokerStars Hand #148101086404:  Hold'em Limit ($3/$6 USD) - 2016/02/02 6:52:57 ET
Table 'Peacock III' 2-max Seat #1 is the button
Seat 1: ct-650 ($221.86 in chips)
Seat 2: melyh82 ($28 in chips)
ct-650: posts small blind $1
melyh82: posts big blind $3
*** HOLE CARDS ***
ct-650: raises $3 to $6
melyh82: calls $3
*** FLOP *** [2h 5h 9h]
melyh82: checks
ct-650: bets $3
melyh82: calls $3
*** TURN *** [2h 5h 9h] [As]
melyh82: checks
ct-650: checks
*** RIVER *** [2h 5h 9h As] [7c]
melyh82: bets $6
ct-650: calls $6
*** SHOW DOWN ***
melyh82: shows [6s 4c] (high card Ace)
ct-650: shows [Tc 5c] (a pair of Fives)
ct-650 collected $29.50 from pot
*** SUMMARY ***
Total pot $30 | Rake $0.50
Board [2h 5h 9h As 7c]
Seat 1: ct-650 (button) (small blind) showed [Tc 5c] and won ($29.50) with a pair of Fives
Seat 2: melyh82 (big blind) showed [6s 4c] and lost with high card Ace


