PokerStars Hand #173354155653:  Hold'em Limit ($3/$6 USD) - 2017/07/22 7:47:00 ET
Table 'Peacock' 6-max Seat #4 is the button
Seat 3: Kimberlyaa ($29 in chips)
Seat 4: VolkovDmitri ($121 in chips)
VolkovDmitri: posts small blind $1
Kimberlyaa: posts big blind $3
*** HOLE CARDS ***
VolkovDmitri: raises $3 to $6
Kimberlyaa: calls $3
*** FLOP *** [3s Tc Qc]
Kimberlyaa: checks
VolkovDmitri: bets $3
Kimberlyaa: calls $3
*** TURN *** [3s Tc Qc] [7d]
Kimberlyaa: bets $6
VolkovDmitri: calls $6
*** RIVER *** [3s Tc Qc 7d] [Qd]
Kimberlyaa: bets $6
VolkovDmitri: raises $6 to $12
Kimberlyaa: folds
Uncalled bet ($6) returned to VolkovDmitri
VolkovDmitri collected $41.50 from pot
VolkovDmitri: doesn't show hand
*** SUMMARY ***
Total pot $42 | Rake $0.50
Board [3s Tc Qc 7d Qd]
Seat 3: Kimberlyaa (big blind) folded on the River
Seat 4: VolkovDmitri (button) (small blind) collected ($41.50)


PokerStars Hand #173354166730:  Hold'em Limit ($3/$6 USD) - 2017/07/22 7:47:25 ET
Table 'Peacock' 6-max Seat #3 is the button
Seat 3: Kimberlyaa ($8 in chips)
Seat 4: VolkovDmitri ($141.50 in chips)
Kimberlyaa: posts small blind $1
VolkovDmitri: posts big blind $3
*** HOLE CARDS ***
Kimberlyaa: raises $3 to $6
VolkovDmitri: calls $3
*** FLOP *** [5h 2c As]
VolkovDmitri: bets $3
Kimberlyaa: calls $2 and is all-in
Uncalled bet ($1) returned to VolkovDmitri
*** TURN *** [5h 2c As] [Qh]
*** RIVER *** [5h 2c As Qh] [5d]
*** SHOW DOWN ***
VolkovDmitri: shows [3s 8s] (a pair of Fives)
Kimberlyaa: shows [8c Jc] (a pair of Fives - Ace+Queen+Jack kicker)
Kimberlyaa collected $15.68 from pot
*** SUMMARY ***
Total pot $16 | Rake $0.32
Board [5h 2c As Qh 5d]
Seat 3: Kimberlyaa (button) (small blind) showed [8c Jc] and won ($15.68) with a pair of Fives
Seat 4: VolkovDmitri (big blind) showed [3s 8s] and lost with a pair of Fives


PokerStars Hand #173354174404:  Hold'em Limit ($3/$6 USD) - 2017/07/22 7:47:41 ET
Table 'Peacock' 6-max Seat #4 is the button
Seat 3: Kimberlyaa ($15.68 in chips)
Seat 4: VolkovDmitri ($133.50 in chips)
VolkovDmitri: posts small blind $1
Kimberlyaa: posts big blind $3
*** HOLE CARDS ***
VolkovDmitri: raises $3 to $6
Kimberlyaa: calls $3
*** FLOP *** [Qc 6d 3c]
Kimberlyaa: checks
VolkovDmitri: bets $3
Kimberlyaa: calls $3
*** TURN *** [Qc 6d 3c] [7d]
Kimberlyaa: bets $6
VolkovDmitri: calls $6
*** RIVER *** [Qc 6d 3c 7d] [Jh]
Kimberlyaa: bets $0.68 and is all-in
VolkovDmitri: calls $0.68
*** SHOW DOWN ***
Kimberlyaa: shows [Td 9d] (high card Queen)
VolkovDmitri: shows [8h 5s] (high card Queen - lower kicker)
Kimberlyaa collected $30.86 from pot
*** SUMMARY ***
Total pot $31.36 | Rake $0.50
Board [Qc 6d 3c 7d Jh]
Seat 3: Kimberlyaa (big blind) showed [Td 9d] and won ($30.86) with high card Queen
Seat 4: VolkovDmitri (button) (small blind) showed [8h 5s] and lost with high card Queen


PokerStars Hand #173354193038:  Hold'em Limit ($3/$6 USD) - 2017/07/22 7:48:22 ET
Table 'Peacock' 6-max Seat #3 is the button
Seat 3: Kimberlyaa ($30.86 in chips)
Seat 4: VolkovDmitri ($120 in chips)
Kimberlyaa: posts small blind $1
VolkovDmitri: posts big blind $3
*** HOLE CARDS ***
Kimberlyaa: folds
Uncalled bet ($2) returned to VolkovDmitri
VolkovDmitri collected $2 from pot
VolkovDmitri: doesn't show hand
*** SUMMARY ***
Total pot $2 | Rake $0
Seat 3: Kimberlyaa (button) (small blind) folded before Flop
Seat 4: VolkovDmitri (big blind) collected ($2)


PokerStars Hand #173354195514:  Hold'em Limit ($3/$6 USD) - 2017/07/22 7:48:27 ET
Table 'Peacock' 6-max Seat #4 is the button
Seat 3: Kimberlyaa ($29.86 in chips)
Seat 4: VolkovDmitri ($121 in chips)
VolkovDmitri: posts small blind $1
Kimberlyaa: posts big blind $3
*** HOLE CARDS ***
VolkovDmitri: raises $3 to $6
Kimberlyaa: calls $3
*** FLOP *** [Kc 9c 9d]
Kimberlyaa: checks
VolkovDmitri: checks
*** TURN *** [Kc 9c 9d] [Ac]
Kimberlyaa: checks
VolkovDmitri: bets $6
Kimberlyaa: calls $6
*** RIVER *** [Kc 9c 9d Ac] [Jh]
Kimberlyaa: checks
VolkovDmitri: checks
*** SHOW DOWN ***
Kimberlyaa: shows [Jd Qc] (two pair, Jacks and Nines)
VolkovDmitri: shows [Kh 4d] (two pair, Kings and Nines)
VolkovDmitri collected $23.52 from pot
*** SUMMARY ***
Total pot $24 | Rake $0.48
Board [Kc 9c 9d Ac Jh]
Seat 3: Kimberlyaa (big blind) showed [Jd Qc] and lost with two pair, Jacks and Nines
Seat 4: VolkovDmitri (button) (small blind) showed [Kh 4d] and won ($23.52) with two pair, Kings and Nines


PokerStars Hand #173354204318:  Hold'em Limit ($3/$6 USD) - 2017/07/22 7:48:46 ET
Table 'Peacock' 6-max Seat #3 is the button
Seat 3: Kimberlyaa ($17.86 in chips)
Seat 4: VolkovDmitri ($132.52 in chips)
Kimberlyaa: posts small blind $1
VolkovDmitri: posts big blind $3
*** HOLE CARDS ***
Kimberlyaa: raises $3 to $6
VolkovDmitri: calls $3
*** FLOP *** [8c Kc 6d]
VolkovDmitri: checks
Kimberlyaa: bets $3
VolkovDmitri: raises $3 to $6
Kimberlyaa: calls $3
*** TURN *** [8c Kc 6d] [Jd]
VolkovDmitri: bets $6
Kimberlyaa: calls $5.86 and is all-in
Uncalled bet ($0.14) returned to VolkovDmitri
*** RIVER *** [8c Kc 6d Jd] [4h]
*** SHOW DOWN ***
VolkovDmitri: shows [4c 8d] (two pair, Eights and Fours)
Kimberlyaa: shows [Ac 9h] (high card Ace)
VolkovDmitri collected $35.22 from pot
*** SUMMARY ***
Total pot $35.72 | Rake $0.50
Board [8c Kc 6d Jd 4h]
Seat 3: Kimberlyaa (button) (small blind) showed [Ac 9h] and lost with high card Ace
Seat 4: VolkovDmitri (big blind) showed [4c 8d] and won ($35.22) with two pair, Eights and Fours


PokerStars Hand #173354221706:  Hold'em Limit ($3/$6 USD) - 2017/07/22 7:49:24 ET
Table 'Peacock' 6-max Seat #4 is the button
Seat 3: Kimberlyaa ($31.95 in chips)
Seat 4: VolkovDmitri ($149.88 in chips)
VolkovDmitri: posts small blind $1
Kimberlyaa: posts big blind $3
*** HOLE CARDS ***
VolkovDmitri: raises $3 to $6
Kimberlyaa: calls $3
*** FLOP *** [4c 8h Jc]
Kimberlyaa: checks
VolkovDmitri: bets $3
Kimberlyaa: raises $3 to $6
VolkovDmitri: folds
Uncalled bet ($3) returned to Kimberlyaa
Kimberlyaa collected $17.64 from pot
*** SUMMARY ***
Total pot $18 | Rake $0.36
Board [4c 8h Jc]
Seat 3: Kimberlyaa (big blind) collected ($17.64)
Seat 4: VolkovDmitri (button) (small blind) folded on the Flop


PokerStars Hand #173354237308:  Hold'em Limit ($3/$6 USD) - 2017/07/22 7:49:57 ET
Table 'Peacock' 6-max Seat #3 is the button
Seat 3: Kimberlyaa ($40.59 in chips)
Seat 4: VolkovDmitri ($140.88 in chips)
Kimberlyaa: posts small blind $1
VolkovDmitri: posts big blind $3
*** HOLE CARDS ***
Kimberlyaa: raises $3 to $6
VolkovDmitri: folds
Uncalled bet ($3) returned to Kimberlyaa
Kimberlyaa collected $6 from pot
*** SUMMARY ***
Total pot $6 | Rake $0
Seat 3: Kimberlyaa (button) (small blind) collected ($6)
Seat 4: VolkovDmitri (big blind) folded before Flop


PokerStars Hand #173354262223:  Hold'em Limit ($3/$6 USD) - 2017/07/22 7:50:52 ET
Table 'Peacock' 6-max Seat #3 is the button
Seat 3: Kimberlyaa ($58.09 in chips)
Seat 4: VolkovDmitri ($122.88 in chips)
Kimberlyaa: posts small blind $1
VolkovDmitri: posts big blind $3
*** HOLE CARDS ***
Kimberlyaa: calls $2
VolkovDmitri: raises $3 to $6
Kimberlyaa: calls $3
*** FLOP *** [Td Th 4h]
VolkovDmitri: bets $3
Kimberlyaa: calls $3
*** TURN *** [Td Th 4h] [As]
VolkovDmitri: checks
Kimberlyaa: checks
*** RIVER *** [Td Th 4h As] [5c]
VolkovDmitri: checks
Kimberlyaa: checks
*** SHOW DOWN ***
VolkovDmitri: shows [Jd Qd] (a pair of Tens)
Kimberlyaa: shows [6h 5h] (two pair, Tens and Fives)
Kimberlyaa collected $17.64 from pot
*** SUMMARY ***
Total pot $18 | Rake $0.36
Board [Td Th 4h As 5c]
Seat 3: Kimberlyaa (button) (small blind) showed [6h 5h] and won ($17.64) with two pair, Tens and Fives
Seat 4: VolkovDmitri (big blind) showed [Jd Qd] and lost with a pair of Tens


PokerStars Hand #173354241531:  Hold'em Limit ($3/$6 USD) - 2017/07/22 7:50:06 ET
Table 'Peacock' 6-max Seat #4 is the button
Seat 3: Kimberlyaa ($43.59 in chips)
Seat 4: VolkovDmitri ($137.88 in chips)
VolkovDmitri: posts small blind $1
Kimberlyaa: posts big blind $3
*** HOLE CARDS ***
VolkovDmitri: raises $3 to $6
Kimberlyaa: raises $3 to $9
VolkovDmitri: calls $3
*** FLOP *** [2d 9h Qd]
Kimberlyaa: checks
VolkovDmitri: checks
*** TURN *** [2d 9h Qd] [2c]
Kimberlyaa: bets $6
VolkovDmitri: calls $6
*** RIVER *** [2d 9h Qd 2c] [Kh]
Kimberlyaa: bets $6
VolkovDmitri: folds
Uncalled bet ($6) returned to Kimberlyaa
Kimberlyaa collected $29.50 from pot
*** SUMMARY ***
Total pot $30 | Rake $0.50
Board [2d 9h Qd 2c Kh]
Seat 3: Kimberlyaa (big blind) collected ($29.50)
Seat 4: VolkovDmitri (button) (small blind) folded on the River


PokerStars Hand #173354276240:  Hold'em Limit ($3/$6 USD) - 2017/07/22 7:51:22 ET
Table 'Peacock' 6-max Seat #4 is the button
Seat 3: Kimberlyaa ($66.73 in chips)
Seat 4: VolkovDmitri ($120 in chips)
VolkovDmitri: posts small blind $1
Kimberlyaa: posts big blind $3
*** HOLE CARDS ***
VolkovDmitri: raises $3 to $6
Kimberlyaa: folds
Uncalled bet ($3) returned to VolkovDmitri
VolkovDmitri collected $6 from pot
VolkovDmitri: doesn't show hand
*** SUMMARY ***
Total pot $6 | Rake $0
Seat 3: Kimberlyaa (big blind) folded before Flop
Seat 4: VolkovDmitri (button) (small blind) collected ($6)


PokerStars Hand #173354280757:  Hold'em Limit ($3/$6 USD) - 2017/07/22 7:51:31 ET
Table 'Peacock' 6-max Seat #3 is the button
Seat 3: Kimberlyaa ($63.73 in chips)
Seat 4: VolkovDmitri ($123 in chips)
Kimberlyaa: posts small blind $1
VolkovDmitri: posts big blind $3
*** HOLE CARDS ***
Kimberlyaa: raises $3 to $6
VolkovDmitri: calls $3
*** FLOP *** [Qh Ad Ac]
VolkovDmitri: checks
Kimberlyaa: checks
*** TURN *** [Qh Ad Ac] [2h]
VolkovDmitri: bets $6
Kimberlyaa: calls $6
*** RIVER *** [Qh Ad Ac 2h] [5d]
VolkovDmitri: checks
Kimberlyaa: bets $6
VolkovDmitri: folds
Uncalled bet ($6) returned to Kimberlyaa
Kimberlyaa collected $23.52 from pot
*** SUMMARY ***
Total pot $24 | Rake $0.48
Board [Qh Ad Ac 2h 5d]
Seat 3: Kimberlyaa (button) (small blind) collected ($23.52)
Seat 4: VolkovDmitri (big blind) folded on the River


PokerStars Hand #173354299814:  Hold'em Limit ($3/$6 USD) - 2017/07/22 7:52:13 ET
Table 'Peacock' 6-max Seat #3 is the button
Seat 3: Kimberlyaa ($95.75 in chips)
Seat 4: VolkovDmitri ($120 in chips)
Kimberlyaa: posts small blind $1
VolkovDmitri: posts big blind $3
*** HOLE CARDS ***
Kimberlyaa: folds
Uncalled bet ($2) returned to VolkovDmitri
VolkovDmitri collected $2 from pot
VolkovDmitri: doesn't show hand
*** SUMMARY ***
Total pot $2 | Rake $0
Seat 3: Kimberlyaa (button) (small blind) folded before Flop
Seat 4: VolkovDmitri (big blind) collected ($2)


PokerStars Hand #173354291900:  Hold'em Limit ($3/$6 USD) - 2017/07/22 7:51:56 ET
Table 'Peacock' 6-max Seat #4 is the button
Seat 3: Kimberlyaa ($75.25 in chips)
Seat 4: VolkovDmitri ($120 in chips)
VolkovDmitri: posts small blind $1
Kimberlyaa: posts big blind $3
*** HOLE CARDS ***
VolkovDmitri: raises $3 to $6
Kimberlyaa: calls $3
*** FLOP *** [Qs 5c 4s]
Kimberlyaa: checks
VolkovDmitri: bets $3
Kimberlyaa: calls $3
*** TURN *** [Qs 5c 4s] [2h]
Kimberlyaa: checks
VolkovDmitri: bets $6
Kimberlyaa: calls $6
*** RIVER *** [Qs 5c 4s 2h] [7c]
Kimberlyaa: checks
VolkovDmitri: bets $6
Kimberlyaa: calls $6
*** SHOW DOWN ***
VolkovDmitri: shows [6c 5h] (a pair of Fives)
Kimberlyaa: shows [7s Js] (a pair of Sevens)
Kimberlyaa collected $41.50 from pot
*** SUMMARY ***
Total pot $42 | Rake $0.50
Board [Qs 5c 4s 2h 7c]
Seat 3: Kimberlyaa (big blind) showed [7s Js] and won ($41.50) with a pair of Sevens
Seat 4: VolkovDmitri (button) (small blind) showed [6c 5h] and lost with a pair of Fives


PokerStars Hand #173354325833:  Hold'em Limit ($3/$6 USD) - 2017/07/22 7:53:09 ET
Table 'Peacock' 6-max Seat #4 is the button
Seat 3: Kimberlyaa ($100.25 in chips)
Seat 4: VolkovDmitri ($128.64 in chips)
VolkovDmitri: posts small blind $1
Kimberlyaa: posts big blind $3
*** HOLE CARDS ***
VolkovDmitri: raises $3 to $6
Kimberlyaa: folds
Uncalled bet ($3) returned to VolkovDmitri
VolkovDmitri collected $6 from pot
VolkovDmitri: doesn't show hand
*** SUMMARY ***
Total pot $6 | Rake $0
Seat 3: Kimberlyaa (big blind) folded before Flop
Seat 4: VolkovDmitri (button) (small blind) collected ($6)


PokerStars Hand #173354318031:  Hold'em Limit ($3/$6 USD) - 2017/07/22 7:52:52 ET
Table 'Peacock' 6-max Seat #3 is the button
Seat 3: Kimberlyaa ($109.25 in chips)
Seat 4: VolkovDmitri ($120 in chips)
Kimberlyaa: posts small blind $1
VolkovDmitri: posts big blind $3
*** HOLE CARDS ***
Kimberlyaa: calls $2
VolkovDmitri: raises $3 to $6
Kimberlyaa: calls $3
*** FLOP *** [2d Qc 4d]
VolkovDmitri: bets $3
Kimberlyaa: calls $3
*** TURN *** [2d Qc 4d] [3c]
VolkovDmitri: bets $6
Kimberlyaa: folds
Uncalled bet ($6) returned to VolkovDmitri
VolkovDmitri collected $17.64 from pot
VolkovDmitri: doesn't show hand
*** SUMMARY ***
Total pot $18 | Rake $0.36
Board [2d Qc 4d 3c]
Seat 3: Kimberlyaa (button) (small blind) folded on the Turn
Seat 4: VolkovDmitri (big blind) collected ($17.64)


PokerStars Hand #173354302004:  Hold'em Limit ($3/$6 USD) - 2017/07/22 7:52:17 ET
Table 'Peacock' 6-max Seat #4 is the button
Seat 3: Kimberlyaa ($94.75 in chips)
Seat 4: VolkovDmitri ($121 in chips)
VolkovDmitri: posts small blind $1
Kimberlyaa: posts big blind $3
*** HOLE CARDS ***
VolkovDmitri: raises $3 to $6
Kimberlyaa: calls $3
*** FLOP *** [7d 8d Ts]
Kimberlyaa: checks
VolkovDmitri: bets $3
Kimberlyaa: calls $3
*** TURN *** [7d 8d Ts] [8c]
Kimberlyaa: checks
VolkovDmitri: checks
*** RIVER *** [7d 8d Ts 8c] [4c]
Kimberlyaa: bets $6
VolkovDmitri: calls $6
*** SHOW DOWN ***
Kimberlyaa: shows [5d 4s] (two pair, Eights and Fours)
VolkovDmitri: mucks hand
Kimberlyaa collected $29.50 from pot
*** SUMMARY ***
Total pot $30 | Rake $0.50
Board [7d 8d Ts 8c 4c]
Seat 3: Kimberlyaa (big blind) showed [5d 4s] and won ($29.50) with two pair, Eights and Fours
Seat 4: VolkovDmitri (button) (small blind) mucked


PokerStars Hand #173354328567:  Hold'em Limit ($3/$6 USD) - 2017/07/22 7:53:15 ET
Table 'Peacock' 6-max Seat #3 is the button
Seat 3: Kimberlyaa ($97.25 in chips)
Seat 4: VolkovDmitri ($131.64 in chips)
Kimberlyaa: posts small blind $1
VolkovDmitri: posts big blind $3
*** HOLE CARDS ***
Kimberlyaa: raises $3 to $6
VolkovDmitri: calls $3
*** FLOP *** [4c 9h Qh]
VolkovDmitri: checks
Kimberlyaa: bets $3
VolkovDmitri: raises $3 to $6
Kimberlyaa: calls $3
*** TURN *** [4c 9h Qh] [6c]
VolkovDmitri: bets $6
Kimberlyaa: calls $6
*** RIVER *** [4c 9h Qh 6c] [Ac]
VolkovDmitri: bets $6
Kimberlyaa: calls $6
*** SHOW DOWN ***
VolkovDmitri: shows [5c Qc] (a flush, Ace high)
Kimberlyaa: mucks hand
VolkovDmitri collected $47.50 from pot
*** SUMMARY ***
Total pot $48 | Rake $0.50
Board [4c 9h Qh 6c Ac]
Seat 3: Kimberlyaa (button) (small blind) mucked
Seat 4: VolkovDmitri (big blind) showed [5c Qc] and won ($47.50) with a flush, Ace high


PokerStars Hand #173354337608:  Hold'em Limit ($3/$6 USD) - 2017/07/22 7:53:35 ET
Table 'Peacock' 6-max Seat #4 is the button
Seat 3: Kimberlyaa ($73.25 in chips)
Seat 4: VolkovDmitri ($155.14 in chips)
VolkovDmitri: posts small blind $1
Kimberlyaa: posts big blind $3
*** HOLE CARDS ***
VolkovDmitri: raises $3 to $6
Kimberlyaa: calls $3
*** FLOP *** [8h 9h Ah]
Kimberlyaa: bets $3
VolkovDmitri: calls $3
*** TURN *** [8h 9h Ah] [Ad]
Kimberlyaa: bets $6
VolkovDmitri: raises $6 to $12
Kimberlyaa: calls $6
*** RIVER *** [8h 9h Ah Ad] [Jc]
Kimberlyaa: bets $6
VolkovDmitri: calls $6
*** SHOW DOWN ***
Kimberlyaa: shows [7s Th] (a straight, Seven to Jack)
VolkovDmitri: mucks hand
Kimberlyaa collected $53.50 from pot
*** SUMMARY ***
Total pot $54 | Rake $0.50
Board [8h 9h Ah Ad Jc]
Seat 3: Kimberlyaa (big blind) showed [7s Th] and won ($53.50) with a straight, Seven to Jack
Seat 4: VolkovDmitri (button) (small blind) mucked


PokerStars Hand #173354348250:  Hold'em Limit ($3/$6 USD) - 2017/07/22 7:53:58 ET
Table 'Peacock' 6-max Seat #3 is the button
Seat 3: Kimberlyaa ($99.75 in chips)
Seat 4: VolkovDmitri ($128.14 in chips)
Kimberlyaa: posts small blind $1
VolkovDmitri: posts big blind $3
*** HOLE CARDS ***
Kimberlyaa: calls $2
VolkovDmitri: raises $3 to $6
Kimberlyaa: calls $3
*** FLOP *** [9h Qh 9c]
VolkovDmitri: bets $3
Kimberlyaa: calls $3
*** TURN *** [9h Qh 9c] [Td]
VolkovDmitri: bets $6
Kimberlyaa: calls $6
*** RIVER *** [9h Qh 9c Td] [7c]
VolkovDmitri: bets $6
Kimberlyaa: calls $6
*** SHOW DOWN ***
VolkovDmitri: shows [7d 9s] (a full house, Nines full of Sevens)
Kimberlyaa: mucks hand
VolkovDmitri collected $41.50 from pot
*** SUMMARY ***
Total pot $42 | Rake $0.50
Board [9h Qh 9c Td 7c]
Seat 3: Kimberlyaa (button) (small blind) mucked
Seat 4: VolkovDmitri (big blind) showed [7d 9s] and won ($41.50) with a full house, Nines full of Sevens


PokerStars Hand #173354366831:  Hold'em Limit ($3/$6 USD) - 2017/07/22 7:54:38 ET
Table 'Peacock' 6-max Seat #3 is the button
Seat 3: Kimberlyaa ($102.25 in chips)
Seat 4: VolkovDmitri ($124.64 in chips)
Kimberlyaa: posts small blind $1
VolkovDmitri: posts big blind $3
*** HOLE CARDS ***
Kimberlyaa: folds
Uncalled bet ($2) returned to VolkovDmitri
VolkovDmitri collected $2 from pot
VolkovDmitri: doesn't show hand
*** SUMMARY ***
Total pot $2 | Rake $0
Seat 3: Kimberlyaa (button) (small blind) folded before Flop
Seat 4: VolkovDmitri (big blind) collected ($2)


PokerStars Hand #173354358132:  Hold'em Limit ($3/$6 USD) - 2017/07/22 7:54:19 ET
Table 'Peacock' 6-max Seat #4 is the button
Seat 3: Kimberlyaa ($78.75 in chips)
Seat 4: VolkovDmitri ($148.64 in chips)
VolkovDmitri: posts small blind $1
Kimberlyaa: posts big blind $3
*** HOLE CARDS ***
VolkovDmitri: raises $3 to $6
Kimberlyaa: calls $3
*** FLOP *** [9d 6c Th]
Kimberlyaa: bets $3
VolkovDmitri: raises $3 to $6
Kimberlyaa: calls $3
*** TURN *** [9d 6c Th] [6s]
Kimberlyaa: bets $6
VolkovDmitri: calls $6
*** RIVER *** [9d 6c Th 6s] [Ah]
Kimberlyaa: bets $6
VolkovDmitri: calls $6
*** SHOW DOWN ***
Kimberlyaa: shows [Ac 6d] (a full house, Sixes full of Aces)
VolkovDmitri: mucks hand
Kimberlyaa collected $47.50 from pot
*** SUMMARY ***
Total pot $48 | Rake $0.50
Board [9d 6c Th 6s Ah]
Seat 3: Kimberlyaa (big blind) showed [Ac 6d] and won ($47.50) with a full house, Sixes full of Aces
Seat 4: VolkovDmitri (button) (small blind) mucked


PokerStars Hand #173354375017:  Hold'em Limit ($3/$6 USD) - 2017/07/22 7:54:56 ET
Table 'Peacock' 6-max Seat #3 is the button
Seat 3: Kimberlyaa ($95.25 in chips)
Seat 4: VolkovDmitri ($131.40 in chips)
Kimberlyaa: posts small blind $1
VolkovDmitri: posts big blind $3
*** HOLE CARDS ***
Kimberlyaa: raises $3 to $6
VolkovDmitri: calls $3
*** FLOP *** [4h 7h Tc]
VolkovDmitri: bets $3
Kimberlyaa: calls $3
*** TURN *** [4h 7h Tc] [9h]
VolkovDmitri: checks
Kimberlyaa: checks
*** RIVER *** [4h 7h Tc 9h] [Qs]
VolkovDmitri: checks
Kimberlyaa: bets $6
nedo1414 joins the table at seat #6
VolkovDmitri: calls $6
*** SHOW DOWN ***
Kimberlyaa: shows [Qd As] (a pair of Queens)
VolkovDmitri: mucks hand
Kimberlyaa collected $29.50 from pot
*** SUMMARY ***
Total pot $30 | Rake $0.50
Board [4h 7h Tc 9h Qs]
Seat 3: Kimberlyaa (button) (small blind) showed [Qd As] and won ($29.50) with a pair of Queens
Seat 4: VolkovDmitri (big blind) mucked


PokerStars Hand #173354369225:  Hold'em Limit ($3/$6 USD) - 2017/07/22 7:54:43 ET
Table 'Peacock' 6-max Seat #4 is the button
Seat 3: Kimberlyaa ($101.25 in chips)
Seat 4: VolkovDmitri ($125.64 in chips)
VolkovDmitri: posts small blind $1
Kimberlyaa: posts big blind $3
*** HOLE CARDS ***
VolkovDmitri: raises $3 to $6
Kimberlyaa: calls $3
*** FLOP *** [Kc 7s 2c]
Kimberlyaa: checks
VolkovDmitri: bets $3
Kimberlyaa: folds
Uncalled bet ($3) returned to VolkovDmitri
VolkovDmitri collected $11.76 from pot
VolkovDmitri: doesn't show hand
*** SUMMARY ***
Total pot $12 | Rake $0.24
Board [Kc 7s 2c]
Seat 3: Kimberlyaa (big blind) folded on the Flop
Seat 4: VolkovDmitri (button) (small blind) collected ($11.76)


PokerStars Hand #173355721869:  Hold'em Limit ($3/$6 USD) - 2017/07/22 8:41:42 ET
Table 'Peacock' 6-max Seat #3 is the button
Seat 2: chrismat ($73.58 in chips)
Seat 3: Kimberlyaa ($284.33 in chips)
Kimberlyaa: posts small blind $1
Actionni13: is sitting out
masterblstr8: is sitting out
chrismat: posts big blind $3
*** HOLE CARDS ***
Kimberlyaa: folds
Uncalled bet ($2) returned to chrismat
masterblstr8 leaves the table
chrismat collected $2 from pot
*** SUMMARY ***
Total pot $2 | Rake $0
Seat 2: chrismat (big blind) collected ($2)
Seat 3: Kimberlyaa (button) (small blind) folded before Flop


PokerStars Hand #173355724513:  Hold'em Limit ($3/$6 USD) - 2017/07/22 8:41:47 ET
Table 'Peacock' 6-max Seat #2 is the button
Seat 2: chrismat ($74.58 in chips)
Seat 3: Kimberlyaa ($283.33 in chips)
chrismat: posts small blind $1
Kimberlyaa: posts big blind $3
*** HOLE CARDS ***
chrismat: raises $3 to $6
Kimberlyaa: calls $3
*** FLOP *** [Js 5d Ts]
Kimberlyaa: checks
chrismat: bets $3
Kimberlyaa: calls $3
*** TURN *** [Js 5d Ts] [8c]
Kimberlyaa: bets $6
chrismat: folds
Uncalled bet ($6) returned to Kimberlyaa
Kimberlyaa collected $17.64 from pot
*** SUMMARY ***
Total pot $18 | Rake $0.36
Board [Js 5d Ts 8c]
Seat 2: chrismat (button) (small blind) folded on the Turn
Seat 3: Kimberlyaa (big blind) collected ($17.64)


PokerStars Hand #173356053427:  Hold'em Limit ($3/$6 USD) - 2017/07/22 8:52:18 ET
Table 'Peacock' 6-max Seat #3 is the button
Seat 3: Kimberlyaa ($314.26 in chips)
Seat 4: NewRocker ($139.33 in chips)
Kimberlyaa: posts small blind $1
NewRocker: posts big blind $3
*** HOLE CARDS ***
Kimberlyaa: calls $2
chrismat leaves the table
NewRocker: checks
*** FLOP *** [7d Jh 4s]
NewRocker: checks
Kimberlyaa: checks
*** TURN *** [7d Jh 4s] [7s]
NewRocker: bets $6
Kimberlyaa: folds
Uncalled bet ($6) returned to NewRocker
NewRocker collected $5.88 from pot
NewRocker: doesn't show hand
*** SUMMARY ***
Total pot $6 | Rake $0.12
Board [7d Jh 4s 7s]
Seat 3: Kimberlyaa (button) (small blind) folded on the Turn
Seat 4: NewRocker (big blind) collected ($5.88)


PokerStars Hand #173356062739:  Hold'em Limit ($3/$6 USD) - 2017/07/22 8:52:37 ET
Table 'Peacock' 6-max Seat #4 is the button
Seat 3: Kimberlyaa ($311.26 in chips)
Seat 4: NewRocker ($142.21 in chips)
NewRocker: posts small blind $1
Kimberlyaa: posts big blind $3
*** HOLE CARDS ***
NewRocker: folds
Uncalled bet ($2) returned to Kimberlyaa
Kimberlyaa collected $2 from pot
*** SUMMARY ***
Total pot $2 | Rake $0
Seat 3: Kimberlyaa (big blind) collected ($2)
Seat 4: NewRocker (button) (small blind) folded before Flop


