PokerStars Hand #169487940862:  Hold'em Limit ($3/$6 USD) - 2017/04/24 8:13:49 ET
Table 'Peacock II' 6-max Seat #3 is the button
Seat 3: Auge72 ($117 in chips)
Seat 4: krossguard ($123 in chips)
Auge72: posts small blind $1
krossguard: posts big blind $3
*** HOLE CARDS ***
Auge72: folds
Uncalled bet ($2) returned to krossguard
krossguard collected $2 from pot
krossguard: doesn't show hand
Ale4o joins the table at seat #5
*** SUMMARY ***
Total pot $2 | Rake $0
Seat 3: Auge72 (button) (small blind) folded before Flop
Seat 4: krossguard (big blind) collected ($2)


PokerStars Hand #169487931339:  Hold'em Limit ($3/$6 USD) - 2017/04/24 8:13:30 ET
Table 'Peacock II' 6-max Seat #4 is the button
Seat 3: Auge72 ($120 in chips)
Seat 4: krossguard ($120 in chips)
krossguard: posts small blind $1
BugerDV: is sitting out
Auge72: posts big blind $3
*** HOLE CARDS ***
krossguard: raises $3 to $6
Auge72: folds
Uncalled bet ($3) returned to krossguard
krossguard collected $6 from pot
krossguard: doesn't show hand
*** SUMMARY ***
Total pot $6 | Rake $0
Seat 3: Auge72 (big blind) folded before Flop
Seat 4: krossguard (button) (small blind) collected ($6)


PokerStars Hand #169488229401:  Hold'em Limit ($3/$6 USD) - 2017/04/24 8:23:38 ET
Table 'Peacock II' 6-max Seat #4 is the button
Seat 2: ogdealer ($29.58 in chips)
Seat 4: krossguard ($99.17 in chips)
krossguard: posts small blind $1
ogdealer: posts big blind $3
*** HOLE CARDS ***
krossguard: raises $3 to $6
ogdealer: folds
Uncalled bet ($3) returned to krossguard
krossguard collected $6 from pot
krossguard: doesn't show hand
*** SUMMARY ***
Total pot $6 | Rake $0
Seat 2: ogdealer (big blind) folded before Flop
Seat 4: krossguard (button) (small blind) collected ($6)


PokerStars Hand #169488224391:  Hold'em Limit ($3/$6 USD) - 2017/04/24 8:23:27 ET
Table 'Peacock II' 6-max Seat #2 is the button
Seat 2: ogdealer ($23.82 in chips)
Seat 4: krossguard ($105.17 in chips)
ogdealer: posts small blind $1
krossguard: posts big blind $3
*** HOLE CARDS ***
ogdealer: calls $2
krossguard: checks
*** FLOP *** [3c 3d 9h]
krossguard: bets $3
ogdealer: raises $3 to $6
krossguard: folds
Uncalled bet ($3) returned to ogdealer
ogdealer collected $11.76 from pot
ogdealer: doesn't show hand
*** SUMMARY ***
Total pot $12 | Rake $0.24
Board [3c 3d 9h]
Seat 2: ogdealer (button) (small blind) collected ($11.76)
Seat 4: krossguard (big blind) folded on the Flop


PokerStars Hand #169488213445:  Hold'em Limit ($3/$6 USD) - 2017/04/24 8:23:05 ET
Table 'Peacock II' 6-max Seat #4 is the button
Seat 2: ogdealer ($35.82 in chips)
Seat 4: krossguard ($93.65 in chips)
krossguard: posts small blind $1
Ale4o: is sitting out
BugerDV: is sitting out
ogdealer: posts big blind $3
*** HOLE CARDS ***
krossguard: raises $3 to $6
Ale4o leaves the table
BugerDV leaves the table
ogdealer: calls $3
*** FLOP *** [5h 7c Qh]
ogdealer: checks
krossguard: checks
*** TURN *** [5h 7c Qh] [Jd]
ogdealer: bets $6
krossguard: calls $6
*** RIVER *** [5h 7c Qh Jd] [Jc]
ogdealer: checks
krossguard: checks
*** SHOW DOWN ***
ogdealer: shows [3d 3h] (two pair, Jacks and Threes)
krossguard: shows [4c 5c] (two pair, Jacks and Fives)
krossguard collected $23.52 from pot
*** SUMMARY ***
Total pot $24 | Rake $0.48
Board [5h 7c Qh Jd Jc]
Seat 2: ogdealer (big blind) showed [3d 3h] and lost with two pair, Jacks and Threes
Seat 4: krossguard (button) (small blind) showed [4c 5c] and won ($23.52) with two pair, Jacks and Fives


