PokerStars Hand #154242450506:  Hold'em Limit ($3/$6 USD) - 2016/06/03 15:24:21 ET
Table 'Peacock II' 6-max Seat #5 is the button
Seat 2: Grieserix ($129.56 in chips)
Seat 5: RaisemyNut$ ($105.64 in chips)
RaisemyNut$: posts small blind $1
Grieserix: posts big blind $3
*** HOLE CARDS ***
RaisemyNut$: folds
Uncalled bet ($2) returned to Grieserix
Grieserix collected $2 from pot
Grieserix: doesn't show hand
*** SUMMARY ***
Total pot $2 | Rake $0
Seat 2: Grieserix (big blind) collected ($2)
Seat 5: RaisemyNut$ (button) (small blind) folded before Flop


PokerStars Hand #154242431087:  Hold'em Limit ($3/$6 USD) - 2016/06/03 15:23:58 ET
Table 'Peacock II' 6-max Seat #2 is the button
Seat 2: Grieserix ($138.56 in chips)
Seat 5: RaisemyNut$ ($97 in chips)
Grieserix: posts small blind $1
RaisemyNut$: posts big blind $3
*** HOLE CARDS ***
Grieserix: raises $3 to $6
RaisemyNut$: calls $3
*** FLOP *** [Ac 7c 2h]
RaisemyNut$: checks
Grieserix: bets $3
RaisemyNut$: calls $3
*** TURN *** [Ac 7c 2h] [7s]
RaisemyNut$: checks
Grieserix: checks
*** RIVER *** [Ac 7c 2h 7s] [9h]
RaisemyNut$: checks
Grieserix: checks
*** SHOW DOWN ***
RaisemyNut$: shows [2c Kh] (two pair, Sevens and Deuces)
Grieserix: mucks hand
RaisemyNut$ collected $17.64 from pot
*** SUMMARY ***
Total pot $18 | Rake $0.36
Board [Ac 7c 2h 7s 9h]
Seat 2: Grieserix (button) (small blind) mucked
Seat 5: RaisemyNut$ (big blind) showed [2c Kh] and won ($17.64) with two pair, Sevens and Deuces


PokerStars Hand #154242455233:  Hold'em Limit ($3/$6 USD) - 2016/06/03 15:24:27 ET
Table 'Peacock II' 6-max Seat #2 is the button
Seat 2: Grieserix ($130.56 in chips)
Seat 5: RaisemyNut$ ($104.64 in chips)
Grieserix: posts small blind $1
RaisemyNut$: posts big blind $3
*** HOLE CARDS ***
Grieserix: raises $3 to $6
RaisemyNut$: calls $3
*** FLOP *** [6c 4h Ad]
RaisemyNut$: checks
Grieserix: bets $3
RaisemyNut$: calls $3
*** TURN *** [6c 4h Ad] [Kd]
RaisemyNut$: checks
Grieserix: bets $6
RaisemyNut$: calls $6
*** RIVER *** [6c 4h Ad Kd] [Th]
RaisemyNut$: checks
Grieserix: bets $6
RaisemyNut$: calls $6
*** SHOW DOWN ***
Grieserix: shows [As 8s] (a pair of Aces)
RaisemyNut$: mucks hand
Velbor107 leaves the table
Grieserix collected $41.50 from pot
*** SUMMARY ***
Total pot $42 | Rake $0.50
Board [6c 4h Ad Kd Th]
Seat 2: Grieserix (button) (small blind) showed [As 8s] and won ($41.50) with a pair of Aces
Seat 5: RaisemyNut$ (big blind) mucked


PokerStars Hand #154242478299:  Hold'em Limit ($3/$6 USD) - 2016/06/03 15:24:54 ET
Table 'Peacock II' 6-max Seat #5 is the button
Seat 2: Grieserix ($151.06 in chips)
Seat 5: RaisemyNut$ ($83.64 in chips)
RaisemyNut$: posts small blind $1
Grieserix: posts big blind $3
*** HOLE CARDS ***
RaisemyNut$: raises $3 to $6
Grieserix: calls $3
*** FLOP *** [6c 9s 3h]
Grieserix: bets $3
RaisemyNut$: raises $3 to $6
Grieserix: calls $3
*** TURN *** [6c 9s 3h] [6d]
Grieserix: bets $6
RaisemyNut$: calls $6
*** RIVER *** [6c 9s 3h 6d] [As]
Grieserix: bets $6
RaisemyNut$: raises $6 to $12
Grieserix: calls $6
*** SHOW DOWN ***
RaisemyNut$: shows [7h 8s] (a pair of Sixes)
Grieserix: shows [6h 8h] (three of a kind, Sixes)
Grieserix collected $59.50 from pot
*** SUMMARY ***
Total pot $60 | Rake $0.50
Board [6c 9s 3h 6d As]
Seat 2: Grieserix (big blind) showed [6h 8h] and won ($59.50) with three of a kind, Sixes
Seat 5: RaisemyNut$ (button) (small blind) showed [7h 8s] and lost with a pair of Sixes


PokerStars Hand #154242493973:  Hold'em Limit ($3/$6 USD) - 2016/06/03 15:25:13 ET
Table 'Peacock II' 6-max Seat #2 is the button
Seat 2: Grieserix ($180.56 in chips)
Seat 5: RaisemyNut$ ($60 in chips)
Grieserix: posts small blind $1
RaisemyNut$: posts big blind $3
*** HOLE CARDS ***
Grieserix: raises $3 to $6
RaisemyNut$: calls $3
*** FLOP *** [Qs 7h Kd]
RaisemyNut$: checks
Grieserix: bets $3
RaisemyNut$: calls $3
*** TURN *** [Qs 7h Kd] [9c]
RaisemyNut$: checks
Grieserix: bets $6
RaisemyNut$: calls $6
*** RIVER *** [Qs 7h Kd 9c] [5h]
RaisemyNut$: checks
Grieserix: bets $6
RaisemyNut$: calls $6
*** SHOW DOWN ***
Grieserix: shows [Kc Ts] (a pair of Kings)
RaisemyNut$: mucks hand
Grieserix collected $41.50 from pot
*** SUMMARY ***
Total pot $42 | Rake $0.50
Board [Qs 7h Kd 9c 5h]
Seat 2: Grieserix (button) (small blind) showed [Kc Ts] and won ($41.50) with a pair of Kings
Seat 5: RaisemyNut$ (big blind) mucked


PokerStars Hand #154242512549:  Hold'em Limit ($3/$6 USD) - 2016/06/03 15:25:35 ET
Table 'Peacock II' 6-max Seat #5 is the button
Seat 2: Grieserix ($201.06 in chips)
Seat 5: RaisemyNut$ ($60 in chips)
RaisemyNut$: posts small blind $1
Grieserix: posts big blind $3
*** HOLE CARDS ***
RaisemyNut$: raises $3 to $6
Grieserix: calls $3
*** FLOP *** [Kd Qh 6h]
Grieserix: checks
RaisemyNut$: bets $3
Grieserix: calls $3
*** TURN *** [Kd Qh 6h] [4c]
Grieserix: checks
RaisemyNut$: checks
*** RIVER *** [Kd Qh 6h 4c] [Kh]
Grieserix: bets $6
RaisemyNut$: folds
Uncalled bet ($6) returned to Grieserix
Grieserix collected $17.64 from pot
Grieserix: doesn't show hand
*** SUMMARY ***
Total pot $18 | Rake $0.36
Board [Kd Qh 6h 4c Kh]
Seat 2: Grieserix (big blind) collected ($17.64)
Seat 5: RaisemyNut$ (button) (small blind) folded on the River


PokerStars Hand #154242534149:  Hold'em Limit ($3/$6 USD) - 2016/06/03 15:26:01 ET
Table 'Peacock II' 6-max Seat #5 is the button
Seat 2: Grieserix ($208.70 in chips)
Seat 5: RaisemyNut$ ($61 in chips)
RaisemyNut$: posts small blind $1
Grieserix: posts big blind $3
*** HOLE CARDS ***
RaisemyNut$: raises $3 to $6
Grieserix: folds
Uncalled bet ($3) returned to RaisemyNut$
RaisemyNut$ collected $6 from pot
RaisemyNut$: doesn't show hand
*** SUMMARY ***
Total pot $6 | Rake $0
Seat 2: Grieserix (big blind) folded before Flop
Seat 5: RaisemyNut$ (button) (small blind) collected ($6)


PokerStars Hand #154242530443:  Hold'em Limit ($3/$6 USD) - 2016/06/03 15:25:56 ET
Table 'Peacock II' 6-max Seat #2 is the button
Seat 2: Grieserix ($209.70 in chips)
Seat 5: RaisemyNut$ ($60 in chips)
Grieserix: posts small blind $1
RaisemyNut$: posts big blind $3
*** HOLE CARDS ***
Grieserix: folds
Uncalled bet ($2) returned to RaisemyNut$
RaisemyNut$ collected $2 from pot
RaisemyNut$: doesn't show hand
*** SUMMARY ***
Total pot $2 | Rake $0
Seat 2: Grieserix (button) (small blind) folded before Flop
Seat 5: RaisemyNut$ (big blind) collected ($2)


PokerStars Hand #154242559293:  Hold'em Limit ($3/$6 USD) - 2016/06/03 15:26:31 ET
Table 'Peacock II' 6-max Seat #5 is the button
Seat 2: Grieserix ($223.20 in chips)
Seat 5: RaisemyNut$ ($60 in chips)
RaisemyNut$: posts small blind $1
Grieserix: posts big blind $3
*** HOLE CARDS ***
RaisemyNut$: raises $3 to $6
Grieserix: folds
Uncalled bet ($3) returned to RaisemyNut$
RaisemyNut$ collected $6 from pot
RaisemyNut$: doesn't show hand
*** SUMMARY ***
Total pot $6 | Rake $0
Seat 2: Grieserix (big blind) folded before Flop
Seat 5: RaisemyNut$ (button) (small blind) collected ($6)


PokerStars Hand #154242538714:  Hold'em Limit ($3/$6 USD) - 2016/06/03 15:26:06 ET
Table 'Peacock II' 6-max Seat #2 is the button
Seat 2: Grieserix ($205.70 in chips)
Seat 5: RaisemyNut$ ($64 in chips)
Grieserix: posts small blind $1
RaisemyNut$: posts big blind $3
*** HOLE CARDS ***
Grieserix: calls $2
RaisemyNut$: raises $3 to $6
Grieserix: raises $3 to $9
RaisemyNut$: calls $3
*** FLOP *** [5s 6d 7d]
RaisemyNut$: checks
Grieserix: bets $3
RaisemyNut$: calls $3
*** TURN *** [5s 6d 7d] [6h]
RaisemyNut$: checks
Grieserix: bets $6
RaisemyNut$: calls $6
*** RIVER *** [5s 6d 7d 6h] [4c]
RaisemyNut$: checks
Grieserix: bets $6
RaisemyNut$: folds
Uncalled bet ($6) returned to Grieserix
Grieserix collected $35.50 from pot
Grieserix: doesn't show hand
*** SUMMARY ***
Total pot $36 | Rake $0.50
Board [5s 6d 7d 6h 4c]
Seat 2: Grieserix (button) (small blind) collected ($35.50)
Seat 5: RaisemyNut$ (big blind) folded on the River


PokerStars Hand #154242564186:  Hold'em Limit ($3/$6 USD) - 2016/06/03 15:26:36 ET
Table 'Peacock II' 6-max Seat #2 is the button
Seat 2: Grieserix ($220.20 in chips)
Seat 5: RaisemyNut$ ($63 in chips)
Grieserix: posts small blind $1
RaisemyNut$: posts big blind $3
*** HOLE CARDS ***
Grieserix: folds
Uncalled bet ($2) returned to RaisemyNut$
RaisemyNut$ collected $2 from pot
RaisemyNut$: doesn't show hand
*** SUMMARY ***
Total pot $2 | Rake $0
Seat 2: Grieserix (button) (small blind) folded before Flop
Seat 5: RaisemyNut$ (big blind) collected ($2)


PokerStars Hand #154242568305:  Hold'em Limit ($3/$6 USD) - 2016/06/03 15:26:41 ET
Table 'Peacock II' 6-max Seat #5 is the button
Seat 2: Grieserix ($219.20 in chips)
Seat 5: RaisemyNut$ ($64 in chips)
RaisemyNut$: posts small blind $1
Grieserix: posts big blind $3
*** HOLE CARDS ***
RaisemyNut$: raises $3 to $6
Grieserix: calls $3
*** FLOP *** [Td Kc Qc]
Grieserix: checks
RaisemyNut$: bets $3
Grieserix: calls $3
*** TURN *** [Td Kc Qc] [Ts]
Grieserix: checks
RaisemyNut$: bets $6
Grieserix: calls $6
*** RIVER *** [Td Kc Qc Ts] [5s]
Grieserix: checks
RaisemyNut$: bets $6
Grieserix: folds
Uncalled bet ($6) returned to RaisemyNut$
RaisemyNut$ collected $29.50 from pot
RaisemyNut$: doesn't show hand
*** SUMMARY ***
Total pot $30 | Rake $0.50
Board [Td Kc Qc Ts 5s]
Seat 2: Grieserix (big blind) folded on the River
Seat 5: RaisemyNut$ (button) (small blind) collected ($29.50)


PokerStars Hand #154242584572:  Hold'em Limit ($3/$6 USD) - 2016/06/03 15:27:01 ET
Table 'Peacock II' 6-max Seat #2 is the button
Seat 2: Grieserix ($204.20 in chips)
Seat 5: RaisemyNut$ ($78.50 in chips)
Grieserix: posts small blind $1
RaisemyNut$: posts big blind $3
*** HOLE CARDS ***
Grieserix: raises $3 to $6
RaisemyNut$: calls $3
*** FLOP *** [9h 2c 7c]
RaisemyNut$: checks
Grieserix: checks
*** TURN *** [9h 2c 7c] [Kc]
RaisemyNut$: bets $6
Grieserix: folds
Uncalled bet ($6) returned to RaisemyNut$
RaisemyNut$ collected $11.76 from pot
RaisemyNut$: doesn't show hand
*** SUMMARY ***
Total pot $12 | Rake $0.24
Board [9h 2c 7c Kc]
Seat 2: Grieserix (button) (small blind) folded on the Turn
Seat 5: RaisemyNut$ (big blind) collected ($11.76)


PokerStars Hand #154242593619:  Hold'em Limit ($3/$6 USD) - 2016/06/03 15:27:11 ET
Table 'Peacock II' 6-max Seat #5 is the button
Seat 2: Grieserix ($198.20 in chips)
Seat 5: RaisemyNut$ ($84.26 in chips)
RaisemyNut$: posts small blind $1
Grieserix: posts big blind $3
*** HOLE CARDS ***
RaisemyNut$: raises $3 to $6
Grieserix: calls $3
*** FLOP *** [3h Kh Qh]
Grieserix: checks
RaisemyNut$: bets $3
Grieserix: calls $3
*** TURN *** [3h Kh Qh] [9c]
Grieserix: bets $6
RaisemyNut$: calls $6
*** RIVER *** [3h Kh Qh 9c] [5s]
Grieserix: bets $6
RaisemyNut$: calls $6
*** SHOW DOWN ***
Grieserix: shows [6h Ah] (a flush, Ace high)
RaisemyNut$: mucks hand
Grieserix collected $41.50 from pot
*** SUMMARY ***
Total pot $42 | Rake $0.50
Board [3h Kh Qh 9c 5s]
Seat 2: Grieserix (big blind) showed [6h Ah] and won ($41.50) with a flush, Ace high
Seat 5: RaisemyNut$ (button) (small blind) mucked


PokerStars Hand #154242618255:  Hold'em Limit ($3/$6 USD) - 2016/06/03 15:27:41 ET
Table 'Peacock II' 6-max Seat #5 is the button
Seat 2: Grieserix ($212.70 in chips)
Seat 5: RaisemyNut$ ($69.02 in chips)
RaisemyNut$: posts small blind $1
Grieserix: posts big blind $3
*** HOLE CARDS ***
RaisemyNut$: folds
Uncalled bet ($2) returned to Grieserix
Grieserix collected $2 from pot
Grieserix: doesn't show hand
*** SUMMARY ***
Total pot $2 | Rake $0
Seat 2: Grieserix (big blind) collected ($2)
Seat 5: RaisemyNut$ (button) (small blind) folded before Flop


PokerStars Hand #154242607887:  Hold'em Limit ($3/$6 USD) - 2016/06/03 15:27:29 ET
Table 'Peacock II' 6-max Seat #2 is the button
Seat 2: Grieserix ($218.70 in chips)
Seat 5: RaisemyNut$ ($63.26 in chips)
Grieserix: posts small blind $1
RaisemyNut$: posts big blind $3
*** HOLE CARDS ***
Grieserix: calls $2
RaisemyNut$: checks
*** FLOP *** [Kc 8c 3h]
RaisemyNut$: bets $3
Grieserix: calls $3
*** TURN *** [Kc 8c 3h] [6h]
RaisemyNut$: bets $6
Grieserix: folds
Uncalled bet ($6) returned to RaisemyNut$
RaisemyNut$ collected $11.76 from pot
RaisemyNut$: doesn't show hand
*** SUMMARY ***
Total pot $12 | Rake $0.24
Board [Kc 8c 3h 6h]
Seat 2: Grieserix (button) (small blind) folded on the Turn
Seat 5: RaisemyNut$ (big blind) collected ($11.76)


PokerStars Hand #154242622773:  Hold'em Limit ($3/$6 USD) - 2016/06/03 15:27:46 ET
Table 'Peacock II' 6-max Seat #2 is the button
Seat 2: Grieserix ($213.70 in chips)
Seat 5: RaisemyNut$ ($68.02 in chips)
Grieserix: posts small blind $1
RaisemyNut$: posts big blind $3
*** HOLE CARDS ***
Grieserix: raises $3 to $6
RaisemyNut$: raises $3 to $9
Grieserix: calls $3
*** FLOP *** [5s Js Jd]
RaisemyNut$: bets $3
Grieserix: calls $3
*** TURN *** [5s Js Jd] [9d]
RaisemyNut$: bets $6
Grieserix: calls $6
*** RIVER *** [5s Js Jd 9d] [9c]
RaisemyNut$: checks
Grieserix: bets $6
RaisemyNut$: calls $6
*** SHOW DOWN ***
Grieserix: shows [Jh Kd] (a full house, Jacks full of Nines)
RaisemyNut$: mucks hand
Grieserix collected $47.50 from pot
*** SUMMARY ***
Total pot $48 | Rake $0.50
Board [5s Js Jd 9d 9c]
Seat 2: Grieserix (button) (small blind) showed [Jh Kd] and won ($47.50) with a full house, Jacks full of Nines
Seat 5: RaisemyNut$ (big blind) mucked


PokerStars Hand #154242646402:  Hold'em Limit ($3/$6 USD) - 2016/06/03 15:28:15 ET
Table 'Peacock II' 6-max Seat #5 is the button
Seat 2: Grieserix ($237.20 in chips)
Seat 5: RaisemyNut$ ($60 in chips)
RaisemyNut$: posts small blind $1
Grieserix: posts big blind $3
*** HOLE CARDS ***
RaisemyNut$: raises $3 to $6
Grieserix: calls $3
*** FLOP *** [Js 9d Th]
Grieserix: checks
RaisemyNut$: bets $3
Grieserix: folds
Uncalled bet ($3) returned to RaisemyNut$
RaisemyNut$ collected $11.76 from pot
RaisemyNut$: doesn't show hand
*** SUMMARY ***
Total pot $12 | Rake $0.24
Board [Js 9d Th]
Seat 2: Grieserix (big blind) folded on the Flop
Seat 5: RaisemyNut$ (button) (small blind) collected ($11.76)


PokerStars Hand #154242669470:  Hold'em Limit ($3/$6 USD) - 2016/06/03 15:28:42 ET
Table 'Peacock II' 6-max Seat #5 is the button
Seat 2: Grieserix ($225.20 in chips)
Seat 5: RaisemyNut$ ($71.52 in chips)
RaisemyNut$: posts small blind $1
Grieserix: posts big blind $3
*** HOLE CARDS ***
RaisemyNut$: raises $3 to $6
Grieserix: folds
Uncalled bet ($3) returned to RaisemyNut$
RaisemyNut$ collected $6 from pot
RaisemyNut$: doesn't show hand
*** SUMMARY ***
Total pot $6 | Rake $0
Seat 2: Grieserix (big blind) folded before Flop
Seat 5: RaisemyNut$ (button) (small blind) collected ($6)


PokerStars Hand #154242659850:  Hold'em Limit ($3/$6 USD) - 2016/06/03 15:28:31 ET
Table 'Peacock II' 6-max Seat #2 is the button
Seat 2: Grieserix ($231.20 in chips)
Seat 5: RaisemyNut$ ($65.76 in chips)
Grieserix: posts small blind $1
RaisemyNut$: posts big blind $3
*** HOLE CARDS ***
Grieserix: raises $3 to $6
RaisemyNut$: calls $3
*** FLOP *** [Kd 4h 8c]
RaisemyNut$: checks
Grieserix: checks
*** TURN *** [Kd 4h 8c] [Td]
RaisemyNut$: bets $6
Grieserix: folds
Uncalled bet ($6) returned to RaisemyNut$
RaisemyNut$ collected $11.76 from pot
RaisemyNut$: doesn't show hand
*** SUMMARY ***
Total pot $12 | Rake $0.24
Board [Kd 4h 8c Td]
Seat 2: Grieserix (button) (small blind) folded on the Turn
Seat 5: RaisemyNut$ (big blind) collected ($11.76)


PokerStars Hand #154242673858:  Hold'em Limit ($3/$6 USD) - 2016/06/03 15:28:47 ET
Table 'Peacock II' 6-max Seat #2 is the button
Seat 2: Grieserix ($222.20 in chips)
Seat 5: RaisemyNut$ ($74.52 in chips)
Grieserix: posts small blind $1
RaisemyNut$: posts big blind $3
*** HOLE CARDS ***
Grieserix: folds
Uncalled bet ($2) returned to RaisemyNut$
RaisemyNut$ collected $2 from pot
RaisemyNut$: doesn't show hand
*** SUMMARY ***
Total pot $2 | Rake $0
Seat 2: Grieserix (button) (small blind) folded before Flop
Seat 5: RaisemyNut$ (big blind) collected ($2)


PokerStars Hand #154242693420:  Hold'em Limit ($3/$6 USD) - 2016/06/03 15:29:10 ET
Table 'Peacock II' 6-max Seat #2 is the button
Seat 2: Grieserix ($206.20 in chips)
Seat 5: RaisemyNut$ ($90.02 in chips)
Grieserix: posts small blind $1
RaisemyNut$: posts big blind $3
*** HOLE CARDS ***
Grieserix: raises $3 to $6
RaisemyNut$: folds
Uncalled bet ($3) returned to Grieserix
Grieserix collected $6 from pot
Grieserix: doesn't show hand
*** SUMMARY ***
Total pot $6 | Rake $0
Seat 2: Grieserix (button) (small blind) collected ($6)
Seat 5: RaisemyNut$ (big blind) folded before Flop


PokerStars Hand #154242677730:  Hold'em Limit ($3/$6 USD) - 2016/06/03 15:28:52 ET
Table 'Peacock II' 6-max Seat #5 is the button
Seat 2: Grieserix ($221.20 in chips)
Seat 5: RaisemyNut$ ($75.52 in chips)
RaisemyNut$: posts small blind $1
Grieserix: posts big blind $3
*** HOLE CARDS ***
RaisemyNut$: raises $3 to $6
Grieserix: calls $3
*** FLOP *** [Qh Js 2d]
Grieserix: checks
RaisemyNut$: bets $3
Grieserix: calls $3
*** TURN *** [Qh Js 2d] [As]
Grieserix: checks
RaisemyNut$: bets $6
Grieserix: calls $6
*** RIVER *** [Qh Js 2d As] [6s]
Grieserix: checks
RaisemyNut$: bets $6
Grieserix: folds
Uncalled bet ($6) returned to RaisemyNut$
RaisemyNut$ collected $29.50 from pot
RaisemyNut$: doesn't show hand
*** SUMMARY ***
Total pot $30 | Rake $0.50
Board [Qh Js 2d As 6s]
Seat 2: Grieserix (big blind) folded on the River
Seat 5: RaisemyNut$ (button) (small blind) collected ($29.50)


PokerStars Hand #154242698098:  Hold'em Limit ($3/$6 USD) - 2016/06/03 15:29:16 ET
Table 'Peacock II' 6-max Seat #5 is the button
Seat 2: Grieserix ($209.20 in chips)
Seat 5: RaisemyNut$ ($87.02 in chips)
RaisemyNut$: posts small blind $1
Grieserix: posts big blind $3
*** HOLE CARDS ***
RaisemyNut$: raises $3 to $6
Grieserix: raises $3 to $9
RaisemyNut$: calls $3
*** FLOP *** [2c Qs 9d]
Grieserix: bets $3
RaisemyNut$: folds
Uncalled bet ($3) returned to Grieserix
Grieserix collected $17.64 from pot
Grieserix: doesn't show hand
*** SUMMARY ***
Total pot $18 | Rake $0.36
Board [2c Qs 9d]
Seat 2: Grieserix (big blind) collected ($17.64)
Seat 5: RaisemyNut$ (button) (small blind) folded on the Flop


PokerStars Hand #154242711113:  Hold'em Limit ($3/$6 USD) - 2016/06/03 15:29:32 ET
Table 'Peacock II' 6-max Seat #2 is the button
Seat 2: Grieserix ($217.84 in chips)
Seat 5: RaisemyNut$ ($78.02 in chips)
Grieserix: posts small blind $1
RaisemyNut$: posts big blind $3
*** HOLE CARDS ***
Grieserix: raises $3 to $6
RaisemyNut$: calls $3
*** FLOP *** [5s Ts 6d]
RaisemyNut$: checks
Grieserix: bets $3
RaisemyNut$: raises $3 to $6
Grieserix: raises $3 to $9
RaisemyNut$: calls $3
*** TURN *** [5s Ts 6d] [7c]
RaisemyNut$: checks
Grieserix: bets $6
RaisemyNut$: raises $6 to $12
Grieserix: calls $6
*** RIVER *** [5s Ts 6d 7c] [As]
RaisemyNut$: bets $6
Grieserix: raises $6 to $12
RaisemyNut$: calls $6
*** SHOW DOWN ***
Grieserix: shows [Tc Ah] (two pair, Aces and Tens)
RaisemyNut$: mucks hand
Grieserix collected $77.50 from pot
*** SUMMARY ***
Total pot $78 | Rake $0.50
Board [5s Ts 6d 7c As]
Seat 2: Grieserix (button) (small blind) showed [Tc Ah] and won ($77.50) with two pair, Aces and Tens
Seat 5: RaisemyNut$ (big blind) mucked


PokerStars Hand #154242732084:  Hold'em Limit ($3/$6 USD) - 2016/06/03 15:29:56 ET
Table 'Peacock II' 6-max Seat #5 is the button
Seat 2: Grieserix ($256.34 in chips)
Seat 5: RaisemyNut$ ($60 in chips)
RaisemyNut$: posts small blind $1
Grieserix: posts big blind $3
*** HOLE CARDS ***
RaisemyNut$: raises $3 to $6
Grieserix: calls $3
*** FLOP *** [7d 8h Th]
Grieserix: checks
RaisemyNut$: bets $3
Grieserix: calls $3
*** TURN *** [7d 8h Th] [5d]
Grieserix: checks
RaisemyNut$: checks
*** RIVER *** [7d 8h Th 5d] [4c]
Grieserix: bets $6
RaisemyNut$: folds
Uncalled bet ($6) returned to Grieserix
Grieserix collected $17.64 from pot
Grieserix: doesn't show hand
*** SUMMARY ***
Total pot $18 | Rake $0.36
Board [7d 8h Th 5d 4c]
Seat 2: Grieserix (big blind) collected ($17.64)
Seat 5: RaisemyNut$ (button) (small blind) folded on the River


PokerStars Hand #154242751639:  Hold'em Limit ($3/$6 USD) - 2016/06/03 15:30:19 ET
Table 'Peacock II' 6-max Seat #2 is the button
Seat 2: Grieserix ($264.98 in chips)
Seat 5: RaisemyNut$ ($60 in chips)
Grieserix: posts small blind $1
RaisemyNut$: posts big blind $3
*** HOLE CARDS ***
Grieserix: raises $3 to $6
RaisemyNut$: raises $3 to $9
Grieserix: calls $3
*** FLOP *** [9s Th 6c]
RaisemyNut$: bets $3
Grieserix: calls $3
*** TURN *** [9s Th 6c] [Ks]
RaisemyNut$: bets $6
Grieserix: folds
Uncalled bet ($6) returned to RaisemyNut$
RaisemyNut$ collected $23.52 from pot
RaisemyNut$: doesn't show hand
*** SUMMARY ***
Total pot $24 | Rake $0.48
Board [9s Th 6c Ks]
Seat 2: Grieserix (button) (small blind) folded on the Turn
Seat 5: RaisemyNut$ (big blind) collected ($23.52)


PokerStars Hand #154242780723:  Hold'em Limit ($3/$6 USD) - 2016/06/03 15:30:54 ET
Table 'Peacock II' 6-max Seat #2 is the button
Seat 2: Grieserix ($234.98 in chips)
Seat 5: RaisemyNut$ ($89.02 in chips)
Grieserix: posts small blind $1
RaisemyNut$: posts big blind $3
*** HOLE CARDS ***
Grieserix: folds
Uncalled bet ($2) returned to RaisemyNut$
RaisemyNut$ collected $2 from pot
RaisemyNut$: doesn't show hand
*** SUMMARY ***
Total pot $2 | Rake $0
Seat 2: Grieserix (button) (small blind) folded before Flop
Seat 5: RaisemyNut$ (big blind) collected ($2)


PokerStars Hand #154242762948:  Hold'em Limit ($3/$6 USD) - 2016/06/03 15:30:33 ET
Table 'Peacock II' 6-max Seat #5 is the button
Seat 2: Grieserix ($252.98 in chips)
Seat 5: RaisemyNut$ ($71.52 in chips)
RaisemyNut$: posts small blind $1
Grieserix: posts big blind $3
*** HOLE CARDS ***
RaisemyNut$: raises $3 to $6
Grieserix: calls $3
*** FLOP *** [Qd 6s 5d]
Grieserix: bets $3
RaisemyNut$: raises $3 to $6
Grieserix: calls $3
*** TURN *** [Qd 6s 5d] [Ks]
Grieserix: checks
RaisemyNut$: bets $6
Grieserix: calls $6
*** RIVER *** [Qd 6s 5d Ks] [Ts]
Grieserix: checks
RaisemyNut$: bets $6
Grieserix: folds
Uncalled bet ($6) returned to RaisemyNut$
RaisemyNut$ collected $35.50 from pot
RaisemyNut$: doesn't show hand
*** SUMMARY ***
Total pot $36 | Rake $0.50
Board [Qd 6s 5d Ks Ts]
Seat 2: Grieserix (big blind) folded on the River
Seat 5: RaisemyNut$ (button) (small blind) collected ($35.50)


PokerStars Hand #154242816442:  Hold'em Limit ($3/$6 USD) - 2016/06/03 15:31:36 ET
Table 'Peacock II' 6-max Seat #6 is the button
Seat 5: RaisemyNut$ ($66.02 in chips)
Seat 6: chengong ($222.46 in chips)
chengong: posts small blind $1
RaisemyNut$: posts big blind $3
*** HOLE CARDS ***
chengong: raises $3 to $6
RaisemyNut$: calls $3
*** FLOP *** [2d Kh 2h]
RaisemyNut$: checks
kolaz03 joins the table at seat #1
chengong: bets $3
RaisemyNut$: folds
Uncalled bet ($3) returned to chengong
chengong collected $11.76 from pot
chengong: doesn't show hand
*** SUMMARY ***
Total pot $12 | Rake $0.24
Board [2d Kh 2h]
Seat 5: RaisemyNut$ (big blind) folded on the Flop
Seat 6: chengong (button) (small blind) collected ($11.76)


PokerStars Hand #154242839855:  Hold'em Limit ($3/$6 USD) - 2016/06/03 15:32:03 ET
Table 'Peacock II' 6-max Seat #5 is the button
Seat 5: RaisemyNut$ ($60.02 in chips)
Seat 6: chengong ($228.22 in chips)
RaisemyNut$: posts small blind $1
chengong: posts big blind $3
*** HOLE CARDS ***
RaisemyNut$: raises $3 to $6
chengong: calls $3
*** FLOP *** [Tc 9d 7d]
chengong: bets $3
RaisemyNut$: calls $3
*** TURN *** [Tc 9d 7d] [8c]
chengong: bets $6
RaisemyNut$: calls $6
*** RIVER *** [Tc 9d 7d 8c] [5s]
chengong: bets $6
RaisemyNut$: folds
Uncalled bet ($6) returned to chengong
chengong collected $29.50 from pot
*** SUMMARY ***
Total pot $30 | Rake $0.50
Board [Tc 9d 7d 8c 5s]
Seat 5: RaisemyNut$ (button) (small blind) folded on the River
Seat 6: chengong (big blind) collected ($29.50)


PokerStars Hand #154245328679:  Hold'em Limit ($3/$6 USD) - 2016/06/03 16:21:22 ET
Table 'Peacock II' 6-max Seat #6 is the button
Seat 1: 7superpoker ($109.19 in chips)
Seat 6: Hadart ($140.04 in chips)
Hadart: posts small blind $1
7superpoker: posts big blind $3
*** HOLE CARDS ***
Hadart: raises $3 to $6
7superpoker: calls $3
*** FLOP *** [Ah 9h Jd]
7superpoker: checks
Hadart: bets $3
7superpoker: calls $3
*** TURN *** [Ah 9h Jd] [2s]
7superpoker: checks
Hadart: bets $6
7superpoker: calls $6
*** RIVER *** [Ah 9h Jd 2s] [4h]
7superpoker: checks
Hadart: checks
*** SHOW DOWN ***
7superpoker: shows [9c 8h] (a pair of Nines)
Hadart: shows [Qc Qh] (a pair of Queens)
Hadart collected $29.50 from pot
*** SUMMARY ***
Total pot $30 | Rake $0.50
Board [Ah 9h Jd 2s 4h]
Seat 1: 7superpoker (big blind) showed [9c 8h] and lost with a pair of Nines
Seat 6: Hadart (button) (small blind) showed [Qc Qh] and won ($29.50) with a pair of Queens


PokerStars Hand #154245322832:  Hold'em Limit ($3/$6 USD) - 2016/06/03 16:21:15 ET
Table 'Peacock II' 6-max Seat #1 is the button
Seat 1: 7superpoker ($106.19 in chips)
Seat 6: Hadart ($143.04 in chips)
7superpoker: posts small blind $1
RaisemyNut$: is sitting out
Hadart: posts big blind $3
*** HOLE CARDS ***
7superpoker: raises $3 to $6
Hadart: folds
Uncalled bet ($3) returned to 7superpoker
7superpoker collected $6 from pot
7superpoker: doesn't show hand
*** SUMMARY ***
Total pot $6 | Rake $0
Seat 1: 7superpoker (button) (small blind) collected ($6)
Seat 6: Hadart (big blind) folded before Flop


PokerStars Hand #154245352522:  Hold'em Limit ($3/$6 USD) - 2016/06/03 16:21:49 ET
Table 'Peacock II' 6-max Seat #1 is the button
Seat 1: 7superpoker ($94.19 in chips)
Seat 6: Hadart ($154.54 in chips)
7superpoker: posts small blind $1
Hadart: posts big blind $3
*** HOLE CARDS ***
7superpoker: raises $3 to $6
Hadart: calls $3
*** FLOP *** [Qc 7d Jh]
Hadart: checks
7superpoker: bets $3
Hadart: calls $3
*** TURN *** [Qc 7d Jh] [9h]
Hadart: checks
7superpoker: bets $6
Hadart: calls $6
*** RIVER *** [Qc 7d Jh 9h] [4h]
Hadart: checks
7superpoker: checks
*** SHOW DOWN ***
Hadart: shows [7c Ks] (a pair of Sevens)
7superpoker: mucks hand
Hadart collected $29.50 from pot
*** SUMMARY ***
Total pot $30 | Rake $0.50
Board [Qc 7d Jh 9h 4h]
Seat 1: 7superpoker (button) (small blind) mucked
Seat 6: Hadart (big blind) showed [7c Ks] and won ($29.50) with a pair of Sevens


PokerStars Hand #154245371997:  Hold'em Limit ($3/$6 USD) - 2016/06/03 16:22:12 ET
Table 'Peacock II' 6-max Seat #6 is the button
Seat 1: 7superpoker ($79.19 in chips)
Seat 6: Hadart ($169.04 in chips)
Hadart: posts small blind $1
7superpoker: posts big blind $3
*** HOLE CARDS ***
Hadart: raises $3 to $6
7superpoker: calls $3
*** FLOP *** [Kc Tc 8d]
7superpoker: checks
Hadart: bets $3
7superpoker: folds
Uncalled bet ($3) returned to Hadart
Hadart collected $11.76 from pot
Hadart: doesn't show hand
*** SUMMARY ***
Total pot $12 | Rake $0.24
Board [Kc Tc 8d]
Seat 1: 7superpoker (big blind) folded on the Flop
Seat 6: Hadart (button) (small blind) collected ($11.76)


PokerStars Hand #154245386029:  Hold'em Limit ($3/$6 USD) - 2016/06/03 16:22:28 ET
Table 'Peacock II' 6-max Seat #1 is the button
Seat 1: 7superpoker ($73.19 in chips)
Seat 6: Hadart ($174.80 in chips)
7superpoker: posts small blind $1
Hadart: posts big blind $3
*** HOLE CARDS ***
7superpoker: raises $3 to $6
Hadart: folds
Uncalled bet ($3) returned to 7superpoker
7superpoker collected $6 from pot
7superpoker: doesn't show hand
*** SUMMARY ***
Total pot $6 | Rake $0
Seat 1: 7superpoker (button) (small blind) collected ($6)
Seat 6: Hadart (big blind) folded before Flop


PokerStars Hand #154245397233:  Hold'em Limit ($3/$6 USD) - 2016/06/03 16:22:41 ET
Table 'Peacock II' 6-max Seat #1 is the button
Seat 1: 7superpoker ($73.19 in chips)
Seat 6: Hadart ($174.80 in chips)
7superpoker: posts small blind $1
Hadart: posts big blind $3
*** HOLE CARDS ***
7superpoker: folds
Uncalled bet ($2) returned to Hadart
Hadart collected $2 from pot
Hadart: doesn't show hand
*** SUMMARY ***
Total pot $2 | Rake $0
Seat 1: 7superpoker (button) (small blind) folded before Flop
Seat 6: Hadart (big blind) collected ($2)


PokerStars Hand #154245391335:  Hold'em Limit ($3/$6 USD) - 2016/06/03 16:22:34 ET
Table 'Peacock II' 6-max Seat #6 is the button
Seat 1: 7superpoker ($76.19 in chips)
Seat 6: Hadart ($171.80 in chips)
Hadart: posts small blind $1
7superpoker: posts big blind $3
*** HOLE CARDS ***
Hadart: raises $3 to $6
7superpoker: folds
Uncalled bet ($3) returned to Hadart
Hadart collected $6 from pot
Hadart: doesn't show hand
*** SUMMARY ***
Total pot $6 | Rake $0
Seat 1: 7superpoker (big blind) folded before Flop
Seat 6: Hadart (button) (small blind) collected ($6)


PokerStars Hand #154245402555:  Hold'em Limit ($3/$6 USD) - 2016/06/03 16:22:47 ET
Table 'Peacock II' 6-max Seat #6 is the button
Seat 1: 7superpoker ($72.19 in chips)
Seat 6: Hadart ($175.80 in chips)
Hadart: posts small blind $1
7superpoker: posts big blind $3
*** HOLE CARDS ***
Hadart: folds
Uncalled bet ($2) returned to 7superpoker
7superpoker collected $2 from pot
7superpoker: doesn't show hand
*** SUMMARY ***
Total pot $2 | Rake $0
Seat 1: 7superpoker (big blind) collected ($2)
Seat 6: Hadart (button) (small blind) folded before Flop


PokerStars Hand #154245430074:  Hold'em Limit ($3/$6 USD) - 2016/06/03 16:23:19 ET
Table 'Peacock II' 6-max Seat #6 is the button
Seat 1: 7superpoker ($43.19 in chips)
Seat 6: Hadart ($204.30 in chips)
Hadart: posts small blind $1
7superpoker: posts big blind $3
*** HOLE CARDS ***
Hadart: folds
Uncalled bet ($2) returned to 7superpoker
RaisemyNut$ leaves the table
7superpoker collected $2 from pot
7superpoker: doesn't show hand
*** SUMMARY ***
Total pot $2 | Rake $0
Seat 1: 7superpoker (big blind) collected ($2)
Seat 6: Hadart (button) (small blind) folded before Flop


PokerStars Hand #154245407209:  Hold'em Limit ($3/$6 USD) - 2016/06/03 16:22:52 ET
Table 'Peacock II' 6-max Seat #1 is the button
Seat 1: 7superpoker ($73.19 in chips)
Seat 6: Hadart ($174.80 in chips)
7superpoker: posts small blind $1
Hadart: posts big blind $3
*** HOLE CARDS ***
7superpoker: raises $3 to $6
Hadart: raises $3 to $9
7superpoker: calls $3
*** FLOP *** [2c 8s Js]
Hadart: bets $3
7superpoker: calls $3
*** TURN *** [2c 8s Js] [Td]
Hadart: bets $6
7superpoker: raises $6 to $12
Hadart: calls $6
*** RIVER *** [2c 8s Js Td] [9s]
Hadart: bets $6
7superpoker: calls $6
*** SHOW DOWN ***
Hadart: shows [Th Qh] (a straight, Eight to Queen)
7superpoker: mucks hand
Hadart collected $59.50 from pot
*** SUMMARY ***
Total pot $60 | Rake $0.50
Board [2c 8s Js Td 9s]
Seat 1: 7superpoker (button) (small blind) mucked
Seat 6: Hadart (big blind) showed [Th Qh] and won ($59.50) with a straight, Eight to Queen


PokerStars Hand #154245436923:  Hold'em Limit ($3/$6 USD) - 2016/06/03 16:23:27 ET
Table 'Peacock II' 6-max Seat #1 is the button
Seat 1: 7superpoker ($44.19 in chips)
Seat 6: Hadart ($203.30 in chips)
7superpoker: posts small blind $1
Hadart: posts big blind $3
*** HOLE CARDS ***
7superpoker: raises $3 to $6
Hadart: folds
Uncalled bet ($3) returned to 7superpoker
7superpoker collected $6 from pot
7superpoker: doesn't show hand
*** SUMMARY ***
Total pot $6 | Rake $0
Seat 1: 7superpoker (button) (small blind) collected ($6)
Seat 6: Hadart (big blind) folded before Flop


PokerStars Hand #154245442622:  Hold'em Limit ($3/$6 USD) - 2016/06/03 16:23:33 ET
Table 'Peacock II' 6-max Seat #6 is the button
Seat 1: 7superpoker ($47.19 in chips)
Seat 6: Hadart ($200.30 in chips)
Hadart: posts small blind $1
7superpoker: posts big blind $3
*** HOLE CARDS ***
Hadart: raises $3 to $6
7superpoker: calls $3
*** FLOP *** [Jc 2d Ks]
7superpoker: checks
Hadart: bets $3
7superpoker: folds
Uncalled bet ($3) returned to Hadart
Hadart collected $11.76 from pot
Hadart: doesn't show hand
*** SUMMARY ***
Total pot $12 | Rake $0.24
Board [Jc 2d Ks]
Seat 1: 7superpoker (big blind) folded on the Flop
Seat 6: Hadart (button) (small blind) collected ($11.76)


PokerStars Hand #154245454619:  Hold'em Limit ($3/$6 USD) - 2016/06/03 16:23:47 ET
Table 'Peacock II' 6-max Seat #1 is the button
Seat 1: 7superpoker ($41.19 in chips)
Seat 6: Hadart ($206.06 in chips)
7superpoker: posts small blind $1
Hadart: posts big blind $3
*** HOLE CARDS ***
7superpoker: raises $3 to $6
Hadart: calls $3
*** FLOP *** [Qc Jc 8h]
Hadart: checks
7superpoker: bets $3
Hadart: calls $3
*** TURN *** [Qc Jc 8h] [9h]
Hadart: checks
7superpoker: checks
*** RIVER *** [Qc Jc 8h 9h] [2d]
Hadart: checks
7superpoker: checks
*** SHOW DOWN ***
Hadart: shows [8d 5d] (a pair of Eights)
7superpoker: mucks hand
Hadart collected $17.64 from pot
*** SUMMARY ***
Total pot $18 | Rake $0.36
Board [Qc Jc 8h 9h 2d]
Seat 1: 7superpoker (button) (small blind) mucked
Seat 6: Hadart (big blind) showed [8d 5d] and won ($17.64) with a pair of Eights


PokerStars Hand #154245484308:  Hold'em Limit ($3/$6 USD) - 2016/06/03 16:24:22 ET
Table 'Peacock II' 6-max Seat #1 is the button
Seat 1: 7superpoker ($26.19 in chips)
Seat 6: Hadart ($220.46 in chips)
7superpoker: posts small blind $1
Hadart: posts big blind $3
*** HOLE CARDS ***
7superpoker: raises $3 to $6
Hadart: folds
Uncalled bet ($3) returned to 7superpoker
7superpoker collected $6 from pot
7superpoker: doesn't show hand
*** SUMMARY ***
Total pot $6 | Rake $0
Seat 1: 7superpoker (button) (small blind) collected ($6)
Seat 6: Hadart (big blind) folded before Flop


PokerStars Hand #154245472048:  Hold'em Limit ($3/$6 USD) - 2016/06/03 16:24:08 ET
Table 'Peacock II' 6-max Seat #6 is the button
Seat 1: 7superpoker ($32.19 in chips)
Seat 6: Hadart ($214.70 in chips)
Hadart: posts small blind $1
7superpoker: posts big blind $3
*** HOLE CARDS ***
Hadart: raises $3 to $6
7superpoker: calls $3
*** FLOP *** [Ad 4c Ac]
7superpoker: checks
Hadart: bets $3
7superpoker: folds
Uncalled bet ($3) returned to Hadart
Hadart collected $11.76 from pot
Hadart: doesn't show hand
*** SUMMARY ***
Total pot $12 | Rake $0.24
Board [Ad 4c Ac]
Seat 1: 7superpoker (big blind) folded on the Flop
Seat 6: Hadart (button) (small blind) collected ($11.76)


PokerStars Hand #154245497551:  Hold'em Limit ($3/$6 USD) - 2016/06/03 16:24:36 ET
Table 'Peacock II' 6-max Seat #1 is the button
Seat 1: 7superpoker ($30.19 in chips)
Seat 6: Hadart ($216.46 in chips)
7superpoker: posts small blind $1
Hadart: posts big blind $3
*** HOLE CARDS ***
7superpoker: folds
Uncalled bet ($2) returned to Hadart
Hadart collected $2 from pot
Hadart: doesn't show hand
*** SUMMARY ***
Total pot $2 | Rake $0
Seat 1: 7superpoker (button) (small blind) folded before Flop
Seat 6: Hadart (big blind) collected ($2)


PokerStars Hand #154245493215:  Hold'em Limit ($3/$6 USD) - 2016/06/03 16:24:31 ET
Table 'Peacock II' 6-max Seat #6 is the button
Seat 1: 7superpoker ($29.19 in chips)
Seat 6: Hadart ($217.46 in chips)
Hadart: posts small blind $1
7superpoker: posts big blind $3
*** HOLE CARDS ***
Hadart: folds
Uncalled bet ($2) returned to 7superpoker
7superpoker collected $2 from pot
7superpoker: doesn't show hand
*** SUMMARY ***
Total pot $2 | Rake $0
Seat 1: 7superpoker (big blind) collected ($2)
Seat 6: Hadart (button) (small blind) folded before Flop


PokerStars Hand #154245501827:  Hold'em Limit ($3/$6 USD) - 2016/06/03 16:24:41 ET
Table 'Peacock II' 6-max Seat #6 is the button
Seat 1: 7superpoker ($29.19 in chips)
Seat 6: Hadart ($217.46 in chips)
Hadart: posts small blind $1
7superpoker: posts big blind $3
*** HOLE CARDS ***
Hadart: raises $3 to $6
7superpoker: raises $3 to $9
B_loJkl leaves the table
Hadart: calls $3
*** FLOP *** [2s 4h Js]
7superpoker: bets $3
Hadart: folds
Uncalled bet ($3) returned to 7superpoker
7superpoker collected $17.64 from pot
7superpoker: doesn't show hand
*** SUMMARY ***
Total pot $18 | Rake $0.36
Board [2s 4h Js]
Seat 1: 7superpoker (big blind) collected ($17.64)
Seat 6: Hadart (button) (small blind) folded on the Flop


PokerStars Hand #154245513259:  Hold'em Limit ($3/$6 USD) - 2016/06/03 16:24:54 ET
Table 'Peacock II' 6-max Seat #1 is the button
Seat 1: 7superpoker ($37.83 in chips)
Seat 6: Hadart ($208.46 in chips)
7superpoker: posts small blind $1
Hadart: posts big blind $3
*** HOLE CARDS ***
7superpoker: raises $3 to $6
Hadart: calls $3
*** FLOP *** [8c 9h 6d]
Hadart: checks
7superpoker: bets $3
Hadart: raises $3 to $6
7superpoker: raises $3 to $9
Hadart: calls $3
*** TURN *** [8c 9h 6d] [Kh]
Hadart: checks
7superpoker: bets $6
Hadart: calls $6
*** RIVER *** [8c 9h 6d Kh] [5c]
Hadart: checks
7superpoker: checks
*** SHOW DOWN ***
Hadart: shows [5d 8s] (two pair, Eights and Fives)
7superpoker: shows [6c 8h] (two pair, Eights and Sixes)
7superpoker collected $41.50 from pot
*** SUMMARY ***
Total pot $42 | Rake $0.50
Board [8c 9h 6d Kh 5c]
Seat 1: 7superpoker (button) (small blind) showed [6c 8h] and won ($41.50) with two pair, Eights and Sixes
Seat 6: Hadart (big blind) showed [5d 8s] and lost with two pair, Eights and Fives


PokerStars Hand #154245536256:  Hold'em Limit ($3/$6 USD) - 2016/06/03 16:25:21 ET
Table 'Peacock II' 6-max Seat #6 is the button
Seat 1: 7superpoker ($58.33 in chips)
Seat 6: Hadart ($187.46 in chips)
Hadart: posts small blind $1
7superpoker: posts big blind $3
*** HOLE CARDS ***
Hadart: folds
Uncalled bet ($2) returned to 7superpoker
7superpoker collected $2 from pot
7superpoker: doesn't show hand
*** SUMMARY ***
Total pot $2 | Rake $0
Seat 1: 7superpoker (big blind) collected ($2)
Seat 6: Hadart (button) (small blind) folded before Flop


PokerStars Hand #154245540402:  Hold'em Limit ($3/$6 USD) - 2016/06/03 16:25:26 ET
Table 'Peacock II' 6-max Seat #1 is the button
Seat 1: 7superpoker ($59.33 in chips)
Seat 6: Hadart ($186.46 in chips)
7superpoker: posts small blind $1
Hadart: posts big blind $3
*** HOLE CARDS ***
7superpoker: raises $3 to $6
Hadart: calls $3
*** FLOP *** [3c 8s Jd]
Hadart: checks
7superpoker: bets $3
Hadart: calls $3
*** TURN *** [3c 8s Jd] [Qh]
Hadart: checks
7superpoker: bets $6
Hadart: calls $6
*** RIVER *** [3c 8s Jd Qh] [6h]
Hadart: checks
7superpoker: bets $6
Hadart: folds
Uncalled bet ($6) returned to 7superpoker
7superpoker collected $29.50 from pot
7superpoker: doesn't show hand
*** SUMMARY ***
Total pot $30 | Rake $0.50
Board [3c 8s Jd Qh 6h]
Seat 1: 7superpoker (button) (small blind) collected ($29.50)
Seat 6: Hadart (big blind) folded on the River


PokerStars Hand #154245562877:  Hold'em Limit ($3/$6 USD) - 2016/06/03 16:25:52 ET
Table 'Peacock II' 6-max Seat #6 is the button
Seat 1: 7superpoker ($73.83 in chips)
Seat 6: Hadart ($171.46 in chips)
Hadart: posts small blind $1
7superpoker: posts big blind $3
*** HOLE CARDS ***
Hadart: raises $3 to $6
7superpoker: calls $3
*** FLOP *** [Kc 9h 7h]
7superpoker: bets $3
Alan The For joins the table at seat #3
Hadart: calls $3
*** TURN *** [Kc 9h 7h] [9c]
7superpoker: bets $6
Hadart: calls $6
*** RIVER *** [Kc 9h 7h 9c] [3d]
7superpoker: checks
Hadart: checks
*** SHOW DOWN ***
7superpoker: shows [8d Ac] (a pair of Nines)
Hadart: mucks hand
7superpoker collected $29.50 from pot
*** SUMMARY ***
Total pot $30 | Rake $0.50
Board [Kc 9h 7h 9c 3d]
Seat 1: 7superpoker (big blind) showed [8d Ac] and won ($29.50) with a pair of Nines
Seat 6: Hadart (button) (small blind) mucked


PokerStars Hand #154247861766:  Hold'em Limit ($3/$6 USD) - 2016/06/03 17:10:48 ET
Table 'Peacock II' 6-max Seat #6 is the button
Seat 3: RaisemyNut$ ($108.64 in chips)
Seat 6: krossguard ($100 in chips)
krossguard: posts small blind $1
RaisemyNut$: posts big blind $3
*** HOLE CARDS ***
krossguard: raises $3 to $6
RaisemyNut$: folds
Uncalled bet ($3) returned to krossguard
NiktheDon leaves the table
krossguard collected $6 from pot
krossguard: doesn't show hand
*** SUMMARY ***
Total pot $6 | Rake $0
Seat 3: RaisemyNut$ (big blind) folded before Flop
Seat 6: krossguard (button) (small blind) collected ($6)


PokerStars Hand #154247856035:  Hold'em Limit ($3/$6 USD) - 2016/06/03 17:10:41 ET
Table 'Peacock II' 6-max Seat #3 is the button
Seat 3: RaisemyNut$ ($109.64 in chips)
Seat 6: krossguard ($99 in chips)
RaisemyNut$: posts small blind $1
krossguard: posts big blind $3
*** HOLE CARDS ***
RaisemyNut$: folds
Uncalled bet ($2) returned to krossguard
krossguard collected $2 from pot
krossguard: doesn't show hand
*** SUMMARY ***
Total pot $2 | Rake $0
Seat 3: RaisemyNut$ (button) (small blind) folded before Flop
Seat 6: krossguard (big blind) collected ($2)


