PokerStars Hand #148150886085:  Hold'em Limit ($3/$6 USD) - 2016/02/03 2:20:02 ET
Table 'Peacock' 6-max Seat #3 is the button
Seat 3: permafrost07 ($69 in chips)
Seat 4: Actionni13 ($200 in chips)
permafrost07: posts small blind $1
Actionni13: posts big blind $3
*** HOLE CARDS ***
permafrost07: raises $3 to $6
Actionni13: folds
Uncalled bet ($3) returned to permafrost07
permafrost07 collected $6 from pot
permafrost07: doesn't show hand
*** SUMMARY ***
Total pot $6 | Rake $0
Seat 3: permafrost07 (button) (small blind) collected ($6)
Seat 4: Actionni13 (big blind) folded before Flop


PokerStars Hand #148150878362:  Hold'em Limit ($3/$6 USD) - 2016/02/03 2:19:36 ET
Table 'Peacock' 6-max Seat #4 is the button
Seat 3: permafrost07 ($105 in chips)
Seat 4: Actionni13 ($164.50 in chips)
Actionni13: posts small blind $1
permafrost07: posts big blind $3
*** HOLE CARDS ***
Actionni13: raises $3 to $6
permafrost07: raises $3 to $9
Actionni13: calls $3
*** FLOP *** [6h As Kh]
permafrost07: bets $3
Actionni13: calls $3
*** TURN *** [6h As Kh] [Ac]
permafrost07: bets $6
Actionni13: raises $6 to $12
permafrost07: calls $6
*** RIVER *** [6h As Kh Ac] [Qs]
permafrost07: bets $6
Actionni13: raises $6 to $12
permafrost07: calls $6
*** SHOW DOWN ***
Actionni13: shows [Ad 6d] (a full house, Aces full of Sixes)
permafrost07: mucks hand
Actionni13 collected $71.50 from pot
*** SUMMARY ***
Total pot $72 | Rake $0.50
Board [6h As Kh Ac Qs]
Seat 3: permafrost07 (big blind) mucked
Seat 4: Actionni13 (button) (small blind) showed [Ad 6d] and won ($71.50) with a full house, Aces full of Sixes


PokerStars Hand #148150870730:  Hold'em Limit ($3/$6 USD) - 2016/02/03 2:19:10 ET
Table 'Peacock' 6-max Seat #3 is the button
Seat 3: permafrost07 ($120 in chips)
Seat 4: Actionni13 ($150 in chips)
permafrost07: posts small blind $1
Actionni13: posts big blind $3
*** HOLE CARDS ***
permafrost07: raises $3 to $6
Actionni13: calls $3
*** FLOP *** [4h Jd 4d]
Actionni13: checks
permafrost07: bets $3
Actionni13: calls $3
*** TURN *** [4h Jd 4d] [Ks]
Actionni13: checks
permafrost07: checks
*** RIVER *** [4h Jd 4d Ks] [Qc]
Actionni13: bets $6
permafrost07: calls $6
*** SHOW DOWN ***
Actionni13: shows [Qh 6c] (two pair, Queens and Fours)
permafrost07: mucks hand
Actionni13 collected $29.50 from pot
*** SUMMARY ***
Total pot $30 | Rake $0.50
Board [4h Jd 4d Ks Qc]
Seat 3: permafrost07 (button) (small blind) mucked
Seat 4: Actionni13 (big blind) showed [Qh 6c] and won ($29.50) with two pair, Queens and Fours


PokerStars Hand #148150889574:  Hold'em Limit ($3/$6 USD) - 2016/02/03 2:20:14 ET
Table 'Peacock' 6-max Seat #4 is the button
Seat 3: permafrost07 ($72 in chips)
Seat 4: Actionni13 ($197 in chips)
Actionni13: posts small blind $1
permafrost07: posts big blind $3
*** HOLE CARDS ***
Actionni13: raises $3 to $6
permafrost07: raises $3 to $9
Actionni13: calls $3
*** FLOP *** [Kc 7c 9c]
permafrost07: bets $3
Actionni13: folds
Uncalled bet ($3) returned to permafrost07
permafrost07 collected $17.64 from pot
permafrost07: doesn't show hand
*** SUMMARY ***
Total pot $18 | Rake $0.36
Board [Kc 7c 9c]
Seat 3: permafrost07 (big blind) collected ($17.64)
Seat 4: Actionni13 (button) (small blind) folded on the Flop


PokerStars Hand #148150895627:  Hold'em Limit ($3/$6 USD) - 2016/02/03 2:20:34 ET
Table 'Peacock' 6-max Seat #3 is the button
Seat 3: permafrost07 ($80.64 in chips)
Seat 4: Actionni13 ($188 in chips)
permafrost07: posts small blind $1
Actionni13: posts big blind $3
*** HOLE CARDS ***
permafrost07: raises $3 to $6
Actionni13: calls $3
*** FLOP *** [3d Kh Qh]
Actionni13: checks
permafrost07: bets $3
Actionni13: raises $3 to $6
permafrost07: raises $3 to $9
Actionni13: calls $3
*** TURN *** [3d Kh Qh] [Kc]
Actionni13: checks
permafrost07: bets $6
Actionni13: calls $6
*** RIVER *** [3d Kh Qh Kc] [5h]
Actionni13: checks
permafrost07: bets $6
Actionni13: calls $6
*** SHOW DOWN ***
permafrost07: shows [6c Ks] (three of a kind, Kings)
Actionni13: mucks hand
permafrost07 collected $53.50 from pot
*** SUMMARY ***
Total pot $54 | Rake $0.50
Board [3d Kh Qh Kc 5h]
Seat 3: permafrost07 (button) (small blind) showed [6c Ks] and won ($53.50) with three of a kind, Kings
Seat 4: Actionni13 (big blind) mucked


PokerStars Hand #148150916859:  Hold'em Limit ($3/$6 USD) - 2016/02/03 2:21:46 ET
Table 'Peacock' 6-max Seat #4 is the button
Seat 3: permafrost07 ($139.16 in chips)
Seat 4: Actionni13 ($150 in chips)
Actionni13: posts small blind $1
permafrost07: posts big blind $3
*** HOLE CARDS ***
Actionni13: folds
Uncalled bet ($2) returned to permafrost07
permafrost07 collected $2 from pot
permafrost07: doesn't show hand
*** SUMMARY ***
Total pot $2 | Rake $0
Seat 3: permafrost07 (big blind) collected ($2)
Seat 4: Actionni13 (button) (small blind) folded before Flop


PokerStars Hand #148150910794:  Hold'em Limit ($3/$6 USD) - 2016/02/03 2:21:25 ET
Table 'Peacock' 6-max Seat #3 is the button
Seat 3: permafrost07 ($118.66 in chips)
Seat 4: Actionni13 ($150 in chips)
permafrost07: posts small blind $1
Actionni13: posts big blind $3
*** HOLE CARDS ***
permafrost07: raises $3 to $6
Actionni13: calls $3
*** FLOP *** [8c 8s 8d]
Actionni13: checks
permafrost07: bets $3
Actionni13: calls $3
*** TURN *** [8c 8s 8d] [3d]
Actionni13: checks
permafrost07: checks
*** RIVER *** [8c 8s 8d 3d] [7s]
Actionni13: bets $6
permafrost07: raises $6 to $12
Actionni13: calls $6
*** SHOW DOWN ***
permafrost07: shows [7d Tc] (a full house, Eights full of Sevens)
Actionni13: mucks hand
permafrost07 collected $41.50 from pot
*** SUMMARY ***
Total pot $42 | Rake $0.50
Board [8c 8s 8d 3d 7s]
Seat 3: permafrost07 (button) (small blind) showed [7d Tc] and won ($41.50) with a full house, Eights full of Sevens
Seat 4: Actionni13 (big blind) mucked


PokerStars Hand #148150918484:  Hold'em Limit ($3/$6 USD) - 2016/02/03 2:21:52 ET
Table 'Peacock' 6-max Seat #3 is the button
Seat 3: permafrost07 ($140.16 in chips)
Seat 4: Actionni13 ($150 in chips)
permafrost07: posts small blind $1
Actionni13: posts big blind $3
*** HOLE CARDS ***
permafrost07: raises $3 to $6
Actionni13: calls $3
*** FLOP *** [Jh Jc Js]
Actionni13: checks
permafrost07: bets $3
Actionni13: calls $3
*** TURN *** [Jh Jc Js] [7c]
Actionni13: checks
permafrost07: bets $6
Actionni13: folds
Uncalled bet ($6) returned to permafrost07
permafrost07 collected $17.64 from pot
permafrost07: doesn't show hand
*** SUMMARY ***
Total pot $18 | Rake $0.36
Board [Jh Jc Js 7c]
Seat 3: permafrost07 (button) (small blind) collected ($17.64)
Seat 4: Actionni13 (big blind) folded on the Turn


PokerStars Hand #148150905775:  Hold'em Limit ($3/$6 USD) - 2016/02/03 2:21:09 ET
Table 'Peacock' 6-max Seat #4 is the button
Seat 3: permafrost07 ($107.14 in chips)
Seat 4: Actionni13 ($161 in chips)
Actionni13: posts small blind $1
permafrost07: posts big blind $3
*** HOLE CARDS ***
Actionni13: raises $3 to $6
permafrost07: raises $3 to $9
Actionni13: calls $3
*** FLOP *** [7c 2s 8d]
permafrost07: bets $3
Actionni13: calls $3
*** TURN *** [7c 2s 8d] [Jc]
permafrost07: bets $6
Actionni13: folds
Uncalled bet ($6) returned to permafrost07
permafrost07 collected $23.52 from pot
permafrost07: doesn't show hand
*** SUMMARY ***
Total pot $24 | Rake $0.48
Board [7c 2s 8d Jc]
Seat 3: permafrost07 (big blind) collected ($23.52)
Seat 4: Actionni13 (button) (small blind) folded on the Turn


PokerStars Hand #148151204310:  Hold'em Limit ($3/$6 USD) - 2016/02/03 2:37:42 ET
Table 'Peacock' 6-max Seat #4 is the button
Seat 3: AAdeninAA ($100 in chips)
Seat 4: Actionni13 ($150 in chips)
Actionni13: posts small blind $1
AAdeninAA: posts big blind $3
*** HOLE CARDS ***
Actionni13: raises $3 to $6
AAdeninAA: folds
Uncalled bet ($3) returned to Actionni13
Actionni13 collected $6 from pot
Actionni13: doesn't show hand
*** SUMMARY ***
Total pot $6 | Rake $0
Seat 3: AAdeninAA (big blind) folded before Flop
Seat 4: Actionni13 (button) (small blind) collected ($6)


PokerStars Hand #148151206910:  Hold'em Limit ($3/$6 USD) - 2016/02/03 2:37:50 ET
Table 'Peacock' 6-max Seat #3 is the button
Seat 3: AAdeninAA ($97 in chips)
Seat 4: Actionni13 ($153 in chips)
AAdeninAA: posts small blind $1
Actionni13: posts big blind $3
*** HOLE CARDS ***
AAdeninAA: raises $3 to $6
Actionni13: raises $3 to $9
AAdeninAA: calls $3
*** FLOP *** [Ad 8c As]
Actionni13: bets $3
AAdeninAA: folds
Uncalled bet ($3) returned to Actionni13
Actionni13 collected $17.64 from pot
Actionni13: doesn't show hand
*** SUMMARY ***
Total pot $18 | Rake $0.36
Board [Ad 8c As]
Seat 3: AAdeninAA (button) (small blind) folded on the Flop
Seat 4: Actionni13 (big blind) collected ($17.64)


PokerStars Hand #148151213544:  Hold'em Limit ($3/$6 USD) - 2016/02/03 2:38:12 ET
Table 'Peacock' 6-max Seat #3 is the button
Seat 3: AAdeninAA ($82 in chips)
Seat 4: Actionni13 ($167.40 in chips)
AAdeninAA: posts small blind $1
Actionni13: posts big blind $3
*** HOLE CARDS ***
AAdeninAA: folds
Uncalled bet ($2) returned to Actionni13
Actionni13 collected $2 from pot
Actionni13: doesn't show hand
*** SUMMARY ***
Total pot $2 | Rake $0
Seat 3: AAdeninAA (button) (small blind) folded before Flop
Seat 4: Actionni13 (big blind) collected ($2)


PokerStars Hand #148151210110:  Hold'em Limit ($3/$6 USD) - 2016/02/03 2:38:00 ET
Table 'Peacock' 6-max Seat #4 is the button
Seat 3: AAdeninAA ($88 in chips)
Seat 4: Actionni13 ($161.64 in chips)
Actionni13: posts small blind $1
AAdeninAA: posts big blind $3
*** HOLE CARDS ***
Actionni13: raises $3 to $6
AAdeninAA: calls $3
*** FLOP *** [5s 3h 8c]
AAdeninAA: checks
Actionni13: bets $3
AAdeninAA: folds
Uncalled bet ($3) returned to Actionni13
Actionni13 collected $11.76 from pot
Actionni13: doesn't show hand
*** SUMMARY ***
Total pot $12 | Rake $0.24
Board [5s 3h 8c]
Seat 3: AAdeninAA (big blind) folded on the Flop
Seat 4: Actionni13 (button) (small blind) collected ($11.76)


PokerStars Hand #148151214930:  Hold'em Limit ($3/$6 USD) - 2016/02/03 2:38:16 ET
Table 'Peacock' 6-max Seat #4 is the button
Seat 3: AAdeninAA ($81 in chips)
Seat 4: Actionni13 ($168.40 in chips)
Actionni13: posts small blind $1
AAdeninAA: posts big blind $3
*** HOLE CARDS ***
Actionni13: raises $3 to $6
AAdeninAA: calls $3
*** FLOP *** [2s 8c 7s]
AAdeninAA: checks
Actionni13: bets $3
AAdeninAA: calls $3
*** TURN *** [2s 8c 7s] [7d]
AAdeninAA: checks
Actionni13: bets $6
AAdeninAA: folds
Uncalled bet ($6) returned to Actionni13
Actionni13 collected $17.64 from pot
Actionni13: doesn't show hand
*** SUMMARY ***
Total pot $18 | Rake $0.36
Board [2s 8c 7s 7d]
Seat 3: AAdeninAA (big blind) folded on the Turn
Seat 4: Actionni13 (button) (small blind) collected ($17.64)


PokerStars Hand #148151228197:  Hold'em Limit ($3/$6 USD) - 2016/02/03 2:38:58 ET
Table 'Peacock' 6-max Seat #4 is the button
Seat 3: AAdeninAA ($89.50 in chips)
Seat 4: Actionni13 ($159.04 in chips)
Actionni13: posts small blind $1
AAdeninAA: posts big blind $3
*** HOLE CARDS ***
Actionni13: raises $3 to $6
AAdeninAA: folds
Uncalled bet ($3) returned to Actionni13
Actionni13 collected $6 from pot
Actionni13: doesn't show hand
*** SUMMARY ***
Total pot $6 | Rake $0
Seat 3: AAdeninAA (big blind) folded before Flop
Seat 4: Actionni13 (button) (small blind) collected ($6)


PokerStars Hand #148151222252:  Hold'em Limit ($3/$6 USD) - 2016/02/03 2:38:39 ET
Table 'Peacock' 6-max Seat #3 is the button
Seat 3: AAdeninAA ($72 in chips)
Seat 4: Actionni13 ($177.04 in chips)
AAdeninAA: posts small blind $1
Actionni13: posts big blind $3
*** HOLE CARDS ***
AAdeninAA: raises $3 to $6
Actionni13: raises $3 to $9
AAdeninAA: calls $3
*** FLOP *** [2s 3h 9d]
Actionni13: bets $3
AAdeninAA: calls $3
*** TURN *** [2s 3h 9d] [Tc]
Actionni13: bets $6
AAdeninAA: calls $6
*** RIVER *** [2s 3h 9d Tc] [7h]
Actionni13: checks
AAdeninAA: checks
*** SHOW DOWN ***
Actionni13: shows [Jd Kh] (high card King)
AAdeninAA: shows [Qc 2c] (a pair of Deuces)
AAdeninAA collected $35.50 from pot
*** SUMMARY ***
Total pot $36 | Rake $0.50
Board [2s 3h 9d Tc 7h]
Seat 3: AAdeninAA (button) (small blind) showed [Qc 2c] and won ($35.50) with a pair of Deuces
Seat 4: Actionni13 (big blind) showed [Jd Kh] and lost with high card King


PokerStars Hand #148151229881:  Hold'em Limit ($3/$6 USD) - 2016/02/03 2:39:04 ET
Table 'Peacock' 6-max Seat #3 is the button
Seat 3: AAdeninAA ($86.50 in chips)
Seat 4: Actionni13 ($162.04 in chips)
AAdeninAA: posts small blind $1
Actionni13: posts big blind $3
*** HOLE CARDS ***
AAdeninAA: raises $3 to $6
Actionni13: folds
Uncalled bet ($3) returned to AAdeninAA
AAdeninAA collected $6 from pot
AAdeninAA: doesn't show hand
*** SUMMARY ***
Total pot $6 | Rake $0
Seat 3: AAdeninAA (button) (small blind) collected ($6)
Seat 4: Actionni13 (big blind) folded before Flop


PokerStars Hand #148151246220:  Hold'em Limit ($3/$6 USD) - 2016/02/03 2:39:56 ET
Table 'Peacock' 6-max Seat #3 is the button
Seat 3: AAdeninAA ($97 in chips)
Seat 4: Actionni13 ($159.76 in chips)
AAdeninAA: posts small blind $1
Actionni13: posts big blind $3
*** HOLE CARDS ***
AAdeninAA: folds
Uncalled bet ($2) returned to Actionni13
Actionni13 collected $2 from pot
Actionni13: doesn't show hand
*** SUMMARY ***
Total pot $2 | Rake $0
Seat 3: AAdeninAA (button) (small blind) folded before Flop
Seat 4: Actionni13 (big blind) collected ($2)


PokerStars Hand #148151238290:  Hold'em Limit ($3/$6 USD) - 2016/02/03 2:39:30 ET
Table 'Peacock' 6-max Seat #3 is the button
Seat 3: AAdeninAA ($104 in chips)
Seat 4: Actionni13 ($150 in chips)
AAdeninAA: posts small blind $1
Actionni13: posts big blind $3
*** HOLE CARDS ***
AAdeninAA: raises $3 to $6
Actionni13: folds
Uncalled bet ($3) returned to AAdeninAA
AAdeninAA collected $6 from pot
AAdeninAA: doesn't show hand
*** SUMMARY ***
Total pot $6 | Rake $0
Seat 3: AAdeninAA (button) (small blind) collected ($6)
Seat 4: Actionni13 (big blind) folded before Flop


PokerStars Hand #148151231852:  Hold'em Limit ($3/$6 USD) - 2016/02/03 2:39:10 ET
Table 'Peacock' 6-max Seat #4 is the button
Seat 3: AAdeninAA ($89.50 in chips)
Seat 4: Actionni13 ($159.04 in chips)
Actionni13: posts small blind $1
AAdeninAA: posts big blind $3
*** HOLE CARDS ***
Actionni13: raises $3 to $6
AAdeninAA: calls $3
*** FLOP *** [As 7d 9h]
AAdeninAA: checks
Actionni13: bets $3
AAdeninAA: calls $3
*** TURN *** [As 7d 9h] [Ac]
AAdeninAA: checks
Actionni13: bets $6
AAdeninAA: calls $6
*** RIVER *** [As 7d 9h Ac] [Jc]
AAdeninAA: checks
Actionni13: checks
*** SHOW DOWN ***
AAdeninAA: shows [5c 9c] (two pair, Aces and Nines)
Actionni13: mucks hand
AAdeninAA collected $29.50 from pot
*** SUMMARY ***
Total pot $30 | Rake $0.50
Board [As 7d 9h Ac Jc]
Seat 3: AAdeninAA (big blind) showed [5c 9c] and won ($29.50) with two pair, Aces and Nines
Seat 4: Actionni13 (button) (small blind) mucked


PokerStars Hand #148151241517:  Hold'em Limit ($3/$6 USD) - 2016/02/03 2:39:41 ET
Table 'Peacock' 6-max Seat #3 is the button
Seat 3: AAdeninAA ($104 in chips)
Seat 4: Actionni13 ($153 in chips)
AAdeninAA: posts small blind $1
Actionni13: posts big blind $3
*** HOLE CARDS ***
AAdeninAA: folds
Uncalled bet ($2) returned to Actionni13
Actionni13 collected $2 from pot
Actionni13: doesn't show hand
*** SUMMARY ***
Total pot $2 | Rake $0
Seat 3: AAdeninAA (button) (small blind) folded before Flop
Seat 4: Actionni13 (big blind) collected ($2)


PokerStars Hand #148151239977:  Hold'em Limit ($3/$6 USD) - 2016/02/03 2:39:36 ET
Table 'Peacock' 6-max Seat #4 is the button
Seat 3: AAdeninAA ($107 in chips)
Seat 4: Actionni13 ($150 in chips)
Actionni13: posts small blind $1
AAdeninAA: posts big blind $3
*** HOLE CARDS ***
Actionni13: raises $3 to $6
AAdeninAA: folds
Uncalled bet ($3) returned to Actionni13
Actionni13 collected $6 from pot
Actionni13: doesn't show hand
*** SUMMARY ***
Total pot $6 | Rake $0
Seat 3: AAdeninAA (big blind) folded before Flop
Seat 4: Actionni13 (button) (small blind) collected ($6)


PokerStars Hand #148151242850:  Hold'em Limit ($3/$6 USD) - 2016/02/03 2:39:45 ET
Table 'Peacock' 6-max Seat #4 is the button
Seat 3: AAdeninAA ($103 in chips)
Seat 4: Actionni13 ($154 in chips)
Actionni13: posts small blind $1
AAdeninAA: posts big blind $3
*** HOLE CARDS ***
Actionni13: raises $3 to $6
AAdeninAA: calls $3
*** FLOP *** [8d Ah Qs]
AAdeninAA: checks
Actionni13: bets $3
AAdeninAA: folds
Uncalled bet ($3) returned to Actionni13
Actionni13 collected $11.76 from pot
Actionni13: doesn't show hand
*** SUMMARY ***
Total pot $12 | Rake $0.24
Board [8d Ah Qs]
Seat 3: AAdeninAA (big blind) folded on the Flop
Seat 4: Actionni13 (button) (small blind) collected ($11.76)


PokerStars Hand #148151256186:  Hold'em Limit ($3/$6 USD) - 2016/02/03 2:40:28 ET
Table 'Peacock' 6-max Seat #3 is the button
Seat 3: AAdeninAA ($90 in chips)
Seat 4: Actionni13 ($166.52 in chips)
AAdeninAA: posts small blind $1
Actionni13: posts big blind $3
*** HOLE CARDS ***
AAdeninAA: raises $3 to $6
Actionni13: folds
Uncalled bet ($3) returned to AAdeninAA
AAdeninAA collected $6 from pot
AAdeninAA: doesn't show hand
*** SUMMARY ***
Total pot $6 | Rake $0
Seat 3: AAdeninAA (button) (small blind) collected ($6)
Seat 4: Actionni13 (big blind) folded before Flop


PokerStars Hand #148151247377:  Hold'em Limit ($3/$6 USD) - 2016/02/03 2:40:00 ET
Table 'Peacock' 6-max Seat #4 is the button
Seat 3: AAdeninAA ($96 in chips)
Seat 4: Actionni13 ($160.76 in chips)
Actionni13: posts small blind $1
AAdeninAA: posts big blind $3
*** HOLE CARDS ***
Actionni13: raises $3 to $6
AAdeninAA: calls $3
*** FLOP *** [8s 3s 9c]
AAdeninAA: checks
Actionni13: bets $3
AAdeninAA: folds
Uncalled bet ($3) returned to Actionni13
Actionni13 collected $11.76 from pot
Actionni13: doesn't show hand
*** SUMMARY ***
Total pot $12 | Rake $0.24
Board [8s 3s 9c]
Seat 3: AAdeninAA (big blind) folded on the Flop
Seat 4: Actionni13 (button) (small blind) collected ($11.76)


PokerStars Hand #148151275231:  Hold'em Limit ($3/$6 USD) - 2016/02/03 2:41:30 ET
Table 'Peacock' 6-max Seat #3 is the button
Seat 3: AAdeninAA ($105.64 in chips)
Seat 4: Actionni13 ($150.52 in chips)
AAdeninAA: posts small blind $1
Actionni13: posts big blind $3
*** HOLE CARDS ***
AAdeninAA: raises $3 to $6
Actionni13: calls $3
*** FLOP *** [Ah 6d 3h]
Actionni13: checks
AAdeninAA: bets $3
Actionni13: calls $3
*** TURN *** [Ah 6d 3h] [Qc]
Actionni13: checks
AAdeninAA: checks
*** RIVER *** [Ah 6d 3h Qc] [8d]
Actionni13: bets $6
AAdeninAA: folds
Uncalled bet ($6) returned to Actionni13
Actionni13 collected $17.64 from pot
Actionni13: doesn't show hand
*** SUMMARY ***
Total pot $18 | Rake $0.36
Board [Ah 6d 3h Qc 8d]
Seat 3: AAdeninAA (button) (small blind) folded on the River
Seat 4: Actionni13 (big blind) collected ($17.64)


PokerStars Hand #148151259855:  Hold'em Limit ($3/$6 USD) - 2016/02/03 2:40:40 ET
Table 'Peacock' 6-max Seat #4 is the button
Seat 3: AAdeninAA ($93 in chips)
Seat 4: Actionni13 ($163.52 in chips)
Actionni13: posts small blind $1
AAdeninAA: posts big blind $3
*** HOLE CARDS ***
Actionni13: raises $3 to $6
AAdeninAA: raises $3 to $9
Actionni13: calls $3
*** FLOP *** [9h 5h Qc]
AAdeninAA: bets $3
Actionni13: folds
Uncalled bet ($3) returned to AAdeninAA
AAdeninAA collected $17.64 from pot
AAdeninAA: doesn't show hand
*** SUMMARY ***
Total pot $18 | Rake $0.36
Board [9h 5h Qc]
Seat 3: AAdeninAA (big blind) collected ($17.64)
Seat 4: Actionni13 (button) (small blind) folded on the Flop


PokerStars Hand #148151270487:  Hold'em Limit ($3/$6 USD) - 2016/02/03 2:41:15 ET
Table 'Peacock' 6-max Seat #3 is the button
Seat 3: AAdeninAA ($101.64 in chips)
Seat 4: Actionni13 ($154.52 in chips)
AAdeninAA: posts small blind $1
Actionni13: posts big blind $3
*** HOLE CARDS ***
AAdeninAA: raises $3 to $6
Actionni13: folds
Uncalled bet ($3) returned to AAdeninAA
AAdeninAA collected $6 from pot
AAdeninAA: doesn't show hand
*** SUMMARY ***
Total pot $6 | Rake $0
Seat 3: AAdeninAA (button) (small blind) collected ($6)
Seat 4: Actionni13 (big blind) folded before Flop


PokerStars Hand #148151273564:  Hold'em Limit ($3/$6 USD) - 2016/02/03 2:41:25 ET
Table 'Peacock' 6-max Seat #4 is the button
Seat 3: AAdeninAA ($104.64 in chips)
Seat 4: Actionni13 ($151.52 in chips)
Actionni13: posts small blind $1
AAdeninAA: posts big blind $3
*** HOLE CARDS ***
Actionni13: folds
Uncalled bet ($2) returned to AAdeninAA
AAdeninAA collected $2 from pot
AAdeninAA: doesn't show hand
*** SUMMARY ***
Total pot $2 | Rake $0
Seat 3: AAdeninAA (big blind) collected ($2)
Seat 4: Actionni13 (button) (small blind) folded before Flop


PokerStars Hand #148151290053:  Hold'em Limit ($3/$6 USD) - 2016/02/03 2:42:18 ET
Table 'Peacock' 6-max Seat #3 is the button
Seat 3: AAdeninAA ($81.64 in chips)
Seat 4: Actionni13 ($173.66 in chips)
AAdeninAA: posts small blind $1
Actionni13: posts big blind $3
*** HOLE CARDS ***
AAdeninAA: raises $3 to $6
Actionni13: calls $3
*** FLOP *** [9c 6c 8s]
Actionni13: bets $3
AAdeninAA: calls $3
*** TURN *** [9c 6c 8s] [6s]
Actionni13: bets $6
AAdeninAA: calls $6
*** RIVER *** [9c 6c 8s 6s] [Th]
Actionni13: bets $6
AAdeninAA: calls $6
*** SHOW DOWN ***
Actionni13: shows [7c 6h] (a straight, Six to Ten)
AAdeninAA: mucks hand
Actionni13 collected $41.50 from pot
*** SUMMARY ***
Total pot $42 | Rake $0.50
Board [9c 6c 8s 6s Th]
Seat 3: AAdeninAA (button) (small blind) mucked
Seat 4: Actionni13 (big blind) showed [7c 6h] and won ($41.50) with a straight, Six to Ten


PokerStars Hand #148151295800:  Hold'em Limit ($3/$6 USD) - 2016/02/03 2:42:36 ET
Table 'Peacock' 6-max Seat #4 is the button
Seat 3: AAdeninAA ($60.64 in chips)
Seat 4: Actionni13 ($194.16 in chips)
Actionni13: posts small blind $1
AAdeninAA: posts big blind $3
*** HOLE CARDS ***
Actionni13: raises $3 to $6
AAdeninAA: calls $3
*** FLOP *** [3d 3s Kd]
AAdeninAA: checks
Actionni13: bets $3
AAdeninAA: folds
Uncalled bet ($3) returned to Actionni13
Actionni13 collected $11.76 from pot
Actionni13: doesn't show hand
*** SUMMARY ***
Total pot $12 | Rake $0.24
Board [3d 3s Kd]
Seat 3: AAdeninAA (big blind) folded on the Flop
Seat 4: Actionni13 (button) (small blind) collected ($11.76)


PokerStars Hand #148151298848:  Hold'em Limit ($3/$6 USD) - 2016/02/03 2:42:46 ET
Table 'Peacock' 6-max Seat #3 is the button
Seat 3: AAdeninAA ($54.64 in chips)
Seat 4: Actionni13 ($199.92 in chips)
AAdeninAA: posts small blind $1
Actionni13: posts big blind $3
*** HOLE CARDS ***
AAdeninAA: raises $3 to $6
Actionni13: calls $3
*** FLOP *** [Th Jc 9s]
Actionni13: checks
AAdeninAA: bets $3
Actionni13: calls $3
*** TURN *** [Th Jc 9s] [As]
Actionni13: checks
AAdeninAA: checks
*** RIVER *** [Th Jc 9s As] [Td]
Actionni13: checks
AAdeninAA: checks
*** SHOW DOWN ***
Actionni13: shows [Ks 4c] (a pair of Tens)
AAdeninAA: mucks hand
Actionni13 collected $17.64 from pot
*** SUMMARY ***
Total pot $18 | Rake $0.36
Board [Th Jc 9s As Td]
Seat 3: AAdeninAA (button) (small blind) mucked
Seat 4: Actionni13 (big blind) showed [Ks 4c] and won ($17.64) with a pair of Tens


PokerStars Hand #148151281289:  Hold'em Limit ($3/$6 USD) - 2016/02/03 2:41:50 ET
Table 'Peacock' 6-max Seat #4 is the button
Seat 3: AAdeninAA ($96.64 in chips)
Seat 4: Actionni13 ($159.16 in chips)
Actionni13: posts small blind $1
AAdeninAA: posts big blind $3
*** HOLE CARDS ***
Actionni13: raises $3 to $6
AAdeninAA: calls $3
*** FLOP *** [Tc Ts Qs]
AAdeninAA: checks
Actionni13: bets $3
AAdeninAA: calls $3
*** TURN *** [Tc Ts Qs] [Ah]
AAdeninAA: checks
Actionni13: checks
*** RIVER *** [Tc Ts Qs Ah] [7c]
AAdeninAA: bets $6
Actionni13: calls $6
*** SHOW DOWN ***
AAdeninAA: shows [Jh 8h] (a pair of Tens)
Actionni13: shows [Js Jc] (two pair, Jacks and Tens)
Actionni13 collected $29.50 from pot
*** SUMMARY ***
Total pot $30 | Rake $0.50
Board [Tc Ts Qs Ah 7c]
Seat 3: AAdeninAA (big blind) showed [Jh 8h] and lost with a pair of Tens
Seat 4: Actionni13 (button) (small blind) showed [Js Jc] and won ($29.50) with two pair, Jacks and Tens


PokerStars Hand #148151310423:  Hold'em Limit ($3/$6 USD) - 2016/02/03 2:43:23 ET
Table 'Peacock' 6-max Seat #3 is the button
Seat 3: AAdeninAA ($54.28 in chips)
Seat 4: Actionni13 ($199.56 in chips)
AAdeninAA: posts small blind $1
Actionni13: posts big blind $3
*** HOLE CARDS ***
AAdeninAA: raises $3 to $6
Actionni13: calls $3
*** FLOP *** [2d 9s Ac]
Actionni13: checks
AAdeninAA: checks
*** TURN *** [2d 9s Ac] [Kd]
Actionni13: checks
AAdeninAA: bets $6
Actionni13: calls $6
*** RIVER *** [2d 9s Ac Kd] [Ad]
Actionni13: checks
AAdeninAA: bets $6
Actionni13: calls $6
*** SHOW DOWN ***
AAdeninAA: shows [Qd Td] (a flush, Ace high)
Actionni13: mucks hand
AAdeninAA collected $35.50 from pot
*** SUMMARY ***
Total pot $36 | Rake $0.50
Board [2d 9s Ac Kd Ad]
Seat 3: AAdeninAA (button) (small blind) showed [Qd Td] and won ($35.50) with a flush, Ace high
Seat 4: Actionni13 (big blind) mucked


PokerStars Hand #148151316644:  Hold'em Limit ($3/$6 USD) - 2016/02/03 2:43:43 ET
Table 'Peacock' 6-max Seat #4 is the button
Seat 3: AAdeninAA ($71.78 in chips)
Seat 4: Actionni13 ($181.56 in chips)
Actionni13: posts small blind $1
AAdeninAA: posts big blind $3
*** HOLE CARDS ***
Actionni13: raises $3 to $6
AAdeninAA: calls $3
*** FLOP *** [4c 2s 4d]
AAdeninAA: checks
Actionni13: checks
*** TURN *** [4c 2s 4d] [9s]
AAdeninAA: checks
Actionni13: bets $6
AAdeninAA: folds
Uncalled bet ($6) returned to Actionni13
Actionni13 collected $11.76 from pot
Actionni13: doesn't show hand
*** SUMMARY ***
Total pot $12 | Rake $0.24
Board [4c 2s 4d 9s]
Seat 3: AAdeninAA (big blind) folded on the Turn
Seat 4: Actionni13 (button) (small blind) collected ($11.76)


PokerStars Hand #148151305522:  Hold'em Limit ($3/$6 USD) - 2016/02/03 2:43:07 ET
Table 'Peacock' 6-max Seat #4 is the button
Seat 3: AAdeninAA ($45.64 in chips)
Seat 4: Actionni13 ($208.56 in chips)
Actionni13: posts small blind $1
AAdeninAA: posts big blind $3
*** HOLE CARDS ***
Actionni13: raises $3 to $6
AAdeninAA: calls $3
*** FLOP *** [Jd 5s 2h]
AAdeninAA: checks
Actionni13: bets $3
AAdeninAA: calls $3
*** TURN *** [Jd 5s 2h] [5c]
AAdeninAA: checks
Actionni13: checks
*** RIVER *** [Jd 5s 2h 5c] [7s]
AAdeninAA: bets $6
Actionni13: folds
Uncalled bet ($6) returned to AAdeninAA
AAdeninAA collected $17.64 from pot
AAdeninAA: doesn't show hand
*** SUMMARY ***
Total pot $18 | Rake $0.36
Board [Jd 5s 2h 5c 7s]
Seat 3: AAdeninAA (big blind) collected ($17.64)
Seat 4: Actionni13 (button) (small blind) folded on the River


PokerStars Hand #148151333297:  Hold'em Limit ($3/$6 USD) - 2016/02/03 2:44:35 ET
Table 'Peacock' 6-max Seat #3 is the button
Seat 3: AAdeninAA ($72.42 in chips)
Seat 4: Actionni13 ($180.08 in chips)
AAdeninAA: posts small blind $1
Actionni13: posts big blind $3
*** HOLE CARDS ***
AAdeninAA: folds
Uncalled bet ($2) returned to Actionni13
Actionni13 collected $2 from pot
Actionni13: doesn't show hand
*** SUMMARY ***
Total pot $2 | Rake $0
Seat 3: AAdeninAA (button) (small blind) folded before Flop
Seat 4: Actionni13 (big blind) collected ($2)


PokerStars Hand #148151326729:  Hold'em Limit ($3/$6 USD) - 2016/02/03 2:44:14 ET
Table 'Peacock' 6-max Seat #3 is the button
Seat 3: AAdeninAA ($60.78 in chips)
Seat 4: Actionni13 ($192.08 in chips)
AAdeninAA: posts small blind $1
Actionni13: posts big blind $3
*** HOLE CARDS ***
AAdeninAA: raises $3 to $6
Actionni13: folds
Uncalled bet ($3) returned to AAdeninAA
AAdeninAA collected $6 from pot
AAdeninAA: doesn't show hand
*** SUMMARY ***
Total pot $6 | Rake $0
Seat 3: AAdeninAA (button) (small blind) collected ($6)
Seat 4: Actionni13 (big blind) folded before Flop


PokerStars Hand #148151325074:  Hold'em Limit ($3/$6 USD) - 2016/02/03 2:44:09 ET
Table 'Peacock' 6-max Seat #4 is the button
Seat 3: AAdeninAA ($59.78 in chips)
Seat 4: Actionni13 ($193.08 in chips)
Actionni13: posts small blind $1
AAdeninAA: posts big blind $3
*** HOLE CARDS ***
Actionni13: folds
Uncalled bet ($2) returned to AAdeninAA
AAdeninAA collected $2 from pot
AAdeninAA: doesn't show hand
*** SUMMARY ***
Total pot $2 | Rake $0
Seat 3: AAdeninAA (big blind) collected ($2)
Seat 4: Actionni13 (button) (small blind) folded before Flop


PokerStars Hand #148151320698:  Hold'em Limit ($3/$6 USD) - 2016/02/03 2:43:56 ET
Table 'Peacock' 6-max Seat #3 is the button
Seat 3: AAdeninAA ($65.78 in chips)
Seat 4: Actionni13 ($187.32 in chips)
AAdeninAA: posts small blind $1
Actionni13: posts big blind $3
*** HOLE CARDS ***
AAdeninAA: raises $3 to $6
Actionni13: calls $3
*** FLOP *** [6d 9s 4h]
Actionni13: checks
AAdeninAA: checks
*** TURN *** [6d 9s 4h] [Tc]
Actionni13: checks
AAdeninAA: checks
*** RIVER *** [6d 9s 4h Tc] [6s]
Actionni13: bets $6
AAdeninAA: folds
Uncalled bet ($6) returned to Actionni13
Actionni13 collected $11.76 from pot
Actionni13: doesn't show hand
*** SUMMARY ***
Total pot $12 | Rake $0.24
Board [6d 9s 4h Tc 6s]
Seat 3: AAdeninAA (button) (small blind) folded on the River
Seat 4: Actionni13 (big blind) collected ($11.76)


PokerStars Hand #148151328590:  Hold'em Limit ($3/$6 USD) - 2016/02/03 2:44:20 ET
Table 'Peacock' 6-max Seat #4 is the button
Seat 3: AAdeninAA ($63.78 in chips)
Seat 4: Actionni13 ($189.08 in chips)
Actionni13: posts small blind $1
AAdeninAA: posts big blind $3
*** HOLE CARDS ***
Actionni13: raises $3 to $6
AAdeninAA: calls $3
*** FLOP *** [3s Qh Ac]
AAdeninAA: checks
Actionni13: bets $3
AAdeninAA: calls $3
*** TURN *** [3s Qh Ac] [Qc]
AAdeninAA: checks
Actionni13: checks
*** RIVER *** [3s Qh Ac Qc] [5s]
AAdeninAA: checks
Actionni13: checks
*** SHOW DOWN ***
AAdeninAA: shows [3c 4d] (two pair, Queens and Threes)
Actionni13: mucks hand
AAdeninAA collected $17.64 from pot
*** SUMMARY ***
Total pot $18 | Rake $0.36
Board [3s Qh Ac Qc 5s]
Seat 3: AAdeninAA (big blind) showed [3c 4d] and won ($17.64) with two pair, Queens and Threes
Seat 4: Actionni13 (button) (small blind) mucked


PokerStars Hand #148151341224:  Hold'em Limit ($3/$6 USD) - 2016/02/03 2:45:00 ET
Table 'Peacock' 6-max Seat #3 is the button
Seat 3: AAdeninAA ($56.42 in chips)
Seat 4: Actionni13 ($195.58 in chips)
AAdeninAA: posts small blind $1
Actionni13: posts big blind $3
*** HOLE CARDS ***
AAdeninAA: raises $3 to $6
Actionni13: folds
Uncalled bet ($3) returned to AAdeninAA
AAdeninAA collected $6 from pot
AAdeninAA: doesn't show hand
*** SUMMARY ***
Total pot $6 | Rake $0
Seat 3: AAdeninAA (button) (small blind) collected ($6)
Seat 4: Actionni13 (big blind) folded before Flop


PokerStars Hand #148151334589:  Hold'em Limit ($3/$6 USD) - 2016/02/03 2:44:39 ET
Table 'Peacock' 6-max Seat #4 is the button
Seat 3: AAdeninAA ($71.42 in chips)
Seat 4: Actionni13 ($181.08 in chips)
Actionni13: posts small blind $1
AAdeninAA: posts big blind $3
*** HOLE CARDS ***
Actionni13: raises $3 to $6
AAdeninAA: calls $3
*** FLOP *** [5h 5s 3c]
AAdeninAA: checks
Actionni13: bets $3
AAdeninAA: calls $3
*** TURN *** [5h 5s 3c] [6s]
AAdeninAA: checks
Actionni13: bets $6
AAdeninAA: calls $6
*** RIVER *** [5h 5s 3c 6s] [Tc]
AAdeninAA: checks
Actionni13: checks
*** SHOW DOWN ***
AAdeninAA: shows [4s Qs] (a pair of Fives)
Actionni13: shows [Ks 7h] (a pair of Fives - King kicker)
Actionni13 collected $29.50 from pot
*** SUMMARY ***
Total pot $30 | Rake $0.50
Board [5h 5s 3c 6s Tc]
Seat 3: AAdeninAA (big blind) showed [4s Qs] and lost with a pair of Fives
Seat 4: Actionni13 (button) (small blind) showed [Ks 7h] and won ($29.50) with a pair of Fives


PokerStars Hand #148151348488:  Hold'em Limit ($3/$6 USD) - 2016/02/03 2:45:23 ET
Table 'Peacock' 6-max Seat #4 is the button
Seat 3: AAdeninAA ($66.18 in chips)
Seat 4: Actionni13 ($185.58 in chips)
Actionni13: posts small blind $1
AAdeninAA: posts big blind $3
*** HOLE CARDS ***
Actionni13: raises $3 to $6
AAdeninAA: calls $3
*** FLOP *** [Ah Qd As]
AAdeninAA: checks
Actionni13: bets $3
AAdeninAA: calls $3
*** TURN *** [Ah Qd As] [6c]
AAdeninAA: checks
Actionni13: checks
*** RIVER *** [Ah Qd As 6c] [9h]
AAdeninAA: bets $6
Actionni13: calls $6
*** SHOW DOWN ***
AAdeninAA: shows [Kh 3s] (a pair of Aces)
Actionni13: shows [Jd Js] (two pair, Aces and Jacks)
Actionni13 collected $29.50 from pot
*** SUMMARY ***
Total pot $30 | Rake $0.50
Board [Ah Qd As 6c 9h]
Seat 3: AAdeninAA (big blind) showed [Kh 3s] and lost with a pair of Aces
Seat 4: Actionni13 (button) (small blind) showed [Jd Js] and won ($29.50) with two pair, Aces and Jacks


PokerStars Hand #148151345149:  Hold'em Limit ($3/$6 USD) - 2016/02/03 2:45:12 ET
Table 'Peacock' 6-max Seat #3 is the button
Seat 3: AAdeninAA ($60.42 in chips)
Seat 4: Actionni13 ($191.58 in chips)
AAdeninAA: posts small blind $1
Actionni13: posts big blind $3
*** HOLE CARDS ***
AAdeninAA: raises $3 to $6
Actionni13: calls $3
*** FLOP *** [Ad 3d 5d]
Actionni13: checks
AAdeninAA: bets $3
Actionni13: folds
Uncalled bet ($3) returned to AAdeninAA
AAdeninAA collected $11.76 from pot
AAdeninAA: doesn't show hand
*** SUMMARY ***
Total pot $12 | Rake $0.24
Board [Ad 3d 5d]
Seat 3: AAdeninAA (button) (small blind) collected ($11.76)
Seat 4: Actionni13 (big blind) folded on the Flop


PokerStars Hand #148151343177:  Hold'em Limit ($3/$6 USD) - 2016/02/03 2:45:06 ET
Table 'Peacock' 6-max Seat #4 is the button
Seat 3: AAdeninAA ($59.42 in chips)
Seat 4: Actionni13 ($192.58 in chips)
Actionni13: posts small blind $1
AAdeninAA: posts big blind $3
*** HOLE CARDS ***
Actionni13: folds
Uncalled bet ($2) returned to AAdeninAA
AAdeninAA collected $2 from pot
AAdeninAA: doesn't show hand
*** SUMMARY ***
Total pot $2 | Rake $0
Seat 3: AAdeninAA (big blind) collected ($2)
Seat 4: Actionni13 (button) (small blind) folded before Flop


PokerStars Hand #148151353402:  Hold'em Limit ($3/$6 USD) - 2016/02/03 2:45:39 ET
Table 'Peacock' 6-max Seat #3 is the button
Seat 3: AAdeninAA ($51.18 in chips)
Seat 4: Actionni13 ($200.08 in chips)
AAdeninAA: posts small blind $1
Actionni13: posts big blind $3
*** HOLE CARDS ***
AAdeninAA: raises $3 to $6
Actionni13: calls $3
*** FLOP *** [Qc 7c 9s]
Actionni13: checks
AAdeninAA: checks
*** TURN *** [Qc 7c 9s] [3c]
Actionni13: checks
AAdeninAA: checks
*** RIVER *** [Qc 7c 9s 3c] [8c]
Actionni13: bets $6
AAdeninAA: folds
Uncalled bet ($6) returned to Actionni13
Actionni13 collected $11.76 from pot
Actionni13: doesn't show hand
*** SUMMARY ***
Total pot $12 | Rake $0.24
Board [Qc 7c 9s 3c 8c]
Seat 3: AAdeninAA (button) (small blind) folded on the River
Seat 4: Actionni13 (big blind) collected ($11.76)


PokerStars Hand #148151373878:  Hold'em Limit ($3/$6 USD) - 2016/02/03 2:46:43 ET
Table 'Peacock' 6-max Seat #4 is the button
Seat 3: AAdeninAA ($18.18 in chips)
Seat 4: Actionni13 ($232.34 in chips)
Actionni13: posts small blind $1
AAdeninAA: posts big blind $3
*** HOLE CARDS ***
Actionni13: folds
Uncalled bet ($2) returned to AAdeninAA
AAdeninAA collected $2 from pot
AAdeninAA: doesn't show hand
*** SUMMARY ***
Total pot $2 | Rake $0
Seat 3: AAdeninAA (big blind) collected ($2)
Seat 4: Actionni13 (button) (small blind) folded before Flop


PokerStars Hand #148151372637:  Hold'em Limit ($3/$6 USD) - 2016/02/03 2:46:39 ET
Table 'Peacock' 6-max Seat #3 is the button
Seat 3: AAdeninAA ($19.18 in chips)
Seat 4: Actionni13 ($231.34 in chips)
AAdeninAA: posts small blind $1
Actionni13: posts big blind $3
*** HOLE CARDS ***
AAdeninAA: folds
Uncalled bet ($2) returned to Actionni13
Actionni13 collected $2 from pot
Actionni13: doesn't show hand
*** SUMMARY ***
Total pot $2 | Rake $0
Seat 3: AAdeninAA (button) (small blind) folded before Flop
Seat 4: Actionni13 (big blind) collected ($2)


PokerStars Hand #148151371165:  Hold'em Limit ($3/$6 USD) - 2016/02/03 2:46:34 ET
Table 'Peacock' 6-max Seat #4 is the button
Seat 3: AAdeninAA ($18.18 in chips)
Seat 4: Actionni13 ($232.34 in chips)
Actionni13: posts small blind $1
AAdeninAA: posts big blind $3
*** HOLE CARDS ***
Actionni13: folds
Uncalled bet ($2) returned to AAdeninAA
AAdeninAA collected $2 from pot
AAdeninAA: doesn't show hand
*** SUMMARY ***
Total pot $2 | Rake $0
Seat 3: AAdeninAA (big blind) collected ($2)
Seat 4: Actionni13 (button) (small blind) folded before Flop


PokerStars Hand #148151375743:  Hold'em Limit ($3/$6 USD) - 2016/02/03 2:46:49 ET
Table 'Peacock' 6-max Seat #3 is the button
Seat 3: AAdeninAA ($19.18 in chips)
Seat 4: Actionni13 ($231.34 in chips)
AAdeninAA: posts small blind $1
Actionni13: posts big blind $3
*** HOLE CARDS ***
AAdeninAA: raises $3 to $6
Actionni13: calls $3
*** FLOP *** [3s Kc 6d]
Actionni13: checks
AAdeninAA: checks
*** TURN *** [3s Kc 6d] [Th]
Actionni13: bets $6
AAdeninAA: folds
Uncalled bet ($6) returned to Actionni13
Actionni13 collected $11.76 from pot
Actionni13: doesn't show hand
*** SUMMARY ***
Total pot $12 | Rake $0.24
Board [3s Kc 6d Th]
Seat 3: AAdeninAA (button) (small blind) folded on the Turn
Seat 4: Actionni13 (big blind) collected ($11.76)


PokerStars Hand #148151361275:  Hold'em Limit ($3/$6 USD) - 2016/02/03 2:46:03 ET
Table 'Peacock' 6-max Seat #4 is the button
Seat 3: AAdeninAA ($45.18 in chips)
Seat 4: Actionni13 ($205.84 in chips)
Actionni13: posts small blind $1
AAdeninAA: posts big blind $3
*** HOLE CARDS ***
Actionni13: raises $3 to $6
AAdeninAA: folds
Uncalled bet ($3) returned to Actionni13
Actionni13 collected $6 from pot
Actionni13: doesn't show hand
*** SUMMARY ***
Total pot $6 | Rake $0
Seat 3: AAdeninAA (big blind) folded before Flop
Seat 4: Actionni13 (button) (small blind) collected ($6)


PokerStars Hand #148151363178:  Hold'em Limit ($3/$6 USD) - 2016/02/03 2:46:09 ET
Table 'Peacock' 6-max Seat #3 is the button
Seat 3: AAdeninAA ($42.18 in chips)
Seat 4: Actionni13 ($208.84 in chips)
AAdeninAA: posts small blind $1
Actionni13: posts big blind $3
*** HOLE CARDS ***
AAdeninAA: raises $3 to $6
Actionni13: calls $3
*** FLOP *** [As Ts Ks]
Actionni13: checks
AAdeninAA: bets $3
Actionni13: raises $3 to $6
AAdeninAA: calls $3
*** TURN *** [As Ts Ks] [9s]
Actionni13: bets $6
AAdeninAA: calls $6
*** RIVER *** [As Ts Ks 9s] [4d]
Actionni13: bets $6
AAdeninAA: calls $6
*** SHOW DOWN ***
Actionni13: shows [8s 9h] (a flush, Ace high)
AAdeninAA: mucks hand
Actionni13 collected $47.50 from pot
*** SUMMARY ***
Total pot $48 | Rake $0.50
Board [As Ts Ks 9s 4d]
Seat 3: AAdeninAA (button) (small blind) mucked
Seat 4: Actionni13 (big blind) showed [8s 9h] and won ($47.50) with a flush, Ace high


PokerStars Hand #148151381867:  Hold'em Limit ($3/$6 USD) - 2016/02/03 2:47:08 ET
Table 'Peacock' 6-max Seat #4 is the button
Seat 3: AAdeninAA ($13.18 in chips)
Seat 4: Actionni13 ($237.10 in chips)
Actionni13: posts small blind $1
AAdeninAA: posts big blind $3
*** HOLE CARDS ***
Actionni13: raises $3 to $6
AAdeninAA: raises $3 to $9
Actionni13: calls $3
*** FLOP *** [3s 3c Qd]
AAdeninAA: bets $3
Actionni13: calls $3
*** TURN *** [3s 3c Qd] [4d]
AAdeninAA: bets $1.18 and is all-in
Actionni13: calls $1.18
*** RIVER *** [3s 3c Qd 4d] [4s]
*** SHOW DOWN ***
AAdeninAA: shows [Th Ah] (two pair, Fours and Threes)
Actionni13: shows [Kh Jh] (two pair, Fours and Threes - lower kicker)
AAdeninAA collected $25.86 from pot
*** SUMMARY ***
Total pot $26.36 | Rake $0.50
Board [3s 3c Qd 4d 4s]
Seat 3: AAdeninAA (big blind) showed [Th Ah] and won ($25.86) with two pair, Fours and Threes
Seat 4: Actionni13 (button) (small blind) showed [Kh Jh] and lost with two pair, Fours and Threes


PokerStars Hand #148151388620:  Hold'em Limit ($3/$6 USD) - 2016/02/03 2:47:30 ET
Table 'Peacock' 6-max Seat #3 is the button
Seat 3: AAdeninAA ($25.86 in chips)
Seat 4: Actionni13 ($223.92 in chips)
AAdeninAA: posts small blind $1
Actionni13: posts big blind $3
*** HOLE CARDS ***
AAdeninAA: raises $3 to $6
Actionni13: calls $3
*** FLOP *** [4h 9s 4c]
Actionni13: checks
AAdeninAA: bets $3
Actionni13: raises $3 to $6
AAdeninAA: raises $3 to $9
Actionni13: raises $3 to $12
Betting is capped
AAdeninAA: calls $3
*** TURN *** [4h 9s 4c] [6h]
Actionni13: bets $6
AAdeninAA: raises $1.86 to $7.86 and is all-in
Actionni13: calls $1.86
*** RIVER *** [4h 9s 4c 6h] [Jd]
*** SHOW DOWN ***
Actionni13: shows [9c 5d] (two pair, Nines and Fours)
AAdeninAA: shows [Tc Ts] (two pair, Tens and Fours)
AAdeninAA collected $51.22 from pot
*** SUMMARY ***
Total pot $51.72 | Rake $0.50
Board [4h 9s 4c 6h Jd]
Seat 3: AAdeninAA (button) (small blind) showed [Tc Ts] and won ($51.22) with two pair, Tens and Fours
Seat 4: Actionni13 (big blind) showed [9c 5d] and lost with two pair, Nines and Fours


PokerStars Hand #148151405918:  Hold'em Limit ($3/$6 USD) - 2016/02/03 2:48:25 ET
Table 'Peacock' 6-max Seat #3 is the button
Seat 3: AAdeninAA ($56.98 in chips)
Seat 4: Actionni13 ($192.06 in chips)
AAdeninAA: posts small blind $1
Actionni13: posts big blind $3
*** HOLE CARDS ***
AAdeninAA: raises $3 to $6
Actionni13: calls $3
*** FLOP *** [4d 4h 8c]
Actionni13: checks
AAdeninAA: bets $3
Actionni13: folds
Uncalled bet ($3) returned to AAdeninAA
AAdeninAA collected $11.76 from pot
AAdeninAA: doesn't show hand
*** SUMMARY ***
Total pot $12 | Rake $0.24
Board [4d 4h 8c]
Seat 3: AAdeninAA (button) (small blind) collected ($11.76)
Seat 4: Actionni13 (big blind) folded on the Flop


PokerStars Hand #148151398940:  Hold'em Limit ($3/$6 USD) - 2016/02/03 2:48:02 ET
Table 'Peacock' 6-max Seat #4 is the button
Seat 3: AAdeninAA ($51.22 in chips)
Seat 4: Actionni13 ($198.06 in chips)
Actionni13: posts small blind $1
AAdeninAA: posts big blind $3
*** HOLE CARDS ***
Actionni13: raises $3 to $6
AAdeninAA: calls $3
*** FLOP *** [Js 5h 8c]
AAdeninAA: checks
Actionni13: checks
*** TURN *** [Js 5h 8c] [Th]
AAdeninAA: checks
Actionni13: checks
*** RIVER *** [Js 5h 8c Th] [As]
AAdeninAA: checks
Actionni13: checks
*** SHOW DOWN ***
AAdeninAA: shows [5d 3d] (a pair of Fives)
Actionni13: mucks hand
AAdeninAA collected $11.76 from pot
*** SUMMARY ***
Total pot $12 | Rake $0.24
Board [Js 5h 8c Th As]
Seat 3: AAdeninAA (big blind) showed [5d 3d] and won ($11.76) with a pair of Fives
Seat 4: Actionni13 (button) (small blind) mucked


PokerStars Hand #148151410993:  Hold'em Limit ($3/$6 USD) - 2016/02/03 2:48:41 ET
Table 'Peacock' 6-max Seat #4 is the button
Seat 3: AAdeninAA ($62.74 in chips)
Seat 4: Actionni13 ($186.06 in chips)
Actionni13: posts small blind $1
AAdeninAA: posts big blind $3
*** HOLE CARDS ***
Actionni13: raises $3 to $6
AAdeninAA: calls $3
*** FLOP *** [Ts Ah Jc]
AAdeninAA: checks
Actionni13: bets $3
AAdeninAA: calls $3
*** TURN *** [Ts Ah Jc] [Th]
AAdeninAA: checks
Actionni13: checks
*** RIVER *** [Ts Ah Jc Th] [Td]
AAdeninAA: checks
Actionni13: bets $6
AAdeninAA: folds
Uncalled bet ($6) returned to Actionni13
Actionni13 collected $17.64 from pot
Actionni13: doesn't show hand
*** SUMMARY ***
Total pot $18 | Rake $0.36
Board [Ts Ah Jc Th Td]
Seat 3: AAdeninAA (big blind) folded on the River
Seat 4: Actionni13 (button) (small blind) collected ($17.64)


PokerStars Hand #148151419703:  Hold'em Limit ($3/$6 USD) - 2016/02/03 2:49:08 ET
Table 'Peacock' 6-max Seat #3 is the button
Seat 3: AAdeninAA ($53.74 in chips)
Seat 4: Actionni13 ($194.70 in chips)
AAdeninAA: posts small blind $1
Actionni13: posts big blind $3
*** HOLE CARDS ***
AAdeninAA: folds
Uncalled bet ($2) returned to Actionni13
Actionni13 collected $2 from pot
Actionni13: doesn't show hand
*** SUMMARY ***
Total pot $2 | Rake $0
Seat 3: AAdeninAA (button) (small blind) folded before Flop
Seat 4: Actionni13 (big blind) collected ($2)


PokerStars Hand #148151427461:  Hold'em Limit ($3/$6 USD) - 2016/02/03 2:49:33 ET
Table 'Peacock' 6-max Seat #3 is the button
Seat 3: AAdeninAA ($64.26 in chips)
Seat 4: Actionni13 ($183.70 in chips)
AAdeninAA: posts small blind $1
Actionni13: posts big blind $3
*** HOLE CARDS ***
AAdeninAA: raises $3 to $6
Actionni13: calls $3
*** FLOP *** [2c 7c 2s]
Actionni13: checks
AAdeninAA: checks
*** TURN *** [2c 7c 2s] [5h]
Actionni13: bets $6
AAdeninAA: folds
Uncalled bet ($6) returned to Actionni13
Actionni13 collected $11.76 from pot
Actionni13: doesn't show hand
*** SUMMARY ***
Total pot $12 | Rake $0.24
Board [2c 7c 2s 5h]
Seat 3: AAdeninAA (button) (small blind) folded on the Turn
Seat 4: Actionni13 (big blind) collected ($11.76)


PokerStars Hand #148151421942:  Hold'em Limit ($3/$6 USD) - 2016/02/03 2:49:15 ET
Table 'Peacock' 6-max Seat #4 is the button
Seat 3: AAdeninAA ($52.74 in chips)
Seat 4: Actionni13 ($195.70 in chips)
Actionni13: posts small blind $1
AAdeninAA: posts big blind $3
*** HOLE CARDS ***
Actionni13: raises $3 to $6
AAdeninAA: calls $3
*** FLOP *** [Qh Td Kh]
AAdeninAA: checks
Actionni13: checks
*** TURN *** [Qh Td Kh] [As]
AAdeninAA: checks
Actionni13: checks
*** RIVER *** [Qh Td Kh As] [9s]
AAdeninAA: bets $6
Actionni13: calls $6
*** SHOW DOWN ***
AAdeninAA: shows [8c Jc] (a straight, Ten to Ace)
Actionni13: mucks hand
AAdeninAA collected $23.52 from pot
*** SUMMARY ***
Total pot $24 | Rake $0.48
Board [Qh Td Kh As 9s]
Seat 3: AAdeninAA (big blind) showed [8c Jc] and won ($23.52) with a straight, Ten to Ace
Seat 4: Actionni13 (button) (small blind) mucked


PokerStars Hand #148151434366:  Hold'em Limit ($3/$6 USD) - 2016/02/03 2:49:54 ET
Table 'Peacock' 6-max Seat #3 is the button
Seat 3: AAdeninAA ($55.26 in chips)
Seat 4: Actionni13 ($192.46 in chips)
AAdeninAA: posts small blind $1
Actionni13: posts big blind $3
*** HOLE CARDS ***
AAdeninAA: folds
Uncalled bet ($2) returned to Actionni13
Actionni13 collected $2 from pot
Actionni13: doesn't show hand
*** SUMMARY ***
Total pot $2 | Rake $0
Seat 3: AAdeninAA (button) (small blind) folded before Flop
Seat 4: Actionni13 (big blind) collected ($2)


PokerStars Hand #148151432747:  Hold'em Limit ($3/$6 USD) - 2016/02/03 2:49:49 ET
Table 'Peacock' 6-max Seat #4 is the button
Seat 3: AAdeninAA ($58.26 in chips)
Seat 4: Actionni13 ($189.46 in chips)
Actionni13: posts small blind $1
AAdeninAA: posts big blind $3
*** HOLE CARDS ***
Actionni13: raises $3 to $6
AAdeninAA: folds
Uncalled bet ($3) returned to Actionni13
Actionni13 collected $6 from pot
Actionni13: doesn't show hand
*** SUMMARY ***
Total pot $6 | Rake $0
Seat 3: AAdeninAA (big blind) folded before Flop
Seat 4: Actionni13 (button) (small blind) collected ($6)


PokerStars Hand #148151453958:  Hold'em Limit ($3/$6 USD) - 2016/02/03 2:50:57 ET
Table 'Peacock' 6-max Seat #4 is the button
Seat 3: AAdeninAA ($21.26 in chips)
Seat 4: Actionni13 ($225.60 in chips)
Actionni13: posts small blind $1
AAdeninAA: posts big blind $3
*** HOLE CARDS ***
Actionni13: raises $3 to $6
AAdeninAA: folds
Uncalled bet ($3) returned to Actionni13
Actionni13 collected $6 from pot
Actionni13: doesn't show hand
*** SUMMARY ***
Total pot $6 | Rake $0
Seat 3: AAdeninAA (big blind) folded before Flop
Seat 4: Actionni13 (button) (small blind) collected ($6)


PokerStars Hand #148151442630:  Hold'em Limit ($3/$6 USD) - 2016/02/03 2:50:21 ET
Table 'Peacock' 6-max Seat #3 is the button
Seat 3: AAdeninAA ($45.26 in chips)
Seat 4: Actionni13 ($202.10 in chips)
AAdeninAA: posts small blind $1
Actionni13: posts big blind $3
*** HOLE CARDS ***
AAdeninAA: raises $3 to $6
Actionni13: calls $3
*** FLOP *** [Js Ad Kd]
Actionni13: checks
AAdeninAA: bets $3
Actionni13: raises $3 to $6
AAdeninAA: calls $3
*** TURN *** [Js Ad Kd] [Td]
Actionni13: bets $6
AAdeninAA: calls $6
*** RIVER *** [Js Ad Kd Td] [As]
Actionni13: bets $6
AAdeninAA: calls $6
*** SHOW DOWN ***
Actionni13: shows [3h Ah] (three of a kind, Aces)
AAdeninAA: mucks hand
Actionni13 collected $47.50 from pot
*** SUMMARY ***
Total pot $48 | Rake $0.50
Board [Js Ad Kd Td As]
Seat 3: AAdeninAA (button) (small blind) mucked
Seat 4: Actionni13 (big blind) showed [3h Ah] and won ($47.50) with three of a kind, Aces


PokerStars Hand #148151435686:  Hold'em Limit ($3/$6 USD) - 2016/02/03 2:49:59 ET
Table 'Peacock' 6-max Seat #4 is the button
Seat 3: AAdeninAA ($54.26 in chips)
Seat 4: Actionni13 ($193.46 in chips)
Actionni13: posts small blind $1
AAdeninAA: posts big blind $3
*** HOLE CARDS ***
Actionni13: raises $3 to $6
AAdeninAA: calls $3
*** FLOP *** [6c Qc 6h]
AAdeninAA: checks
Actionni13: bets $3
AAdeninAA: calls $3
*** TURN *** [6c Qc 6h] [Qd]
AAdeninAA: checks
Actionni13: checks
*** RIVER *** [6c Qc 6h Qd] [Ks]
AAdeninAA: checks
Actionni13: bets $6
AAdeninAA: folds
Uncalled bet ($6) returned to Actionni13
Actionni13 collected $17.64 from pot
Actionni13: doesn't show hand
*** SUMMARY ***
Total pot $18 | Rake $0.36
Board [6c Qc 6h Qd Ks]
Seat 3: AAdeninAA (big blind) folded on the River
Seat 4: Actionni13 (button) (small blind) collected ($17.64)


PokerStars Hand #148151464253:  Hold'em Limit ($3/$6 USD) - 2016/02/03 2:51:29 ET
Table 'Peacock' 6-max Seat #4 is the button
Seat 3: AAdeninAA ($17.26 in chips)
Seat 4: Actionni13 ($229.60 in chips)
Actionni13: posts small blind $1
AAdeninAA: posts big blind $3
*** HOLE CARDS ***
Actionni13: raises $3 to $6
AAdeninAA: calls $3
*** FLOP *** [4s 3s Kh]
AAdeninAA: checks
Actionni13: bets $3
AAdeninAA: raises $3 to $6
Actionni13: calls $3
*** TURN *** [4s 3s Kh] [7d]
AAdeninAA: bets $5.26 and is all-in
Actionni13: folds
Uncalled bet ($5.26) returned to AAdeninAA
AAdeninAA collected $23.52 from pot
AAdeninAA: doesn't show hand
*** SUMMARY ***
Total pot $24 | Rake $0.48
Board [4s 3s Kh 7d]
Seat 3: AAdeninAA (big blind) collected ($23.52)
Seat 4: Actionni13 (button) (small blind) folded on the Turn


PokerStars Hand #148151462776:  Hold'em Limit ($3/$6 USD) - 2016/02/03 2:51:25 ET
Table 'Peacock' 6-max Seat #3 is the button
Seat 3: AAdeninAA ($18.26 in chips)
Seat 4: Actionni13 ($228.60 in chips)
AAdeninAA: posts small blind $1
Actionni13: posts big blind $3
*** HOLE CARDS ***
AAdeninAA: folds
Uncalled bet ($2) returned to Actionni13
Actionni13 collected $2 from pot
Actionni13: doesn't show hand
*** SUMMARY ***
Total pot $2 | Rake $0
Seat 3: AAdeninAA (button) (small blind) folded before Flop
Seat 4: Actionni13 (big blind) collected ($2)


PokerStars Hand #148151461213:  Hold'em Limit ($3/$6 USD) - 2016/02/03 2:51:20 ET
Table 'Peacock' 6-max Seat #4 is the button
Seat 3: AAdeninAA ($21.26 in chips)
Seat 4: Actionni13 ($225.60 in chips)
Actionni13: posts small blind $1
AAdeninAA: posts big blind $3
*** HOLE CARDS ***
Actionni13: raises $3 to $6
AAdeninAA: folds
Uncalled bet ($3) returned to Actionni13
Actionni13 collected $6 from pot
Actionni13: doesn't show hand
*** SUMMARY ***
Total pot $6 | Rake $0
Seat 3: AAdeninAA (big blind) folded before Flop
Seat 4: Actionni13 (button) (small blind) collected ($6)


PokerStars Hand #148151458398:  Hold'em Limit ($3/$6 USD) - 2016/02/03 2:51:11 ET
Table 'Peacock' 6-max Seat #4 is the button
Seat 3: AAdeninAA ($21.26 in chips)
Seat 4: Actionni13 ($225.60 in chips)
Actionni13: posts small blind $1
AAdeninAA: posts big blind $3
*** HOLE CARDS ***
Actionni13: folds
Uncalled bet ($2) returned to AAdeninAA
AAdeninAA collected $2 from pot
AAdeninAA: doesn't show hand
*** SUMMARY ***
Total pot $2 | Rake $0
Seat 3: AAdeninAA (big blind) collected ($2)
Seat 4: Actionni13 (button) (small blind) folded before Flop


PokerStars Hand #148151455879:  Hold'em Limit ($3/$6 USD) - 2016/02/03 2:51:03 ET
Table 'Peacock' 6-max Seat #3 is the button
Seat 3: AAdeninAA ($18.26 in chips)
Seat 4: Actionni13 ($228.60 in chips)
AAdeninAA: posts small blind $1
Actionni13: posts big blind $3
*** HOLE CARDS ***
AAdeninAA: raises $3 to $6
Actionni13: folds
Uncalled bet ($3) returned to AAdeninAA
AAdeninAA collected $6 from pot
AAdeninAA: doesn't show hand
*** SUMMARY ***
Total pot $6 | Rake $0
Seat 3: AAdeninAA (button) (small blind) collected ($6)
Seat 4: Actionni13 (big blind) folded before Flop


PokerStars Hand #148151472575:  Hold'em Limit ($3/$6 USD) - 2016/02/03 2:51:56 ET
Table 'Peacock' 6-max Seat #3 is the button
Seat 3: AAdeninAA ($28.78 in chips)
Seat 4: Actionni13 ($217.60 in chips)
AAdeninAA: posts small blind $1
Actionni13: posts big blind $3
*** HOLE CARDS ***
AAdeninAA: raises $3 to $6
Actionni13: calls $3
*** FLOP *** [9s Kd Tc]
Actionni13: checks
AAdeninAA: bets $3
Actionni13: raises $3 to $6
AAdeninAA: calls $3
*** TURN *** [9s Kd Tc] [9d]
Actionni13: bets $6
AAdeninAA: calls $6
*** RIVER *** [9s Kd Tc 9d] [7d]
Actionni13: bets $6
AAdeninAA: raises $4.78 to $10.78 and is all-in
Actionni13: calls $4.78
*** SHOW DOWN ***
AAdeninAA: shows [Jd 3d] (a flush, King high)
Actionni13: shows [7s Kc] (two pair, Kings and Nines)
AAdeninAA collected $57.06 from pot
*** SUMMARY ***
Total pot $57.56 | Rake $0.50
Board [9s Kd Tc 9d 7d]
Seat 3: AAdeninAA (button) (small blind) showed [Jd 3d] and won ($57.06) with a flush, King high
Seat 4: Actionni13 (big blind) showed [7s Kc] and lost with two pair, Kings and Nines


PokerStars Hand #148151480704:  Hold'em Limit ($3/$6 USD) - 2016/02/03 2:52:22 ET
Table 'Peacock' 6-max Seat #4 is the button
Seat 3: AAdeninAA ($57.06 in chips)
Seat 4: Actionni13 ($188.82 in chips)
Actionni13: posts small blind $1
AAdeninAA: posts big blind $3
*** HOLE CARDS ***
Actionni13: raises $3 to $6
AAdeninAA: calls $3
*** FLOP *** [Qh 9d 3c]
AAdeninAA: checks
Actionni13: bets $3
AAdeninAA: folds
Uncalled bet ($3) returned to Actionni13
Actionni13 collected $11.76 from pot
Actionni13: doesn't show hand
*** SUMMARY ***
Total pot $12 | Rake $0.24
Board [Qh 9d 3c]
Seat 3: AAdeninAA (big blind) folded on the Flop
Seat 4: Actionni13 (button) (small blind) collected ($11.76)


PokerStars Hand #148151489642:  Hold'em Limit ($3/$6 USD) - 2016/02/03 2:52:50 ET
Table 'Peacock' 6-max Seat #3 is the button
Seat 3: AAdeninAA ($43.06 in chips)
Seat 4: Actionni13 ($202.22 in chips)
AAdeninAA: posts small blind $1
Actionni13: posts big blind $3
*** HOLE CARDS ***
AAdeninAA: folds
Uncalled bet ($2) returned to Actionni13
Actionni13 collected $2 from pot
Actionni13: doesn't show hand
*** SUMMARY ***
Total pot $2 | Rake $0
Seat 3: AAdeninAA (button) (small blind) folded before Flop
Seat 4: Actionni13 (big blind) collected ($2)


PokerStars Hand #148151487939:  Hold'em Limit ($3/$6 USD) - 2016/02/03 2:52:45 ET
Table 'Peacock' 6-max Seat #4 is the button
Seat 3: AAdeninAA ($42.06 in chips)
Seat 4: Actionni13 ($203.22 in chips)
Actionni13: posts small blind $1
AAdeninAA: posts big blind $3
*** HOLE CARDS ***
Actionni13: folds
Uncalled bet ($2) returned to AAdeninAA
AAdeninAA collected $2 from pot
AAdeninAA: doesn't show hand
*** SUMMARY ***
Total pot $2 | Rake $0
Seat 3: AAdeninAA (big blind) collected ($2)
Seat 4: Actionni13 (button) (small blind) folded before Flop


PokerStars Hand #148151505717:  Hold'em Limit ($3/$6 USD) - 2016/02/03 2:53:41 ET
Table 'Peacock' 6-max Seat #3 is the button
Seat 3: AAdeninAA ($29.70 in chips)
Seat 4: Actionni13 ($214.72 in chips)
AAdeninAA: posts small blind $1
Actionni13: posts big blind $3
*** HOLE CARDS ***
AAdeninAA: raises $3 to $6
Actionni13: raises $3 to $9
AAdeninAA: calls $3
*** FLOP *** [6s 3h Ac]
Actionni13: bets $3
AAdeninAA: calls $3
*** TURN *** [6s 3h Ac] [Tc]
Actionni13: bets $6
AAdeninAA: calls $6
*** RIVER *** [6s 3h Ac Tc] [8c]
Actionni13: bets $6
AAdeninAA: raises $5.70 to $11.70 and is all-in
Actionni13: calls $5.70
*** SHOW DOWN ***
AAdeninAA: shows [Kc Jc] (a flush, Ace high)
Actionni13: shows [7s 7c] (a pair of Sevens)
AAdeninAA collected $58.90 from pot
*** SUMMARY ***
Total pot $59.40 | Rake $0.50
Board [6s 3h Ac Tc 8c]
Seat 3: AAdeninAA (button) (small blind) showed [Kc Jc] and won ($58.90) with a flush, Ace high
Seat 4: Actionni13 (big blind) showed [7s 7c] and lost with a pair of Sevens


PokerStars Hand #148151501725:  Hold'em Limit ($3/$6 USD) - 2016/02/03 2:53:28 ET
Table 'Peacock' 6-max Seat #4 is the button
Seat 3: AAdeninAA ($21.06 in chips)
Seat 4: Actionni13 ($223.72 in chips)
Actionni13: posts small blind $1
AAdeninAA: posts big blind $3
*** HOLE CARDS ***
Actionni13: raises $3 to $6
AAdeninAA: raises $3 to $9
Actionni13: calls $3
*** FLOP *** [Qs Jc 2s]
AAdeninAA: bets $3
Actionni13: folds
Uncalled bet ($3) returned to AAdeninAA
AAdeninAA collected $17.64 from pot
AAdeninAA: doesn't show hand
*** SUMMARY ***
Total pot $18 | Rake $0.36
Board [Qs Jc 2s]
Seat 3: AAdeninAA (big blind) collected ($17.64)
Seat 4: Actionni13 (button) (small blind) folded on the Flop


PokerStars Hand #148151499180:  Hold'em Limit ($3/$6 USD) - 2016/02/03 2:53:20 ET
Table 'Peacock' 6-max Seat #3 is the button
Seat 3: AAdeninAA ($18.06 in chips)
Seat 4: Actionni13 ($226.72 in chips)
AAdeninAA: posts small blind $1
Actionni13: posts big blind $3
*** HOLE CARDS ***
AAdeninAA: raises $3 to $6
Actionni13: folds
Uncalled bet ($3) returned to AAdeninAA
AAdeninAA collected $6 from pot
AAdeninAA: doesn't show hand
*** SUMMARY ***
Total pot $6 | Rake $0
Seat 3: AAdeninAA (button) (small blind) collected ($6)
Seat 4: Actionni13 (big blind) folded before Flop


PokerStars Hand #148151490957:  Hold'em Limit ($3/$6 USD) - 2016/02/03 2:52:54 ET
Table 'Peacock' 6-max Seat #4 is the button
Seat 3: AAdeninAA ($42.06 in chips)
Seat 4: Actionni13 ($203.22 in chips)
Actionni13: posts small blind $1
AAdeninAA: posts big blind $3
*** HOLE CARDS ***
Actionni13: raises $3 to $6
AAdeninAA: raises $3 to $9
Actionni13: calls $3
*** FLOP *** [Ad Js 5h]
AAdeninAA: bets $3
Actionni13: calls $3
*** TURN *** [Ad Js 5h] [7c]
AAdeninAA: bets $6
Actionni13: raises $6 to $12
AAdeninAA: calls $6
*** RIVER *** [Ad Js 5h 7c] [9h]
AAdeninAA: checks
Actionni13: bets $6
AAdeninAA: folds
Uncalled bet ($6) returned to Actionni13
Actionni13 collected $47.50 from pot
Actionni13: doesn't show hand
*** SUMMARY ***
Total pot $48 | Rake $0.50
Board [Ad Js 5h 7c 9h]
Seat 3: AAdeninAA (big blind) folded on the River
Seat 4: Actionni13 (button) (small blind) collected ($47.50)


PokerStars Hand #148151526370:  Hold'em Limit ($3/$6 USD) - 2016/02/03 2:54:45 ET
Table 'Peacock' 6-max Seat #4 is the button
Seat 3: AAdeninAA ($60.40 in chips)
Seat 4: Actionni13 ($182.52 in chips)
Actionni13: posts small blind $1
AAdeninAA: posts big blind $3
*** HOLE CARDS ***
Actionni13: raises $3 to $6
AAdeninAA: calls $3
*** FLOP *** [Qd 6s 5c]
AAdeninAA: checks
Actionni13: checks
*** TURN *** [Qd 6s 5c] [8d]
AAdeninAA: checks
Actionni13: checks
*** RIVER *** [Qd 6s 5c 8d] [3h]
AAdeninAA: checks
Actionni13: checks
*** SHOW DOWN ***
AAdeninAA: shows [Ah 4d] (high card Ace)
Actionni13: mucks hand
AAdeninAA collected $11.76 from pot
*** SUMMARY ***
Total pot $12 | Rake $0.24
Board [Qd 6s 5c 8d 3h]
Seat 3: AAdeninAA (big blind) showed [Ah 4d] and won ($11.76) with high card Ace
Seat 4: Actionni13 (button) (small blind) mucked


PokerStars Hand #148151512146:  Hold'em Limit ($3/$6 USD) - 2016/02/03 2:54:01 ET
Table 'Peacock' 6-max Seat #4 is the button
Seat 3: AAdeninAA ($58.90 in chips)
Seat 4: Actionni13 ($185.02 in chips)
Actionni13: posts small blind $1
AAdeninAA: posts big blind $3
*** HOLE CARDS ***
Actionni13: raises $3 to $6
AAdeninAA: calls $3
*** FLOP *** [8c 7h 9d]
AAdeninAA: checks
Actionni13: bets $3
AAdeninAA: calls $3
*** TURN *** [8c 7h 9d] [3h]
AAdeninAA: checks
Actionni13: bets $6
AAdeninAA: calls $6
*** RIVER *** [8c 7h 9d 3h] [9c]
AAdeninAA: checks
Actionni13: bets $6
AAdeninAA: folds
Uncalled bet ($6) returned to Actionni13
Actionni13 collected $29.50 from pot
Actionni13: doesn't show hand
*** SUMMARY ***
Total pot $30 | Rake $0.50
Board [8c 7h 9d 3h 9c]
Seat 3: AAdeninAA (big blind) folded on the River
Seat 4: Actionni13 (button) (small blind) collected ($29.50)


PokerStars Hand #148151524636:  Hold'em Limit ($3/$6 USD) - 2016/02/03 2:54:40 ET
Table 'Peacock' 6-max Seat #3 is the button
Seat 3: AAdeninAA ($57.40 in chips)
Seat 4: Actionni13 ($185.52 in chips)
AAdeninAA: posts small blind $1
Actionni13: posts big blind $3
*** HOLE CARDS ***
AAdeninAA: raises $3 to $6
Actionni13: folds
Uncalled bet ($3) returned to AAdeninAA
AAdeninAA collected $6 from pot
AAdeninAA: doesn't show hand
*** SUMMARY ***
Total pot $6 | Rake $0
Seat 3: AAdeninAA (button) (small blind) collected ($6)
Seat 4: Actionni13 (big blind) folded before Flop


PokerStars Hand #148151518662:  Hold'em Limit ($3/$6 USD) - 2016/02/03 2:54:21 ET
Table 'Peacock' 6-max Seat #4 is the button
Seat 3: AAdeninAA ($42.90 in chips)
Seat 4: Actionni13 ($200.52 in chips)
Actionni13: posts small blind $1
AAdeninAA: posts big blind $3
*** HOLE CARDS ***
Actionni13: raises $3 to $6
AAdeninAA: calls $3
*** FLOP *** [3h Tc 6s]
AAdeninAA: checks
Actionni13: bets $3
AAdeninAA: calls $3
*** TURN *** [3h Tc 6s] [8s]
AAdeninAA: checks
Actionni13: bets $6
AAdeninAA: calls $6
*** RIVER *** [3h Tc 6s 8s] [5s]
AAdeninAA: checks
Actionni13: checks
*** SHOW DOWN ***
AAdeninAA: shows [4s 3s] (a flush, Eight high)
Actionni13: mucks hand
AAdeninAA collected $29.50 from pot
*** SUMMARY ***
Total pot $30 | Rake $0.50
Board [3h Tc 6s 8s 5s]
Seat 3: AAdeninAA (big blind) showed [4s 3s] and won ($29.50) with a flush, Eight high
Seat 4: Actionni13 (button) (small blind) mucked


PokerStars Hand #148151517268:  Hold'em Limit ($3/$6 USD) - 2016/02/03 2:54:17 ET
Table 'Peacock' 6-max Seat #3 is the button
Seat 3: AAdeninAA ($43.90 in chips)
Seat 4: Actionni13 ($199.52 in chips)
AAdeninAA: posts small blind $1
Actionni13: posts big blind $3
*** HOLE CARDS ***
AAdeninAA: folds
Uncalled bet ($2) returned to Actionni13
Actionni13 collected $2 from pot
Actionni13: doesn't show hand
*** SUMMARY ***
Total pot $2 | Rake $0
Seat 3: AAdeninAA (button) (small blind) folded before Flop
Seat 4: Actionni13 (big blind) collected ($2)


PokerStars Hand #148151536287:  Hold'em Limit ($3/$6 USD) - 2016/02/03 2:55:16 ET
Table 'Peacock' 6-max Seat #3 is the button
Seat 3: AAdeninAA ($72.92 in chips)
Seat 4: Actionni13 ($169.52 in chips)
AAdeninAA: posts small blind $1
Actionni13: posts big blind $3
*** HOLE CARDS ***
AAdeninAA: raises $3 to $6
Actionni13: raises $3 to $9
AAdeninAA: calls $3
*** FLOP *** [7s Kh Js]
Actionni13: bets $3
AAdeninAA: calls $3
*** TURN *** [7s Kh Js] [7h]
Actionni13: bets $6
AAdeninAA: calls $6
*** RIVER *** [7s Kh Js 7h] [Tc]
Actionni13: bets $6
AAdeninAA: calls $6
*** SHOW DOWN ***
Actionni13: shows [Ks Kd] (a full house, Kings full of Sevens)
AAdeninAA: mucks hand
Actionni13 collected $47.50 from pot
*** SUMMARY ***
Total pot $48 | Rake $0.50
Board [7s Kh Js 7h Tc]
Seat 3: AAdeninAA (button) (small blind) mucked
Seat 4: Actionni13 (big blind) showed [Ks Kd] and won ($47.50) with a full house, Kings full of Sevens


PokerStars Hand #148151534934:  Hold'em Limit ($3/$6 USD) - 2016/02/03 2:55:12 ET
Table 'Peacock' 6-max Seat #4 is the button
Seat 3: AAdeninAA ($71.92 in chips)
Seat 4: Actionni13 ($170.52 in chips)
Actionni13: posts small blind $1
AAdeninAA: posts big blind $3
*** HOLE CARDS ***
Actionni13: folds
Uncalled bet ($2) returned to AAdeninAA
AAdeninAA collected $2 from pot
AAdeninAA: doesn't show hand
*** SUMMARY ***
Total pot $2 | Rake $0
Seat 3: AAdeninAA (big blind) collected ($2)
Seat 4: Actionni13 (button) (small blind) folded before Flop


PokerStars Hand #148151531698:  Hold'em Limit ($3/$6 USD) - 2016/02/03 2:55:02 ET
Table 'Peacock' 6-max Seat #3 is the button
Seat 3: AAdeninAA ($66.16 in chips)
Seat 4: Actionni13 ($176.52 in chips)
AAdeninAA: posts small blind $1
Actionni13: posts big blind $3
*** HOLE CARDS ***
AAdeninAA: raises $3 to $6
Actionni13: calls $3
*** FLOP *** [5s 3c Js]
Actionni13: checks
AAdeninAA: bets $3
Actionni13: folds
Uncalled bet ($3) returned to AAdeninAA
AAdeninAA collected $11.76 from pot
AAdeninAA: doesn't show hand
*** SUMMARY ***
Total pot $12 | Rake $0.24
Board [5s 3c Js]
Seat 3: AAdeninAA (button) (small blind) collected ($11.76)
Seat 4: Actionni13 (big blind) folded on the Flop


PokerStars Hand #148151540566:  Hold'em Limit ($3/$6 USD) - 2016/02/03 2:55:32 ET
Table 'Peacock' 6-max Seat #4 is the button
Seat 3: AAdeninAA ($48.92 in chips)
Seat 4: Actionni13 ($193.02 in chips)
Actionni13: posts small blind $1
AAdeninAA: posts big blind $3
*** HOLE CARDS ***
Actionni13: raises $3 to $6
AAdeninAA: calls $3
*** FLOP *** [4d Kc Kh]
AAdeninAA: checks
Actionni13: bets $3
AAdeninAA: calls $3
*** TURN *** [4d Kc Kh] [6d]
AAdeninAA: checks
Actionni13: checks
*** RIVER *** [4d Kc Kh 6d] [5h]
AAdeninAA: bets $6
Actionni13: folds
Uncalled bet ($6) returned to AAdeninAA
AAdeninAA collected $17.64 from pot
AAdeninAA: doesn't show hand
*** SUMMARY ***
Total pot $18 | Rake $0.36
Board [4d Kc Kh 6d 5h]
Seat 3: AAdeninAA (big blind) collected ($17.64)
Seat 4: Actionni13 (button) (small blind) folded on the River


PokerStars Hand #148151547362:  Hold'em Limit ($3/$6 USD) - 2016/02/03 2:55:56 ET
Table 'Peacock' 6-max Seat #3 is the button
Seat 3: AAdeninAA ($57.56 in chips)
Seat 4: Actionni13 ($184.02 in chips)
AAdeninAA: posts small blind $1
Actionni13: posts big blind $3
*** HOLE CARDS ***
AAdeninAA: raises $3 to $6
Actionni13: raises $3 to $9
AAdeninAA: calls $3
*** FLOP *** [Ah As 6h]
Actionni13: bets $3
AAdeninAA: calls $3
*** TURN *** [Ah As 6h] [Jh]
Actionni13: bets $6
AAdeninAA: calls $6
*** RIVER *** [Ah As 6h Jh] [2s]
Actionni13: bets $6
AAdeninAA: folds
Uncalled bet ($6) returned to Actionni13
Actionni13 collected $35.50 from pot
Actionni13: doesn't show hand
*** SUMMARY ***
Total pot $36 | Rake $0.50
Board [Ah As 6h Jh 2s]
Seat 3: AAdeninAA (button) (small blind) folded on the River
Seat 4: Actionni13 (big blind) collected ($35.50)


PokerStars Hand #148151565925:  Hold'em Limit ($3/$6 USD) - 2016/02/03 2:57:02 ET
Table 'Peacock' 6-max Seat #3 is the button
Seat 3: AAdeninAA ($18.56 in chips)
Seat 4: Actionni13 ($222.02 in chips)
AAdeninAA: posts small blind $1
Actionni13: posts big blind $3
*** HOLE CARDS ***
AAdeninAA: folds
Uncalled bet ($2) returned to Actionni13
Actionni13 collected $2 from pot
Actionni13: doesn't show hand
*** SUMMARY ***
Total pot $2 | Rake $0
Seat 3: AAdeninAA (button) (small blind) folded before Flop
Seat 4: Actionni13 (big blind) collected ($2)


PokerStars Hand #148151554860:  Hold'em Limit ($3/$6 USD) - 2016/02/03 2:56:23 ET
Table 'Peacock' 6-max Seat #4 is the button
Seat 3: AAdeninAA ($39.56 in chips)
Seat 4: Actionni13 ($201.52 in chips)
Actionni13: posts small blind $1
AAdeninAA: posts big blind $3
*** HOLE CARDS ***
Actionni13: raises $3 to $6
AAdeninAA: raises $3 to $9
Actionni13: calls $3
*** FLOP *** [9c 4s 3d]
AAdeninAA: checks
Actionni13: checks
*** TURN *** [9c 4s 3d] [Th]
AAdeninAA: bets $6
Actionni13: raises $6 to $12
AAdeninAA: calls $6
*** RIVER *** [9c 4s 3d Th] [3c]
AAdeninAA: checks
Actionni13: bets $6
AAdeninAA: folds
Uncalled bet ($6) returned to Actionni13
Actionni13 collected $41.50 from pot
Actionni13: doesn't show hand
*** SUMMARY ***
Total pot $42 | Rake $0.50
Board [9c 4s 3d Th 3c]
Seat 3: AAdeninAA (big blind) folded on the River
Seat 4: Actionni13 (button) (small blind) collected ($41.50)


PokerStars Hand #148151570422:  Hold'em Limit ($3/$6 USD) - 2016/02/03 2:57:17 ET
Table 'Peacock' 6-max Seat #3 is the button
Seat 3: AAdeninAA ($14.56 in chips)
Seat 4: Actionni13 ($226.02 in chips)
AAdeninAA: posts small blind $1
Actionni13: posts big blind $3
*** HOLE CARDS ***
AAdeninAA: raises $3 to $6
Actionni13: calls $3
*** FLOP *** [6s 9s 2h]
Actionni13: checks
AAdeninAA: bets $3
Actionni13: calls $3
*** TURN *** [6s 9s 2h] [2c]
5914 joins the table at seat #2
Actionni13: checks
AAdeninAA: bets $5.56 and is all-in
Fabulous108 joins the table at seat #5
Actionni13: folds
Uncalled bet ($5.56) returned to AAdeninAA
AAdeninAA collected $17.64 from pot
AAdeninAA: doesn't show hand
*** SUMMARY ***
Total pot $18 | Rake $0.36
Board [6s 9s 2h 2c]
Seat 3: AAdeninAA (button) (small blind) collected ($17.64)
Seat 4: Actionni13 (big blind) folded on the Turn


PokerStars Hand #148151567125:  Hold'em Limit ($3/$6 USD) - 2016/02/03 2:57:06 ET
Table 'Peacock' 6-max Seat #4 is the button
Seat 3: AAdeninAA ($17.56 in chips)
Seat 4: Actionni13 ($223.02 in chips)
Actionni13: posts small blind $1
AAdeninAA: posts big blind $3
*** HOLE CARDS ***
Actionni13: raises $3 to $6
AAdeninAA: folds
Uncalled bet ($3) returned to Actionni13
Actionni13 collected $6 from pot
Actionni13: doesn't show hand
*** SUMMARY ***
Total pot $6 | Rake $0
Seat 3: AAdeninAA (big blind) folded before Flop
Seat 4: Actionni13 (button) (small blind) collected ($6)


PokerStars Hand #148152442863:  Hold'em Limit ($3/$6 USD) - 2016/02/03 3:40:22 ET
Table 'Peacock' 6-max Seat #6 is the button
Seat 3: chiangkwang ($75.47 in chips)
Seat 6: BelSv ($106.76 in chips)
BelSv: posts small blind $1
chiangkwang: posts big blind $3
*** HOLE CARDS ***
BelSv: raises $3 to $6
chiangkwang: raises $3 to $9
BelSv: calls $3
*** FLOP *** [5d 9d Qs]
chiangkwang: bets $3
BelSv: calls $3
*** TURN *** [5d 9d Qs] [Th]
chiangkwang: bets $6
BelSv: raises $6 to $12
chiangkwang: calls $6
*** RIVER *** [5d 9d Qs Th] [2s]
chiangkwang: checks
BelSv: bets $6
chiangkwang: folds
Uncalled bet ($6) returned to BelSv
BelSv collected $47.50 from pot
BelSv: doesn't show hand
*** SUMMARY ***
Total pot $48 | Rake $0.50
Board [5d 9d Qs Th 2s]
Seat 3: chiangkwang (big blind) folded on the River
Seat 6: BelSv (button) (small blind) collected ($47.50)


PokerStars Hand #148152453051:  Hold'em Limit ($3/$6 USD) - 2016/02/03 3:40:51 ET
Table 'Peacock' 6-max Seat #3 is the button
Seat 3: chiangkwang ($51.47 in chips)
Seat 6: BelSv ($130.26 in chips)
chiangkwang: posts small blind $1
BelSv: posts big blind $3
*** HOLE CARDS ***
chiangkwang: calls $2
BelSv: raises $3 to $6
chiangkwang: calls $3
*** FLOP *** [Kc Ts 4h]
BelSv: bets $3
chiangkwang: folds
Uncalled bet ($3) returned to BelSv
BelSv collected $11.76 from pot
BelSv: doesn't show hand
*** SUMMARY ***
Total pot $12 | Rake $0.24
Board [Kc Ts 4h]
Seat 3: chiangkwang (button) (small blind) folded on the Flop
Seat 6: BelSv (big blind) collected ($11.76)


PokerStars Hand #148152434379:  Hold'em Limit ($3/$6 USD) - 2016/02/03 3:39:58 ET
Table 'Peacock' 6-max Seat #3 is the button
Seat 3: chiangkwang ($54.97 in chips)
Seat 6: BelSv ($127.76 in chips)
chiangkwang: posts small blind $1
Actionni13 was removed from the table for failing to post
BelSv: posts big blind $3
*** HOLE CARDS ***
chiangkwang: calls $2
BelSv: raises $3 to $6
chiangkwang: calls $3
*** FLOP *** [Th Qc 3s]
BelSv: bets $3
chiangkwang: calls $3
*** TURN *** [Th Qc 3s] [7h]
BelSv: checks
chiangkwang: bets $6
BelSv: raises $6 to $12
chiangkwang: raises $6 to $18
BelSv: folds
Uncalled bet ($6) returned to chiangkwang
chiangkwang collected $41.50 from pot
chiangkwang: doesn't show hand
*** SUMMARY ***
Total pot $42 | Rake $0.50
Board [Th Qc 3s 7h]
Seat 3: chiangkwang (button) (small blind) collected ($41.50)
Seat 6: BelSv (big blind) folded on the Turn


PokerStars Hand #148152472985:  Hold'em Limit ($3/$6 USD) - 2016/02/03 3:41:47 ET
Table 'Peacock' 6-max Seat #3 is the button
Seat 3: chiangkwang ($77.61 in chips)
Seat 6: BelSv ($103.02 in chips)
chiangkwang: posts small blind $1
BelSv: posts big blind $3
*** HOLE CARDS ***
chiangkwang: folds
Uncalled bet ($2) returned to BelSv
BelSv collected $2 from pot
BelSv: doesn't show hand
*** SUMMARY ***
Total pot $2 | Rake $0
Seat 3: chiangkwang (button) (small blind) folded before Flop
Seat 6: BelSv (big blind) collected ($2)


PokerStars Hand #148152463289:  Hold'em Limit ($3/$6 USD) - 2016/02/03 3:41:20 ET
Table 'Peacock' 6-max Seat #6 is the button
Seat 3: chiangkwang ($57.11 in chips)
Seat 6: BelSv ($124.02 in chips)
BelSv: posts small blind $1
chiangkwang: posts big blind $3
*** HOLE CARDS ***
BelSv: raises $3 to $6
chiangkwang: calls $3
*** FLOP *** [Qs Jc Qh]
chiangkwang: bets $3
BelSv: calls $3
*** TURN *** [Qs Jc Qh] [5h]
chiangkwang: bets $6
BelSv: calls $6
*** RIVER *** [Qs Jc Qh 5h] [Jd]
chiangkwang: bets $6
BelSv: calls $6
*** SHOW DOWN ***
chiangkwang: shows [Jh 3c] (a full house, Jacks full of Queens)
BelSv: mucks hand
chiangkwang collected $41.50 from pot
*** SUMMARY ***
Total pot $42 | Rake $0.50
Board [Qs Jc Qh 5h Jd]
Seat 3: chiangkwang (big blind) showed [Jh 3c] and won ($41.50) with a full house, Jacks full of Queens
Seat 6: BelSv (button) (small blind) mucked


PokerStars Hand #148152460895:  Hold'em Limit ($3/$6 USD) - 2016/02/03 3:41:13 ET
Table 'Peacock' 6-max Seat #3 is the button
Seat 3: chiangkwang ($54.11 in chips)
Seat 6: BelSv ($127.02 in chips)
chiangkwang: posts small blind $1
BelSv: posts big blind $3
*** HOLE CARDS ***
chiangkwang: raises $3 to $6
BelSv: folds
Uncalled bet ($3) returned to chiangkwang
chiangkwang collected $6 from pot
chiangkwang: doesn't show hand
*** SUMMARY ***
Total pot $6 | Rake $0
Seat 3: chiangkwang (button) (small blind) collected ($6)
Seat 6: BelSv (big blind) folded before Flop


PokerStars Hand #148152457314:  Hold'em Limit ($3/$6 USD) - 2016/02/03 3:41:03 ET
Table 'Peacock' 6-max Seat #6 is the button
Seat 3: chiangkwang ($45.47 in chips)
Seat 6: BelSv ($136.02 in chips)
BelSv: posts small blind $1
chiangkwang: posts big blind $3
*** HOLE CARDS ***
BelSv: raises $3 to $6
chiangkwang: raises $3 to $9
BelSv: calls $3
*** FLOP *** [5c Kc 2d]
chiangkwang: bets $3
BelSv: folds
Uncalled bet ($3) returned to chiangkwang
chiangkwang collected $17.64 from pot
chiangkwang: doesn't show hand
*** SUMMARY ***
Total pot $18 | Rake $0.36
Board [5c Kc 2d]
Seat 3: chiangkwang (big blind) collected ($17.64)
Seat 6: BelSv (button) (small blind) folded on the Flop


PokerStars Hand #148152479721:  Hold'em Limit ($3/$6 USD) - 2016/02/03 3:42:05 ET
Table 'Peacock' 6-max Seat #3 is the button
Seat 3: chiangkwang ($70.61 in chips)
Seat 6: BelSv ($109.78 in chips)
chiangkwang: posts small blind $1
BelSv: posts big blind $3
*** HOLE CARDS ***
chiangkwang: folds
Uncalled bet ($2) returned to BelSv
BelSv collected $2 from pot
BelSv: doesn't show hand
*** SUMMARY ***
Total pot $2 | Rake $0
Seat 3: chiangkwang (button) (small blind) folded before Flop
Seat 6: BelSv (big blind) collected ($2)


PokerStars Hand #148152475113:  Hold'em Limit ($3/$6 USD) - 2016/02/03 3:41:52 ET
Table 'Peacock' 6-max Seat #6 is the button
Seat 3: chiangkwang ($76.61 in chips)
Seat 6: BelSv ($104.02 in chips)
BelSv: posts small blind $1
chiangkwang: posts big blind $3
*** HOLE CARDS ***
BelSv: raises $3 to $6
chiangkwang: calls $3
*** FLOP *** [Jh Qd 5d]
chiangkwang: checks
BelSv: bets $3
chiangkwang: folds
Uncalled bet ($3) returned to BelSv
BelSv collected $11.76 from pot
BelSv: doesn't show hand
*** SUMMARY ***
Total pot $12 | Rake $0.24
Board [Jh Qd 5d]
Seat 3: chiangkwang (big blind) folded on the Flop
Seat 6: BelSv (button) (small blind) collected ($11.76)


PokerStars Hand #148152485757:  Hold'em Limit ($3/$6 USD) - 2016/02/03 3:42:22 ET
Table 'Peacock' 6-max Seat #6 is the button
Seat 3: chiangkwang ($73.61 in chips)
Seat 6: BelSv ($106.78 in chips)
BelSv: posts small blind $1
chiangkwang: posts big blind $3
*** HOLE CARDS ***
BelSv: raises $3 to $6
chiangkwang: calls $3
*** FLOP *** [3s 2s Tc]
chiangkwang: checks
BelSv: bets $3
chiangkwang: folds
Uncalled bet ($3) returned to BelSv
BelSv collected $11.76 from pot
BelSv: doesn't show hand
*** SUMMARY ***
Total pot $12 | Rake $0.24
Board [3s 2s Tc]
Seat 3: chiangkwang (big blind) folded on the Flop
Seat 6: BelSv (button) (small blind) collected ($11.76)


PokerStars Hand #148152490419:  Hold'em Limit ($3/$6 USD) - 2016/02/03 3:42:36 ET
Table 'Peacock' 6-max Seat #3 is the button
Seat 3: chiangkwang ($67.61 in chips)
Seat 6: BelSv ($112.54 in chips)
chiangkwang: posts small blind $1
BelSv: posts big blind $3
*** HOLE CARDS ***
chiangkwang: raises $3 to $6
BelSv: calls $3
*** FLOP *** [8h Ks 5s]
BelSv: checks
chiangkwang: bets $3
BelSv: folds
Uncalled bet ($3) returned to chiangkwang
chiangkwang collected $11.76 from pot
chiangkwang: doesn't show hand
*** SUMMARY ***
Total pot $12 | Rake $0.24
Board [8h Ks 5s]
Seat 3: chiangkwang (button) (small blind) collected ($11.76)
Seat 6: BelSv (big blind) folded on the Flop


PokerStars Hand #148152493878:  Hold'em Limit ($3/$6 USD) - 2016/02/03 3:42:45 ET
Table 'Peacock' 6-max Seat #6 is the button
Seat 3: chiangkwang ($73.37 in chips)
Seat 6: BelSv ($106.54 in chips)
BelSv: posts small blind $1
chiangkwang: posts big blind $3
*** HOLE CARDS ***
BelSv: raises $3 to $6
chiangkwang: calls $3
*** FLOP *** [Kh Jh 9c]
chiangkwang: checks
BelSv: bets $3
chiangkwang: calls $3
*** TURN *** [Kh Jh 9c] [3h]
chiangkwang: checks
BelSv: bets $6
chiangkwang: calls $6
*** RIVER *** [Kh Jh 9c 3h] [9s]
chiangkwang: checks
BelSv: checks
*** SHOW DOWN ***
chiangkwang: shows [7s Jd] (two pair, Jacks and Nines)
BelSv: shows [Js 8c] (two pair, Jacks and Nines)
chiangkwang collected $14.75 from pot
BelSv collected $14.75 from pot
*** SUMMARY ***
Total pot $30 | Rake $0.50
Board [Kh Jh 9c 3h 9s]
Seat 3: chiangkwang (big blind) showed [7s Jd] and won ($14.75) with two pair, Jacks and Nines
Seat 6: BelSv (button) (small blind) showed [Js 8c] and won ($14.75) with two pair, Jacks and Nines


PokerStars Hand #148152483371:  Hold'em Limit ($3/$6 USD) - 2016/02/03 3:42:16 ET
Table 'Peacock' 6-max Seat #3 is the button
Seat 3: chiangkwang ($70.61 in chips)
Seat 6: BelSv ($109.78 in chips)
chiangkwang: posts small blind $1
BelSv: posts big blind $3
*** HOLE CARDS ***
chiangkwang: raises $3 to $6
BelSv: folds
Uncalled bet ($3) returned to chiangkwang
chiangkwang collected $6 from pot
chiangkwang: doesn't show hand
*** SUMMARY ***
Total pot $6 | Rake $0
Seat 3: chiangkwang (button) (small blind) collected ($6)
Seat 6: BelSv (big blind) folded before Flop


PokerStars Hand #148152481627:  Hold'em Limit ($3/$6 USD) - 2016/02/03 3:42:11 ET
Table 'Peacock' 6-max Seat #6 is the button
Seat 3: chiangkwang ($69.61 in chips)
Seat 6: BelSv ($110.78 in chips)
BelSv: posts small blind $1
chiangkwang: posts big blind $3
*** HOLE CARDS ***
BelSv: folds
Uncalled bet ($2) returned to chiangkwang
chiangkwang collected $2 from pot
chiangkwang: doesn't show hand
*** SUMMARY ***
Total pot $2 | Rake $0
Seat 3: chiangkwang (big blind) collected ($2)
Seat 6: BelSv (button) (small blind) folded before Flop


PokerStars Hand #148152501546:  Hold'em Limit ($3/$6 USD) - 2016/02/03 3:43:07 ET
Table 'Peacock' 6-max Seat #3 is the button
Seat 3: chiangkwang ($73.12 in chips)
Seat 6: BelSv ($106.29 in chips)
chiangkwang: posts small blind $1
BelSv: posts big blind $3
*** HOLE CARDS ***
chiangkwang: raises $3 to $6
BelSv: raises $3 to $9
chiangkwang: calls $3
*** FLOP *** [2s 9d 8c]
BelSv: checks
chiangkwang: checks
*** TURN *** [2s 9d 8c] [Qc]
Chessnok joins the table at seat #4
BelSv: checks
chiangkwang: bets $6
BelSv: calls $6
*** RIVER *** [2s 9d 8c Qc] [Ks]
BelSv: checks
chiangkwang: bets $6
BelSv: raises $6 to $12
chiangkwang: folds
Uncalled bet ($6) returned to BelSv
Headgtboy joins the table at seat #1
BelSv collected $41.50 from pot
BelSv: doesn't show hand
*** SUMMARY ***
Total pot $42 | Rake $0.50
Board [2s 9d 8c Qc Ks]
Seat 3: chiangkwang (button) (small blind) folded on the River
Seat 6: BelSv (big blind) collected ($41.50)


PokerStars Hand #148153474282:  Hold'em Limit ($3/$6 USD) - 2016/02/03 4:25:29 ET
Table 'Peacock' 6-max Seat #2 is the button
Seat 2: hairy1961 ($160.21 in chips)
Seat 3: BelSv ($81 in chips)
hairy1961: posts small blind $1
BelSv: posts big blind $3
*** HOLE CARDS ***
Chessnok leaves the table
hairy1961: folds
Uncalled bet ($2) returned to BelSv
BelSv collected $2 from pot
BelSv: doesn't show hand
*** SUMMARY ***
Total pot $2 | Rake $0
Seat 2: hairy1961 (button) (small blind) folded before Flop
Seat 3: BelSv (big blind) collected ($2)


PokerStars Hand #148153471430:  Hold'em Limit ($3/$6 USD) - 2016/02/03 4:25:22 ET
Table 'Peacock' 6-max Seat #3 is the button
Seat 2: hairy1961 ($163.21 in chips)
Seat 3: BelSv ($78 in chips)
BelSv: posts small blind $1
Chessnok: is sitting out
hairy1961: posts big blind $3
*** HOLE CARDS ***
BelSv: raises $3 to $6
hairy1961: folds
Uncalled bet ($3) returned to BelSv
BelSv collected $6 from pot
BelSv: doesn't show hand
*** SUMMARY ***
Total pot $6 | Rake $0
Seat 2: hairy1961 (big blind) folded before Flop
Seat 3: BelSv (button) (small blind) collected ($6)


