PokerStars Hand #166952340782:  Hold'em Limit ($3/$6 USD) - 2017/03/01 10:48:52 ET
Table 'Peacock' 6-max Seat #4 is the button
Seat 2: KristinaMH ($60.33 in chips)
Seat 4: TbIP-TbIP 88 ($72 in chips)
TbIP-TbIP 88: posts small blind $1
B_loJkl: is sitting out
KristinaMH: posts big blind $3
*** HOLE CARDS ***
B_loJkl leaves the table
B_loJkl joins the table at seat #3
TbIP-TbIP 88: raises $3 to $6
KristinaMH: calls $3
*** FLOP *** [8h 4d Ac]
KristinaMH: checks
TbIP-TbIP 88: bets $3
KristinaMH: folds
Uncalled bet ($3) returned to TbIP-TbIP 88
TbIP-TbIP 88 collected $11.76 from pot
TbIP-TbIP 88: doesn't show hand
*** SUMMARY ***
Total pot $12 | Rake $0.24
Board [8h 4d Ac]
Seat 2: KristinaMH (big blind) folded on the Flop
Seat 4: TbIP-TbIP 88 (button) (small blind) collected ($11.76)


PokerStars Hand #166952377242:  Hold'em Limit ($3/$6 USD) - 2017/03/01 10:49:44 ET
Table 'Peacock' 6-max Seat #3 is the button
Seat 2: KristinaMH ($53.33 in chips)
Seat 3: B_loJkl ($149.86 in chips)
B_loJkl: posts small blind $1
TbIP-TbIP 88: is sitting out
KristinaMH: posts big blind $3
*** HOLE CARDS ***
B_loJkl: raises $3 to $6
TbIP-TbIP 88 leaves the table
KristinaMH: calls $3
*** FLOP *** [Ks Tc 5c]
KristinaMH: checks
B_loJkl: bets $3
KristinaMH: folds
Uncalled bet ($3) returned to B_loJkl
B_loJkl collected $11.76 from pot
B_loJkl: doesn't show hand
*** SUMMARY ***
Total pot $12 | Rake $0.24
Board [Ks Tc 5c]
Seat 2: KristinaMH (big blind) folded on the Flop
Seat 3: B_loJkl (button) (small blind) collected ($11.76)


PokerStars Hand #166952390085:  Hold'em Limit ($3/$6 USD) - 2017/03/01 10:50:03 ET
Table 'Peacock' 6-max Seat #2 is the button
Seat 2: KristinaMH ($47.33 in chips)
Seat 3: B_loJkl ($155.62 in chips)
KristinaMH: posts small blind $1
B_loJkl: posts big blind $3
*** HOLE CARDS ***
KristinaMH: raises $3 to $6
B_loJkl: folds
Uncalled bet ($3) returned to KristinaMH
KristinaMH collected $6 from pot
KristinaMH: doesn't show hand
*** SUMMARY ***
Total pot $6 | Rake $0
Seat 2: KristinaMH (button) (small blind) collected ($6)
Seat 3: B_loJkl (big blind) folded before Flop


PokerStars Hand #166952409658:  Hold'em Limit ($3/$6 USD) - 2017/03/01 10:50:31 ET
Table 'Peacock' 6-max Seat #2 is the button
Seat 2: KristinaMH ($26.33 in chips)
Seat 3: B_loJkl ($176.12 in chips)
KristinaMH: posts small blind $1
B_loJkl: posts big blind $3
*** HOLE CARDS ***
KristinaMH: raises $3 to $6
B_loJkl: folds
Uncalled bet ($3) returned to KristinaMH
KristinaMH collected $6 from pot
KristinaMH: doesn't show hand
*** SUMMARY ***
Total pot $6 | Rake $0
Seat 2: KristinaMH (button) (small blind) collected ($6)
Seat 3: B_loJkl (big blind) folded before Flop


PokerStars Hand #166952394340:  Hold'em Limit ($3/$6 USD) - 2017/03/01 10:50:09 ET
Table 'Peacock' 6-max Seat #3 is the button
Seat 2: KristinaMH ($50.33 in chips)
Seat 3: B_loJkl ($152.62 in chips)
B_loJkl: posts small blind $1
KristinaMH: posts big blind $3
*** HOLE CARDS ***
B_loJkl: raises $3 to $6
KristinaMH: calls $3
*** FLOP *** [3d 3h 5s]
KristinaMH: checks
B_loJkl: bets $3
KristinaMH: raises $3 to $6
B_loJkl: calls $3
*** TURN *** [3d 3h 5s] [Kh]
KristinaMH: bets $6
B_loJkl: calls $6
*** RIVER *** [3d 3h 5s Kh] [6c]
KristinaMH: bets $6
B_loJkl: calls $6
*** SHOW DOWN ***
KristinaMH: shows [Qc 5c] (two pair, Fives and Threes)
B_loJkl: shows [Ad 5d] (two pair, Fives and Threes - Ace kicker)
B_loJkl collected $47.50 from pot
*** SUMMARY ***
Total pot $48 | Rake $0.50
Board [3d 3h 5s Kh 6c]
Seat 2: KristinaMH (big blind) showed [Qc 5c] and lost with two pair, Fives and Threes
Seat 3: B_loJkl (button) (small blind) showed [Ad 5d] and won ($47.50) with two pair, Fives and Threes


PokerStars Hand #166952431607:  Hold'em Limit ($3/$6 USD) - 2017/03/01 10:51:03 ET
Table 'Peacock' 6-max Seat #2 is the button
Seat 2: KristinaMH ($46.83 in chips)
Seat 3: B_loJkl ($155.12 in chips)
KristinaMH: posts small blind $1
B_loJkl: posts big blind $3
*** HOLE CARDS ***
KristinaMH: folds
Uncalled bet ($2) returned to B_loJkl
B_loJkl collected $2 from pot
B_loJkl: doesn't show hand
*** SUMMARY ***
Total pot $2 | Rake $0
Seat 2: KristinaMH (button) (small blind) folded before Flop
Seat 3: B_loJkl (big blind) collected ($2)


PokerStars Hand #166952416232:  Hold'em Limit ($3/$6 USD) - 2017/03/01 10:50:41 ET
Table 'Peacock' 6-max Seat #3 is the button
Seat 2: KristinaMH ($29.33 in chips)
Seat 3: B_loJkl ($173.12 in chips)
B_loJkl: posts small blind $1
KristinaMH: posts big blind $3
*** HOLE CARDS ***
B_loJkl: raises $3 to $6
KristinaMH: calls $3
*** FLOP *** [8s 3s 9s]
KristinaMH: checks
B_loJkl: bets $3
KristinaMH: raises $3 to $6
B_loJkl: calls $3
*** TURN *** [8s 3s 9s] [Th]
KristinaMH: bets $6
B_loJkl: calls $6
*** RIVER *** [8s 3s 9s Th] [8d]
KristinaMH: bets $6
B_loJkl: folds
Uncalled bet ($6) returned to KristinaMH
KristinaMH collected $35.50 from pot
KristinaMH: doesn't show hand
*** SUMMARY ***
Total pot $36 | Rake $0.50
Board [8s 3s 9s Th 8d]
Seat 2: KristinaMH (big blind) collected ($35.50)
Seat 3: B_loJkl (button) (small blind) folded on the River


PokerStars Hand #166952442783:  Hold'em Limit ($3/$6 USD) - 2017/03/01 10:51:19 ET
Table 'Peacock' 6-max Seat #2 is the button
Seat 2: KristinaMH ($39.83 in chips)
Seat 3: B_loJkl ($161.88 in chips)
KristinaMH: posts small blind $1
B_loJkl: posts big blind $3
*** HOLE CARDS ***
KristinaMH: folds
Uncalled bet ($2) returned to B_loJkl
B_loJkl collected $2 from pot
B_loJkl: doesn't show hand
*** SUMMARY ***
Total pot $2 | Rake $0
Seat 2: KristinaMH (button) (small blind) folded before Flop
Seat 3: B_loJkl (big blind) collected ($2)


PokerStars Hand #166952434679:  Hold'em Limit ($3/$6 USD) - 2017/03/01 10:51:07 ET
Table 'Peacock' 6-max Seat #3 is the button
Seat 2: KristinaMH ($45.83 in chips)
Seat 3: B_loJkl ($156.12 in chips)
B_loJkl: posts small blind $1
KristinaMH: posts big blind $3
*** HOLE CARDS ***
B_loJkl: raises $3 to $6
KristinaMH: calls $3
*** FLOP *** [8c Ac 6c]
KristinaMH: checks
B_loJkl: bets $3
KristinaMH: folds
Uncalled bet ($3) returned to B_loJkl
B_loJkl collected $11.76 from pot
B_loJkl: doesn't show hand
*** SUMMARY ***
Total pot $12 | Rake $0.24
Board [8c Ac 6c]
Seat 2: KristinaMH (big blind) folded on the Flop
Seat 3: B_loJkl (button) (small blind) collected ($11.76)


PokerStars Hand #166952448114:  Hold'em Limit ($3/$6 USD) - 2017/03/01 10:51:27 ET
Table 'Peacock' 6-max Seat #3 is the button
Seat 2: KristinaMH ($38.83 in chips)
Seat 3: B_loJkl ($162.88 in chips)
B_loJkl: posts small blind $1
KristinaMH: posts big blind $3
*** HOLE CARDS ***
B_loJkl: raises $3 to $6
KristinaMH: raises $3 to $9
B_loJkl: calls $3
*** FLOP *** [Th Jd 2h]
KristinaMH: bets $3
B_loJkl: calls $3
*** TURN *** [Th Jd 2h] [Kc]
KristinaMH: bets $6
B_loJkl: calls $6
*** RIVER *** [Th Jd 2h Kc] [8s]
KristinaMH: checks
B_loJkl: bets $6
KristinaMH: calls $6
*** SHOW DOWN ***
B_loJkl: shows [Kh 7s] (a pair of Kings)
KristinaMH: mucks hand
B_loJkl collected $47.50 from pot
*** SUMMARY ***
Total pot $48 | Rake $0.50
Board [Th Jd 2h Kc 8s]
Seat 2: KristinaMH (big blind) mucked
Seat 3: B_loJkl (button) (small blind) showed [Kh 7s] and won ($47.50) with a pair of Kings


PokerStars Hand #166952460529:  Hold'em Limit ($3/$6 USD) - 2017/03/01 10:51:45 ET
Table 'Peacock' 6-max Seat #2 is the button
Seat 2: KristinaMH ($14.83 in chips)
Seat 3: B_loJkl ($186.38 in chips)
KristinaMH: posts small blind $1
B_loJkl: posts big blind $3
*** HOLE CARDS ***
KristinaMH: raises $3 to $6
B_loJkl: folds
Uncalled bet ($3) returned to KristinaMH
KristinaMH collected $6 from pot
KristinaMH: doesn't show hand
*** SUMMARY ***
Total pot $6 | Rake $0
Seat 2: KristinaMH (button) (small blind) collected ($6)
Seat 3: B_loJkl (big blind) folded before Flop


PokerStars Hand #166952476705:  Hold'em Limit ($3/$6 USD) - 2017/03/01 10:52:08 ET
Table 'Peacock' 6-max Seat #2 is the button
Seat 2: KristinaMH ($93.97 in chips)
Seat 3: B_loJkl ($165.55 in chips)
KristinaMH: posts small blind $1
B_loJkl: posts big blind $3
*** HOLE CARDS ***
KristinaMH: raises $3 to $6
B_loJkl: calls $3
*** FLOP *** [4c 9h 5h]
B_loJkl: checks
KristinaMH: bets $3
B_loJkl: raises $3 to $6
KristinaMH: calls $3
*** TURN *** [4c 9h 5h] [Ac]
B_loJkl: bets $6
KristinaMH: folds
Uncalled bet ($6) returned to B_loJkl
B_loJkl collected $23.52 from pot
B_loJkl: doesn't show hand
*** SUMMARY ***
Total pot $24 | Rake $0.48
Board [4c 9h 5h Ac]
Seat 2: KristinaMH (button) (small blind) folded on the Turn
Seat 3: B_loJkl (big blind) collected ($23.52)


PokerStars Hand #166952464211:  Hold'em Limit ($3/$6 USD) - 2017/03/01 10:51:50 ET
Table 'Peacock' 6-max Seat #3 is the button
Seat 2: KristinaMH ($17.83 in chips)
Seat 3: B_loJkl ($183.38 in chips)
B_loJkl: posts small blind $1
KristinaMH: posts big blind $3
*** HOLE CARDS ***
B_loJkl: raises $3 to $6
KristinaMH: raises $3 to $9
B_loJkl: calls $3
*** FLOP *** [2c Jc 5h]
KristinaMH: bets $3
B_loJkl: calls $3
*** TURN *** [2c Jc 5h] [Kc]
KristinaMH: bets $5.83 and is all-in
B_loJkl: calls $5.83
*** RIVER *** [2c Jc 5h Kc] [6s]
*** SHOW DOWN ***
KristinaMH: shows [3s 3h] (a pair of Threes)
B_loJkl: shows [Ts Qs] (high card King)
KristinaMH collected $35.16 from pot
*** SUMMARY ***
Total pot $35.66 | Rake $0.50
Board [2c Jc 5h Kc 6s]
Seat 2: KristinaMH (big blind) showed [3s 3h] and won ($35.16) with a pair of Threes
Seat 3: B_loJkl (button) (small blind) showed [Ts Qs] and lost with high card King


PokerStars Hand #166952536726:  Hold'em Limit ($3/$6 USD) - 2017/03/01 10:53:34 ET
Table 'Peacock' 6-max Seat #3 is the button
Seat 2: KristinaMH ($90.47 in chips)
Seat 3: B_loJkl ($167.57 in chips)
B_loJkl: posts small blind $1
KristinaMH: posts big blind $3
*** HOLE CARDS ***
B_loJkl: raises $3 to $6
KristinaMH: folds
Uncalled bet ($3) returned to B_loJkl
B_loJkl collected $6 from pot
B_loJkl: doesn't show hand
*** SUMMARY ***
Total pot $6 | Rake $0
Seat 2: KristinaMH (big blind) folded before Flop
Seat 3: B_loJkl (button) (small blind) collected ($6)


PokerStars Hand #166952520085:  Hold'em Limit ($3/$6 USD) - 2017/03/01 10:53:10 ET
Table 'Peacock' 6-max Seat #2 is the button
Seat 2: KristinaMH ($105.47 in chips)
Seat 3: B_loJkl ($153.07 in chips)
KristinaMH: posts small blind $1
B_loJkl: posts big blind $3
*** HOLE CARDS ***
KristinaMH: raises $3 to $6
B_loJkl: calls $3
*** FLOP *** [9s 8s 2c]
B_loJkl: checks
KristinaMH: bets $3
B_loJkl: calls $3
*** TURN *** [9s 8s 2c] [6d]
B_loJkl: bets $6
KristinaMH: calls $6
*** RIVER *** [9s 8s 2c 6d] [4c]
B_loJkl: checks
KristinaMH: checks
*** SHOW DOWN ***
B_loJkl: shows [2d 7d] (a pair of Deuces)
KristinaMH: mucks hand
B_loJkl collected $29.50 from pot
*** SUMMARY ***
Total pot $30 | Rake $0.50
Board [9s 8s 2c 6d 4c]
Seat 2: KristinaMH (button) (small blind) mucked
Seat 3: B_loJkl (big blind) showed [2d 7d] and won ($29.50) with a pair of Deuces


PokerStars Hand #166952494399:  Hold'em Limit ($3/$6 USD) - 2017/03/01 10:52:34 ET
Table 'Peacock' 6-max Seat #3 is the button
Seat 2: KristinaMH ($81.97 in chips)
Seat 3: B_loJkl ($177.07 in chips)
B_loJkl: posts small blind $1
KristinaMH: posts big blind $3
*** HOLE CARDS ***
B_loJkl: raises $3 to $6
KristinaMH: calls $3
*** FLOP *** [5s Kc 3h]
KristinaMH: checks
B_loJkl: bets $3
KristinaMH: raises $3 to $6
B_loJkl: calls $3
*** TURN *** [5s Kc 3h] [2h]
KristinaMH: bets $6
B_loJkl: raises $6 to $12
KristinaMH: calls $6
*** RIVER *** [5s Kc 3h 2h] [Qc]
KristinaMH: checks
B_loJkl: checks
*** SHOW DOWN ***
KristinaMH: shows [6c Kd] (a pair of Kings)
B_loJkl: mucks hand
KristinaMH collected $47.50 from pot
*** SUMMARY ***
Total pot $48 | Rake $0.50
Board [5s Kc 3h 2h Qc]
Seat 2: KristinaMH (big blind) showed [6c Kd] and won ($47.50) with a pair of Kings
Seat 3: B_loJkl (button) (small blind) mucked


PokerStars Hand #166952558004:  Hold'em Limit ($3/$6 USD) - 2017/03/01 10:54:05 ET
Table 'Peacock' 6-max Seat #2 is the button
Seat 2: KristinaMH ($97.11 in chips)
Seat 3: B_loJkl ($160.57 in chips)
KristinaMH: posts small blind $1
B_loJkl: posts big blind $3
*** HOLE CARDS ***
KristinaMH: raises $3 to $6
B_loJkl: calls $3
*** FLOP *** [5c Qh 3s]
B_loJkl: checks
KristinaMH: bets $3
B_loJkl: calls $3
*** TURN *** [5c Qh 3s] [7h]
B_loJkl: checks
KristinaMH: bets $6
B_loJkl: calls $6
*** RIVER *** [5c Qh 3s 7h] [9c]
mazael joins the table at seat #5
B_loJkl: bets $6
KristinaMH: calls $6
*** SHOW DOWN ***
B_loJkl: shows [3d Ks] (a pair of Threes)
KristinaMH: shows [Qd 6c] (a pair of Queens)
KristinaMH collected $41.50 from pot
*** SUMMARY ***
Total pot $42 | Rake $0.50
Board [5c Qh 3s 7h 9c]
Seat 2: KristinaMH (button) (small blind) showed [Qd 6c] and won ($41.50) with a pair of Queens
Seat 3: B_loJkl (big blind) showed [3d Ks] and lost with a pair of Threes


PokerStars Hand #166952554707:  Hold'em Limit ($3/$6 USD) - 2017/03/01 10:54:00 ET
Table 'Peacock' 6-max Seat #3 is the button
Seat 2: KristinaMH ($96.11 in chips)
Seat 3: B_loJkl ($161.57 in chips)
B_loJkl: posts small blind $1
KristinaMH: posts big blind $3
*** HOLE CARDS ***
B_loJkl: folds
Uncalled bet ($2) returned to KristinaMH
KristinaMH collected $2 from pot
KristinaMH: doesn't show hand
*** SUMMARY ***
Total pot $2 | Rake $0
Seat 2: KristinaMH (big blind) collected ($2)
Seat 3: B_loJkl (button) (small blind) folded before Flop


PokerStars Hand #166952540274:  Hold'em Limit ($3/$6 USD) - 2017/03/01 10:53:39 ET
Table 'Peacock' 6-max Seat #2 is the button
Seat 2: KristinaMH ($87.47 in chips)
Seat 3: B_loJkl ($170.57 in chips)
KristinaMH: posts small blind $1
B_loJkl: posts big blind $3
*** HOLE CARDS ***
KristinaMH: raises $3 to $6
B_loJkl: calls $3
*** FLOP *** [5d 3c Td]
B_loJkl: checks
KristinaMH: bets $3
B_loJkl: calls $3
*** TURN *** [5d 3c Td] [7d]
B_loJkl: checks
KristinaMH: checks
*** RIVER *** [5d 3c Td 7d] [6d]
B_loJkl: checks
KristinaMH: bets $6
B_loJkl: folds
Uncalled bet ($6) returned to KristinaMH
KristinaMH collected $17.64 from pot
KristinaMH: doesn't show hand
*** SUMMARY ***
Total pot $18 | Rake $0.36
Board [5d 3c Td 7d 6d]
Seat 2: KristinaMH (button) (small blind) collected ($17.64)
Seat 3: B_loJkl (big blind) folded on the River


