PokerStars Hand #176872680916:  Hold'em Limit ($3/$6 USD) - 2017/10/13 15:54:25 ET
Table 'Peacock' 6-max Seat #3 is the button
Seat 3: bastion670 ($29.16 in chips)
Seat 5: AzureCaper ($72 in chips)
bastion670: posts small blind $1
BelSv: is sitting out
AzureCaper: posts big blind $3
*** HOLE CARDS ***
bastion670: calls $2
AzureCaper: checks
*** FLOP *** [3h 4s Qs]
AzureCaper: checks
bastion670: bets $3
AzureCaper: folds
Uncalled bet ($3) returned to bastion670
bastion670 collected $5.88 from pot
bastion670: doesn't show hand
*** SUMMARY ***
Total pot $6 | Rake $0.12
Board [3h 4s Qs]
Seat 3: bastion670 (button) (small blind) collected ($5.88)
Seat 5: AzureCaper (big blind) folded on the Flop


PokerStars Hand #176872727122:  Hold'em Limit ($3/$6 USD) - 2017/10/13 15:55:25 ET
Table 'Peacock' 6-max Seat #5 is the button
Seat 3: bastion670 ($16.04 in chips)
Seat 5: AzureCaper ($87.50 in chips)
AzureCaper: posts small blind $1
bastion670: posts big blind $3
*** HOLE CARDS ***
AzureCaper: raises $3 to $6
bastion670: calls $3
*** FLOP *** [Qs Kc Tc]
bastion670: checks
AzureCaper: bets $3
bastion670: calls $3
*** TURN *** [Qs Kc Tc] [9c]
bastion670: checks
AzureCaper: bets $6
bastion670: raises $1.04 to $7.04 and is all-in
AzureCaper: calls $1.04
*** RIVER *** [Qs Kc Tc 9c] [5d]
*** SHOW DOWN ***
bastion670: shows [6c 6s] (a pair of Sixes)
AzureCaper: shows [Jh Ks] (a straight, Nine to King)
AzureCaper collected $31.58 from pot
*** SUMMARY ***
Total pot $32.08 | Rake $0.50
Board [Qs Kc Tc 9c 5d]
Seat 3: bastion670 (big blind) showed [6c 6s] and lost with a pair of Sixes
Seat 5: AzureCaper (button) (small blind) showed [Jh Ks] and won ($31.58) with a straight, Nine to King


PokerStars Hand #176872723060:  Hold'em Limit ($3/$6 USD) - 2017/10/13 15:55:19 ET
Table 'Peacock' 6-max Seat #3 is the button
Seat 3: bastion670 ($13.04 in chips)
Seat 5: AzureCaper ($90.50 in chips)
bastion670: posts small blind $1
AzureCaper: posts big blind $3
*** HOLE CARDS ***
bastion670: raises $3 to $6
AzureCaper: folds
Uncalled bet ($3) returned to bastion670
bastion670 collected $6 from pot
bastion670: doesn't show hand
*** SUMMARY ***
Total pot $6 | Rake $0
Seat 3: bastion670 (button) (small blind) collected ($6)
Seat 5: AzureCaper (big blind) folded before Flop


PokerStars Hand #176872719157:  Hold'em Limit ($3/$6 USD) - 2017/10/13 15:55:13 ET
Table 'Peacock' 6-max Seat #5 is the button
Seat 3: bastion670 ($16.04 in chips)
Seat 5: AzureCaper ($87.50 in chips)
AzureCaper: posts small blind $1
bastion670: posts big blind $3
*** HOLE CARDS ***
AzureCaper: raises $3 to $6
bastion670: folds
Uncalled bet ($3) returned to AzureCaper
AzureCaper collected $6 from pot
AzureCaper: doesn't show hand
*** SUMMARY ***
Total pot $6 | Rake $0
Seat 3: bastion670 (big blind) folded before Flop
Seat 5: AzureCaper (button) (small blind) collected ($6)


PokerStars Hand #176872715443:  Hold'em Limit ($3/$6 USD) - 2017/10/13 15:55:07 ET
Table 'Peacock' 6-max Seat #3 is the button
Seat 3: bastion670 ($17.04 in chips)
Seat 5: AzureCaper ($86.50 in chips)
bastion670: posts small blind $1
AzureCaper: posts big blind $3
*** HOLE CARDS ***
bastion670: folds
Uncalled bet ($2) returned to AzureCaper
AzureCaper collected $2 from pot
AzureCaper: doesn't show hand
*** SUMMARY ***
Total pot $2 | Rake $0
Seat 3: bastion670 (button) (small blind) folded before Flop
Seat 5: AzureCaper (big blind) collected ($2)


PokerStars Hand #176872690252:  Hold'em Limit ($3/$6 USD) - 2017/10/13 15:54:36 ET
Table 'Peacock' 6-max Seat #5 is the button
Seat 3: bastion670 ($32.04 in chips)
Seat 5: AzureCaper ($72 in chips)
AzureCaper: posts small blind $1
bastion670: posts big blind $3
*** HOLE CARDS ***
AzureCaper: raises $3 to $6
bastion670: calls $3
*** FLOP *** [Td Jc 6d]
bastion670: checks
AzureCaper: bets $3
bastion670: calls $3
*** TURN *** [Td Jc 6d] [Qc]
bastion670: checks
AzureCaper: checks
*** RIVER *** [Td Jc 6d Qc] [6c]
bastion670: bets $6
AzureCaper: raises $6 to $12
bastion670: folds
Uncalled bet ($6) returned to AzureCaper
AzureCaper collected $29.50 from pot
AzureCaper: doesn't show hand
*** SUMMARY ***
Total pot $30 | Rake $0.50
Board [Td Jc 6d Qc 6c]
Seat 3: bastion670 (big blind) folded on the River
Seat 5: AzureCaper (button) (small blind) collected ($29.50)


PokerStars Hand #176872774233:  Hold'em Limit ($3/$6 USD) - 2017/10/13 15:56:39 ET
Table 'Peacock' 6-max Seat #4 is the button
Seat 4: liza3008 ($120 in chips)
Seat 5: AzureCaper ($103.04 in chips)
liza3008: posts small blind $1
AzureCaper: posts big blind $3
*** HOLE CARDS ***
liza3008: raises $3 to $6
AzureCaper: calls $3
*** FLOP *** [5c 3s 4s]
AzureCaper: checks
liza3008: bets $3
AzureCaper: raises $3 to $6
liza3008: calls $3
*** TURN *** [5c 3s 4s] [9c]
neknek165 joins the table at seat #1
AzureCaper: bets $6
liza3008: calls $6
*** RIVER *** [5c 3s 4s 9c] [7c]
AzureCaper: bets $6
liza3008: calls $6
*** SHOW DOWN ***
AzureCaper: shows [6s Ad] (a straight, Three to Seven)
liza3008: mucks hand
AzureCaper collected $47.50 from pot
*** SUMMARY ***
Total pot $48 | Rake $0.50
Board [5c 3s 4s 9c 7c]
Seat 4: liza3008 (button) (small blind) mucked
Seat 5: AzureCaper (big blind) showed [6s Ad] and won ($47.50) with a straight, Three to Seven


PokerStars Hand #176872879374:  Hold'em Limit ($3/$6 USD) - 2017/10/13 15:59:18 ET
Table 'Peacock' 6-max Seat #1 is the button
Seat 1: neknek165 ($148.09 in chips)
Seat 5: AzureCaper ($117.54 in chips)
neknek165: posts small blind $1
liza3008: is sitting out
AzureCaper: posts big blind $3
*** HOLE CARDS ***
neknek165: raises $3 to $6
liza3008 leaves the table
AzureCaper: calls $3
*** FLOP *** [Qs Ah 9c]
AzureCaper: checks
neknek165: bets $3
AzureCaper: folds
Uncalled bet ($3) returned to neknek165
neknek165 collected $11.76 from pot
neknek165: doesn't show hand
*** SUMMARY ***
Total pot $12 | Rake $0.24
Board [Qs Ah 9c]
Seat 1: neknek165 (button) (small blind) collected ($11.76)
Seat 5: AzureCaper (big blind) folded on the Flop


