PokerStars Hand #144327395963:  Hold'em Limit ($3/$6 USD) - 2015/11/24 15:21:01 ET
Table 'Pecker IV' 6-max Seat #3 is the button
Seat 3: Humtum81 ($56.50 in chips)
Seat 4: BuzovaPro ($72 in chips)
Humtum81: posts small blind $1
BuzovaPro: posts big blind $3
*** HOLE CARDS ***
Humtum81: raises $3 to $6
BuzovaPro: raises $3 to $9
SirRomanov joins the table at seat #5
Humtum81: calls $3
*** FLOP *** [3c 5d 5c]
BuzovaPro: bets $3
Humtum81: folds
Uncalled bet ($3) returned to BuzovaPro
BuzovaPro collected $17.64 from pot
BuzovaPro: doesn't show hand
*** SUMMARY ***
Total pot $18 | Rake $0.36
Board [3c 5d 5c]
Seat 3: Humtum81 (button) (small blind) folded on the Flop
Seat 4: BuzovaPro (big blind) collected ($17.64)


PokerStars Hand #144327389774:  Hold'em Limit ($3/$6 USD) - 2015/11/24 15:20:54 ET
Table 'Pecker IV' 6-max Seat #4 is the button
Seat 3: Humtum81 ($55.50 in chips)
Seat 4: BuzovaPro ($73 in chips)
BuzovaPro: posts small blind $1
Humtum81: posts big blind $3
*** HOLE CARDS ***
BuzovaPro: folds
Uncalled bet ($2) returned to Humtum81
Humtum81 collected $2 from pot
Humtum81: doesn't show hand
*** SUMMARY ***
Total pot $2 | Rake $0
Seat 3: Humtum81 (big blind) collected ($2)
Seat 4: BuzovaPro (button) (small blind) folded before Flop


PokerStars Hand #144327385087:  Hold'em Limit ($3/$6 USD) - 2015/11/24 15:20:49 ET
Table 'Pecker IV' 6-max Seat #3 is the button
Seat 3: Humtum81 ($56.50 in chips)
Seat 4: BuzovaPro ($72 in chips)
Humtum81: posts small blind $1
BuzovaPro: posts big blind $3
*** HOLE CARDS ***
Humtum81: folds
Uncalled bet ($2) returned to BuzovaPro
BuzovaPro collected $2 from pot
BuzovaPro: doesn't show hand
*** SUMMARY ***
Total pot $2 | Rake $0
Seat 3: Humtum81 (button) (small blind) folded before Flop
Seat 4: BuzovaPro (big blind) collected ($2)


PokerStars Hand #144327378695:  Hold'em Limit ($3/$6 USD) - 2015/11/24 15:20:43 ET
Table 'Pecker IV' 6-max Seat #4 is the button
Seat 3: Humtum81 ($55.50 in chips)
Seat 4: BuzovaPro ($72 in chips)
BuzovaPro: posts small blind $1
Humtum81: posts big blind $3
*** HOLE CARDS ***
BuzovaPro: folds
Uncalled bet ($2) returned to Humtum81
Humtum81 collected $2 from pot
Humtum81: doesn't show hand
*** SUMMARY ***
Total pot $2 | Rake $0
Seat 3: Humtum81 (big blind) collected ($2)
Seat 4: BuzovaPro (button) (small blind) folded before Flop


PokerStars Hand #144327345081:  Hold'em Limit ($3/$6 USD) - 2015/11/24 15:20:09 ET
Table 'Pecker IV' 6-max Seat #3 is the button
Seat 3: Humtum81 ($35 in chips)
Seat 4: BuzovaPro ($72 in chips)
Humtum81: posts small blind $1
BuzovaPro: posts big blind $3
*** HOLE CARDS ***
Humtum81: raises $3 to $6
BuzovaPro: calls $3
*** FLOP *** [9d 3s 4h]
BuzovaPro: checks
Humtum81: bets $3
BuzovaPro: calls $3
*** TURN *** [9d 3s 4h] [7h]
BuzovaPro: checks
Humtum81: checks
*** RIVER *** [9d 3s 4h 7h] [5d]
BuzovaPro: bets $6
Humtum81: raises $6 to $12
BuzovaPro: calls $6
*** SHOW DOWN ***
Humtum81: shows [Ac 2h] (a straight, Ace to Five)
BuzovaPro: mucks hand
Humtum81 collected $41.50 from pot
*** SUMMARY ***
Total pot $42 | Rake $0.50
Board [9d 3s 4h 7h 5d]
Seat 3: Humtum81 (button) (small blind) showed [Ac 2h] and won ($41.50) with a straight, Ace to Five
Seat 4: BuzovaPro (big blind) mucked


PokerStars Hand #144327987868:  Hold'em Limit ($3/$6 USD) - 2015/11/24 15:31:14 ET
Table 'Pecker IV' 6-max Seat #1 is the button
Seat 1: kolaz03 ($106.50 in chips)
Seat 2: SirRomanov ($72 in chips)
kolaz03: posts small blind $1
SirRomanov: posts big blind $3
*** HOLE CARDS ***
kolaz03: raises $3 to $6
SirRomanov: raises $3 to $9
kolaz03: calls $3
*** FLOP *** [Qs 4c Jc]
SirRomanov: bets $3
kolaz03: calls $3
*** TURN *** [Qs 4c Jc] [7d]
SirRomanov: bets $6
kolaz03: calls $6
*** RIVER *** [Qs 4c Jc 7d] [Js]
SirRomanov: bets $6
kolaz03: calls $6
*** SHOW DOWN ***
SirRomanov: shows [7c Ac] (two pair, Jacks and Sevens)
kolaz03: mucks hand
SirRomanov collected $47.50 from pot
*** SUMMARY ***
Total pot $48 | Rake $0.50
Board [Qs 4c Jc 7d Js]
Seat 1: kolaz03 (button) (small blind) mucked
Seat 2: SirRomanov (big blind) showed [7c Ac] and won ($47.50) with two pair, Jacks and Sevens


