PokerStars Hand #169650135848:  Hold'em Limit ($3/$6 USD) - 2017/04/27 19:27:46 ET
Table 'Pecker' 6-max Seat #5 is the button
Seat 2: camille21 ($135.50 in chips)
Seat 5: TinaTurner72 ($103 in chips)
TinaTurner72: posts small blind $1
camille21: posts big blind $3
*** HOLE CARDS ***
TinaTurner72: raises $3 to $6
camille21: folds
Uncalled bet ($3) returned to TinaTurner72
TinaTurner72 collected $6 from pot
TinaTurner72: doesn't show hand
*** SUMMARY ***
Total pot $6 | Rake $0
Seat 2: camille21 (big blind) folded before Flop
Seat 5: TinaTurner72 (button) (small blind) collected ($6)


PokerStars Hand #169650124850:  Hold'em Limit ($3/$6 USD) - 2017/04/27 19:27:27 ET
Table 'Pecker' 6-max Seat #2 is the button
Seat 2: camille21 ($115 in chips)
Seat 5: TinaTurner72 ($124 in chips)
camille21: posts small blind $1
TinaTurner72: posts big blind $3
*** HOLE CARDS ***
camille21: raises $3 to $6
TinaTurner72: calls $3
*** FLOP *** [3h Jh Ts]
TinaTurner72: checks
ToDaFelt joins the table at seat #3
camille21: bets $3
TinaTurner72: calls $3
*** TURN *** [3h Jh Ts] [4h]
TinaTurner72: checks
camille21: bets $6
TinaTurner72: calls $6
*** RIVER *** [3h Jh Ts 4h] [Js]
TinaTurner72: checks
camille21: bets $6
TinaTurner72: calls $6
*** SHOW DOWN ***
camille21: shows [Qs Jc] (three of a kind, Jacks)
TinaTurner72: mucks hand
camille21 collected $41.50 from pot
*** SUMMARY ***
Total pot $42 | Rake $0.50
Board [3h Jh Ts 4h Js]
Seat 2: camille21 (button) (small blind) showed [Qs Jc] and won ($41.50) with three of a kind, Jacks
Seat 5: TinaTurner72 (big blind) mucked


PokerStars Hand #169650121588:  Hold'em Limit ($3/$6 USD) - 2017/04/27 19:27:21 ET
Table 'Pecker' 6-max Seat #5 is the button
Seat 2: camille21 ($118 in chips)
Seat 5: TinaTurner72 ($121 in chips)
TinaTurner72: posts small blind $1
camille21: posts big blind $3
*** HOLE CARDS ***
TinaTurner72: raises $3 to $6
camille21: folds
Uncalled bet ($3) returned to TinaTurner72
TinaTurner72 collected $6 from pot
TinaTurner72: doesn't show hand
*** SUMMARY ***
Total pot $6 | Rake $0
Seat 2: camille21 (big blind) folded before Flop
Seat 5: TinaTurner72 (button) (small blind) collected ($6)


PokerStars Hand #169650118898:  Hold'em Limit ($3/$6 USD) - 2017/04/27 19:27:16 ET
Table 'Pecker' 6-max Seat #2 is the button
Seat 2: camille21 ($119 in chips)
Seat 5: TinaTurner72 ($120 in chips)
camille21: posts small blind $1
TinaTurner72: posts big blind $3
*** HOLE CARDS ***
camille21: folds
Uncalled bet ($2) returned to TinaTurner72
TinaTurner72 collected $2 from pot
TinaTurner72: doesn't show hand
*** SUMMARY ***
Total pot $2 | Rake $0
Seat 2: camille21 (button) (small blind) folded before Flop
Seat 5: TinaTurner72 (big blind) collected ($2)


PokerStars Hand #169650365125:  Hold'em Limit ($3/$6 USD) - 2017/04/27 19:34:46 ET
Table 'Pecker' 6-max Seat #5 is the button
Seat 4: camille21 ($98.06 in chips)
Seat 5: TinaTurner72 ($94.48 in chips)
TinaTurner72: posts small blind $1
camille21: posts big blind $3
*** HOLE CARDS ***
TinaTurner72: raises $3 to $6
camille21: calls $3
*** FLOP *** [Th 3h 4d]
camille21: checks
TinaTurner72: bets $3
camille21: folds
Uncalled bet ($3) returned to TinaTurner72
TinaTurner72 collected $11.76 from pot
TinaTurner72: doesn't show hand
*** SUMMARY ***
Total pot $12 | Rake $0.24
Board [Th 3h 4d]
Seat 4: camille21 (big blind) folded on the Flop
Seat 5: TinaTurner72 (button) (small blind) collected ($11.76)


PokerStars Hand #169650373115:  Hold'em Limit ($3/$6 USD) - 2017/04/27 19:35:01 ET
Table 'Pecker' 6-max Seat #4 is the button
Seat 4: camille21 ($92.06 in chips)
Seat 5: TinaTurner72 ($100.24 in chips)
camille21: posts small blind $1
TinaTurner72: posts big blind $3
*** HOLE CARDS ***
camille21: raises $3 to $6
TinaTurner72: folds
Uncalled bet ($3) returned to camille21
camille21 collected $6 from pot
camille21: doesn't show hand
*** SUMMARY ***
Total pot $6 | Rake $0
Seat 4: camille21 (button) (small blind) collected ($6)
Seat 5: TinaTurner72 (big blind) folded before Flop


PokerStars Hand #169650376942:  Hold'em Limit ($3/$6 USD) - 2017/04/27 19:35:08 ET
Table 'Pecker' 6-max Seat #5 is the button
Seat 4: camille21 ($95.06 in chips)
Seat 5: TinaTurner72 ($97.24 in chips)
TinaTurner72: posts small blind $1
camille21: posts big blind $3
*** HOLE CARDS ***
TinaTurner72: folds
Uncalled bet ($2) returned to camille21
camille21 collected $2 from pot
camille21: doesn't show hand
*** SUMMARY ***
Total pot $2 | Rake $0
Seat 4: camille21 (big blind) collected ($2)
Seat 5: TinaTurner72 (button) (small blind) folded before Flop


PokerStars Hand #169650403813:  Hold'em Limit ($3/$6 USD) - 2017/04/27 19:35:57 ET
Table 'Pecker' 6-max Seat #5 is the button
Seat 4: camille21 ($125.56 in chips)
Seat 5: TinaTurner72 ($66.24 in chips)
TinaTurner72: posts small blind $1
camille21: posts big blind $3
*** HOLE CARDS ***
TinaTurner72: folds
Uncalled bet ($2) returned to camille21
camille21 collected $2 from pot
camille21: doesn't show hand
*** SUMMARY ***
Total pot $2 | Rake $0
Seat 4: camille21 (big blind) collected ($2)
Seat 5: TinaTurner72 (button) (small blind) folded before Flop


PokerStars Hand #169650386133:  Hold'em Limit ($3/$6 USD) - 2017/04/27 19:35:25 ET
Table 'Pecker' 6-max Seat #4 is the button
Seat 4: camille21 ($96.06 in chips)
Seat 5: TinaTurner72 ($96.24 in chips)
camille21: posts small blind $1
TinaTurner72: posts big blind $3
*** HOLE CARDS ***
camille21: raises $3 to $6
TinaTurner72: raises $3 to $9
camille21: calls $3
*** FLOP *** [Td 8d Qd]
TinaTurner72: bets $3
camille21: calls $3
*** TURN *** [Td 8d Qd] [4d]
TinaTurner72: bets $6
camille21: raises $6 to $12
TinaTurner72: calls $6
*** RIVER *** [Td 8d Qd 4d] [2s]
TinaTurner72: checks
camille21: bets $6
TinaTurner72: calls $6
*** SHOW DOWN ***
camille21: shows [Ad 2d] (a flush, Ace high)
TinaTurner72: mucks hand
camille21 collected $59.50 from pot
*** SUMMARY ***
Total pot $60 | Rake $0.50
Board [Td 8d Qd 4d 2s]
Seat 4: camille21 (button) (small blind) showed [Ad 2d] and won ($59.50) with a flush, Ace high
Seat 5: TinaTurner72 (big blind) mucked


PokerStars Hand #169650406440:  Hold'em Limit ($3/$6 USD) - 2017/04/27 19:36:02 ET
Table 'Pecker' 6-max Seat #4 is the button
Seat 4: camille21 ($126.56 in chips)
Seat 5: TinaTurner72 ($65.24 in chips)
camille21: posts small blind $1
TinaTurner72: posts big blind $3
*** HOLE CARDS ***
camille21: raises $3 to $6
TinaTurner72: calls $3
*** FLOP *** [Kc 2s 8s]
TinaTurner72: checks
camille21: checks
*** TURN *** [Kc 2s 8s] [3c]
TinaTurner72: checks
camille21: bets $6
TinaTurner72: folds
Uncalled bet ($6) returned to camille21
camille21 collected $11.76 from pot
camille21: doesn't show hand
*** SUMMARY ***
Total pot $12 | Rake $0.24
Board [Kc 2s 8s 3c]
Seat 4: camille21 (button) (small blind) collected ($11.76)
Seat 5: TinaTurner72 (big blind) folded on the Turn


PokerStars Hand #169650414230:  Hold'em Limit ($3/$6 USD) - 2017/04/27 19:36:17 ET
Table 'Pecker' 6-max Seat #5 is the button
Seat 4: camille21 ($132.32 in chips)
Seat 5: TinaTurner72 ($119.24 in chips)
TinaTurner72: posts small blind $1
camille21: posts big blind $3
*** HOLE CARDS ***
TinaTurner72: raises $3 to $6
camille21: folds
Uncalled bet ($3) returned to TinaTurner72
TinaTurner72 collected $6 from pot
TinaTurner72: doesn't show hand
*** SUMMARY ***
Total pot $6 | Rake $0
Seat 4: camille21 (big blind) folded before Flop
Seat 5: TinaTurner72 (button) (small blind) collected ($6)


PokerStars Hand #169650418788:  Hold'em Limit ($3/$6 USD) - 2017/04/27 19:36:25 ET
Table 'Pecker' 6-max Seat #4 is the button
Seat 4: camille21 ($129.32 in chips)
Seat 5: TinaTurner72 ($122.24 in chips)
camille21: posts small blind $1
TinaTurner72: posts big blind $3
*** HOLE CARDS ***
camille21: raises $3 to $6
TinaTurner72: calls $3
*** FLOP *** [7c 3d Kh]
TinaTurner72: checks
camille21: bets $3
TinaTurner72: raises $3 to $6
camille21: calls $3
*** TURN *** [7c 3d Kh] [9s]
TinaTurner72: bets $6
camille21: calls $6
*** RIVER *** [7c 3d Kh 9s] [Ks]
TinaTurner72: bets $6
camille21: folds
Uncalled bet ($6) returned to TinaTurner72
TinaTurner72 collected $35.50 from pot
TinaTurner72: doesn't show hand
*** SUMMARY ***
Total pot $36 | Rake $0.50
Board [7c 3d Kh 9s Ks]
Seat 4: camille21 (button) (small blind) folded on the River
Seat 5: TinaTurner72 (big blind) collected ($35.50)


PokerStars Hand #169650435846:  Hold'em Limit ($3/$6 USD) - 2017/04/27 19:36:57 ET
Table 'Pecker' 6-max Seat #4 is the button
Seat 4: camille21 ($105.32 in chips)
Seat 5: TinaTurner72 ($145.50 in chips)
camille21: posts small blind $1
TinaTurner72: posts big blind $3
*** HOLE CARDS ***
camille21: raises $3 to $6
TinaTurner72: folds
Uncalled bet ($3) returned to camille21
camille21 collected $6 from pot
camille21: doesn't show hand
*** SUMMARY ***
Total pot $6 | Rake $0
Seat 4: camille21 (button) (small blind) collected ($6)
Seat 5: TinaTurner72 (big blind) folded before Flop


PokerStars Hand #169650427931:  Hold'em Limit ($3/$6 USD) - 2017/04/27 19:36:42 ET
Table 'Pecker' 6-max Seat #5 is the button
Seat 4: camille21 ($111.32 in chips)
Seat 5: TinaTurner72 ($139.74 in chips)
TinaTurner72: posts small blind $1
camille21: posts big blind $3
*** HOLE CARDS ***
TinaTurner72: raises $3 to $6
camille21: calls $3
*** FLOP *** [6s Jc 7c]
camille21: checks
TinaTurner72: bets $3
camille21: folds
Uncalled bet ($3) returned to TinaTurner72
TinaTurner72 collected $11.76 from pot
TinaTurner72: doesn't show hand
*** SUMMARY ***
Total pot $12 | Rake $0.24
Board [6s Jc 7c]
Seat 4: camille21 (big blind) folded on the Flop
Seat 5: TinaTurner72 (button) (small blind) collected ($11.76)


PokerStars Hand #169650443697:  Hold'em Limit ($3/$6 USD) - 2017/04/27 19:37:12 ET
Table 'Pecker' 6-max Seat #4 is the button
Seat 4: camille21 ($109.32 in chips)
Seat 5: TinaTurner72 ($141.50 in chips)
camille21: posts small blind $1
TinaTurner72: posts big blind $3
*** HOLE CARDS ***
camille21: raises $3 to $6
TinaTurner72: raises $3 to $9
camille21: calls $3
*** FLOP *** [4h 7d Ad]
TinaTurner72: bets $3
camille21: folds
Uncalled bet ($3) returned to TinaTurner72
TinaTurner72 collected $17.64 from pot
TinaTurner72: doesn't show hand
*** SUMMARY ***
Total pot $18 | Rake $0.36
Board [4h 7d Ad]
Seat 4: camille21 (button) (small blind) folded on the Flop
Seat 5: TinaTurner72 (big blind) collected ($17.64)


PokerStars Hand #169650458270:  Hold'em Limit ($3/$6 USD) - 2017/04/27 19:37:38 ET
Table 'Pecker' 6-max Seat #5 is the button
Seat 4: camille21 ($100.32 in chips)
Seat 5: TinaTurner72 ($150.14 in chips)
TinaTurner72: posts small blind $1
camille21: posts big blind $3
*** HOLE CARDS ***
TinaTurner72: raises $3 to $6
camille21: raises $3 to $9
TinaTurner72: calls $3
*** FLOP *** [7h 7d 5c]
camille21: bets $3
TinaTurner72: calls $3
*** TURN *** [7h 7d 5c] [2h]
camille21: bets $6
TinaTurner72: raises $6 to $12
camille21: calls $6
*** RIVER *** [7h 7d 5c 2h] [Jh]
camille21: checks
TinaTurner72: bets $6
camille21: calls $6
*** SHOW DOWN ***
TinaTurner72: shows [Th 5d] (two pair, Sevens and Fives)
camille21: shows [6d 6s] (two pair, Sevens and Sixes)
camille21 collected $59.50 from pot
*** SUMMARY ***
Total pot $60 | Rake $0.50
Board [7h 7d 5c 2h Jh]
Seat 4: camille21 (big blind) showed [6d 6s] and won ($59.50) with two pair, Sevens and Sixes
Seat 5: TinaTurner72 (button) (small blind) showed [Th 5d] and lost with two pair, Sevens and Fives


PokerStars Hand #169650439600:  Hold'em Limit ($3/$6 USD) - 2017/04/27 19:37:04 ET
Table 'Pecker' 6-max Seat #5 is the button
Seat 4: camille21 ($108.32 in chips)
Seat 5: TinaTurner72 ($142.50 in chips)
TinaTurner72: posts small blind $1
camille21: posts big blind $3
*** HOLE CARDS ***
TinaTurner72: folds
Uncalled bet ($2) returned to camille21
camille21 collected $2 from pot
camille21: doesn't show hand
*** SUMMARY ***
Total pot $2 | Rake $0
Seat 4: camille21 (big blind) collected ($2)
Seat 5: TinaTurner72 (button) (small blind) folded before Flop


PokerStars Hand #169650471033:  Hold'em Limit ($3/$6 USD) - 2017/04/27 19:38:02 ET
Table 'Pecker' 6-max Seat #4 is the button
Seat 4: camille21 ($129.82 in chips)
Seat 5: TinaTurner72 ($120.14 in chips)
camille21: posts small blind $1
TinaTurner72: posts big blind $3
*** HOLE CARDS ***
camille21: raises $3 to $6
TinaTurner72: calls $3
*** FLOP *** [7s 4s 7d]
TinaTurner72: checks
camille21: bets $3
TinaTurner72: folds
Uncalled bet ($3) returned to camille21
camille21 collected $11.76 from pot
camille21: doesn't show hand
*** SUMMARY ***
Total pot $12 | Rake $0.24
Board [7s 4s 7d]
Seat 4: camille21 (button) (small blind) collected ($11.76)
Seat 5: TinaTurner72 (big blind) folded on the Flop


PokerStars Hand #169650477358:  Hold'em Limit ($3/$6 USD) - 2017/04/27 19:38:14 ET
Table 'Pecker' 6-max Seat #5 is the button
Seat 4: camille21 ($135.58 in chips)
Seat 5: TinaTurner72 ($114.14 in chips)
TinaTurner72: posts small blind $1
camille21: posts big blind $3
*** HOLE CARDS ***
TinaTurner72: raises $3 to $6
camille21: calls $3
*** FLOP *** [Kd Kc Qs]
camille21: checks
TinaTurner72: bets $3
camille21: folds
Uncalled bet ($3) returned to TinaTurner72
TinaTurner72 collected $11.76 from pot
TinaTurner72: doesn't show hand
*** SUMMARY ***
Total pot $12 | Rake $0.24
Board [Kd Kc Qs]
Seat 4: camille21 (big blind) folded on the Flop
Seat 5: TinaTurner72 (button) (small blind) collected ($11.76)


PokerStars Hand #169650485591:  Hold'em Limit ($3/$6 USD) - 2017/04/27 19:38:29 ET
Table 'Pecker' 6-max Seat #4 is the button
Seat 4: camille21 ($129.58 in chips)
Seat 5: TinaTurner72 ($119.90 in chips)
camille21: posts small blind $1
TinaTurner72: posts big blind $3
*** HOLE CARDS ***
camille21: raises $3 to $6
TinaTurner72: folds
Uncalled bet ($3) returned to camille21
camille21 collected $6 from pot
camille21: doesn't show hand
*** SUMMARY ***
Total pot $6 | Rake $0
Seat 4: camille21 (button) (small blind) collected ($6)
Seat 5: TinaTurner72 (big blind) folded before Flop


PokerStars Hand #169650489375:  Hold'em Limit ($3/$6 USD) - 2017/04/27 19:38:36 ET
Table 'Pecker' 6-max Seat #5 is the button
Seat 4: camille21 ($132.58 in chips)
Seat 5: TinaTurner72 ($116.90 in chips)
TinaTurner72: posts small blind $1
camille21: posts big blind $3
*** HOLE CARDS ***
TinaTurner72: raises $3 to $6
camille21: calls $3
*** FLOP *** [3c 8h Ad]
camille21: checks
TinaTurner72: bets $3
camille21: calls $3
*** TURN *** [3c 8h Ad] [Jc]
camille21: checks
TinaTurner72: bets $6
camille21: calls $6
*** RIVER *** [3c 8h Ad Jc] [2c]
camille21: checks
TinaTurner72: checks
*** SHOW DOWN ***
camille21: shows [Kc Qs] (high card Ace)
TinaTurner72: shows [5s 8c] (a pair of Eights)
TinaTurner72 collected $29.50 from pot
*** SUMMARY ***
Total pot $30 | Rake $0.50
Board [3c 8h Ad Jc 2c]
Seat 4: camille21 (big blind) showed [Kc Qs] and lost with high card Ace
Seat 5: TinaTurner72 (button) (small blind) showed [5s 8c] and won ($29.50) with a pair of Eights


PokerStars Hand #169650505250:  Hold'em Limit ($3/$6 USD) - 2017/04/27 19:39:06 ET
Table 'Pecker' 6-max Seat #5 is the button
Seat 4: camille21 ($108.58 in chips)
Seat 5: TinaTurner72 ($140.04 in chips)
TinaTurner72: posts small blind $1
camille21: posts big blind $3
*** HOLE CARDS ***
TinaTurner72: folds
Uncalled bet ($2) returned to camille21
camille21 collected $2 from pot
camille21: doesn't show hand
*** SUMMARY ***
Total pot $2 | Rake $0
Seat 4: camille21 (big blind) collected ($2)
Seat 5: TinaTurner72 (button) (small blind) folded before Flop


PokerStars Hand #169650499432:  Hold'em Limit ($3/$6 USD) - 2017/04/27 19:38:55 ET
Table 'Pecker' 6-max Seat #4 is the button
Seat 4: camille21 ($117.58 in chips)
Seat 5: TinaTurner72 ($131.40 in chips)
camille21: posts small blind $1
TinaTurner72: posts big blind $3
*** HOLE CARDS ***
camille21: raises $3 to $6
TinaTurner72: calls $3
*** FLOP *** [6h Qd 3c]
TinaTurner72: checks
camille21: bets $3
TinaTurner72: raises $3 to $6
camille21: folds
Uncalled bet ($3) returned to TinaTurner72
TinaTurner72 collected $17.64 from pot
TinaTurner72: doesn't show hand
*** SUMMARY ***
Total pot $18 | Rake $0.36
Board [6h Qd 3c]
Seat 4: camille21 (button) (small blind) folded on the Flop
Seat 5: TinaTurner72 (big blind) collected ($17.64)


PokerStars Hand #169650508009:  Hold'em Limit ($3/$6 USD) - 2017/04/27 19:39:11 ET
Table 'Pecker' 6-max Seat #4 is the button
Seat 4: camille21 ($109.58 in chips)
Seat 5: TinaTurner72 ($139.04 in chips)
camille21: posts small blind $1
TinaTurner72: posts big blind $3
*** HOLE CARDS ***
camille21: raises $3 to $6
TinaTurner72: raises $3 to $9
camille21: calls $3
*** FLOP *** [5s Qd 7h]
TinaTurner72: bets $3
camille21: raises $3 to $6
TinaTurner72: raises $3 to $9
camille21: folds
Uncalled bet ($3) returned to TinaTurner72
TinaTurner72 collected $29.50 from pot
TinaTurner72: doesn't show hand
*** SUMMARY ***
Total pot $30 | Rake $0.50
Board [5s Qd 7h]
Seat 4: camille21 (button) (small blind) folded on the Flop
Seat 5: TinaTurner72 (big blind) collected ($29.50)


PokerStars Hand #169650528501:  Hold'em Limit ($3/$6 USD) - 2017/04/27 19:39:49 ET
Table 'Pecker' 6-max Seat #4 is the button
Seat 4: camille21 ($73.58 in chips)
Seat 5: TinaTurner72 ($174.04 in chips)
camille21: posts small blind $1
TinaTurner72: posts big blind $3
*** HOLE CARDS ***
camille21: folds
Uncalled bet ($2) returned to TinaTurner72
TinaTurner72 collected $2 from pot
TinaTurner72: doesn't show hand
*** SUMMARY ***
Total pot $2 | Rake $0
Seat 4: camille21 (button) (small blind) folded before Flop
Seat 5: TinaTurner72 (big blind) collected ($2)


PokerStars Hand #169650517167:  Hold'em Limit ($3/$6 USD) - 2017/04/27 19:39:28 ET
Table 'Pecker' 6-max Seat #5 is the button
Seat 4: camille21 ($94.58 in chips)
Seat 5: TinaTurner72 ($153.54 in chips)
TinaTurner72: posts small blind $1
camille21: posts big blind $3
*** HOLE CARDS ***
TinaTurner72: raises $3 to $6
camille21: calls $3
*** FLOP *** [Qh 6d 3h]
camille21: checks
TinaTurner72: bets $3
camille21: calls $3
*** TURN *** [Qh 6d 3h] [8c]
camille21: checks
TinaTurner72: bets $6
camille21: calls $6
*** RIVER *** [Qh 6d 3h 8c] [5c]
camille21: checks
TinaTurner72: bets $6
camille21: calls $6
*** SHOW DOWN ***
TinaTurner72: shows [9h 7s] (a straight, Five to Nine)
camille21: mucks hand
TinaTurner72 collected $41.50 from pot
*** SUMMARY ***
Total pot $42 | Rake $0.50
Board [Qh 6d 3h 8c 5c]
Seat 4: camille21 (big blind) mucked
Seat 5: TinaTurner72 (button) (small blind) showed [9h 7s] and won ($41.50) with a straight, Five to Nine


PokerStars Hand #169650531409:  Hold'em Limit ($3/$6 USD) - 2017/04/27 19:39:54 ET
Table 'Pecker' 6-max Seat #5 is the button
Seat 4: camille21 ($72.58 in chips)
Seat 5: TinaTurner72 ($175.04 in chips)
TinaTurner72: posts small blind $1
camille21: posts big blind $3
*** HOLE CARDS ***
TinaTurner72: raises $3 to $6
camille21: calls $3
*** FLOP *** [Jc 7d 3h]
camille21: checks
TinaTurner72: bets $3
camille21: raises $3 to $6
TinaTurner72: calls $3
*** TURN *** [Jc 7d 3h] [Jd]
camille21: bets $6
TinaTurner72: calls $6
*** RIVER *** [Jc 7d 3h Jd] [5d]
camille21: bets $6
TinaTurner72: calls $6
*** SHOW DOWN ***
camille21: shows [Jh 6c] (three of a kind, Jacks)
TinaTurner72: mucks hand
camille21 collected $47.50 from pot
*** SUMMARY ***
Total pot $48 | Rake $0.50
Board [Jc 7d 3h Jd 5d]
Seat 4: camille21 (big blind) showed [Jh 6c] and won ($47.50) with three of a kind, Jacks
Seat 5: TinaTurner72 (button) (small blind) mucked


PokerStars Hand #169650542192:  Hold'em Limit ($3/$6 USD) - 2017/04/27 19:40:14 ET
Table 'Pecker' 6-max Seat #4 is the button
Seat 4: camille21 ($96.08 in chips)
Seat 5: TinaTurner72 ($151.04 in chips)
camille21: posts small blind $1
TinaTurner72: posts big blind $3
*** HOLE CARDS ***
camille21: raises $3 to $6
TinaTurner72: calls $3
*** FLOP *** [As 3d Qh]
TinaTurner72: checks
camille21: bets $3
TinaTurner72: calls $3
*** TURN *** [As 3d Qh] [8s]
TinaTurner72: checks
camille21: bets $6
TinaTurner72: calls $6
*** RIVER *** [As 3d Qh 8s] [7h]
TinaTurner72: checks
camille21: bets $6
TinaTurner72: calls $6
*** SHOW DOWN ***
camille21: shows [Ah 7s] (two pair, Aces and Sevens)
TinaTurner72: mucks hand
camille21 collected $41.50 from pot
*** SUMMARY ***
Total pot $42 | Rake $0.50
Board [As 3d Qh 8s 7h]
Seat 4: camille21 (button) (small blind) showed [Ah 7s] and won ($41.50) with two pair, Aces and Sevens
Seat 5: TinaTurner72 (big blind) mucked


PokerStars Hand #169650552966:  Hold'em Limit ($3/$6 USD) - 2017/04/27 19:40:35 ET
Table 'Pecker' 6-max Seat #5 is the button
Seat 4: camille21 ($116.58 in chips)
Seat 5: TinaTurner72 ($130.04 in chips)
TinaTurner72: posts small blind $1
camille21: posts big blind $3
*** HOLE CARDS ***
TinaTurner72: raises $3 to $6
camille21: folds
Uncalled bet ($3) returned to TinaTurner72
TinaTurner72 collected $6 from pot
TinaTurner72: doesn't show hand
*** SUMMARY ***
Total pot $6 | Rake $0
Seat 4: camille21 (big blind) folded before Flop
Seat 5: TinaTurner72 (button) (small blind) collected ($6)


PokerStars Hand #169650555565:  Hold'em Limit ($3/$6 USD) - 2017/04/27 19:40:40 ET
Table 'Pecker' 6-max Seat #4 is the button
Seat 4: camille21 ($113.58 in chips)
Seat 5: TinaTurner72 ($133.04 in chips)
camille21: posts small blind $1
TinaTurner72: posts big blind $3
*** HOLE CARDS ***
camille21: raises $3 to $6
TinaTurner72: calls $3
*** FLOP *** [9h As 9d]
TinaTurner72: checks
camille21: bets $3
TinaTurner72: raises $3 to $6
camille21: folds
Uncalled bet ($3) returned to TinaTurner72
TinaTurner72 collected $17.64 from pot
TinaTurner72: doesn't show hand
*** SUMMARY ***
Total pot $18 | Rake $0.36
Board [9h As 9d]
Seat 4: camille21 (button) (small blind) folded on the Flop
Seat 5: TinaTurner72 (big blind) collected ($17.64)


PokerStars Hand #169650561529:  Hold'em Limit ($3/$6 USD) - 2017/04/27 19:40:51 ET
Table 'Pecker' 6-max Seat #5 is the button
Seat 4: camille21 ($104.58 in chips)
Seat 5: TinaTurner72 ($141.68 in chips)
TinaTurner72: posts small blind $1
camille21: posts big blind $3
*** HOLE CARDS ***
TinaTurner72: folds
Uncalled bet ($2) returned to camille21
camille21 collected $2 from pot
camille21: doesn't show hand
*** SUMMARY ***
Total pot $2 | Rake $0
Seat 4: camille21 (big blind) collected ($2)
Seat 5: TinaTurner72 (button) (small blind) folded before Flop


PokerStars Hand #169650566239:  Hold'em Limit ($3/$6 USD) - 2017/04/27 19:41:00 ET
Table 'Pecker' 6-max Seat #4 is the button
Seat 4: camille21 ($105.58 in chips)
Seat 5: TinaTurner72 ($140.68 in chips)
camille21: posts small blind $1
TinaTurner72: posts big blind $3
*** HOLE CARDS ***
camille21: raises $3 to $6
TinaTurner72: raises $3 to $9
camille21: raises $3 to $12
Betting is capped
TinaTurner72: calls $3
*** FLOP *** [3h Tc 7c]
TinaTurner72: checks
camille21: bets $3
TinaTurner72: raises $3 to $6
camille21: calls $3
*** TURN *** [3h Tc 7c] [6s]
TinaTurner72: bets $6
camille21: raises $6 to $12
TinaTurner72: calls $6
*** RIVER *** [3h Tc 7c 6s] [4s]
TinaTurner72: checks
camille21: bets $6
TinaTurner72: calls $6
*** SHOW DOWN ***
camille21: shows [Qd Qs] (a pair of Queens)
TinaTurner72: mucks hand
camille21 collected $71.50 from pot
ToDaFelt joins the table at seat #6
*** SUMMARY ***
Total pot $72 | Rake $0.50
Board [3h Tc 7c 6s 4s]
Seat 4: camille21 (button) (small blind) showed [Qd Qs] and won ($71.50) with a pair of Queens
Seat 5: TinaTurner72 (big blind) mucked


