PokerStars Hand #146886858903:  Hold'em Limit ($3/$6 USD) - 2016/01/11 18:59:32 ET
Table 'Pecker' 2-max Seat #1 is the button
Seat 1: Pete81 ($8.05 in chips)
Seat 2: Necromadx ($227.45 in chips)
Pete81: posts small blind $1
Necromadx: posts big blind $3
*** HOLE CARDS ***
Pete81: raises $3 to $6
Necromadx: calls $3
*** FLOP *** [2c 5h 2h]
Necromadx: checks
Pete81: bets $2.05 and is all-in
Necromadx: calls $2.05
*** TURN *** [2c 5h 2h] [8d]
*** RIVER *** [2c 5h 2h 8d] [Js]
*** SHOW DOWN ***
Necromadx: shows [3h 5s] (two pair, Fives and Deuces)
Pete81: shows [Td 9d] (a pair of Deuces)
Necromadx collected $15.78 from pot
*** SUMMARY ***
Total pot $16.10 | Rake $0.32
Board [2c 5h 2h 8d Js]
Seat 1: Pete81 (button) (small blind) showed [Td 9d] and lost with a pair of Deuces
Seat 2: Necromadx (big blind) showed [3h 5s] and won ($15.78) with two pair, Fives and Deuces


PokerStars Hand #146886853087:  Hold'em Limit ($3/$6 USD) - 2016/01/11 18:59:23 ET
Table 'Pecker' 2-max Seat #2 is the button
Seat 1: Pete81 ($14.05 in chips)
Seat 2: Necromadx ($221.69 in chips)
Necromadx: posts small blind $1
Pete81: posts big blind $3
*** HOLE CARDS ***
Necromadx: raises $3 to $6
Pete81: calls $3
*** FLOP *** [Qh Ad Th]
Pete81: checks
Necromadx: bets $3
Pete81: folds
Uncalled bet ($3) returned to Necromadx
Necromadx collected $11.76 from pot
Necromadx: doesn't show hand
*** SUMMARY ***
Total pot $12 | Rake $0.24
Board [Qh Ad Th]
Seat 1: Pete81 (big blind) folded on the Flop
Seat 2: Necromadx (button) (small blind) collected ($11.76)


PokerStars Hand #146886842856:  Hold'em Limit ($3/$6 USD) - 2016/01/11 18:59:07 ET
Table 'Pecker' 2-max Seat #1 is the button
Seat 1: Pete81 ($7.17 in chips)
Seat 2: Necromadx ($228.86 in chips)
Pete81: posts small blind $1
Necromadx: posts big blind $3
*** HOLE CARDS ***
Pete81: raises $3 to $6
Necromadx: calls $3
*** FLOP *** [Ad 6s 7h]
Necromadx: checks
Pete81: bets $1.17 and is all-in
Necromadx: calls $1.17
*** TURN *** [Ad 6s 7h] [Td]
*** RIVER *** [Ad 6s 7h Td] [9c]
*** SHOW DOWN ***
Necromadx: shows [Jh 3h] (high card Ace)
Pete81: shows [Js Th] (a pair of Tens)
Pete81 collected $14.05 from pot
*** SUMMARY ***
Total pot $14.34 | Rake $0.29
Board [Ad 6s 7h Td 9c]
Seat 1: Pete81 (button) (small blind) showed [Js Th] and won ($14.05) with a pair of Tens
Seat 2: Necromadx (big blind) showed [Jh 3h] and lost with high card Ace


PokerStars Hand #146887051193:  Hold'em Limit ($3/$6 USD) - 2016/01/11 19:03:55 ET
Table 'Pecker' 2-max Seat #1 is the button
Seat 1: Pete81 ($44 in chips)
Seat 2: Necromadx ($250.58 in chips)
Pete81: posts small blind $1
Necromadx: posts big blind $3
*** HOLE CARDS ***
Pete81: raises $3 to $6
Necromadx: calls $3
*** FLOP *** [5c 9s 8s]
Necromadx: checks
Pete81: bets $3
Necromadx: calls $3
*** TURN *** [5c 9s 8s] [8d]
Necromadx: checks
Pete81: checks
*** RIVER *** [5c 9s 8s 8d] [9d]
Necromadx: checks
Pete81: bets $6
Necromadx: folds
Uncalled bet ($6) returned to Pete81
Pete81 collected $17.64 from pot
Pete81: doesn't show hand
*** SUMMARY ***
Total pot $18 | Rake $0.36
Board [5c 9s 8s 8d 9d]
Seat 1: Pete81 (button) (small blind) collected ($17.64)
Seat 2: Necromadx (big blind) folded on the River


PokerStars Hand #146887106204:  Hold'em Limit ($3/$6 USD) - 2016/01/11 19:05:06 ET
Table 'Pecker' 2-max Seat #1 is the button
Seat 1: Pete81 ($10.64 in chips)
Seat 2: Necromadx ($282.34 in chips)
Pete81: posts small blind $1
Necromadx: posts big blind $3
*** HOLE CARDS ***
Pete81: raises $3 to $6
Necromadx: raises $3 to $9
Pete81: raises $1.64 to $10.64 and is all-in
Betting is capped
Necromadx: calls $1.64
*** FLOP *** [2c Jc Td]
*** TURN *** [2c Jc Td] [2d]
*** RIVER *** [2c Jc Td 2d] [4h]
*** SHOW DOWN ***
Necromadx: shows [9h Kh] (a pair of Deuces)
Pete81: shows [Ks 9d] (a pair of Deuces)
Necromadx collected $10.43 from pot
Pete81 collected $10.42 from pot
*** SUMMARY ***
Total pot $21.28 | Rake $0.43
Board [2c Jc Td 2d 4h]
Seat 1: Pete81 (button) (small blind) showed [Ks 9d] and won ($10.42) with a pair of Deuces
Seat 2: Necromadx (big blind) showed [9h Kh] and won ($10.43) with a pair of Deuces


PokerStars Hand #146887084863:  Hold'em Limit ($3/$6 USD) - 2016/01/11 19:04:38 ET
Table 'Pecker' 2-max Seat #2 is the button
Seat 1: Pete81 ($28.64 in chips)
Seat 2: Necromadx ($264.84 in chips)
Necromadx: posts small blind $1
Pete81: posts big blind $3
*** HOLE CARDS ***
Necromadx: raises $3 to $6
Pete81: raises $3 to $9
Necromadx: calls $3
*** FLOP *** [3c Qh 5c]
Pete81: bets $3
Necromadx: calls $3
*** TURN *** [3c Qh 5c] [2d]
Pete81: bets $6
Necromadx: calls $6
*** RIVER *** [3c Qh 5c 2d] [Tc]
Pete81: checks
Necromadx: checks
*** SHOW DOWN ***
Pete81: shows [Ks 8s] (high card King)
Necromadx: shows [3s 6s] (a pair of Threes)
Necromadx collected $35.50 from pot
*** SUMMARY ***
Total pot $36 | Rake $0.50
Board [3c Qh 5c 2d Tc]
Seat 1: Pete81 (big blind) showed [Ks 8s] and lost with high card King
Seat 2: Necromadx (button) (small blind) showed [3s 6s] and won ($35.50) with a pair of Threes


PokerStars Hand #146887072870:  Hold'em Limit ($3/$6 USD) - 2016/01/11 19:04:23 ET
Table 'Pecker' 2-max Seat #1 is the button
Seat 1: Pete81 ($46.64 in chips)
Seat 2: Necromadx ($247.34 in chips)
Pete81: posts small blind $1
Necromadx: posts big blind $3
*** HOLE CARDS ***
Pete81: raises $3 to $6
Necromadx: raises $3 to $9
Pete81: calls $3
*** FLOP *** [2h Kd 7d]
Necromadx: bets $3
Pete81: raises $3 to $6
Necromadx: raises $3 to $9
Pete81: calls $3
*** TURN *** [2h Kd 7d] [Ah]
Necromadx: bets $6
Pete81: folds
Uncalled bet ($6) returned to Necromadx
Necromadx collected $35.50 from pot
Necromadx: doesn't show hand
*** SUMMARY ***
Total pot $36 | Rake $0.50
Board [2h Kd 7d Ah]
Seat 1: Pete81 (button) (small blind) folded on the Turn
Seat 2: Necromadx (big blind) collected ($35.50)


PokerStars Hand #146887066184:  Hold'em Limit ($3/$6 USD) - 2016/01/11 19:04:14 ET
Table 'Pecker' 2-max Seat #2 is the button
Seat 1: Pete81 ($52.64 in chips)
Seat 2: Necromadx ($241.58 in chips)
Necromadx: posts small blind $1
Pete81: posts big blind $3
*** HOLE CARDS ***
Necromadx: raises $3 to $6
Pete81: calls $3
*** FLOP *** [Kh 3s 9d]
Pete81: checks
Necromadx: bets $3
Pete81: folds
Uncalled bet ($3) returned to Necromadx
Necromadx collected $11.76 from pot
Necromadx: doesn't show hand
*** SUMMARY ***
Total pot $12 | Rake $0.24
Board [Kh 3s 9d]
Seat 1: Pete81 (big blind) folded on the Flop
Seat 2: Necromadx (button) (small blind) collected ($11.76)


PokerStars Hand #146887118528:  Hold'em Limit ($3/$6 USD) - 2016/01/11 19:05:22 ET
Table 'Pecker' 2-max Seat #2 is the button
Seat 1: Pete81 ($10.42 in chips)
Seat 2: Necromadx ($282.13 in chips)
Necromadx: posts small blind $1
Pete81: posts big blind $3
*** HOLE CARDS ***
Necromadx: raises $3 to $6
Pete81: raises $3 to $9
Necromadx: raises $3 to $12
Betting is capped
Pete81: calls $1.42 and is all-in
Uncalled bet ($1.58) returned to Necromadx
*** FLOP *** [Jd 4c Ad]
*** TURN *** [Jd 4c Ad] [Ah]
*** RIVER *** [Jd 4c Ad Ah] [Kh]
*** SHOW DOWN ***
Pete81: shows [9d 8h] (a pair of Aces)
Necromadx: shows [Tc 7c] (a pair of Aces - King+Jack+Ten kicker)
Necromadx collected $20.42 from pot
*** SUMMARY ***
Total pot $20.84 | Rake $0.42
Board [Jd 4c Ad Ah Kh]
Seat 1: Pete81 (big blind) showed [9d 8h] and lost with a pair of Aces
Seat 2: Necromadx (button) (small blind) showed [Tc 7c] and won ($20.42) with a pair of Aces


