PokerStars Hand #174982146728:  Hold'em Limit ($3/$6 USD) - 2017/08/30 11:19:52 ET
Table 'Pegasus' 6-max Seat #3 is the button
Seat 3: luckyzb ($100 in chips)
Seat 4: Agrotait ($30 in chips)
luckyzb: posts small blind $1
Agrotait: posts big blind $3
*** HOLE CARDS ***
luckyzb: folds
Uncalled bet ($2) returned to Agrotait
Agrotait collected $2 from pot
Agrotait: doesn't show hand
*** SUMMARY ***
Total pot $2 | Rake $0
Seat 3: luckyzb (button) (small blind) folded before Flop
Seat 4: Agrotait (big blind) collected ($2)


PokerStars Hand #174982154852:  Hold'em Limit ($3/$6 USD) - 2017/08/30 11:20:05 ET
Table 'Pegasus' 6-max Seat #4 is the button
Seat 3: luckyzb ($99 in chips)
Seat 4: Agrotait ($31 in chips)
Agrotait: posts small blind $1
luckyzb: posts big blind $3
*** HOLE CARDS ***
Agrotait: raises $3 to $6
luckyzb: raises $3 to $9
Agrotait: calls $3
*** FLOP *** [7h 2h 8c]
zimin10 joins the table at seat #5
luckyzb: bets $3
Agrotait: calls $3
*** TURN *** [7h 2h 8c] [3c]
luckyzb: bets $6
Agrotait: calls $6
*** RIVER *** [7h 2h 8c 3c] [3h]
luckyzb: bets $6
Agrotait: calls $6
*** SHOW DOWN ***
luckyzb: shows [Jc Qs] (a pair of Threes)
Agrotait: shows [Jd Ah] (a pair of Threes - Ace kicker)
Agrotait collected $47.50 from pot
*** SUMMARY ***
Total pot $48 | Rake $0.50
Board [7h 2h 8c 3c 3h]
Seat 3: luckyzb (big blind) showed [Jc Qs] and lost with a pair of Threes
Seat 4: Agrotait (button) (small blind) showed [Jd Ah] and won ($47.50) with a pair of Threes


PokerStars Hand #174982180025:  Hold'em Limit ($3/$6 USD) - 2017/08/30 11:20:47 ET
Table 'Pegasus' 6-max Seat #3 is the button
Seat 3: luckyzb ($75 in chips)
Seat 4: Agrotait ($54.50 in chips)
luckyzb: posts small blind $1
Agrotait: posts big blind $3
*** HOLE CARDS ***
luckyzb: folds
Uncalled bet ($2) returned to Agrotait
Agrotait collected $2 from pot
Agrotait: doesn't show hand
*** SUMMARY ***
Total pot $2 | Rake $0
Seat 3: luckyzb (button) (small blind) folded before Flop
Seat 4: Agrotait (big blind) collected ($2)


PokerStars Hand #174982211802:  Hold'em Limit ($3/$6 USD) - 2017/08/30 11:21:40 ET
Table 'Pegasus' 6-max Seat #3 is the button
Seat 3: luckyzb ($59 in chips)
Seat 4: Agrotait ($70 in chips)
luckyzb: posts small blind $1
Agrotait: posts big blind $3
*** HOLE CARDS ***
luckyzb: folds
Uncalled bet ($2) returned to Agrotait
Agrotait collected $2 from pot
Agrotait: doesn't show hand
*** SUMMARY ***
Total pot $2 | Rake $0
Seat 3: luckyzb (button) (small blind) folded before Flop
Seat 4: Agrotait (big blind) collected ($2)


PokerStars Hand #174982215985:  Hold'em Limit ($3/$6 USD) - 2017/08/30 11:21:47 ET
Table 'Pegasus' 6-max Seat #4 is the button
Seat 3: luckyzb ($58 in chips)
Seat 4: Agrotait ($71 in chips)
Agrotait: posts small blind $1
luckyzb: posts big blind $3
*** HOLE CARDS ***
Agrotait: raises $3 to $6
luckyzb: calls $3
*** FLOP *** [4h 9s 3s]
luckyzb: checks
Agrotait: bets $3
luckyzb: raises $3 to $6
Agrotait: calls $3
*** TURN *** [4h 9s 3s] [Kd]
luckyzb: bets $6
Agrotait: folds
Uncalled bet ($6) returned to luckyzb
luckyzb collected $23.52 from pot
luckyzb: doesn't show hand
*** SUMMARY ***
Total pot $24 | Rake $0.48
Board [4h 9s 3s Kd]
Seat 3: luckyzb (big blind) collected ($23.52)
Seat 4: Agrotait (button) (small blind) folded on the Turn


PokerStars Hand #174982184831:  Hold'em Limit ($3/$6 USD) - 2017/08/30 11:20:55 ET
Table 'Pegasus' 6-max Seat #4 is the button
Seat 3: luckyzb ($74 in chips)
Seat 4: Agrotait ($55.50 in chips)
Agrotait: posts small blind $1
luckyzb: posts big blind $3
*** HOLE CARDS ***
Agrotait: raises $3 to $6
luckyzb: calls $3
*** FLOP *** [3c 6d Kc]
luckyzb: checks
Agrotait: bets $3
luckyzb: calls $3
*** TURN *** [3c 6d Kc] [7s]
luckyzb: checks
Agrotait: bets $6
luckyzb: calls $6
*** RIVER *** [3c 6d Kc 7s] [5s]
luckyzb: checks
Agrotait: checks
*** SHOW DOWN ***
luckyzb: shows [8d 6c] (a pair of Sixes)
Agrotait: shows [Qh 6s] (a pair of Sixes - King+Queen kicker)
Agrotait collected $29.50 from pot
*** SUMMARY ***
Total pot $30 | Rake $0.50
Board [3c 6d Kc 7s 5s]
Seat 3: luckyzb (big blind) showed [8d 6c] and lost with a pair of Sixes
Seat 4: Agrotait (button) (small blind) showed [Qh 6s] and won ($29.50) with a pair of Sixes


PokerStars Hand #174982261815:  Hold'em Limit ($3/$6 USD) - 2017/08/30 11:23:04 ET
Table 'Pegasus' 6-max Seat #3 is the button
Seat 3: luckyzb ($69.52 in chips)
Seat 5: zimin10 ($72 in chips)
luckyzb: posts small blind $1
zimin10: posts big blind $3
*** HOLE CARDS ***
luckyzb: folds
Uncalled bet ($2) returned to zimin10
zimin10 collected $2 from pot
*** SUMMARY ***
Total pot $2 | Rake $0
Seat 3: luckyzb (button) (small blind) folded before Flop
Seat 5: zimin10 (big blind) collected ($2)


PokerStars Hand #174982266593:  Hold'em Limit ($3/$6 USD) - 2017/08/30 11:23:12 ET
Table 'Pegasus' 6-max Seat #5 is the button
Seat 3: luckyzb ($68.52 in chips)
Seat 5: zimin10 ($73 in chips)
zimin10: posts small blind $1
luckyzb: posts big blind $3
*** HOLE CARDS ***
zimin10: raises $3 to $6
luckyzb: raises $3 to $9
vestimokrec joins the table at seat #4
zimin10: raises $3 to $12
Betting is capped
luckyzb: calls $3
*** FLOP *** [Ts 7s 2h]
luckyzb: checks
zimin10: bets $3
luckyzb: raises $3 to $6
zimin10: calls $3
*** TURN *** [Ts 7s 2h] [2d]
luckyzb: bets $6
zimin10: calls $6
*** RIVER *** [Ts 7s 2h 2d] [6c]
luckyzb: bets $6
zimin10: calls $6
*** SHOW DOWN ***
luckyzb: shows [8d 8h] (two pair, Eights and Deuces)
zimin10: shows [Th Kh] (two pair, Tens and Deuces)
zimin10 collected $59.50 from pot
*** SUMMARY ***
Total pot $60 | Rake $0.50
Board [Ts 7s 2h 2d 6c]
Seat 3: luckyzb (big blind) showed [8d 8h] and lost with two pair, Eights and Deuces
Seat 5: zimin10 (button) (small blind) showed [Th Kh] and won ($59.50) with two pair, Tens and Deuces


PokerStars Hand #174984570967:  Hold'em Limit ($3/$6 USD) - 2017/08/30 12:25:16 ET
Table 'Pegasus' 6-max Seat #2 is the button
Seat 2: B_loJkl ($128.36 in chips)
Seat 6: lawrence1208 ($11.87 in chips)
B_loJkl: posts small blind $1
luckyzb: is sitting out
lawrence1208: posts big blind $3
*** HOLE CARDS ***
luckyzb leaves the table
B_loJkl: raises $3 to $6
lawrence1208: raises $3 to $9
B_loJkl: raises $3 to $12
Betting is capped
lawrence1208: calls $2.87 and is all-in
Uncalled bet ($0.13) returned to B_loJkl
*** FLOP *** [9c 5h 9h]
*** TURN *** [9c 5h 9h] [5c]
*** RIVER *** [9c 5h 9h 5c] [7s]
*** SHOW DOWN ***
lawrence1208: shows [3h 4c] (two pair, Nines and Fives)
B_loJkl: shows [Ac Ah] (two pair, Aces and Nines)
B_loJkl collected $23.27 from pot
*** SUMMARY ***
Total pot $23.74 | Rake $0.47
Board [9c 5h 9h 5c 7s]
Seat 2: B_loJkl (button) (small blind) showed [Ac Ah] and won ($23.27) with two pair, Aces and Nines
Seat 6: lawrence1208 (big blind) showed [3h 4c] and lost with two pair, Nines and Fives


