PokerStars Hand #158444502091:  Hold'em Limit ($3/$6 USD) - 2016/09/10 23:42:28 ET
Table 'Peiroos' 6-max Seat #2 is the button
Seat 1: Velbor107 ($303 in chips)
Seat 2: gazzzzzza ($33 in chips)
gazzzzzza: posts small blind $1
Velbor107: posts big blind $3
*** HOLE CARDS ***
gazzzzzza: raises $3 to $6
Velbor107: calls $3
*** FLOP *** [Th 8c 5h]
Velbor107: checks
gazzzzzza: bets $3
Velbor107: calls $3
*** TURN *** [Th 8c 5h] [7s]
Velbor107: checks
gazzzzzza: checks
*** RIVER *** [Th 8c 5h 7s] [Jd]
Velbor107: bets $6
gazzzzzza: calls $6
*** SHOW DOWN ***
Velbor107: shows [Jc Qh] (a pair of Jacks)
gazzzzzza: mucks hand
Velbor107 collected $29.50 from pot
*** SUMMARY ***
Total pot $30 | Rake $0.50
Board [Th 8c 5h 7s Jd]
Seat 1: Velbor107 (big blind) showed [Jc Qh] and won ($29.50) with a pair of Jacks
Seat 2: gazzzzzza (button) (small blind) mucked


PokerStars Hand #158444496820:  Hold'em Limit ($3/$6 USD) - 2016/09/10 23:42:09 ET
Table 'Peiroos' 6-max Seat #1 is the button
Seat 1: Velbor107 ($300 in chips)
Seat 2: gazzzzzza ($36 in chips)
Velbor107: posts small blind $1
gazzzzzza: posts big blind $3
*** HOLE CARDS ***
Velbor107: raises $3 to $6
gazzzzzza: folds
Uncalled bet ($3) returned to Velbor107
Velbor107 collected $6 from pot
*** SUMMARY ***
Total pot $6 | Rake $0
Seat 1: Velbor107 (button) (small blind) collected ($6)
Seat 2: gazzzzzza (big blind) folded before Flop


PokerStars Hand #158444518756:  Hold'em Limit ($3/$6 USD) - 2016/09/10 23:43:29 ET
Table 'Peiroos' 6-max Seat #1 is the button
Seat 1: Velbor107 ($317.26 in chips)
Seat 2: gazzzzzza ($17.76 in chips)
Velbor107: posts small blind $1
gazzzzzza: posts big blind $3
*** HOLE CARDS ***
Velbor107: folds
Uncalled bet ($2) returned to gazzzzzza
gazzzzzza collected $2 from pot
*** SUMMARY ***
Total pot $2 | Rake $0
Seat 1: Velbor107 (button) (small blind) folded before Flop
Seat 2: gazzzzzza (big blind) collected ($2)


PokerStars Hand #158444515114:  Hold'em Limit ($3/$6 USD) - 2016/09/10 23:43:16 ET
Table 'Peiroos' 6-max Seat #2 is the button
Seat 1: Velbor107 ($323.26 in chips)
Seat 2: gazzzzzza ($12 in chips)
gazzzzzza: posts small blind $1
Velbor107: posts big blind $3
*** HOLE CARDS ***
gazzzzzza: raises $3 to $6
Velbor107: calls $3
*** FLOP *** [9d Ac 9s]
Velbor107: checks
gazzzzzza: bets $3
Velbor107: folds
Uncalled bet ($3) returned to gazzzzzza
gazzzzzza collected $11.76 from pot
*** SUMMARY ***
Total pot $12 | Rake $0.24
Board [9d Ac 9s]
Seat 1: Velbor107 (big blind) folded on the Flop
Seat 2: gazzzzzza (button) (small blind) collected ($11.76)


PokerStars Hand #158444511595:  Hold'em Limit ($3/$6 USD) - 2016/09/10 23:43:03 ET
Table 'Peiroos' 6-max Seat #1 is the button
Seat 1: Velbor107 ($317.50 in chips)
Seat 2: gazzzzzza ($18 in chips)
Velbor107: posts small blind $1
gazzzzzza: posts big blind $3
*** HOLE CARDS ***
Velbor107: raises $3 to $6
gazzzzzza: calls $3
*** FLOP *** [5s 6s Jc]
gazzzzzza: checks
Velbor107: bets $3
gazzzzzza: folds
Uncalled bet ($3) returned to Velbor107
Velbor107 collected $11.76 from pot
*** SUMMARY ***
Total pot $12 | Rake $0.24
Board [5s 6s Jc]
Seat 1: Velbor107 (button) (small blind) collected ($11.76)
Seat 2: gazzzzzza (big blind) folded on the Flop


PokerStars Hand #158444526061:  Hold'em Limit ($3/$6 USD) - 2016/09/10 23:43:56 ET
Table 'Peiroos' 6-max Seat #1 is the button
Seat 1: Velbor107 ($330.76 in chips)
Seat 2: gazzzzzza ($3.76 in chips)
Velbor107: posts small blind $1
gazzzzzza: posts big blind $3
*** HOLE CARDS ***
Velbor107: raises $3 to $6
gazzzzzza: calls $0.76 and is all-in
Uncalled bet ($2.24) returned to Velbor107
*** FLOP *** [6h 5d Tc]
*** TURN *** [6h 5d Tc] [Jc]
*** RIVER *** [6h 5d Tc Jc] [9c]
*** SHOW DOWN ***
gazzzzzza: shows [6c 4s] (a pair of Sixes)
Velbor107: shows [9s Kh] (a pair of Nines)
Velbor107 collected $7.37 from pot
*** SUMMARY ***
Total pot $7.52 | Rake $0.15
Board [6h 5d Tc Jc 9c]
Seat 1: Velbor107 (button) (small blind) showed [9s Kh] and won ($7.37) with a pair of Nines
Seat 2: gazzzzzza (big blind) showed [6c 4s] and lost with a pair of Sixes


