PokerStars Hand #146163345044:  Hold'em Limit ($3/$6 USD) - 2015/12/30 7:06:00 ET
Table 'Peiroos' 10-max Seat #1 is the button
Seat 1: VolkovDmitri ($120 in chips)
Seat 5: daniya73 ($50 in chips)
VolkovDmitri: posts small blind $1
daniya73: posts big blind $3
*** HOLE CARDS ***
VolkovDmitri: raises $3 to $6
daniya73: calls $3
*** FLOP *** [9c Qh Th]
daniya73: checks
VolkovDmitri: bets $3
daniya73: calls $3
*** TURN *** [9c Qh Th] [As]
daniya73: checks
VolkovDmitri: bets $6
daniya73: calls $6
*** RIVER *** [9c Qh Th As] [3d]
daniya73: checks
VolkovDmitri: bets $6
daniya73: raises $6 to $12
VolkovDmitri: raises $6 to $18
daniya73: calls $6
*** SHOW DOWN ***
VolkovDmitri: shows [9h Ah] (two pair, Aces and Nines)
daniya73: mucks hand
VolkovDmitri collected $65.50 from pot
*** SUMMARY ***
Total pot $66 | Rake $0.50
Board [9c Qh Th As 3d]
Seat 1: VolkovDmitri (button) (small blind) showed [9h Ah] and won ($65.50) with two pair, Aces and Nines
Seat 5: daniya73 (big blind) mucked


PokerStars Hand #146163361279:  Hold'em Limit ($3/$6 USD) - 2015/12/30 7:06:28 ET
Table 'Peiroos' 10-max Seat #5 is the button
Seat 1: VolkovDmitri ($152.50 in chips)
Seat 5: daniya73 ($17 in chips)
daniya73: posts small blind $1
VolkovDmitri: posts big blind $3
*** HOLE CARDS ***
daniya73: calls $2
VolkovDmitri: checks
*** FLOP *** [3d 9c 4s]
VolkovDmitri: bets $3
daniya73: raises $3 to $6
VolkovDmitri: calls $3
*** TURN *** [3d 9c 4s] [Ts]
VolkovDmitri: checks
daniya73: bets $6
VolkovDmitri: calls $6
*** RIVER *** [3d 9c 4s Ts] [7s]
VolkovDmitri: bets $6
daniya73: calls $2 and is all-in
Uncalled bet ($4) returned to VolkovDmitri
*** SHOW DOWN ***
VolkovDmitri: shows [6h 5d] (a straight, Three to Seven)
daniya73: shows [5c 4d] (a pair of Fours)
VolkovDmitri collected $33.50 from pot
*** SUMMARY ***
Total pot $34 | Rake $0.50
Board [3d 9c 4s Ts 7s]
Seat 1: VolkovDmitri (big blind) showed [6h 5d] and won ($33.50) with a straight, Three to Seven
Seat 5: daniya73 (button) (small blind) showed [5c 4d] and lost with a pair of Fours


PokerStars Hand #146164101736:  Hold'em Limit ($3/$6 USD) - 2015/12/30 7:26:51 ET
Table 'Peiroos' 10-max Seat #7 is the button
Seat 5: pejoba ($61.60 in chips)
Seat 7: assitoni ($115.26 in chips)
assitoni: posts small blind $1
pejoba: posts big blind $3
*** HOLE CARDS ***
assitoni: raises $3 to $6
pejoba: folds
Uncalled bet ($3) returned to assitoni
assitoni collected $6 from pot
assitoni: doesn't show hand
*** SUMMARY ***
Total pot $6 | Rake $0
Seat 5: pejoba (big blind) folded before Flop
Seat 7: assitoni (button) (small blind) collected ($6)


PokerStars Hand #146165352507:  Hold'em Limit ($3/$6 USD) - 2015/12/30 8:00:11 ET
Table 'Peiroos' 10-max Seat #5 is the button
Seat 5: DimaZips ($79.76 in chips)
Seat 7: Pandakey ($119.76 in chips)
DimaZips: posts small blind $1
Pandakey: posts big blind $3
*** HOLE CARDS ***
DimaZips: folds
Uncalled bet ($2) returned to Pandakey
Pandakey collected $2 from pot
Pandakey: doesn't show hand
*** SUMMARY ***
Total pot $2 | Rake $0
Seat 5: DimaZips (button) (small blind) folded before Flop
Seat 7: Pandakey (big blind) collected ($2)


PokerStars Hand #146165342165:  Hold'em Limit ($3/$6 USD) - 2015/12/30 7:59:54 ET
Table 'Peiroos' 10-max Seat #7 is the button
Seat 5: DimaZips ($85.76 in chips)
Seat 7: Pandakey ($114 in chips)
Pandakey: posts small blind $1
DimaZips: posts big blind $3
*** HOLE CARDS ***
Pandakey: raises $3 to $6
DimaZips: calls $3
*** FLOP *** [5s 6s Ts]
DimaZips: checks
Pandakey: bets $3
DimaZips: folds
Uncalled bet ($3) returned to Pandakey
Pandakey collected $11.76 from pot
Pandakey: doesn't show hand
*** SUMMARY ***
Total pot $12 | Rake $0.24
Board [5s 6s Ts]
Seat 5: DimaZips (big blind) folded on the Flop
Seat 7: Pandakey (button) (small blind) collected ($11.76)


PokerStars Hand #146165364969:  Hold'em Limit ($3/$6 USD) - 2015/12/30 8:00:31 ET
Table 'Peiroos' 10-max Seat #5 is the button
Seat 5: DimaZips ($87.40 in chips)
Seat 7: Pandakey ($111.76 in chips)
DimaZips: posts small blind $1
Pandakey: posts big blind $3
*** HOLE CARDS ***
DimaZips: folds
Uncalled bet ($2) returned to Pandakey
Pandakey collected $2 from pot
Pandakey: doesn't show hand
*** SUMMARY ***
Total pot $2 | Rake $0
Seat 5: DimaZips (button) (small blind) folded before Flop
Seat 7: Pandakey (big blind) collected ($2)


PokerStars Hand #146165356601:  Hold'em Limit ($3/$6 USD) - 2015/12/30 8:00:17 ET
Table 'Peiroos' 10-max Seat #7 is the button
Seat 5: DimaZips ($78.76 in chips)
Seat 7: Pandakey ($120.76 in chips)
Pandakey: posts small blind $1
DimaZips: posts big blind $3
*** HOLE CARDS ***
Pandakey: raises $3 to $6
DimaZips: raises $3 to $9
Pandakey: calls $3
*** FLOP *** [4h 9d 2d]
DimaZips: bets $3
Pandakey: folds
Uncalled bet ($3) returned to DimaZips
DimaZips collected $17.64 from pot
*** SUMMARY ***
Total pot $18 | Rake $0.36
Board [4h 9d 2d]
Seat 5: DimaZips (big blind) collected ($17.64)
Seat 7: Pandakey (button) (small blind) folded on the Flop


PokerStars Hand #146165331308:  Hold'em Limit ($3/$6 USD) - 2015/12/30 7:59:35 ET
Table 'Peiroos' 10-max Seat #5 is the button
Seat 5: DimaZips ($80 in chips)
Seat 7: Pandakey ($120 in chips)
DimaZips: posts small blind $1
Pandakey: posts big blind $3
*** HOLE CARDS ***
DimaZips: raises $3 to $6
Pandakey: calls $3
*** FLOP *** [Ac 2s Tc]
Pandakey: checks
DimaZips: bets $3
Pandakey: folds
Uncalled bet ($3) returned to DimaZips
DimaZips collected $11.76 from pot
DimaZips: doesn't show hand
*** SUMMARY ***
Total pot $12 | Rake $0.24
Board [Ac 2s Tc]
Seat 5: DimaZips (button) (small blind) collected ($11.76)
Seat 7: Pandakey (big blind) folded on the Flop


PokerStars Hand #146165381037:  Hold'em Limit ($3/$6 USD) - 2015/12/30 8:00:57 ET
Table 'Peiroos' 10-max Seat #5 is the button
Seat 5: DimaZips ($100.90 in chips)
Seat 7: Pandakey ($97.76 in chips)
DimaZips: posts small blind $1
Pandakey: posts big blind $3
*** HOLE CARDS ***
DimaZips: raises $3 to $6
Pandakey: folds
Uncalled bet ($3) returned to DimaZips
DimaZips collected $6 from pot
DimaZips: doesn't show hand
*** SUMMARY ***
Total pot $6 | Rake $0
Seat 5: DimaZips (button) (small blind) collected ($6)
Seat 7: Pandakey (big blind) folded before Flop


PokerStars Hand #146165396701:  Hold'em Limit ($3/$6 USD) - 2015/12/30 8:01:22 ET
Table 'Peiroos' 10-max Seat #5 is the button
Seat 5: DimaZips ($100.90 in chips)
Seat 7: Pandakey ($97.76 in chips)
DimaZips: posts small blind $1
Pandakey: posts big blind $3
*** HOLE CARDS ***
DimaZips: folds
Uncalled bet ($2) returned to Pandakey
Pandakey collected $2 from pot
Pandakey: doesn't show hand
*** SUMMARY ***
Total pot $2 | Rake $0
Seat 5: DimaZips (button) (small blind) folded before Flop
Seat 7: Pandakey (big blind) collected ($2)


PokerStars Hand #146165392026:  Hold'em Limit ($3/$6 USD) - 2015/12/30 8:01:14 ET
Table 'Peiroos' 10-max Seat #7 is the button
Seat 5: DimaZips ($103.90 in chips)
Seat 7: Pandakey ($94.76 in chips)
Pandakey: posts small blind $1
DimaZips: posts big blind $3
*** HOLE CARDS ***
Pandakey: raises $3 to $6
DimaZips: folds
Uncalled bet ($3) returned to Pandakey
Pandakey collected $6 from pot
Pandakey: doesn't show hand
*** SUMMARY ***
Total pot $6 | Rake $0
Seat 5: DimaZips (big blind) folded before Flop
Seat 7: Pandakey (button) (small blind) collected ($6)


PokerStars Hand #146165400640:  Hold'em Limit ($3/$6 USD) - 2015/12/30 8:01:28 ET
Table 'Peiroos' 10-max Seat #7 is the button
Seat 5: DimaZips ($99.90 in chips)
Seat 7: Pandakey ($98.76 in chips)
Pandakey: posts small blind $1
DimaZips: posts big blind $3
*** HOLE CARDS ***
Pandakey: raises $3 to $6
DimaZips: folds
Uncalled bet ($3) returned to Pandakey
Pandakey collected $6 from pot
Pandakey: doesn't show hand
*** SUMMARY ***
Total pot $6 | Rake $0
Seat 5: DimaZips (big blind) folded before Flop
Seat 7: Pandakey (button) (small blind) collected ($6)


PokerStars Hand #146165408355:  Hold'em Limit ($3/$6 USD) - 2015/12/30 8:01:40 ET
Table 'Peiroos' 10-max Seat #7 is the button
Seat 5: DimaZips ($99.90 in chips)
Seat 7: Pandakey ($98.76 in chips)
Pandakey: posts small blind $1
DimaZips: posts big blind $3
*** HOLE CARDS ***
Pandakey: folds
Uncalled bet ($2) returned to DimaZips
DimaZips collected $2 from pot
DimaZips: doesn't show hand
*** SUMMARY ***
Total pot $2 | Rake $0
Seat 5: DimaZips (big blind) collected ($2)
Seat 7: Pandakey (button) (small blind) folded before Flop


PokerStars Hand #146165404174:  Hold'em Limit ($3/$6 USD) - 2015/12/30 8:01:33 ET
Table 'Peiroos' 10-max Seat #5 is the button
Seat 5: DimaZips ($96.90 in chips)
Seat 7: Pandakey ($101.76 in chips)
DimaZips: posts small blind $1
Pandakey: posts big blind $3
*** HOLE CARDS ***
DimaZips: raises $3 to $6
Pandakey: folds
Uncalled bet ($3) returned to DimaZips
DimaZips collected $6 from pot
*** SUMMARY ***
Total pot $6 | Rake $0
Seat 5: DimaZips (button) (small blind) collected ($6)
Seat 7: Pandakey (big blind) folded before Flop


PokerStars Hand #146165367734:  Hold'em Limit ($3/$6 USD) - 2015/12/30 8:00:36 ET
Table 'Peiroos' 10-max Seat #7 is the button
Seat 5: DimaZips ($86.40 in chips)
Seat 7: Pandakey ($112.76 in chips)
Pandakey: posts small blind $1
DimaZips: posts big blind $3
*** HOLE CARDS ***
Pandakey: raises $3 to $6
DimaZips: calls $3
*** FLOP *** [Th 2s 9d]
DimaZips: checks
Pandakey: bets $3
DimaZips: calls $3
*** TURN *** [Th 2s 9d] [5c]
DimaZips: checks
Pandakey: checks
*** RIVER *** [Th 2s 9d 5c] [6c]
DimaZips: bets $6
Pandakey: calls $6
*** SHOW DOWN ***
DimaZips: shows [5d 3d] (a pair of Fives)
Pandakey: mucks hand
DimaZips collected $29.50 from pot
*** SUMMARY ***
Total pot $30 | Rake $0.50
Board [Th 2s 9d 5c 6c]
Seat 5: DimaZips (big blind) showed [5d 3d] and won ($29.50) with a pair of Fives
Seat 7: Pandakey (button) (small blind) mucked


PokerStars Hand #146165416782:  Hold'em Limit ($3/$6 USD) - 2015/12/30 8:01:52 ET
Table 'Peiroos' 10-max Seat #7 is the button
Seat 5: DimaZips ($99.90 in chips)
Seat 7: Pandakey ($98.76 in chips)
Pandakey: posts small blind $1
DimaZips: posts big blind $3
*** HOLE CARDS ***
Pandakey: raises $3 to $6
DimaZips: calls $3
*** FLOP *** [8c 3c Kh]
DimaZips: checks
Pandakey: checks
*** TURN *** [8c 3c Kh] [Js]
DimaZips: bets $6
Pandakey: calls $6
*** RIVER *** [8c 3c Kh Js] [Th]
DimaZips: bets $6
Pandakey: raises $6 to $12
DimaZips: raises $6 to $18
Pandakey: folds
Uncalled bet ($6) returned to DimaZips
DimaZips collected $47.50 from pot
DimaZips: doesn't show hand
*** SUMMARY ***
Total pot $48 | Rake $0.50
Board [8c 3c Kh Js Th]
Seat 5: DimaZips (big blind) collected ($47.50)
Seat 7: Pandakey (button) (small blind) folded on the River


PokerStars Hand #146165439162:  Hold'em Limit ($3/$6 USD) - 2015/12/30 8:02:26 ET
Table 'Peiroos' 10-max Seat #5 is the button
Seat 5: DimaZips ($123.40 in chips)
Seat 7: Pandakey ($74.76 in chips)
DimaZips: posts small blind $1
Pandakey: posts big blind $3
*** HOLE CARDS ***
DimaZips: raises $3 to $6
Pandakey: calls $3
*** FLOP *** [4c Qd As]
Pandakey: checks
DimaZips: bets $3
Pandakey: folds
Uncalled bet ($3) returned to DimaZips
DimaZips collected $11.76 from pot
DimaZips: doesn't show hand
*** SUMMARY ***
Total pot $12 | Rake $0.24
Board [4c Qd As]
Seat 5: DimaZips (button) (small blind) collected ($11.76)
Seat 7: Pandakey (big blind) folded on the Flop


PokerStars Hand #146165448684:  Hold'em Limit ($3/$6 USD) - 2015/12/30 8:02:40 ET
Table 'Peiroos' 10-max Seat #7 is the button
Seat 5: DimaZips ($129.16 in chips)
Seat 7: Pandakey ($68.76 in chips)
Pandakey: posts small blind $1
DimaZips: posts big blind $3
*** HOLE CARDS ***
Pandakey: raises $3 to $6
DimaZips: calls $3
*** FLOP *** [6s Jd 6c]
DimaZips: checks
Pandakey: bets $3
DimaZips: calls $3
*** TURN *** [6s Jd 6c] [Qh]
DimaZips: checks
Pandakey: checks
*** RIVER *** [6s Jd 6c Qh] [9s]
DimaZips: checks
Pandakey: bets $6
DimaZips: folds
Uncalled bet ($6) returned to Pandakey
Pandakey collected $17.64 from pot
Pandakey: doesn't show hand
*** SUMMARY ***
Total pot $18 | Rake $0.36
Board [6s Jd 6c Qh 9s]
Seat 5: DimaZips (big blind) folded on the River
Seat 7: Pandakey (button) (small blind) collected ($17.64)


PokerStars Hand #146165467186:  Hold'em Limit ($3/$6 USD) - 2015/12/30 8:03:07 ET
Table 'Peiroos' 10-max Seat #5 is the button
Seat 5: DimaZips ($120.16 in chips)
Seat 7: Pandakey ($77.40 in chips)
DimaZips: posts small blind $1
Pandakey: posts big blind $3
*** HOLE CARDS ***
DimaZips: raises $3 to $6
Pandakey: folds
Uncalled bet ($3) returned to DimaZips
DimaZips collected $6 from pot
DimaZips: doesn't show hand
*** SUMMARY ***
Total pot $6 | Rake $0
Seat 5: DimaZips (button) (small blind) collected ($6)
Seat 7: Pandakey (big blind) folded before Flop


PokerStars Hand #146165482183:  Hold'em Limit ($3/$6 USD) - 2015/12/30 8:03:30 ET
Table 'Peiroos' 10-max Seat #5 is the button
Seat 5: DimaZips ($117.16 in chips)
Seat 7: Pandakey ($80.16 in chips)
DimaZips: posts small blind $1
Pandakey: posts big blind $3
*** HOLE CARDS ***
DimaZips: folds
Uncalled bet ($2) returned to Pandakey
Pandakey collected $2 from pot
Pandakey: doesn't show hand
*** SUMMARY ***
Total pot $2 | Rake $0
Seat 5: DimaZips (button) (small blind) folded before Flop
Seat 7: Pandakey (big blind) collected ($2)


PokerStars Hand #146165471748:  Hold'em Limit ($3/$6 USD) - 2015/12/30 8:03:14 ET
Table 'Peiroos' 10-max Seat #7 is the button
Seat 5: DimaZips ($123.16 in chips)
Seat 7: Pandakey ($74.40 in chips)
Pandakey: posts small blind $1
DimaZips: posts big blind $3
*** HOLE CARDS ***
Pandakey: raises $3 to $6
DimaZips: calls $3
*** FLOP *** [6d 4c Qs]
DimaZips: checks
Pandakey: bets $3
DimaZips: folds
Uncalled bet ($3) returned to Pandakey
Pandakey collected $11.76 from pot
Pandakey: doesn't show hand
*** SUMMARY ***
Total pot $12 | Rake $0.24
Board [6d 4c Qs]
Seat 5: DimaZips (big blind) folded on the Flop
Seat 7: Pandakey (button) (small blind) collected ($11.76)


PokerStars Hand #146165485600:  Hold'em Limit ($3/$6 USD) - 2015/12/30 8:03:35 ET
Table 'Peiroos' 10-max Seat #7 is the button
Seat 5: DimaZips ($116.16 in chips)
Seat 7: Pandakey ($81.16 in chips)
Pandakey: posts small blind $1
DimaZips: posts big blind $3
*** HOLE CARDS ***
Pandakey: raises $3 to $6
DimaZips: calls $3
*** FLOP *** [8c 2c 8s]
DimaZips: checks
Pandakey: checks
*** TURN *** [8c 2c 8s] [2d]
DimaZips: checks
Pandakey: checks
*** RIVER *** [8c 2c 8s 2d] [9h]
DimaZips: checks
Pandakey: checks
*** SHOW DOWN ***
DimaZips: shows [5s Qs] (two pair, Eights and Deuces)
Pandakey: shows [Kh 3s] (two pair, Eights and Deuces - King kicker)
Pandakey collected $11.76 from pot
*** SUMMARY ***
Total pot $12 | Rake $0.24
Board [8c 2c 8s 2d 9h]
Seat 5: DimaZips (big blind) showed [5s Qs] and lost with two pair, Eights and Deuces
Seat 7: Pandakey (button) (small blind) showed [Kh 3s] and won ($11.76) with two pair, Eights and Deuces


PokerStars Hand #146165505465:  Hold'em Limit ($3/$6 USD) - 2015/12/30 8:04:05 ET
Table 'Peiroos' 10-max Seat #5 is the button
Seat 5: DimaZips ($110.16 in chips)
Seat 7: Pandakey ($86.92 in chips)
DimaZips: posts small blind $1
Pandakey: posts big blind $3
*** HOLE CARDS ***
DimaZips: raises $3 to $6
Pandakey: calls $3
*** FLOP *** [Ad 7c 8d]
Pandakey: checks
DimaZips: checks
*** TURN *** [Ad 7c 8d] [9h]
Pandakey: bets $6
DimaZips: calls $6
*** RIVER *** [Ad 7c 8d 9h] [8s]
Pandakey: bets $6
DimaZips: folds
Uncalled bet ($6) returned to Pandakey
Pandakey collected $23.52 from pot
Pandakey: doesn't show hand
*** SUMMARY ***
Total pot $24 | Rake $0.48
Board [Ad 7c 8d 9h 8s]
Seat 5: DimaZips (button) (small blind) folded on the River
Seat 7: Pandakey (big blind) collected ($23.52)


PokerStars Hand #146165528464:  Hold'em Limit ($3/$6 USD) - 2015/12/30 8:04:39 ET
Table 'Peiroos' 10-max Seat #7 is the button
Seat 5: DimaZips ($98.16 in chips)
Seat 7: Pandakey ($98.44 in chips)
Pandakey: posts small blind $1
DimaZips: posts big blind $3
*** HOLE CARDS ***
Pandakey: folds
Uncalled bet ($2) returned to DimaZips
DimaZips collected $2 from pot
DimaZips: doesn't show hand
*** SUMMARY ***
Total pot $2 | Rake $0
Seat 5: DimaZips (big blind) collected ($2)
Seat 7: Pandakey (button) (small blind) folded before Flop


PokerStars Hand #146165536791:  Hold'em Limit ($3/$6 USD) - 2015/12/30 8:04:51 ET
Table 'Peiroos' 10-max Seat #7 is the button
Seat 5: DimaZips ($98.16 in chips)
Seat 7: Pandakey ($98.44 in chips)
Pandakey: posts small blind $1
DimaZips: posts big blind $3
*** HOLE CARDS ***
Pandakey: raises $3 to $6
DimaZips: calls $3
*** FLOP *** [2c 4h 6h]
DimaZips: bets $3
Pandakey: calls $3
*** TURN *** [2c 4h 6h] [4s]
DimaZips: bets $6
Pandakey: folds
Uncalled bet ($6) returned to DimaZips
DimaZips collected $17.64 from pot
DimaZips: doesn't show hand
*** SUMMARY ***
Total pot $18 | Rake $0.36
Board [2c 4h 6h 4s]
Seat 5: DimaZips (big blind) collected ($17.64)
Seat 7: Pandakey (button) (small blind) folded on the Turn


PokerStars Hand #146165550457:  Hold'em Limit ($3/$6 USD) - 2015/12/30 8:05:12 ET
Table 'Peiroos' 10-max Seat #5 is the button
Seat 5: DimaZips ($106.80 in chips)
Seat 7: Pandakey ($89.44 in chips)
DimaZips: posts small blind $1
Pandakey: posts big blind $3
*** HOLE CARDS ***
DimaZips: raises $3 to $6
Pandakey: calls $3
*** FLOP *** [3h 5h Td]
Pandakey: checks
DimaZips: bets $3
Pandakey: raises $3 to $6
DimaZips: calls $3
*** TURN *** [3h 5h Td] [2c]
Pandakey: bets $6
DimaZips: folds
Uncalled bet ($6) returned to Pandakey
Pandakey collected $23.52 from pot
Pandakey: doesn't show hand
*** SUMMARY ***
Total pot $24 | Rake $0.48
Board [3h 5h Td 2c]
Seat 5: DimaZips (button) (small blind) folded on the Turn
Seat 7: Pandakey (big blind) collected ($23.52)


PokerStars Hand #146165532484:  Hold'em Limit ($3/$6 USD) - 2015/12/30 8:04:45 ET
Table 'Peiroos' 10-max Seat #5 is the button
Seat 5: DimaZips ($99.16 in chips)
Seat 7: Pandakey ($97.44 in chips)
DimaZips: posts small blind $1
Pandakey: posts big blind $3
*** HOLE CARDS ***
DimaZips: folds
Uncalled bet ($2) returned to Pandakey
Pandakey collected $2 from pot
Pandakey: doesn't show hand
*** SUMMARY ***
Total pot $2 | Rake $0
Seat 5: DimaZips (button) (small blind) folded before Flop
Seat 7: Pandakey (big blind) collected ($2)


PokerStars Hand #146165564318:  Hold'em Limit ($3/$6 USD) - 2015/12/30 8:05:32 ET
Table 'Peiroos' 10-max Seat #7 is the button
Seat 5: DimaZips ($94.80 in chips)
Seat 7: Pandakey ($100.96 in chips)
Pandakey: posts small blind $1
DimaZips: posts big blind $3
*** HOLE CARDS ***
Pandakey: raises $3 to $6
DimaZips: calls $3
*** FLOP *** [2h 3d 9d]
DimaZips: checks
Pandakey: bets $3
DimaZips: calls $3
*** TURN *** [2h 3d 9d] [7c]
DimaZips: checks
Pandakey: checks
*** RIVER *** [2h 3d 9d 7c] [9s]
DimaZips: bets $6
Pandakey: calls $6
*** SHOW DOWN ***
DimaZips: shows [5h Kd] (a pair of Nines)
Pandakey: shows [2d Qd] (two pair, Nines and Deuces)
Pandakey collected $29.50 from pot
*** SUMMARY ***
Total pot $30 | Rake $0.50
Board [2h 3d 9d 7c 9s]
Seat 5: DimaZips (big blind) showed [5h Kd] and lost with a pair of Nines
Seat 7: Pandakey (button) (small blind) showed [2d Qd] and won ($29.50) with two pair, Nines and Deuces


PokerStars Hand #146165590353:  Hold'em Limit ($3/$6 USD) - 2015/12/30 8:06:11 ET
Table 'Peiroos' 10-max Seat #7 is the button
Seat 5: DimaZips ($78.80 in chips)
Seat 7: Pandakey ($116.46 in chips)
Pandakey: posts small blind $1
DimaZips: posts big blind $3
*** HOLE CARDS ***
Pandakey: raises $3 to $6
DimaZips: folds
Uncalled bet ($3) returned to Pandakey
Pandakey collected $6 from pot
Pandakey: doesn't show hand
*** SUMMARY ***
Total pot $6 | Rake $0
Seat 5: DimaZips (big blind) folded before Flop
Seat 7: Pandakey (button) (small blind) collected ($6)


PokerStars Hand #146165586338:  Hold'em Limit ($3/$6 USD) - 2015/12/30 8:06:05 ET
Table 'Peiroos' 10-max Seat #5 is the button
Seat 5: DimaZips ($79.80 in chips)
Seat 7: Pandakey ($115.46 in chips)
DimaZips: posts small blind $1
Pandakey: posts big blind $3
*** HOLE CARDS ***
DimaZips: folds
Uncalled bet ($2) returned to Pandakey
Pandakey collected $2 from pot
Pandakey: doesn't show hand
*** SUMMARY ***
Total pot $2 | Rake $0
Seat 5: DimaZips (button) (small blind) folded before Flop
Seat 7: Pandakey (big blind) collected ($2)


PokerStars Hand #146165595232:  Hold'em Limit ($3/$6 USD) - 2015/12/30 8:06:18 ET
Table 'Peiroos' 10-max Seat #5 is the button
Seat 5: DimaZips ($75.80 in chips)
Seat 7: Pandakey ($119.46 in chips)
DimaZips: posts small blind $1
Pandakey: posts big blind $3
*** HOLE CARDS ***
DimaZips: folds
Uncalled bet ($2) returned to Pandakey
Pandakey collected $2 from pot
Pandakey: doesn't show hand
*** SUMMARY ***
Total pot $2 | Rake $0
Seat 5: DimaZips (button) (small blind) folded before Flop
Seat 7: Pandakey (big blind) collected ($2)


PokerStars Hand #146165621813:  Hold'em Limit ($3/$6 USD) - 2015/12/30 8:06:58 ET
Table 'Peiroos' 10-max Seat #5 is the button
Seat 5: DimaZips ($89.30 in chips)
Seat 7: Pandakey ($105.46 in chips)
DimaZips: posts small blind $1
Pandakey: posts big blind $3
*** HOLE CARDS ***
DimaZips: raises $3 to $6
Pandakey: raises $3 to $9
DimaZips: calls $3
*** FLOP *** [9c 5c 2h]
Pandakey: bets $3
DimaZips: calls $3
*** TURN *** [9c 5c 2h] [3s]
Pandakey: bets $6
DimaZips: calls $6
*** RIVER *** [9c 5c 2h 3s] [8s]
Pandakey: bets $6
DimaZips: folds
Uncalled bet ($6) returned to Pandakey
Pandakey collected $35.50 from pot
Pandakey: doesn't show hand
*** SUMMARY ***
Total pot $36 | Rake $0.50
Board [9c 5c 2h 3s 8s]
Seat 5: DimaZips (button) (small blind) folded on the River
Seat 7: Pandakey (big blind) collected ($35.50)


PokerStars Hand #146165598047:  Hold'em Limit ($3/$6 USD) - 2015/12/30 8:06:23 ET
Table 'Peiroos' 10-max Seat #7 is the button
Seat 5: DimaZips ($74.80 in chips)
Seat 7: Pandakey ($120.46 in chips)
Pandakey: posts small blind $1
DimaZips: posts big blind $3
*** HOLE CARDS ***
Pandakey: raises $3 to $6
DimaZips: calls $3
*** FLOP *** [4s 3h Qc]
DimaZips: checks
Pandakey: bets $3
DimaZips: calls $3
*** TURN *** [4s 3h Qc] [2d]
DimaZips: checks
Pandakey: bets $6
DimaZips: calls $6
*** RIVER *** [4s 3h Qc 2d] [3s]
DimaZips: bets $6
Pandakey: folds
Uncalled bet ($6) returned to DimaZips
DimaZips collected $29.50 from pot
DimaZips: doesn't show hand
*** SUMMARY ***
Total pot $30 | Rake $0.50
Board [4s 3h Qc 2d 3s]
Seat 5: DimaZips (big blind) collected ($29.50)
Seat 7: Pandakey (button) (small blind) folded on the River


PokerStars Hand #146165658567:  Hold'em Limit ($3/$6 USD) - 2015/12/30 8:07:53 ET
Table 'Peiroos' 10-max Seat #5 is the button
Seat 5: DimaZips ($79.94 in chips)
Seat 7: Pandakey ($113.96 in chips)
DimaZips: posts small blind $1
Pandakey: posts big blind $3
*** HOLE CARDS ***
DimaZips: raises $3 to $6
Pandakey: calls $3
*** FLOP *** [2d 9c Jd]
Pandakey: checks
DimaZips: checks
*** TURN *** [2d 9c Jd] [7h]
PelonCabelao joins the table at seat #6
Pandakey: bets $6
DimaZips: folds
Uncalled bet ($6) returned to Pandakey
Pandakey collected $11.76 from pot
Pandakey: doesn't show hand
*** SUMMARY ***
Total pot $12 | Rake $0.24
Board [2d 9c Jd 7h]
Seat 5: DimaZips (button) (small blind) folded on the Turn
Seat 7: Pandakey (big blind) collected ($11.76)


PokerStars Hand #146165668596:  Hold'em Limit ($3/$6 USD) - 2015/12/30 8:08:08 ET
Table 'Peiroos' 10-max Seat #7 is the button
Seat 5: DimaZips ($73.94 in chips)
Seat 7: Pandakey ($119.72 in chips)
Pandakey: posts small blind $1
DimaZips: posts big blind $3
*** HOLE CARDS ***
Pandakey: raises $3 to $6
DimaZips: folds
Uncalled bet ($3) returned to Pandakey
Pandakey collected $6 from pot
Pandakey: doesn't show hand
*** SUMMARY ***
Total pot $6 | Rake $0
Seat 5: DimaZips (big blind) folded before Flop
Seat 7: Pandakey (button) (small blind) collected ($6)


PokerStars Hand #146165643028:  Hold'em Limit ($3/$6 USD) - 2015/12/30 8:07:30 ET
Table 'Peiroos' 10-max Seat #7 is the button
Seat 5: DimaZips ($71.30 in chips)
Seat 7: Pandakey ($122.96 in chips)
Pandakey: posts small blind $1
DimaZips: posts big blind $3
*** HOLE CARDS ***
Pandakey: raises $3 to $6
DimaZips: raises $3 to $9
Pandakey: calls $3
*** FLOP *** [Kd 8d Tc]
DimaZips: bets $3
Pandakey: folds
Uncalled bet ($3) returned to DimaZips
DimaZips collected $17.64 from pot
DimaZips: doesn't show hand
*** SUMMARY ***
Total pot $18 | Rake $0.36
Board [Kd 8d Tc]
Seat 5: DimaZips (big blind) collected ($17.64)
Seat 7: Pandakey (button) (small blind) folded on the Flop


PokerStars Hand #146167890089:  Hold'em Limit ($3/$6 USD) - 2015/12/30 9:00:45 ET
Table 'Peiroos' 10-max Seat #7 is the button
Seat 3: PelonCabelao ($72 in chips)
Seat 7: Pandakey ($141.10 in chips)
Pandakey: posts small blind $1
assitoni: is sitting out
PelonCabelao: posts big blind $3
*** HOLE CARDS ***
Pandakey: folds
Uncalled bet ($2) returned to PelonCabelao
assitoni leaves the table
PelonCabelao collected $2 from pot
PelonCabelao: doesn't show hand
*** SUMMARY ***
Total pot $2 | Rake $0
Seat 3: PelonCabelao (big blind) collected ($2)
Seat 7: Pandakey (button) (small blind) folded before Flop


PokerStars Hand #146167896819:  Hold'em Limit ($3/$6 USD) - 2015/12/30 9:00:55 ET
Table 'Peiroos' 10-max Seat #3 is the button
Seat 3: PelonCabelao ($73 in chips)
Seat 7: Pandakey ($140.10 in chips)
PelonCabelao: posts small blind $1
Pandakey: posts big blind $3
*** HOLE CARDS ***
PelonCabelao: raises $3 to $6
Pandakey: calls $3
*** FLOP *** [8h 7h Qh]
Pandakey: checks
PelonCabelao: bets $3
Pandakey: calls $3
*** TURN *** [8h 7h Qh] [7d]
Pandakey: checks
PelonCabelao: bets $6
Pandakey: calls $6
*** RIVER *** [8h 7h Qh 7d] [Ac]
Pandakey: checks
PelonCabelao: bets $6
Pandakey: calls $6
*** SHOW DOWN ***
PelonCabelao: shows [As 2c] (two pair, Aces and Sevens)
Pandakey: mucks hand
PelonCabelao collected $41.50 from pot
*** SUMMARY ***
Total pot $42 | Rake $0.50
Board [8h 7h Qh 7d Ac]
Seat 3: PelonCabelao (button) (small blind) showed [As 2c] and won ($41.50) with two pair, Aces and Sevens
Seat 7: Pandakey (big blind) mucked


