PokerStars Hand #156576671392:  Hold'em Limit ($3/$6 USD) - 2016/07/28 22:14:57 ET
Table 'Peiroos II' 6-max Seat #1 is the button
Seat 1: Omega74 ($110.33 in chips)
Seat 5: Pete Barber! ($184.86 in chips)
Guimp will be allowed to play after the button
Omega74: posts small blind $1
Johnliu: is sitting out
Great_Kang: is sitting out
Pete Barber!: posts big blind $3
*** HOLE CARDS ***
Omega74: raises $3 to $6
Pete Barber!: calls $3
*** FLOP *** [2d 7c Kc]
Pete Barber!: checks
Omega74: bets $3
Pete Barber!: calls $3
*** TURN *** [2d 7c Kc] [Qh]
Great_Kang leaves the table
Johnliu leaves the table
Pete Barber!: checks
Omega74: bets $6
Pete Barber!: calls $6
*** RIVER *** [2d 7c Kc Qh] [Qs]
Pete Barber!: checks
Omega74: bets $6
Pete Barber!: calls $6
*** SHOW DOWN ***
Omega74: shows [Qc Jd] (three of a kind, Queens)
Pete Barber!: mucks hand
Omega74 collected $41.50 from pot
*** SUMMARY ***
Total pot $42 | Rake $0.50
Board [2d 7c Kc Qh Qs]
Seat 1: Omega74 (button) (small blind) showed [Qc Jd] and won ($41.50) with three of a kind, Queens
Seat 5: Pete Barber! (big blind) mucked


