PokerStars Hand #162280386683:  Hold'em Limit ($3/$6 USD) - 2016/12/02 4:56:17 ET
Table 'Peiroos II' 6-max Seat #3 is the button
Seat 3: liza3008 ($10.08 in chips)
Seat 5: ToDaFelt ($116.88 in chips)
liza3008: posts small blind $1
TbIP-TbIP 88: is sitting out
ToDaFelt: posts big blind $3
*** HOLE CARDS ***
TbIP-TbIP 88 leaves the table
liza3008: raises $3 to $6
ToDaFelt: folds
Uncalled bet ($3) returned to liza3008
liza3008 collected $6 from pot
liza3008: doesn't show hand
*** SUMMARY ***
Total pot $6 | Rake $0
Seat 3: liza3008 (button) (small blind) collected ($6)
Seat 5: ToDaFelt (big blind) folded before Flop


PokerStars Hand #162280390833:  Hold'em Limit ($3/$6 USD) - 2016/12/02 4:56:29 ET
Table 'Peiroos II' 6-max Seat #5 is the button
Seat 3: liza3008 ($13.08 in chips)
Seat 5: ToDaFelt ($113.88 in chips)
ToDaFelt: posts small blind $1
liza3008: posts big blind $3
*** HOLE CARDS ***
ToDaFelt: raises $3 to $6
liza3008: raises $3 to $9
ToDaFelt: calls $3
*** FLOP *** [7d 7h 5d]
liza3008: bets $3
ToDaFelt: calls $3
*** TURN *** [7d 7h 5d] [Jh]
liza3008: bets $1.08 and is all-in
ToDaFelt: calls $1.08
*** RIVER *** [7d 7h 5d Jh] [2d]
HAOYUN88888 joins the table at seat #6
*** SHOW DOWN ***
liza3008: shows [Ks Js] (two pair, Jacks and Sevens)
ToDaFelt: shows [6s 3s] (a pair of Sevens)
liza3008 collected $25.66 from pot
*** SUMMARY ***
Total pot $26.16 | Rake $0.50
Board [7d 7h 5d Jh 2d]
Seat 3: liza3008 (big blind) showed [Ks Js] and won ($25.66) with two pair, Jacks and Sevens
Seat 5: ToDaFelt (button) (small blind) showed [6s 3s] and lost with a pair of Sevens


PokerStars Hand #162280398811:  Hold'em Limit ($3/$6 USD) - 2016/12/02 4:56:50 ET
Table 'Peiroos II' 6-max Seat #3 is the button
Seat 3: liza3008 ($25.66 in chips)
Seat 5: ToDaFelt ($100.80 in chips)
liza3008: posts small blind $1
ToDaFelt: posts big blind $3
*** HOLE CARDS ***
Pelurile joins the table at seat #1
liza3008: raises $3 to $6
ToDaFelt: calls $3
*** FLOP *** [Kd 9s Th]
ToDaFelt: checks
liza3008: bets $3
ToDaFelt: raises $3 to $6
liza3008: calls $3
*** TURN *** [Kd 9s Th] [Ac]
ToDaFelt: bets $6
liza3008: raises $6 to $12
ToDaFelt: calls $6
*** RIVER *** [Kd 9s Th Ac] [8s]
ToDaFelt: checks
liza3008: bets $1.66 and is all-in
ToDaFelt: calls $1.66
HAOYUN88888 leaves the table
*** SHOW DOWN ***
liza3008: shows [9d Ah] (two pair, Aces and Nines)
ToDaFelt: shows [Qd 4d] (high card Ace)
liza3008 collected $50.82 from pot
*** SUMMARY ***
Total pot $51.32 | Rake $0.50
Board [Kd 9s Th Ac 8s]
Seat 3: liza3008 (button) (small blind) showed [9d Ah] and won ($50.82) with two pair, Aces and Nines
Seat 5: ToDaFelt (big blind) showed [Qd 4d] and lost with high card Ace


