PokerStars Hand #162044741696:  Hold'em Limit ($3/$6 USD) - 2016/11/27 12:31:47 ET
Table 'Peiraios' 6-max Seat #4 is the button
Seat 1: VolkovDmitri ($143.50 in chips)
Seat 4: laapin ($96 in chips)
laapin: posts small blind $1
VolkovDmitri: posts big blind $3
*** HOLE CARDS ***
laapin: folds
Uncalled bet ($2) returned to VolkovDmitri
VolkovDmitri collected $2 from pot
VolkovDmitri: doesn't show hand
*** SUMMARY ***
Total pot $2 | Rake $0
Seat 1: VolkovDmitri (big blind) collected ($2)
Seat 4: laapin (button) (small blind) folded before Flop


PokerStars Hand #162044704941:  Hold'em Limit ($3/$6 USD) - 2016/11/27 12:31:06 ET
Table 'Peiraios' 6-max Seat #1 is the button
Seat 1: VolkovDmitri ($120 in chips)
Seat 4: laapin ($120 in chips)
VolkovDmitri: posts small blind $1
laapin: posts big blind $3
*** HOLE CARDS ***
VolkovDmitri: raises $3 to $6
laapin: calls $3
*** FLOP *** [5d Js 4h]
laapin: checks
VolkovDmitri: bets $3
laapin: raises $3 to $6
VolkovDmitri: calls $3
*** TURN *** [5d Js 4h] [6s]
laapin: bets $6
VolkovDmitri: raises $6 to $12
laapin: calls $6
*** RIVER *** [5d Js 4h 6s] [5c]
laapin: checks
VolkovDmitri: bets $6
laapin: folds
Uncalled bet ($6) returned to VolkovDmitri
VolkovDmitri collected $47.50 from pot
VolkovDmitri: doesn't show hand
*** SUMMARY ***
Total pot $48 | Rake $0.50
Board [5d Js 4h 6s 5c]
Seat 1: VolkovDmitri (button) (small blind) collected ($47.50)
Seat 4: laapin (big blind) folded on the River


PokerStars Hand #162044777690:  Hold'em Limit ($3/$6 USD) - 2016/11/27 12:32:27 ET
Table 'Peiraios' 6-max Seat #4 is the button
Seat 1: VolkovDmitri ($165 in chips)
Seat 4: laapin ($74 in chips)
laapin: posts small blind $1
VolkovDmitri: posts big blind $3
*** HOLE CARDS ***
laapin: folds
Uncalled bet ($2) returned to VolkovDmitri
VolkovDmitri collected $2 from pot
VolkovDmitri: doesn't show hand
*** SUMMARY ***
Total pot $2 | Rake $0
Seat 1: VolkovDmitri (big blind) collected ($2)
Seat 4: laapin (button) (small blind) folded before Flop


PokerStars Hand #162044746183:  Hold'em Limit ($3/$6 USD) - 2016/11/27 12:31:52 ET
Table 'Peiraios' 6-max Seat #1 is the button
Seat 1: VolkovDmitri ($144.50 in chips)
Seat 4: laapin ($95 in chips)
VolkovDmitri: posts small blind $1
laapin: posts big blind $3
*** HOLE CARDS ***
VolkovDmitri: raises $3 to $6
laapin: raises $3 to $9
VolkovDmitri: calls $3
*** FLOP *** [9h 3s 6d]
laapin: bets $3
VolkovDmitri: raises $3 to $6
laapin: calls $3
*** TURN *** [9h 3s 6d] [9d]
laapin: checks
VolkovDmitri: bets $6
laapin: calls $6
*** RIVER *** [9h 3s 6d 9d] [7c]
laapin: checks
VolkovDmitri: bets $6
laapin: folds
Uncalled bet ($6) returned to VolkovDmitri
VolkovDmitri collected $41.50 from pot
VolkovDmitri: doesn't show hand
*** SUMMARY ***
Total pot $42 | Rake $0.50
Board [9h 3s 6d 9d 7c]
Seat 1: VolkovDmitri (button) (small blind) collected ($41.50)
Seat 4: laapin (big blind) folded on the River


PokerStars Hand #162044782141:  Hold'em Limit ($3/$6 USD) - 2016/11/27 12:32:33 ET
Table 'Peiraios' 6-max Seat #1 is the button
Seat 1: VolkovDmitri ($166 in chips)
Seat 4: laapin ($73 in chips)
VolkovDmitri: posts small blind $1
laapin: posts big blind $3
*** HOLE CARDS ***
VolkovDmitri: raises $3 to $6
laapin: calls $3
*** FLOP *** [Jh 7s 7d]
laapin: checks
VolkovDmitri: bets $3
laapin: folds
Uncalled bet ($3) returned to VolkovDmitri
VolkovDmitri collected $11.76 from pot
VolkovDmitri: doesn't show hand
*** SUMMARY ***
Total pot $12 | Rake $0.24
Board [Jh 7s 7d]
Seat 1: VolkovDmitri (button) (small blind) collected ($11.76)
Seat 4: laapin (big blind) folded on the Flop


PokerStars Hand #162044793769:  Hold'em Limit ($3/$6 USD) - 2016/11/27 12:32:45 ET
Table 'Peiraios' 6-max Seat #4 is the button
Seat 1: VolkovDmitri ($171.76 in chips)
Seat 4: laapin ($67 in chips)
laapin: posts small blind $1
VolkovDmitri: posts big blind $3
*** HOLE CARDS ***
laapin: folds
Uncalled bet ($2) returned to VolkovDmitri
VolkovDmitri collected $2 from pot
VolkovDmitri: doesn't show hand
*** SUMMARY ***
Total pot $2 | Rake $0
Seat 1: VolkovDmitri (big blind) collected ($2)
Seat 4: laapin (button) (small blind) folded before Flop


PokerStars Hand #162044832226:  Hold'em Limit ($3/$6 USD) - 2016/11/27 12:33:27 ET
Table 'Peiraios' 6-max Seat #4 is the button
Seat 1: VolkovDmitri ($163.76 in chips)
Seat 4: laapin ($74.64 in chips)
laapin: posts small blind $1
VolkovDmitri: posts big blind $3
*** HOLE CARDS ***
laapin: folds
Uncalled bet ($2) returned to VolkovDmitri
VolkovDmitri collected $2 from pot
VolkovDmitri: doesn't show hand
*** SUMMARY ***
Total pot $2 | Rake $0
Seat 1: VolkovDmitri (big blind) collected ($2)
Seat 4: laapin (button) (small blind) folded before Flop


PokerStars Hand #162044799039:  Hold'em Limit ($3/$6 USD) - 2016/11/27 12:32:51 ET
Table 'Peiraios' 6-max Seat #1 is the button
Seat 1: VolkovDmitri ($172.76 in chips)
Seat 4: laapin ($66 in chips)
VolkovDmitri: posts small blind $1
laapin: posts big blind $3
*** HOLE CARDS ***
VolkovDmitri: raises $3 to $6
laapin: calls $3
*** FLOP *** [2d Kd Td]
laapin: checks
VolkovDmitri: bets $3
laapin: raises $3 to $6
VolkovDmitri: folds
Uncalled bet ($3) returned to laapin
laapin collected $17.64 from pot
laapin: doesn't show hand
*** SUMMARY ***
Total pot $18 | Rake $0.36
Board [2d Kd Td]
Seat 1: VolkovDmitri (button) (small blind) folded on the Flop
Seat 4: laapin (big blind) collected ($17.64)


PokerStars Hand #162044837347:  Hold'em Limit ($3/$6 USD) - 2016/11/27 12:33:33 ET
Table 'Peiraios' 6-max Seat #1 is the button
Seat 1: VolkovDmitri ($164.76 in chips)
Seat 4: laapin ($73.64 in chips)
VolkovDmitri: posts small blind $1
laapin: posts big blind $3
*** HOLE CARDS ***
VolkovDmitri: raises $3 to $6
laapin: calls $3
*** FLOP *** [2h 3h Kc]
laapin: checks
VolkovDmitri: bets $3
laapin: calls $3
*** TURN *** [2h 3h Kc] [6h]
laapin: checks
VolkovDmitri: checks
*** RIVER *** [2h 3h Kc 6h] [Jc]
laapin: checks
VolkovDmitri: checks
*** SHOW DOWN ***
laapin: shows [8d As] (high card Ace)
VolkovDmitri: mucks hand
laapin collected $17.64 from pot
*** SUMMARY ***
Total pot $18 | Rake $0.36
Board [2h 3h Kc 6h Jc]
Seat 1: VolkovDmitri (button) (small blind) mucked
Seat 4: laapin (big blind) showed [8d As] and won ($17.64) with high card Ace


PokerStars Hand #162044859935:  Hold'em Limit ($3/$6 USD) - 2016/11/27 12:33:57 ET
Table 'Peiraios' 6-max Seat #4 is the button
Seat 1: VolkovDmitri ($155.76 in chips)
Seat 4: laapin ($82.28 in chips)
laapin: posts small blind $1
VolkovDmitri: posts big blind $3
*** HOLE CARDS ***
laapin: raises $3 to $6
VolkovDmitri: raises $3 to $9
laapin: raises $3 to $12
Betting is capped
VolkovDmitri: calls $3
*** FLOP *** [Qs 5h Qc]
VolkovDmitri: checks
laapin: bets $3
VolkovDmitri: calls $3
*** TURN *** [Qs 5h Qc] [7h]
VolkovDmitri: checks
laapin: checks
*** RIVER *** [Qs 5h Qc 7h] [4d]
VolkovDmitri: checks
laapin: checks
*** SHOW DOWN ***
VolkovDmitri: shows [Js Ks] (a pair of Queens)
laapin: mucks hand
VolkovDmitri collected $29.50 from pot
*** SUMMARY ***
Total pot $30 | Rake $0.50
Board [Qs 5h Qc 7h 4d]
Seat 1: VolkovDmitri (big blind) showed [Js Ks] and won ($29.50) with a pair of Queens
Seat 4: laapin (button) (small blind) mucked


PokerStars Hand #162044907669:  Hold'em Limit ($3/$6 USD) - 2016/11/27 12:34:49 ET
Table 'Peiraios' 6-max Seat #4 is the button
Seat 1: VolkovDmitri ($176.02 in chips)
Seat 4: laapin ($61.28 in chips)
laapin: posts small blind $1
VolkovDmitri: posts big blind $3
*** HOLE CARDS ***
laapin: folds
Uncalled bet ($2) returned to VolkovDmitri
VolkovDmitri collected $2 from pot
VolkovDmitri: doesn't show hand
*** SUMMARY ***
Total pot $2 | Rake $0
Seat 1: VolkovDmitri (big blind) collected ($2)
Seat 4: laapin (button) (small blind) folded before Flop


PokerStars Hand #162044894112:  Hold'em Limit ($3/$6 USD) - 2016/11/27 12:34:34 ET
Table 'Peiraios' 6-max Seat #1 is the button
Seat 1: VolkovDmitri ($170.26 in chips)
Seat 4: laapin ($67.28 in chips)
VolkovDmitri: posts small blind $1
laapin: posts big blind $3
*** HOLE CARDS ***
VolkovDmitri: raises $3 to $6
laapin: calls $3
*** FLOP *** [Ts 5s Ac]
laapin: checks
VolkovDmitri: bets $3
laapin: folds
Uncalled bet ($3) returned to VolkovDmitri
VolkovDmitri collected $11.76 from pot
VolkovDmitri: doesn't show hand
*** SUMMARY ***
Total pot $12 | Rake $0.24
Board [Ts 5s Ac]
Seat 1: VolkovDmitri (button) (small blind) collected ($11.76)
Seat 4: laapin (big blind) folded on the Flop


PokerStars Hand #162044917325:  Hold'em Limit ($3/$6 USD) - 2016/11/27 12:35:00 ET
Table 'Peiraios' 6-max Seat #4 is the button
Seat 1: VolkovDmitri ($176.02 in chips)
Seat 4: laapin ($61.28 in chips)
laapin: posts small blind $1
VolkovDmitri: posts big blind $3
*** HOLE CARDS ***
liza3008 joins the table at seat #3
laapin: folds
Uncalled bet ($2) returned to VolkovDmitri
VolkovDmitri collected $2 from pot
VolkovDmitri: doesn't show hand
*** SUMMARY ***
Total pot $2 | Rake $0
Seat 1: VolkovDmitri (big blind) collected ($2)
Seat 4: laapin (button) (small blind) folded before Flop


PokerStars Hand #162044912851:  Hold'em Limit ($3/$6 USD) - 2016/11/27 12:34:55 ET
Table 'Peiraios' 6-max Seat #1 is the button
Seat 1: VolkovDmitri ($177.02 in chips)
Seat 4: laapin ($60.28 in chips)
VolkovDmitri: posts small blind $1
laapin: posts big blind $3
*** HOLE CARDS ***
VolkovDmitri: folds
Uncalled bet ($2) returned to laapin
laapin collected $2 from pot
laapin: doesn't show hand
*** SUMMARY ***
Total pot $2 | Rake $0
Seat 1: VolkovDmitri (button) (small blind) folded before Flop
Seat 4: laapin (big blind) collected ($2)


PokerStars Hand #162062682921:  Hold'em Limit ($3/$6 USD) - 2016/11/27 17:34:08 ET
Table 'Peiraios' 6-max Seat #1 is the button
Seat 1: assitoni ($72 in chips)
Seat 2: cola26licht ($43.15 in chips)
assitoni: posts small blind $1
cola26licht: posts big blind $3
*** HOLE CARDS ***
assitoni: raises $3 to $6
cola26licht: raises $3 to $9
assitoni: calls $3
*** FLOP *** [9c Jh 9d]
cola26licht: bets $3
assitoni: folds
Uncalled bet ($3) returned to cola26licht
cola26licht collected $17.64 from pot
cola26licht: doesn't show hand
*** SUMMARY ***
Total pot $18 | Rake $0.36
Board [9c Jh 9d]
Seat 1: assitoni (button) (small blind) folded on the Flop
Seat 2: cola26licht (big blind) collected ($17.64)


PokerStars Hand #162062738635:  Hold'em Limit ($3/$6 USD) - 2016/11/27 17:34:59 ET
Table 'Peiraios' 6-max Seat #2 is the button
Seat 1: assitoni ($100.50 in chips)
Seat 2: cola26licht ($22.79 in chips)
cola26licht: posts small blind $1
assitoni: posts big blind $3
*** HOLE CARDS ***
cola26licht: calls $2
assitoni: raises $3 to $6
cola26licht: raises $3 to $9
assitoni: raises $3 to $12
Betting is capped
cola26licht: calls $3
*** FLOP *** [Kc 6d 7s]
assitoni: bets $3
cola26licht: raises $3 to $6
assitoni: raises $3 to $9
cola26licht: raises $1.79 to $10.79 and is all-in
Betting is capped
assitoni: calls $1.79
*** TURN *** [Kc 6d 7s] [Jh]
*** RIVER *** [Kc 6d 7s Jh] [7c]
*** SHOW DOWN ***
assitoni: shows [9h 9d] (two pair, Nines and Sevens)
cola26licht: shows [3c 6c] (two pair, Sevens and Sixes)
assitoni collected $45.08 from pot
*** SUMMARY ***
Total pot $45.58 | Rake $0.50
Board [Kc 6d 7s Jh 7c]
Seat 1: assitoni (big blind) showed [9h 9d] and won ($45.08) with two pair, Nines and Sevens
Seat 2: cola26licht (button) (small blind) showed [3c 6c] and lost with two pair, Sevens and Sixes


PokerStars Hand #162062731101:  Hold'em Limit ($3/$6 USD) - 2016/11/27 17:34:52 ET
Table 'Peiraios' 6-max Seat #1 is the button
Seat 1: assitoni ($101.50 in chips)
Seat 2: cola26licht ($21.79 in chips)
assitoni: posts small blind $1
cola26licht: posts big blind $3
*** HOLE CARDS ***
assitoni: folds
Uncalled bet ($2) returned to cola26licht
cola26licht collected $2 from pot
cola26licht: doesn't show hand
*** SUMMARY ***
Total pot $2 | Rake $0
Seat 1: assitoni (button) (small blind) folded before Flop
Seat 2: cola26licht (big blind) collected ($2)


PokerStars Hand #162062701252:  Hold'em Limit ($3/$6 USD) - 2016/11/27 17:34:25 ET
Table 'Peiraios' 6-max Seat #2 is the button
Seat 1: assitoni ($72 in chips)
Seat 2: cola26licht ($51.79 in chips)
cola26licht: posts small blind $1
assitoni: posts big blind $3
*** HOLE CARDS ***
cola26licht: raises $3 to $6
assitoni: raises $3 to $9
cola26licht: calls $3
*** FLOP *** [8c Kh 9d]
assitoni: bets $3
cola26licht: calls $3
*** TURN *** [8c Kh 9d] [6c]
assitoni: bets $6
cola26licht: raises $6 to $12
assitoni: calls $6
*** RIVER *** [8c Kh 9d 6c] [4c]
assitoni: checks
cola26licht: bets $6
assitoni: calls $6
*** SHOW DOWN ***
cola26licht: shows [3s 7s] (high card King)
assitoni: shows [8h 9h] (two pair, Nines and Eights)
assitoni collected $59.50 from pot
*** SUMMARY ***
Total pot $60 | Rake $0.50
Board [8c Kh 9d 6c 4c]
Seat 1: assitoni (big blind) showed [8h 9h] and won ($59.50) with two pair, Nines and Eights
Seat 2: cola26licht (button) (small blind) showed [3s 7s] and lost with high card King


