PokerStars Hand #166743019536:  Hold'em Limit ($3/$6 USD) - 2017/02/25 7:22:07 ET
Table 'Peiraios' 6-max Seat #3 is the button
Seat 3: Rus29APX ($123.07 in chips)
Seat 4: japachess ($90 in chips)
Rus29APX: posts small blind $1
japachess: posts big blind $3
*** HOLE CARDS ***
AzureCaper joins the table at seat #5
Rus29APX: raises $3 to $6
japachess: calls $3
*** FLOP *** [4d 3c Ks]
japachess: checks
Rus29APX: bets $3
japachess: calls $3
*** TURN *** [4d 3c Ks] [Ah]
japachess: checks
Rus29APX: checks
*** RIVER *** [4d 3c Ks Ah] [7d]
japachess: bets $6
Rus29APX: raises $6 to $12
japachess: folds
Uncalled bet ($6) returned to Rus29APX
Rus29APX collected $29.50 from pot
Rus29APX: doesn't show hand
*** SUMMARY ***
Total pot $30 | Rake $0.50
Board [4d 3c Ks Ah 7d]
Seat 3: Rus29APX (button) (small blind) collected ($29.50)
Seat 4: japachess (big blind) folded on the River


PokerStars Hand #166743058759:  Hold'em Limit ($3/$6 USD) - 2017/02/25 7:23:17 ET
Table 'Peiraios' 6-max Seat #4 is the button
Seat 4: japachess ($97.96 in chips)
Seat 5: AzureCaper ($72 in chips)
japachess: posts small blind $1
AzureCaper: posts big blind $3
*** HOLE CARDS ***
japachess: raises $3 to $6
AzureCaper: folds
Uncalled bet ($3) returned to japachess
japachess collected $6 from pot
japachess: doesn't show hand
*** SUMMARY ***
Total pot $6 | Rake $0
Seat 4: japachess (button) (small blind) collected ($6)
Seat 5: AzureCaper (big blind) folded before Flop


PokerStars Hand #166743048542:  Hold'em Limit ($3/$6 USD) - 2017/02/25 7:22:59 ET
Table 'Peiraios' 6-max Seat #5 is the button
Seat 4: japachess ($83.46 in chips)
Seat 5: AzureCaper ($72 in chips)
AzureCaper: posts small blind $1
Rus29APX: is sitting out
japachess: posts big blind $3
*** HOLE CARDS ***
AzureCaper: raises $3 to $6
japachess: calls $3
*** FLOP *** [8d Ah Kd]
japachess: checks
AzureCaper: bets $3
japachess: calls $3
*** TURN *** [8d Ah Kd] [7d]
japachess: checks
AzureCaper: checks
*** RIVER *** [8d Ah Kd 7d] [As]
japachess: bets $6
AzureCaper: calls $6
*** SHOW DOWN ***
japachess: shows [Kc 5c] (two pair, Aces and Kings)
AzureCaper: mucks hand
japachess collected $29.50 from pot
*** SUMMARY ***
Total pot $30 | Rake $0.50
Board [8d Ah Kd 7d As]
Seat 4: japachess (big blind) showed [Kc 5c] and won ($29.50) with two pair, Aces and Kings
Seat 5: AzureCaper (button) (small blind) mucked


PokerStars Hand #166743343730:  Hold'em Limit ($3/$6 USD) - 2017/02/25 7:31:45 ET
Table 'Peiraios' 6-max Seat #5 is the button
Seat 5: AzureCaper ($125.67 in chips)
Seat 6: AA_ILI ($60 in chips)
AzureCaper: posts small blind $1
AA_ILI: posts big blind $3
*** HOLE CARDS ***
AzureCaper: raises $3 to $6
TheCRIdol leaves the table
AA_ILI: calls $3
*** FLOP *** [3d 7s 6d]
AA_ILI: checks
AzureCaper: bets $3
AA_ILI: calls $3
*** TURN *** [3d 7s 6d] [Tc]
AA_ILI: checks
AzureCaper: checks
*** RIVER *** [3d 7s 6d Tc] [2d]
AA_ILI: checks
AzureCaper: checks
*** SHOW DOWN ***
AA_ILI: shows [Kh 9h] (high card King)
AzureCaper: mucks hand
AA_ILI collected $17.64 from pot
*** SUMMARY ***
Total pot $18 | Rake $0.36
Board [3d 7s 6d Tc 2d]
Seat 5: AzureCaper (button) (small blind) mucked
Seat 6: AA_ILI (big blind) showed [Kh 9h] and won ($17.64) with high card King


PokerStars Hand #166743340079:  Hold'em Limit ($3/$6 USD) - 2017/02/25 7:31:39 ET
Table 'Peiraios' 6-max Seat #6 is the button
Seat 5: AzureCaper ($124.67 in chips)
Seat 6: AA_ILI ($61 in chips)
AA_ILI: posts small blind $1
TheCRIdol: is sitting out
Rus29APX: is sitting out
japachess: is sitting out
japachess leaves the table
AzureCaper: posts big blind $3
*** HOLE CARDS ***
AA_ILI: folds
Uncalled bet ($2) returned to AzureCaper
Rus29APX leaves the table
AzureCaper collected $2 from pot
AzureCaper: doesn't show hand
*** SUMMARY ***
Total pot $2 | Rake $0
Seat 5: AzureCaper (big blind) collected ($2)
Seat 6: AA_ILI (button) (small blind) folded before Flop


PokerStars Hand #166743390895:  Hold'em Limit ($3/$6 USD) - 2017/02/25 7:33:09 ET
Table 'Peiraios' 6-max Seat #6 is the button
Seat 5: AzureCaper ($72 in chips)
Seat 6: AA_ILI ($112.64 in chips)
AA_ILI: posts small blind $1
AzureCaper: posts big blind $3
*** HOLE CARDS ***
AA_ILI: raises $3 to $6
AzureCaper: calls $3
*** FLOP *** [5s 6s Ks]
AzureCaper: checks
AA_ILI: bets $3
AzureCaper: raises $3 to $6
AA_ILI: folds
Uncalled bet ($3) returned to AzureCaper
AzureCaper collected $17.64 from pot
AzureCaper: doesn't show hand
*** SUMMARY ***
Total pot $18 | Rake $0.36
Board [5s 6s Ks]
Seat 5: AzureCaper (big blind) collected ($17.64)
Seat 6: AA_ILI (button) (small blind) folded on the Flop


PokerStars Hand #166743375239:  Hold'em Limit ($3/$6 USD) - 2017/02/25 7:32:41 ET
Table 'Peiraios' 6-max Seat #5 is the button
Seat 5: AzureCaper ($92.67 in chips)
Seat 6: AA_ILI ($92.14 in chips)
AzureCaper: posts small blind $1
AA_ILI: posts big blind $3
*** HOLE CARDS ***
AzureCaper: raises $3 to $6
AA_ILI: calls $3
*** FLOP *** [Qc 8c 5d]
AA_ILI: checks
AzureCaper: bets $3
AA_ILI: calls $3
*** TURN *** [Qc 8c 5d] [8s]
AA_ILI: checks
AzureCaper: bets $6
AA_ILI: calls $6
*** RIVER *** [Qc 8c 5d 8s] [3d]
AA_ILI: checks
AzureCaper: bets $6
AA_ILI: calls $6
*** SHOW DOWN ***
AzureCaper: shows [6c 7d] (a pair of Eights)
AA_ILI: shows [Tc As] (a pair of Eights - Ace kicker)
AA_ILI collected $41.50 from pot
*** SUMMARY ***
Total pot $42 | Rake $0.50
Board [Qc 8c 5d 8s 3d]
Seat 5: AzureCaper (button) (small blind) showed [6c 7d] and lost with a pair of Eights
Seat 6: AA_ILI (big blind) showed [Tc As] and won ($41.50) with a pair of Eights


PokerStars Hand #166743358694:  Hold'em Limit ($3/$6 USD) - 2017/02/25 7:32:12 ET
Table 'Peiraios' 6-max Seat #6 is the button
Seat 5: AzureCaper ($116.67 in chips)
Seat 6: AA_ILI ($68.64 in chips)
AA_ILI: posts small blind $1
AzureCaper: posts big blind $3
*** HOLE CARDS ***
AA_ILI: raises $3 to $6
AzureCaper: calls $3
*** FLOP *** [Th Kd Jd]
AzureCaper: checks
AA_ILI: bets $3
AzureCaper: raises $3 to $6
AA_ILI: calls $3
*** TURN *** [Th Kd Jd] [3s]
AzureCaper: bets $6
AA_ILI: raises $6 to $12
AzureCaper: calls $6
*** RIVER *** [Th Kd Jd 3s] [9s]
AzureCaper: checks
AA_ILI: bets $6
AzureCaper: folds
Uncalled bet ($6) returned to AA_ILI
AA_ILI collected $47.50 from pot
AA_ILI: doesn't show hand
*** SUMMARY ***
Total pot $48 | Rake $0.50
Board [Th Kd Jd 3s 9s]
Seat 5: AzureCaper (big blind) folded on the River
Seat 6: AA_ILI (button) (small blind) collected ($47.50)


PokerStars Hand #166743413821:  Hold'em Limit ($3/$6 USD) - 2017/02/25 7:33:49 ET
Table 'Peiraios' 6-max Seat #6 is the button
Seat 5: AzureCaper ($72 in chips)
Seat 6: AA_ILI ($124.14 in chips)
AA_ILI: posts small blind $1
AzureCaper: posts big blind $3
*** HOLE CARDS ***
AA_ILI: folds
Uncalled bet ($2) returned to AzureCaper
AzureCaper collected $2 from pot
AzureCaper: doesn't show hand
*** SUMMARY ***
Total pot $2 | Rake $0
Seat 5: AzureCaper (big blind) collected ($2)
Seat 6: AA_ILI (button) (small blind) folded before Flop


PokerStars Hand #166743401087:  Hold'em Limit ($3/$6 USD) - 2017/02/25 7:33:27 ET
Table 'Peiraios' 6-max Seat #5 is the button
Seat 5: AzureCaper ($80.64 in chips)
Seat 6: AA_ILI ($103.64 in chips)
AzureCaper: posts small blind $1
AA_ILI: posts big blind $3
*** HOLE CARDS ***
AzureCaper: raises $3 to $6
AA_ILI: calls $3
*** FLOP *** [4s 8c Jh]
AA_ILI: checks
AzureCaper: bets $3
AA_ILI: calls $3
*** TURN *** [4s 8c Jh] [5h]
AA_ILI: checks
AzureCaper: bets $6
AA_ILI: calls $6
*** RIVER *** [4s 8c Jh 5h] [3h]
AA_ILI: checks
AzureCaper: bets $6
AA_ILI: raises $6 to $12
AzureCaper: folds
Uncalled bet ($6) returned to AA_ILI
AA_ILI collected $41.50 from pot
AA_ILI: doesn't show hand
*** SUMMARY ***
Total pot $42 | Rake $0.50
Board [4s 8c Jh 5h 3h]
Seat 5: AzureCaper (button) (small blind) folded on the River
Seat 6: AA_ILI (big blind) collected ($41.50)


PokerStars Hand #166743465082:  Hold'em Limit ($3/$6 USD) - 2017/02/25 7:35:19 ET
Table 'Peiraios' 6-max Seat #6 is the button
Seat 5: AzureCaper ($92.14 in chips)
Seat 6: AA_ILI ($102.90 in chips)
AA_ILI: posts small blind $1
AzureCaper: posts big blind $3
*** HOLE CARDS ***
AA_ILI: folds
Uncalled bet ($2) returned to AzureCaper
AzureCaper collected $2 from pot
AzureCaper: doesn't show hand
*** SUMMARY ***
Total pot $2 | Rake $0
Seat 5: AzureCaper (big blind) collected ($2)
Seat 6: AA_ILI (button) (small blind) folded before Flop


PokerStars Hand #166743452711:  Hold'em Limit ($3/$6 USD) - 2017/02/25 7:34:58 ET
Table 'Peiraios' 6-max Seat #5 is the button
Seat 5: AzureCaper ($83.50 in chips)
Seat 6: AA_ILI ($111.90 in chips)
AzureCaper: posts small blind $1
AA_ILI: posts big blind $3
*** HOLE CARDS ***
AzureCaper: raises $3 to $6
AA_ILI: calls $3
*** FLOP *** [Ad 3s 5c]
AA_ILI: checks
AzureCaper: bets $3
AA_ILI: calls $3
*** TURN *** [Ad 3s 5c] [9h]
AA_ILI: checks
AzureCaper: checks
*** RIVER *** [Ad 3s 5c 9h] [2c]
AA_ILI: checks
AzureCaper: bets $6
AA_ILI: folds
Uncalled bet ($6) returned to AzureCaper
AzureCaper collected $17.64 from pot
AzureCaper: doesn't show hand
*** SUMMARY ***
Total pot $18 | Rake $0.36
Board [Ad 3s 5c 9h 2c]
Seat 5: AzureCaper (button) (small blind) collected ($17.64)
Seat 6: AA_ILI (big blind) folded on the River


PokerStars Hand #166743445379:  Hold'em Limit ($3/$6 USD) - 2017/02/25 7:34:45 ET
Table 'Peiraios' 6-max Seat #6 is the button
Seat 5: AzureCaper ($89.50 in chips)
Seat 6: AA_ILI ($106.14 in chips)
AA_ILI: posts small blind $1
AzureCaper: posts big blind $3
*** HOLE CARDS ***
AA_ILI: raises $3 to $6
AzureCaper: calls $3
*** FLOP *** [Kc 6d Ks]
AzureCaper: checks
AA_ILI: bets $3
AzureCaper: folds
Uncalled bet ($3) returned to AA_ILI
AA_ILI collected $11.76 from pot
AA_ILI: doesn't show hand
*** SUMMARY ***
Total pot $12 | Rake $0.24
Board [Kc 6d Ks]
Seat 5: AzureCaper (big blind) folded on the Flop
Seat 6: AA_ILI (button) (small blind) collected ($11.76)


PokerStars Hand #166743442177:  Hold'em Limit ($3/$6 USD) - 2017/02/25 7:34:39 ET
Table 'Peiraios' 6-max Seat #5 is the button
Seat 5: AzureCaper ($90.50 in chips)
Seat 6: AA_ILI ($105.14 in chips)
AzureCaper: posts small blind $1
AA_ILI: posts big blind $3
*** HOLE CARDS ***
AzureCaper: folds
Uncalled bet ($2) returned to AA_ILI
AA_ILI collected $2 from pot
AA_ILI: doesn't show hand
*** SUMMARY ***
Total pot $2 | Rake $0
Seat 5: AzureCaper (button) (small blind) folded before Flop
Seat 6: AA_ILI (big blind) collected ($2)


PokerStars Hand #166743436887:  Hold'em Limit ($3/$6 USD) - 2017/02/25 7:34:30 ET
Table 'Peiraios' 6-max Seat #6 is the button
Seat 5: AzureCaper ($93.50 in chips)
Seat 6: AA_ILI ($102.14 in chips)
AA_ILI: posts small blind $1
AzureCaper: posts big blind $3
*** HOLE CARDS ***
AA_ILI: raises $3 to $6
AzureCaper: folds
Uncalled bet ($3) returned to AA_ILI
AA_ILI collected $6 from pot
AA_ILI: doesn't show hand
*** SUMMARY ***
Total pot $6 | Rake $0
Seat 5: AzureCaper (big blind) folded before Flop
Seat 6: AA_ILI (button) (small blind) collected ($6)


PokerStars Hand #166743417920:  Hold'em Limit ($3/$6 USD) - 2017/02/25 7:33:56 ET
Table 'Peiraios' 6-max Seat #5 is the button
Seat 5: AzureCaper ($73 in chips)
Seat 6: AA_ILI ($123.14 in chips)
AzureCaper: posts small blind $1
AA_ILI: posts big blind $3
*** HOLE CARDS ***
AzureCaper: raises $3 to $6
AA_ILI: calls $3
*** FLOP *** [4s 6d 3h]
AA_ILI: checks
AzureCaper: bets $3
AA_ILI: raises $3 to $6
AzureCaper: raises $3 to $9
AA_ILI: calls $3
*** TURN *** [4s 6d 3h] [5c]
AA_ILI: checks
AzureCaper: bets $6
AA_ILI: calls $6
*** RIVER *** [4s 6d 3h 5c] [3s]
AA_ILI: checks
AzureCaper: bets $6
AA_ILI: folds
Uncalled bet ($6) returned to AzureCaper
AzureCaper collected $41.50 from pot
AzureCaper: doesn't show hand
*** SUMMARY ***
Total pot $42 | Rake $0.50
Board [4s 6d 3h 5c 3s]
Seat 5: AzureCaper (button) (small blind) collected ($41.50)
Seat 6: AA_ILI (big blind) folded on the River


PokerStars Hand #166743498131:  Hold'em Limit ($3/$6 USD) - 2017/02/25 7:36:18 ET
Table 'Peiraios' 6-max Seat #6 is the button
Seat 5: AzureCaper ($115.64 in chips)
Seat 6: AA_ILI ($78.90 in chips)
AA_ILI: posts small blind $1
AzureCaper: posts big blind $3
*** HOLE CARDS ***
AA_ILI: raises $3 to $6
AzureCaper: folds
Uncalled bet ($3) returned to AA_ILI
AA_ILI collected $6 from pot
AA_ILI: doesn't show hand
*** SUMMARY ***
Total pot $6 | Rake $0
Seat 5: AzureCaper (big blind) folded before Flop
Seat 6: AA_ILI (button) (small blind) collected ($6)


PokerStars Hand #166743494806:  Hold'em Limit ($3/$6 USD) - 2017/02/25 7:36:12 ET
Table 'Peiraios' 6-max Seat #5 is the button
Seat 5: AzureCaper ($116.64 in chips)
Seat 6: AA_ILI ($77.90 in chips)
AzureCaper: posts small blind $1
AA_ILI: posts big blind $3
*** HOLE CARDS ***
AzureCaper: folds
Uncalled bet ($2) returned to AA_ILI
AA_ILI collected $2 from pot
AA_ILI: doesn't show hand
*** SUMMARY ***
Total pot $2 | Rake $0
Seat 5: AzureCaper (button) (small blind) folded before Flop
Seat 6: AA_ILI (big blind) collected ($2)


PokerStars Hand #166743490642:  Hold'em Limit ($3/$6 USD) - 2017/02/25 7:36:05 ET
Table 'Peiraios' 6-max Seat #6 is the button
Seat 5: AzureCaper ($119.64 in chips)
Seat 6: AA_ILI ($74.90 in chips)
AA_ILI: posts small blind $1
AzureCaper: posts big blind $3
*** HOLE CARDS ***
AA_ILI: raises $3 to $6
AzureCaper: folds
Uncalled bet ($3) returned to AA_ILI
AA_ILI collected $6 from pot
AA_ILI: doesn't show hand
*** SUMMARY ***
Total pot $6 | Rake $0
Seat 5: AzureCaper (big blind) folded before Flop
Seat 6: AA_ILI (button) (small blind) collected ($6)


PokerStars Hand #166743486639:  Hold'em Limit ($3/$6 USD) - 2017/02/25 7:35:57 ET
Table 'Peiraios' 6-max Seat #5 is the button
Seat 5: AzureCaper ($116.64 in chips)
Seat 6: AA_ILI ($77.90 in chips)
AzureCaper: posts small blind $1
AA_ILI: posts big blind $3
*** HOLE CARDS ***
AzureCaper: raises $3 to $6
AA_ILI: folds
Uncalled bet ($3) returned to AzureCaper
AzureCaper collected $6 from pot
AzureCaper: doesn't show hand
*** SUMMARY ***
Total pot $6 | Rake $0
Seat 5: AzureCaper (button) (small blind) collected ($6)
Seat 6: AA_ILI (big blind) folded before Flop


PokerStars Hand #166743483154:  Hold'em Limit ($3/$6 USD) - 2017/02/25 7:35:51 ET
Table 'Peiraios' 6-max Seat #6 is the button
Seat 5: AzureCaper ($119.64 in chips)
Seat 6: AA_ILI ($74.90 in chips)
AA_ILI: posts small blind $1
AzureCaper: posts big blind $3
*** HOLE CARDS ***
AA_ILI: raises $3 to $6
AzureCaper: folds
Uncalled bet ($3) returned to AA_ILI
AA_ILI collected $6 from pot
AA_ILI: doesn't show hand
*** SUMMARY ***
Total pot $6 | Rake $0
Seat 5: AzureCaper (big blind) folded before Flop
Seat 6: AA_ILI (button) (small blind) collected ($6)


PokerStars Hand #166743467767:  Hold'em Limit ($3/$6 USD) - 2017/02/25 7:35:24 ET
Table 'Peiraios' 6-max Seat #5 is the button
Seat 5: AzureCaper ($93.14 in chips)
Seat 6: AA_ILI ($101.90 in chips)
AzureCaper: posts small blind $1
AA_ILI: posts big blind $3
*** HOLE CARDS ***
AzureCaper: raises $3 to $6
AA_ILI: calls $3
*** FLOP *** [2h Jh Qh]
AA_ILI: checks
AzureCaper: bets $3
AA_ILI: raises $3 to $6
AzureCaper: raises $3 to $9
AA_ILI: calls $3
*** TURN *** [2h Jh Qh] [Js]
AA_ILI: bets $6
AzureCaper: raises $6 to $12
AA_ILI: calls $6
*** RIVER *** [2h Jh Qh Js] [6d]
AA_ILI: checks
AzureCaper: bets $6
AA_ILI: folds
Uncalled bet ($6) returned to AzureCaper
AzureCaper collected $53.50 from pot
AzureCaper: doesn't show hand
*** SUMMARY ***
Total pot $54 | Rake $0.50
Board [2h Jh Qh Js 6d]
Seat 5: AzureCaper (button) (small blind) collected ($53.50)
Seat 6: AA_ILI (big blind) folded on the River


PokerStars Hand #166743523347:  Hold'em Limit ($3/$6 USD) - 2017/02/25 7:37:02 ET
Table 'Peiraios' 6-max Seat #6 is the button
Seat 5: AzureCaper ($99.64 in chips)
Seat 6: AA_ILI ($94.54 in chips)
AA_ILI: posts small blind $1
AzureCaper: posts big blind $3
*** HOLE CARDS ***
AA_ILI: raises $3 to $6
AzureCaper: calls $3
*** FLOP *** [Ks 2s Kd]
AzureCaper: checks
AA_ILI: checks
*** TURN *** [Ks 2s Kd] [Qh]
AzureCaper: checks
AA_ILI: bets $6
AzureCaper: folds
Uncalled bet ($6) returned to AA_ILI
AA_ILI collected $11.76 from pot
AA_ILI: doesn't show hand
*** SUMMARY ***
Total pot $12 | Rake $0.24
Board [Ks 2s Kd Qh]
Seat 5: AzureCaper (big blind) folded on the Turn
Seat 6: AA_ILI (button) (small blind) collected ($11.76)


PokerStars Hand #166743519939:  Hold'em Limit ($3/$6 USD) - 2017/02/25 7:36:56 ET
Table 'Peiraios' 6-max Seat #5 is the button
Seat 5: AzureCaper ($100.64 in chips)
Seat 6: AA_ILI ($93.54 in chips)
AzureCaper: posts small blind $1
AA_ILI: posts big blind $3
*** HOLE CARDS ***
AzureCaper: folds
Uncalled bet ($2) returned to AA_ILI
AA_ILI collected $2 from pot
AA_ILI: doesn't show hand
*** SUMMARY ***
Total pot $2 | Rake $0
Seat 5: AzureCaper (button) (small blind) folded before Flop
Seat 6: AA_ILI (big blind) collected ($2)


PokerStars Hand #166743516099:  Hold'em Limit ($3/$6 USD) - 2017/02/25 7:36:50 ET
Table 'Peiraios' 6-max Seat #6 is the button
Seat 5: AzureCaper ($103.64 in chips)
Seat 6: AA_ILI ($90.54 in chips)
AA_ILI: posts small blind $1
AzureCaper: posts big blind $3
*** HOLE CARDS ***
AA_ILI: raises $3 to $6
AzureCaper: folds
Uncalled bet ($3) returned to AA_ILI
AA_ILI collected $6 from pot
AA_ILI: doesn't show hand
*** SUMMARY ***
Total pot $6 | Rake $0
Seat 5: AzureCaper (big blind) folded before Flop
Seat 6: AA_ILI (button) (small blind) collected ($6)


PokerStars Hand #166743503144:  Hold'em Limit ($3/$6 USD) - 2017/02/25 7:36:27 ET
Table 'Peiraios' 6-max Seat #5 is the button
Seat 5: AzureCaper ($112.64 in chips)
Seat 6: AA_ILI ($81.90 in chips)
AzureCaper: posts small blind $1
AA_ILI: posts big blind $3
*** HOLE CARDS ***
AzureCaper: raises $3 to $6
AA_ILI: calls $3
*** FLOP *** [Qd Js Jd]
AA_ILI: checks
AzureCaper: bets $3
AA_ILI: calls $3
*** TURN *** [Qd Js Jd] [8h]
AA_ILI: checks
AzureCaper: checks
*** RIVER *** [Qd Js Jd 8h] [Kc]
AA_ILI: bets $6
AzureCaper: folds
Uncalled bet ($6) returned to AA_ILI
AA_ILI collected $17.64 from pot
AA_ILI: doesn't show hand
*** SUMMARY ***
Total pot $18 | Rake $0.36
Board [Qd Js Jd 8h Kc]
Seat 5: AzureCaper (button) (small blind) folded on the River
Seat 6: AA_ILI (big blind) collected ($17.64)


PokerStars Hand #166743552558:  Hold'em Limit ($3/$6 USD) - 2017/02/25 7:37:53 ET
Table 'Peiraios' 6-max Seat #6 is the button
Seat 5: AzureCaper ($99.40 in chips)
Seat 6: AA_ILI ($94.30 in chips)
AA_ILI: posts small blind $1
AzureCaper: posts big blind $3
*** HOLE CARDS ***
AA_ILI: raises $3 to $6
AzureCaper: calls $3
*** FLOP *** [Ac Jd 8d]
AzureCaper: checks
AA_ILI: bets $3
AzureCaper: raises $3 to $6
AA_ILI: calls $3
*** TURN *** [Ac Jd 8d] [Tc]
AzureCaper: checks
AA_ILI: checks
*** RIVER *** [Ac Jd 8d Tc] [5c]
AzureCaper: bets $6
AA_ILI: raises $6 to $12
AzureCaper: calls $6
*** SHOW DOWN ***
AA_ILI: shows [Jh 5d] (two pair, Jacks and Fives)
AzureCaper: mucks hand
AA_ILI collected $47.50 from pot
*** SUMMARY ***
Total pot $48 | Rake $0.50
Board [Ac Jd 8d Tc 5c]
Seat 5: AzureCaper (big blind) mucked
Seat 6: AA_ILI (button) (small blind) showed [Jh 5d] and won ($47.50) with two pair, Jacks and Fives


PokerStars Hand #166743548658:  Hold'em Limit ($3/$6 USD) - 2017/02/25 7:37:47 ET
Table 'Peiraios' 6-max Seat #5 is the button
Seat 5: AzureCaper ($100.40 in chips)
Seat 6: AA_ILI ($93.30 in chips)
AzureCaper: posts small blind $1
AA_ILI: posts big blind $3
*** HOLE CARDS ***
AzureCaper: folds
Uncalled bet ($2) returned to AA_ILI
AA_ILI collected $2 from pot
AA_ILI: doesn't show hand
*** SUMMARY ***
Total pot $2 | Rake $0
Seat 5: AzureCaper (button) (small blind) folded before Flop
Seat 6: AA_ILI (big blind) collected ($2)


PokerStars Hand #166743546026:  Hold'em Limit ($3/$6 USD) - 2017/02/25 7:37:42 ET
Table 'Peiraios' 6-max Seat #6 is the button
Seat 5: AzureCaper ($99.40 in chips)
Seat 6: AA_ILI ($94.30 in chips)
AA_ILI: posts small blind $1
AzureCaper: posts big blind $3
*** HOLE CARDS ***
AA_ILI: folds
Uncalled bet ($2) returned to AzureCaper
AzureCaper collected $2 from pot
AzureCaper: doesn't show hand
*** SUMMARY ***
Total pot $2 | Rake $0
Seat 5: AzureCaper (big blind) collected ($2)
Seat 6: AA_ILI (button) (small blind) folded before Flop


PokerStars Hand #166743542793:  Hold'em Limit ($3/$6 USD) - 2017/02/25 7:37:36 ET
Table 'Peiraios' 6-max Seat #5 is the button
Seat 5: AzureCaper ($96.40 in chips)
Seat 6: AA_ILI ($97.30 in chips)
AzureCaper: posts small blind $1
AA_ILI: posts big blind $3
*** HOLE CARDS ***
AzureCaper: raises $3 to $6
AA_ILI: folds
Uncalled bet ($3) returned to AzureCaper
AzureCaper collected $6 from pot
AzureCaper: doesn't show hand
*** SUMMARY ***
Total pot $6 | Rake $0
Seat 5: AzureCaper (button) (small blind) collected ($6)
Seat 6: AA_ILI (big blind) folded before Flop


PokerStars Hand #166743539130:  Hold'em Limit ($3/$6 USD) - 2017/02/25 7:37:30 ET
Table 'Peiraios' 6-max Seat #6 is the button
Seat 5: AzureCaper ($99.40 in chips)
Seat 6: AA_ILI ($94.30 in chips)
AA_ILI: posts small blind $1
AzureCaper: posts big blind $3
*** HOLE CARDS ***
AA_ILI: raises $3 to $6
AzureCaper: folds
Uncalled bet ($3) returned to AA_ILI
AA_ILI collected $6 from pot
AA_ILI: doesn't show hand
*** SUMMARY ***
Total pot $6 | Rake $0
Seat 5: AzureCaper (big blind) folded before Flop
Seat 6: AA_ILI (button) (small blind) collected ($6)


PokerStars Hand #166743533316:  Hold'em Limit ($3/$6 USD) - 2017/02/25 7:37:20 ET
Table 'Peiraios' 6-max Seat #5 is the button
Seat 5: AzureCaper ($93.64 in chips)
Seat 6: AA_ILI ($100.30 in chips)
AzureCaper: posts small blind $1
AA_ILI: posts big blind $3
*** HOLE CARDS ***
AzureCaper: raises $3 to $6
AA_ILI: calls $3
*** FLOP *** [4c 2h Ks]
AA_ILI: checks
AzureCaper: bets $3
AA_ILI: folds
Uncalled bet ($3) returned to AzureCaper
AzureCaper collected $11.76 from pot
AzureCaper: doesn't show hand
*** SUMMARY ***
Total pot $12 | Rake $0.24
Board [4c 2h Ks]
Seat 5: AzureCaper (button) (small blind) collected ($11.76)
Seat 6: AA_ILI (big blind) folded on the Flop


PokerStars Hand #166743590787:  Hold'em Limit ($3/$6 USD) - 2017/02/25 7:39:00 ET
Table 'Peiraios' 6-max Seat #6 is the button
Seat 5: AzureCaper ($86.52 in chips)
Seat 6: AA_ILI ($117.30 in chips)
AA_ILI: posts small blind $1
AzureCaper: posts big blind $3
*** HOLE CARDS ***
AA_ILI: raises $3 to $6
AzureCaper: calls $3
*** FLOP *** [4s Js 3s]
AzureCaper: checks
AA_ILI: bets $3
AzureCaper: raises $3 to $6
AA_ILI: calls $3
*** TURN *** [4s Js 3s] [As]
AzureCaper: bets $6
AA_ILI: calls $6
*** RIVER *** [4s Js 3s As] [Kh]
AzureCaper: bets $6
AA_ILI: raises $6 to $12
AzureCaper: folds
Uncalled bet ($6) returned to AA_ILI
AA_ILI collected $47.50 from pot
AA_ILI: doesn't show hand
*** SUMMARY ***
Total pot $48 | Rake $0.50
Board [4s Js 3s As Kh]
Seat 5: AzureCaper (big blind) folded on the River
Seat 6: AA_ILI (button) (small blind) collected ($47.50)


PokerStars Hand #166743587594:  Hold'em Limit ($3/$6 USD) - 2017/02/25 7:38:54 ET
Table 'Peiraios' 6-max Seat #5 is the button
Seat 5: AzureCaper ($83.52 in chips)
Seat 6: AA_ILI ($120.30 in chips)
AzureCaper: posts small blind $1
AA_ILI: posts big blind $3
*** HOLE CARDS ***
AzureCaper: raises $3 to $6
AA_ILI: folds
Uncalled bet ($3) returned to AzureCaper
AzureCaper collected $6 from pot
AzureCaper: doesn't show hand
*** SUMMARY ***
Total pot $6 | Rake $0
Seat 5: AzureCaper (button) (small blind) collected ($6)
Seat 6: AA_ILI (big blind) folded before Flop


PokerStars Hand #166743578528:  Hold'em Limit ($3/$6 USD) - 2017/02/25 7:38:38 ET
Table 'Peiraios' 6-max Seat #6 is the button
Seat 5: AzureCaper ($72 in chips)
Seat 6: AA_ILI ($132.30 in chips)
AA_ILI: posts small blind $1
AzureCaper: posts big blind $3
*** HOLE CARDS ***
AA_ILI: raises $3 to $6
AzureCaper: calls $3
*** FLOP *** [4h As Jh]
AzureCaper: checks
AA_ILI: bets $3
AzureCaper: raises $3 to $6
AA_ILI: calls $3
*** TURN *** [4h As Jh] [Jc]
AzureCaper: bets $6
AA_ILI: folds
Uncalled bet ($6) returned to AzureCaper
AzureCaper collected $23.52 from pot
AzureCaper: doesn't show hand
*** SUMMARY ***
Total pot $24 | Rake $0.48
Board [4h As Jh Jc]
Seat 5: AzureCaper (big blind) collected ($23.52)
Seat 6: AA_ILI (button) (small blind) folded on the Turn


PokerStars Hand #166743566370:  Hold'em Limit ($3/$6 USD) - 2017/02/25 7:38:17 ET
Table 'Peiraios' 6-max Seat #5 is the button
Seat 5: AzureCaper ($75.40 in chips)
Seat 6: AA_ILI ($117.80 in chips)
AzureCaper: posts small blind $1
AA_ILI: posts big blind $3
*** HOLE CARDS ***
AzureCaper: raises $3 to $6
AA_ILI: calls $3
*** FLOP *** [2c 5s Jc]
AA_ILI: checks
AzureCaper: bets $3
AA_ILI: calls $3
*** TURN *** [2c 5s Jc] [Th]
AA_ILI: checks
AzureCaper: checks
*** RIVER *** [2c 5s Jc Th] [5h]
AA_ILI: checks
AzureCaper: bets $6
AA_ILI: calls $6
*** SHOW DOWN ***
AzureCaper: shows [8h 6d] (a pair of Fives)
AA_ILI: shows [Ah 4h] (a pair of Fives - Ace kicker)
AA_ILI collected $29.50 from pot
*** SUMMARY ***
Total pot $30 | Rake $0.50
Board [2c 5s Jc Th 5h]
Seat 5: AzureCaper (button) (small blind) showed [8h 6d] and lost with a pair of Fives
Seat 6: AA_ILI (big blind) showed [Ah 4h] and won ($29.50) with a pair of Fives


PokerStars Hand #166743602536:  Hold'em Limit ($3/$6 USD) - 2017/02/25 7:39:20 ET
Table 'Peiraios' 6-max Seat #5 is the button
Seat 5: AzureCaper ($72 in chips)
Seat 6: AA_ILI ($140.80 in chips)
AzureCaper: posts small blind $1
AA_ILI: posts big blind $3
*** HOLE CARDS ***
AzureCaper: raises $3 to $6
AA_ILI: calls $3
*** FLOP *** [9c 5h 8s]
ribban4747 joins the table at seat #3
AA_ILI: checks
AzureCaper: bets $3
AA_ILI: calls $3
*** TURN *** [9c 5h 8s] [Ah]
AA_ILI: checks
AzureCaper: bets $6
AA_ILI: calls $6
*** RIVER *** [9c 5h 8s Ah] [9d]
AA_ILI: checks
AzureCaper: bets $6
AA_ILI: folds
Uncalled bet ($6) returned to AzureCaper
AzureCaper collected $29.50 from pot
AzureCaper: doesn't show hand
*** SUMMARY ***
Total pot $30 | Rake $0.50
Board [9c 5h 8s Ah 9d]
Seat 5: AzureCaper (button) (small blind) collected ($29.50)
Seat 6: AA_ILI (big blind) folded on the River


PokerStars Hand #166743698683:  Hold'em Limit ($3/$6 USD) - 2017/02/25 7:42:07 ET
Table 'Peiraios' 6-max Seat #5 is the button
Seat 5: AzureCaper ($101.46 in chips)
Seat 6: AA_ILI ($121.72 in chips)
AzureCaper: posts small blind $1
AA_ILI: posts big blind $3
*** HOLE CARDS ***
AzureCaper: raises $3 to $6
AA_ILI: raises $3 to $9
AzureCaper: calls $3
*** FLOP *** [Kc As 4h]
AA_ILI: bets $3
AzureCaper: folds
Uncalled bet ($3) returned to AA_ILI
AA_ILI collected $17.64 from pot
AA_ILI: doesn't show hand
*** SUMMARY ***
Total pot $18 | Rake $0.36
Board [Kc As 4h]
Seat 5: AzureCaper (button) (small blind) folded on the Flop
Seat 6: AA_ILI (big blind) collected ($17.64)


PokerStars Hand #166743689249:  Hold'em Limit ($3/$6 USD) - 2017/02/25 7:41:50 ET
Table 'Peiraios' 6-max Seat #6 is the button
Seat 5: AzureCaper ($92.82 in chips)
Seat 6: AA_ILI ($130.72 in chips)
AA_ILI: posts small blind $1
AzureCaper: posts big blind $3
*** HOLE CARDS ***
AA_ILI: calls $2
AzureCaper: checks
*** FLOP *** [4s Ah 5s]
AzureCaper: checks
AA_ILI: checks
*** TURN *** [4s Ah 5s] [3c]
AzureCaper: checks
AA_ILI: bets $6
AzureCaper: raises $6 to $12
AA_ILI: folds
Uncalled bet ($6) returned to AzureCaper
AzureCaper collected $17.64 from pot
AzureCaper: doesn't show hand
*** SUMMARY ***
Total pot $18 | Rake $0.36
Board [4s Ah 5s 3c]
Seat 5: AzureCaper (big blind) collected ($17.64)
Seat 6: AA_ILI (button) (small blind) folded on the Turn


PokerStars Hand #166743683558:  Hold'em Limit ($3/$6 USD) - 2017/02/25 7:41:41 ET
Table 'Peiraios' 6-max Seat #5 is the button
Seat 5: AzureCaper ($87.06 in chips)
Seat 6: AA_ILI ($136.72 in chips)
AzureCaper: posts small blind $1
AA_ILI: posts big blind $3
*** HOLE CARDS ***
AzureCaper: raises $3 to $6
AA_ILI: calls $3
*** FLOP *** [Kd Jc 8h]
AA_ILI: checks
AzureCaper: bets $3
AA_ILI: folds
Uncalled bet ($3) returned to AzureCaper
AzureCaper collected $11.76 from pot
AzureCaper: doesn't show hand
*** SUMMARY ***
Total pot $12 | Rake $0.24
Board [Kd Jc 8h]
Seat 5: AzureCaper (button) (small blind) collected ($11.76)
Seat 6: AA_ILI (big blind) folded on the Flop


PokerStars Hand #166743672518:  Hold'em Limit ($3/$6 USD) - 2017/02/25 7:41:21 ET
Table 'Peiraios' 6-max Seat #6 is the button
Seat 5: AzureCaper ($96.06 in chips)
Seat 6: AA_ILI ($128.08 in chips)
AA_ILI: posts small blind $1
AzureCaper: posts big blind $3
*** HOLE CARDS ***
AA_ILI: raises $3 to $6
AzureCaper: calls $3
*** FLOP *** [Kd Tc 6c]
AzureCaper: checks
AA_ILI: bets $3
AzureCaper: calls $3
*** TURN *** [Kd Tc 6c] [4d]
AzureCaper: checks
AA_ILI: bets $6
AzureCaper: folds
Uncalled bet ($6) returned to AA_ILI
AA_ILI collected $17.64 from pot
AA_ILI: doesn't show hand
*** SUMMARY ***
Total pot $18 | Rake $0.36
Board [Kd Tc 6c 4d]
Seat 5: AzureCaper (big blind) folded on the Turn
Seat 6: AA_ILI (button) (small blind) collected ($17.64)


PokerStars Hand #166743742135:  Hold'em Limit ($3/$6 USD) - 2017/02/25 7:43:22 ET
Table 'Peiraios' 6-max Seat #5 is the button
Seat 5: AzureCaper ($74.76 in chips)
Seat 6: AA_ILI ($183 in chips)
AzureCaper: posts small blind $1
AA_ILI: posts big blind $3
*** HOLE CARDS ***
AzureCaper: raises $3 to $6
AA_ILI: folds
Uncalled bet ($3) returned to AzureCaper
AzureCaper collected $6 from pot
AzureCaper: doesn't show hand
*** SUMMARY ***
Total pot $6 | Rake $0
Seat 5: AzureCaper (button) (small blind) collected ($6)
Seat 6: AA_ILI (big blind) folded before Flop


PokerStars Hand #166743738616:  Hold'em Limit ($3/$6 USD) - 2017/02/25 7:43:16 ET
Table 'Peiraios' 6-max Seat #6 is the button
Seat 5: AzureCaper ($77.76 in chips)
Seat 6: AA_ILI ($180 in chips)
AA_ILI: posts small blind $1
AzureCaper: posts big blind $3
*** HOLE CARDS ***
AA_ILI: raises $3 to $6
AzureCaper: folds
Uncalled bet ($3) returned to AA_ILI
AA_ILI collected $6 from pot
AA_ILI: doesn't show hand
*** SUMMARY ***
Total pot $6 | Rake $0
Seat 5: AzureCaper (big blind) folded before Flop
Seat 6: AA_ILI (button) (small blind) collected ($6)


PokerStars Hand #166743732426:  Hold'em Limit ($3/$6 USD) - 2017/02/25 7:43:05 ET
Table 'Peiraios' 6-max Seat #5 is the button
Seat 5: AzureCaper ($72 in chips)
Seat 6: AA_ILI ($186 in chips)
AzureCaper: posts small blind $1
AA_ILI: posts big blind $3
*** HOLE CARDS ***
AzureCaper: raises $3 to $6
AA_ILI: calls $3
*** FLOP *** [3h Ah 8s]
AA_ILI: checks
AzureCaper: bets $3
AA_ILI: folds
Uncalled bet ($3) returned to AzureCaper
AzureCaper collected $11.76 from pot
AzureCaper: doesn't show hand
*** SUMMARY ***
Total pot $12 | Rake $0.24
Board [3h Ah 8s]
Seat 5: AzureCaper (button) (small blind) collected ($11.76)
Seat 6: AA_ILI (big blind) folded on the Flop


PokerStars Hand #166743722462:  Hold'em Limit ($3/$6 USD) - 2017/02/25 7:42:48 ET
Table 'Peiraios' 6-max Seat #6 is the button
Seat 5: AzureCaper ($72 in chips)
Seat 6: AA_ILI ($168.50 in chips)
AA_ILI: posts small blind $1
AzureCaper: posts big blind $3
*** HOLE CARDS ***
AA_ILI: raises $3 to $6
AzureCaper: calls $3
*** FLOP *** [Ah 6h 2s]
AzureCaper: checks
AA_ILI: bets $3
AzureCaper: raises $3 to $6
AA_ILI: calls $3
*** TURN *** [Ah 6h 2s] [Jc]
AzureCaper: bets $6
AA_ILI: raises $6 to $12
AzureCaper: folds
Uncalled bet ($6) returned to AA_ILI
AA_ILI collected $35.50 from pot
AA_ILI: doesn't show hand
*** SUMMARY ***
Total pot $36 | Rake $0.50
Board [Ah 6h 2s Jc]
Seat 5: AzureCaper (big blind) folded on the Turn
Seat 6: AA_ILI (button) (small blind) collected ($35.50)


PokerStars Hand #166743717018:  Hold'em Limit ($3/$6 USD) - 2017/02/25 7:42:38 ET
Table 'Peiraios' 6-max Seat #5 is the button
Seat 5: AzureCaper ($72 in chips)
Seat 6: AA_ILI ($159.86 in chips)
AzureCaper: posts small blind $1
AA_ILI: posts big blind $3
*** HOLE CARDS ***
AzureCaper: raises $3 to $6
AA_ILI: raises $3 to $9
AzureCaper: calls $3
*** FLOP *** [9s 6d 9h]
AA_ILI: bets $3
AzureCaper: folds
Uncalled bet ($3) returned to AA_ILI
AA_ILI collected $17.64 from pot
AA_ILI: doesn't show hand
*** SUMMARY ***
Total pot $18 | Rake $0.36
Board [9s 6d 9h]
Seat 5: AzureCaper (button) (small blind) folded on the Flop
Seat 6: AA_ILI (big blind) collected ($17.64)


PokerStars Hand #166743704228:  Hold'em Limit ($3/$6 USD) - 2017/02/25 7:42:16 ET
Table 'Peiraios' 6-max Seat #6 is the button
Seat 5: AzureCaper ($92.46 in chips)
Seat 6: AA_ILI ($130.36 in chips)
AA_ILI: posts small blind $1
AzureCaper: posts big blind $3
*** HOLE CARDS ***
AA_ILI: raises $3 to $6
AzureCaper: calls $3
*** FLOP *** [Qc 2h 7s]
AzureCaper: checks
AA_ILI: bets $3
AzureCaper: raises $3 to $6
AA_ILI: raises $3 to $9
AzureCaper: raises $3 to $12
Betting is capped
AA_ILI: calls $3
*** TURN *** [Qc 2h 7s] [9s]
AzureCaper: bets $6
AA_ILI: raises $6 to $12
AzureCaper: calls $6
*** RIVER *** [Qc 2h 7s 9s] [Ac]
AzureCaper: checks
AA_ILI: bets $6
AzureCaper: folds
Uncalled bet ($6) returned to AA_ILI
AA_ILI collected $59.50 from pot
AA_ILI: doesn't show hand
*** SUMMARY ***
Total pot $60 | Rake $0.50
Board [Qc 2h 7s 9s Ac]
Seat 5: AzureCaper (big blind) folded on the River
Seat 6: AA_ILI (button) (small blind) collected ($59.50)


PokerStars Hand #166743774248:  Hold'em Limit ($3/$6 USD) - 2017/02/25 7:44:18 ET
Table 'Peiraios' 6-max Seat #6 is the button
Seat 5: AzureCaper ($72 in chips)
Seat 6: AA_ILI ($193.50 in chips)
AA_ILI: posts small blind $1
AzureCaper: posts big blind $3
*** HOLE CARDS ***
AA_ILI: folds
Uncalled bet ($2) returned to AzureCaper
AzureCaper collected $2 from pot
AzureCaper: doesn't show hand
*** SUMMARY ***
Total pot $2 | Rake $0
Seat 5: AzureCaper (big blind) collected ($2)
Seat 6: AA_ILI (button) (small blind) folded before Flop


PokerStars Hand #166743770937:  Hold'em Limit ($3/$6 USD) - 2017/02/25 7:44:12 ET
Table 'Peiraios' 6-max Seat #5 is the button
Seat 5: AzureCaper ($72 in chips)
Seat 6: AA_ILI ($192.50 in chips)
AzureCaper: posts small blind $1
AA_ILI: posts big blind $3
*** HOLE CARDS ***
AzureCaper: folds
Uncalled bet ($2) returned to AA_ILI
AA_ILI collected $2 from pot
AA_ILI: doesn't show hand
*** SUMMARY ***
Total pot $2 | Rake $0
Seat 5: AzureCaper (button) (small blind) folded before Flop
Seat 6: AA_ILI (big blind) collected ($2)


PokerStars Hand #166743757510:  Hold'em Limit ($3/$6 USD) - 2017/02/25 7:43:48 ET
Table 'Peiraios' 6-max Seat #6 is the button
Seat 5: AzureCaper ($88.28 in chips)
Seat 6: AA_ILI ($169 in chips)
AA_ILI: posts small blind $1
AzureCaper: posts big blind $3
*** HOLE CARDS ***
AA_ILI: raises $3 to $6
AzureCaper: calls $3
*** FLOP *** [9c 4h 5h]
AzureCaper: checks
AA_ILI: bets $3
AzureCaper: raises $3 to $6
AA_ILI: calls $3
*** TURN *** [9c 4h 5h] [7h]
AzureCaper: bets $6
AA_ILI: raises $6 to $12
AzureCaper: calls $6
*** RIVER *** [9c 4h 5h 7h] [7s]
AzureCaper: checks
AA_ILI: bets $6
AzureCaper: folds
Uncalled bet ($6) returned to AA_ILI
AA_ILI collected $47.50 from pot
AA_ILI: doesn't show hand
*** SUMMARY ***
Total pot $48 | Rake $0.50
Board [9c 4h 5h 7h 7s]
Seat 5: AzureCaper (big blind) folded on the River
Seat 6: AA_ILI (button) (small blind) collected ($47.50)


PokerStars Hand #166743754219:  Hold'em Limit ($3/$6 USD) - 2017/02/25 7:43:43 ET
Table 'Peiraios' 6-max Seat #5 is the button
Seat 5: AzureCaper ($89.28 in chips)
Seat 6: AA_ILI ($168 in chips)
AzureCaper: posts small blind $1
AA_ILI: posts big blind $3
*** HOLE CARDS ***
AzureCaper: folds
Uncalled bet ($2) returned to AA_ILI
AA_ILI collected $2 from pot
AA_ILI: doesn't show hand
*** SUMMARY ***
Total pot $2 | Rake $0
Seat 5: AzureCaper (button) (small blind) folded before Flop
Seat 6: AA_ILI (big blind) collected ($2)


PokerStars Hand #166743745887:  Hold'em Limit ($3/$6 USD) - 2017/02/25 7:43:28 ET
Table 'Peiraios' 6-max Seat #6 is the button
Seat 5: AzureCaper ($77.76 in chips)
Seat 6: AA_ILI ($180 in chips)
AA_ILI: posts small blind $1
AzureCaper: posts big blind $3
*** HOLE CARDS ***
AA_ILI: raises $3 to $6
AzureCaper: raises $3 to $9
AA_ILI: calls $3
*** FLOP *** [Kh Tc 2c]
AzureCaper: bets $3
AA_ILI: calls $3
*** TURN *** [Kh Tc 2c] [Ac]
AzureCaper: bets $6
AA_ILI: folds
Uncalled bet ($6) returned to AzureCaper
AzureCaper collected $23.52 from pot
AzureCaper: doesn't show hand
*** SUMMARY ***
Total pot $24 | Rake $0.48
Board [Kh Tc 2c Ac]
Seat 5: AzureCaper (big blind) collected ($23.52)
Seat 6: AA_ILI (button) (small blind) folded on the Turn


PokerStars Hand #166743782713:  Hold'em Limit ($3/$6 USD) - 2017/02/25 7:44:33 ET
Table 'Peiraios' 6-max Seat #6 is the button
Seat 5: AzureCaper ($72 in chips)
Seat 6: AA_ILI ($193.50 in chips)
AA_ILI: posts small blind $1
AzureCaper: posts big blind $3
*** HOLE CARDS ***
AA_ILI: folds
Uncalled bet ($2) returned to AzureCaper
AzureCaper collected $2 from pot
AzureCaper: doesn't show hand
*** SUMMARY ***
Total pot $2 | Rake $0
Seat 5: AzureCaper (big blind) collected ($2)
Seat 6: AA_ILI (button) (small blind) folded before Flop


PokerStars Hand #166743777071:  Hold'em Limit ($3/$6 USD) - 2017/02/25 7:44:23 ET
Table 'Peiraios' 6-max Seat #5 is the button
Seat 5: AzureCaper ($73 in chips)
Seat 6: AA_ILI ($192.50 in chips)
AzureCaper: posts small blind $1
AA_ILI: posts big blind $3
*** HOLE CARDS ***
AzureCaper: folds
Uncalled bet ($2) returned to AA_ILI
AA_ILI collected $2 from pot
AA_ILI: doesn't show hand
*** SUMMARY ***
Total pot $2 | Rake $0
Seat 5: AzureCaper (button) (small blind) folded before Flop
Seat 6: AA_ILI (big blind) collected ($2)


PokerStars Hand #166743785781:  Hold'em Limit ($3/$6 USD) - 2017/02/25 7:44:38 ET
Table 'Peiraios' 6-max Seat #5 is the button
Seat 5: AzureCaper ($73 in chips)
Seat 6: AA_ILI ($192.50 in chips)
AzureCaper: posts small blind $1
AA_ILI: posts big blind $3
*** HOLE CARDS ***
AzureCaper: folds
Uncalled bet ($2) returned to AA_ILI
AA_ILI collected $2 from pot
AA_ILI: doesn't show hand
*** SUMMARY ***
Total pot $2 | Rake $0
Seat 5: AzureCaper (button) (small blind) folded before Flop
Seat 6: AA_ILI (big blind) collected ($2)


PokerStars Hand #166743790688:  Hold'em Limit ($3/$6 USD) - 2017/02/25 7:44:46 ET
Table 'Peiraios' 6-max Seat #6 is the button
Seat 5: AzureCaper ($72 in chips)
Seat 6: AA_ILI ($193.50 in chips)
AA_ILI: posts small blind $1
AzureCaper: posts big blind $3
*** HOLE CARDS ***
AA_ILI: raises $3 to $6
AzureCaper: folds
Uncalled bet ($3) returned to AA_ILI
AA_ILI collected $6 from pot
AA_ILI: doesn't show hand
*** SUMMARY ***
Total pot $6 | Rake $0
Seat 5: AzureCaper (big blind) folded before Flop
Seat 6: AA_ILI (button) (small blind) collected ($6)


PokerStars Hand #166743794130:  Hold'em Limit ($3/$6 USD) - 2017/02/25 7:44:52 ET
Table 'Peiraios' 6-max Seat #5 is the button
Seat 5: AzureCaper ($72 in chips)
Seat 6: AA_ILI ($196.50 in chips)
AzureCaper: posts small blind $1
AA_ILI: posts big blind $3
*** HOLE CARDS ***
AzureCaper: raises $3 to $6
AA_ILI: calls $3
*** FLOP *** [8d 9c 4h]
Alexsandr.NT joins the table at seat #3
AA_ILI: checks
AzureCaper: bets $3
AA_ILI: calls $3
*** TURN *** [8d 9c 4h] [4s]
AA_ILI: checks
AzureCaper: bets $6
AA_ILI: raises $6 to $12
AzureCaper: folds
Uncalled bet ($6) returned to AA_ILI
AA_ILI collected $29.50 from pot
AA_ILI: doesn't show hand
*** SUMMARY ***
Total pot $30 | Rake $0.50
Board [8d 9c 4h 4s]
Seat 5: AzureCaper (button) (small blind) folded on the Turn
Seat 6: AA_ILI (big blind) collected ($29.50)


PokerStars Hand #166744429314:  Hold'em Limit ($3/$6 USD) - 2017/02/25 8:03:32 ET
Table 'Peiraios' 6-max Seat #4 is the button
Seat 4: AzureCaper ($91.38 in chips)
Seat 6: Krazy90 ($120 in chips)
AzureCaper: posts small blind $1
Evgenia56: is sitting out
Krazy90: posts big blind $3
*** HOLE CARDS ***
AzureCaper: folds
Uncalled bet ($2) returned to Krazy90
Evgenia56 leaves the table
Krazy90 collected $2 from pot
Krazy90: doesn't show hand
AzureCaper leaves the table
*** SUMMARY ***
Total pot $2 | Rake $0
Seat 4: AzureCaper (button) (small blind) folded before Flop
Seat 6: Krazy90 (big blind) collected ($2)


