PokerStars Hand #145358570169:  Hold'em Limit ($3/$6 USD) - 2015/12/14 19:19:36 ET
Table 'Peiroos' 2-max Seat #1 is the button
Seat 1: elifnur2008 ($155.26 in chips)
Seat 2: peny194 ($5.43 in chips)
elifnur2008: posts small blind $1
peny194: posts big blind $3
*** HOLE CARDS ***
elifnur2008: raises $3 to $6
peny194: calls $2.43 and is all-in
Uncalled bet ($0.57) returned to elifnur2008
*** FLOP *** [Qd Ad Kd]
*** TURN *** [Qd Ad Kd] [Qs]
*** RIVER *** [Qd Ad Kd Qs] [5d]
*** SHOW DOWN ***
peny194: shows [4c 2h] (a pair of Queens)
elifnur2008: shows [9h Kc] (two pair, Kings and Queens)
elifnur2008 collected $10.64 from pot
*** SUMMARY ***
Total pot $10.86 | Rake $0.22
Board [Qd Ad Kd Qs 5d]
Seat 1: elifnur2008 (button) (small blind) showed [9h Kc] and won ($10.64) with two pair, Kings and Queens
Seat 2: peny194 (big blind) showed [4c 2h] and lost with a pair of Queens


PokerStars Hand #145358566390:  Hold'em Limit ($3/$6 USD) - 2015/12/14 19:19:30 ET
Table 'Peiroos' 2-max Seat #2 is the button
Seat 1: elifnur2008 ($154.26 in chips)
Seat 2: peny194 ($6.43 in chips)
peny194: posts small blind $1
elifnur2008: posts big blind $3
*** HOLE CARDS ***
peny194: folds
Uncalled bet ($2) returned to elifnur2008
elifnur2008 collected $2 from pot
elifnur2008: doesn't show hand
*** SUMMARY ***
Total pot $2 | Rake $0
Seat 1: elifnur2008 (big blind) collected ($2)
Seat 2: peny194 (button) (small blind) folded before Flop


PokerStars Hand #145358556599:  Hold'em Limit ($3/$6 USD) - 2015/12/14 19:19:15 ET
Table 'Peiroos' 2-max Seat #1 is the button
Seat 1: elifnur2008 ($148.50 in chips)
Seat 2: peny194 ($12.43 in chips)
elifnur2008: posts small blind $1
peny194: posts big blind $3
*** HOLE CARDS ***
elifnur2008: raises $3 to $6
peny194: calls $3
*** FLOP *** [Ad Qs Tc]
peny194: checks
elifnur2008: bets $3
peny194: folds
Uncalled bet ($3) returned to elifnur2008
elifnur2008 collected $11.76 from pot
elifnur2008: doesn't show hand
*** SUMMARY ***
Total pot $12 | Rake $0.24
Board [Ad Qs Tc]
Seat 1: elifnur2008 (button) (small blind) collected ($11.76)
Seat 2: peny194 (big blind) folded on the Flop


PokerStars Hand #145358552403:  Hold'em Limit ($3/$6 USD) - 2015/12/14 19:19:09 ET
Table 'Peiroos' 2-max Seat #2 is the button
Seat 1: elifnur2008 ($147.50 in chips)
Seat 2: peny194 ($13.43 in chips)
peny194: posts small blind $1
elifnur2008: posts big blind $3
*** HOLE CARDS ***
peny194: folds
Uncalled bet ($2) returned to elifnur2008
elifnur2008 collected $2 from pot
elifnur2008: doesn't show hand
*** SUMMARY ***
Total pot $2 | Rake $0
Seat 1: elifnur2008 (big blind) collected ($2)
Seat 2: peny194 (button) (small blind) folded before Flop


PokerStars Hand #145358538087:  Hold'em Limit ($3/$6 USD) - 2015/12/14 19:18:47 ET
Table 'Peiroos' 2-max Seat #1 is the button
Seat 1: elifnur2008 ($121 in chips)
Seat 2: peny194 ($40.43 in chips)
elifnur2008: posts small blind $1
peny194: posts big blind $3
*** HOLE CARDS ***
elifnur2008: raises $3 to $6
peny194: calls $3
*** FLOP *** [4h Qc Jh]
peny194: bets $3
elifnur2008: calls $3
*** TURN *** [4h Qc Jh] [Ah]
peny194: bets $6
elifnur2008: raises $6 to $12
peny194: calls $6
*** RIVER *** [4h Qc Jh Ah] [2s]
peny194: checks
elifnur2008: bets $6
peny194: calls $6
*** SHOW DOWN ***
elifnur2008: shows [7h As] (a pair of Aces)
peny194: mucks hand
elifnur2008 collected $53.50 from pot
*** SUMMARY ***
Total pot $54 | Rake $0.50
Board [4h Qc Jh Ah 2s]
Seat 1: elifnur2008 (button) (small blind) showed [7h As] and won ($53.50) with a pair of Aces
Seat 2: peny194 (big blind) mucked


PokerStars Hand #145363175280:  Hold'em Limit ($3/$6 USD) - 2015/12/14 21:49:48 ET
Table 'Peiroos' 2-max Seat #2 is the button
Seat 1: FER69FER69 ($97.33 in chips)
Seat 2: civilmoose ($120 in chips)
civilmoose: posts small blind $1
FER69FER69: posts big blind $3
*** HOLE CARDS ***
civilmoose: raises $3 to $6
FER69FER69: folds
Uncalled bet ($3) returned to civilmoose
civilmoose collected $6 from pot
civilmoose: doesn't show hand
*** SUMMARY ***
Total pot $6 | Rake $0
Seat 1: FER69FER69 (big blind) folded before Flop
Seat 2: civilmoose (button) (small blind) collected ($6)


PokerStars Hand #145363178216:  Hold'em Limit ($3/$6 USD) - 2015/12/14 21:49:55 ET
Table 'Peiroos' 2-max Seat #1 is the button
Seat 1: FER69FER69 ($94.33 in chips)
Seat 2: civilmoose ($123 in chips)
FER69FER69: posts small blind $1
civilmoose: posts big blind $3
*** HOLE CARDS ***
FER69FER69: raises $3 to $6
civilmoose: calls $3
*** FLOP *** [9d 5s 9h]
civilmoose: checks
FER69FER69: bets $3
civilmoose: raises $3 to $6
FER69FER69: raises $3 to $9
civilmoose: calls $3
*** TURN *** [9d 5s 9h] [Ad]
civilmoose: checks
FER69FER69: bets $6
civilmoose: raises $6 to $12
FER69FER69: folds
Uncalled bet ($6) returned to civilmoose
civilmoose collected $41.50 from pot
civilmoose: doesn't show hand
*** SUMMARY ***
Total pot $42 | Rake $0.50
Board [9d 5s 9h Ad]
Seat 1: FER69FER69 (button) (small blind) folded on the Turn
Seat 2: civilmoose (big blind) collected ($41.50)


PokerStars Hand #145363196125:  Hold'em Limit ($3/$6 USD) - 2015/12/14 21:50:40 ET
Table 'Peiroos' 2-max Seat #2 is the button
Seat 1: FER69FER69 ($101.83 in chips)
Seat 2: civilmoose ($114.50 in chips)
civilmoose: posts small blind $1
FER69FER69: posts big blind $3
*** HOLE CARDS ***
civilmoose: raises $3 to $6
FER69FER69: calls $3
*** FLOP *** [6h 6d Ac]
FER69FER69: checks
civilmoose: bets $3
FER69FER69: calls $3
*** TURN *** [6h 6d Ac] [8d]
FER69FER69: checks
civilmoose: checks
*** RIVER *** [6h 6d Ac 8d] [Th]
FER69FER69: checks
civilmoose: checks
*** SHOW DOWN ***
FER69FER69: shows [4c Qh] (a pair of Sixes)
civilmoose: shows [Qs 9h] (a pair of Sixes)
FER69FER69 collected $8.82 from pot
civilmoose collected $8.82 from pot
*** SUMMARY ***
Total pot $18 | Rake $0.36
Board [6h 6d Ac 8d Th]
Seat 1: FER69FER69 (big blind) showed [4c Qh] and won ($8.82) with a pair of Sixes
Seat 2: civilmoose (button) (small blind) showed [Qs 9h] and won ($8.82) with a pair of Sixes


PokerStars Hand #145363203006:  Hold'em Limit ($3/$6 USD) - 2015/12/14 21:50:57 ET
Table 'Peiroos' 2-max Seat #1 is the button
Seat 1: FER69FER69 ($101.65 in chips)
Seat 2: civilmoose ($114.32 in chips)
FER69FER69: posts small blind $1
civilmoose: posts big blind $3
*** HOLE CARDS ***
FER69FER69: raises $3 to $6
civilmoose: raises $3 to $9
FER69FER69: calls $3
*** FLOP *** [8s 5c 6d]
civilmoose: bets $3
FER69FER69: calls $3
*** TURN *** [8s 5c 6d] [Ac]
civilmoose: checks
FER69FER69: checks
*** RIVER *** [8s 5c 6d Ac] [Th]
civilmoose: checks
FER69FER69: checks
*** SHOW DOWN ***
civilmoose: shows [Qc Jh] (high card Ace)
FER69FER69: shows [4h Kh] (high card Ace - King kicker)
FER69FER69 collected $23.52 from pot
*** SUMMARY ***
Total pot $24 | Rake $0.48
Board [8s 5c 6d Ac Th]
Seat 1: FER69FER69 (button) (small blind) showed [4h Kh] and won ($23.52) with high card Ace
Seat 2: civilmoose (big blind) showed [Qc Jh] and lost with high card Ace


PokerStars Hand #145363209793:  Hold'em Limit ($3/$6 USD) - 2015/12/14 21:51:14 ET
Table 'Peiroos' 2-max Seat #2 is the button
Seat 1: FER69FER69 ($113.17 in chips)
Seat 2: civilmoose ($102.32 in chips)
civilmoose: posts small blind $1
FER69FER69: posts big blind $3
*** HOLE CARDS ***
civilmoose: raises $3 to $6
FER69FER69: calls $3
*** FLOP *** [8d 4c Qd]
FER69FER69: checks
civilmoose: bets $3
FER69FER69: folds
Uncalled bet ($3) returned to civilmoose
civilmoose collected $11.76 from pot
civilmoose: doesn't show hand
*** SUMMARY ***
Total pot $12 | Rake $0.24
Board [8d 4c Qd]
Seat 1: FER69FER69 (big blind) folded on the Flop
Seat 2: civilmoose (button) (small blind) collected ($11.76)


PokerStars Hand #145363192333:  Hold'em Limit ($3/$6 USD) - 2015/12/14 21:50:30 ET
Table 'Peiroos' 2-max Seat #1 is the button
Seat 1: FER69FER69 ($102.83 in chips)
Seat 2: civilmoose ($113.50 in chips)
FER69FER69: posts small blind $1
civilmoose: posts big blind $3
*** HOLE CARDS ***
FER69FER69: folds
Uncalled bet ($2) returned to civilmoose
civilmoose collected $2 from pot
civilmoose: doesn't show hand
*** SUMMARY ***
Total pot $2 | Rake $0
Seat 1: FER69FER69 (button) (small blind) folded before Flop
Seat 2: civilmoose (big blind) collected ($2)


PokerStars Hand #145363185897:  Hold'em Limit ($3/$6 USD) - 2015/12/14 21:50:14 ET
Table 'Peiroos' 2-max Seat #2 is the button
Seat 1: FER69FER69 ($73.33 in chips)
Seat 2: civilmoose ($143.50 in chips)
civilmoose: posts small blind $1
FER69FER69: posts big blind $3
*** HOLE CARDS ***
civilmoose: raises $3 to $6
FER69FER69: calls $3
*** FLOP *** [5s 9d 3h]
FER69FER69: checks
civilmoose: checks
*** TURN *** [5s 9d 3h] [7d]
FER69FER69: bets $6
civilmoose: raises $6 to $12
FER69FER69: raises $6 to $18
civilmoose: calls $6
*** RIVER *** [5s 9d 3h 7d] [9s]
FER69FER69: bets $6
civilmoose: calls $6
*** SHOW DOWN ***
FER69FER69: shows [Jh 9h] (three of a kind, Nines)
civilmoose: mucks hand
FER69FER69 collected $59.50 from pot
*** SUMMARY ***
Total pot $60 | Rake $0.50
Board [5s 9d 3h 7d 9s]
Seat 1: FER69FER69 (big blind) showed [Jh 9h] and won ($59.50) with three of a kind, Nines
Seat 2: civilmoose (button) (small blind) mucked


PokerStars Hand #145363219902:  Hold'em Limit ($3/$6 USD) - 2015/12/14 21:51:40 ET
Table 'Peiroos' 2-max Seat #2 is the button
Seat 1: FER69FER69 ($101.17 in chips)
Seat 2: civilmoose ($113.84 in chips)
civilmoose: posts small blind $1
FER69FER69: posts big blind $3
*** HOLE CARDS ***
civilmoose: raises $3 to $6
FER69FER69: folds
Uncalled bet ($3) returned to civilmoose
civilmoose collected $6 from pot
civilmoose: doesn't show hand
*** SUMMARY ***
Total pot $6 | Rake $0
Seat 1: FER69FER69 (big blind) folded before Flop
Seat 2: civilmoose (button) (small blind) collected ($6)


PokerStars Hand #145363222900:  Hold'em Limit ($3/$6 USD) - 2015/12/14 21:51:47 ET
Table 'Peiroos' 2-max Seat #1 is the button
Seat 1: FER69FER69 ($98.17 in chips)
Seat 2: civilmoose ($116.84 in chips)
FER69FER69: posts small blind $1
civilmoose: posts big blind $3
*** HOLE CARDS ***
FER69FER69: folds
Uncalled bet ($2) returned to civilmoose
civilmoose collected $2 from pot
civilmoose: doesn't show hand
*** SUMMARY ***
Total pot $2 | Rake $0
Seat 1: FER69FER69 (button) (small blind) folded before Flop
Seat 2: civilmoose (big blind) collected ($2)


PokerStars Hand #145363225063:  Hold'em Limit ($3/$6 USD) - 2015/12/14 21:51:52 ET
Table 'Peiroos' 2-max Seat #2 is the button
Seat 1: FER69FER69 ($97.17 in chips)
Seat 2: civilmoose ($117.84 in chips)
civilmoose: posts small blind $1
FER69FER69: posts big blind $3
*** HOLE CARDS ***
civilmoose: raises $3 to $6
FER69FER69: raises $3 to $9
civilmoose: calls $3
*** FLOP *** [8h 5s 9d]
FER69FER69: bets $3
civilmoose: calls $3
*** TURN *** [8h 5s 9d] [Js]
FER69FER69: bets $6
civilmoose: calls $6
*** RIVER *** [8h 5s 9d Js] [2d]
FER69FER69: checks
civilmoose: bets $6
FER69FER69: folds
Uncalled bet ($6) returned to civilmoose
civilmoose collected $35.50 from pot
civilmoose: doesn't show hand
*** SUMMARY ***
Total pot $36 | Rake $0.50
Board [8h 5s 9d Js 2d]
Seat 1: FER69FER69 (big blind) folded on the River
Seat 2: civilmoose (button) (small blind) collected ($35.50)


PokerStars Hand #145363214517:  Hold'em Limit ($3/$6 USD) - 2015/12/14 21:51:26 ET
Table 'Peiroos' 2-max Seat #1 is the button
Seat 1: FER69FER69 ($107.17 in chips)
Seat 2: civilmoose ($108.08 in chips)
FER69FER69: posts small blind $1
civilmoose: posts big blind $3
*** HOLE CARDS ***
FER69FER69: raises $3 to $6
civilmoose: calls $3
*** FLOP *** [Td 3h As]
civilmoose: checks
FER69FER69: checks
*** TURN *** [Td 3h As] [4s]
civilmoose: bets $6
FER69FER69: folds
Uncalled bet ($6) returned to civilmoose
civilmoose collected $11.76 from pot
civilmoose: doesn't show hand
*** SUMMARY ***
Total pot $12 | Rake $0.24
Board [Td 3h As 4s]
Seat 1: FER69FER69 (button) (small blind) folded on the Turn
Seat 2: civilmoose (big blind) collected ($11.76)


PokerStars Hand #145363249366:  Hold'em Limit ($3/$6 USD) - 2015/12/14 21:52:54 ET
Table 'Peiroos' 2-max Seat #2 is the button
Seat 1: FER69FER69 ($70.17 in chips)
Seat 2: civilmoose ($143.98 in chips)
civilmoose: posts small blind $1
FER69FER69: posts big blind $3
*** HOLE CARDS ***
civilmoose: raises $3 to $6
FER69FER69: folds
Uncalled bet ($3) returned to civilmoose
civilmoose collected $6 from pot
civilmoose: doesn't show hand
*** SUMMARY ***
Total pot $6 | Rake $0
Seat 1: FER69FER69 (big blind) folded before Flop
Seat 2: civilmoose (button) (small blind) collected ($6)


PokerStars Hand #145363235666:  Hold'em Limit ($3/$6 USD) - 2015/12/14 21:52:19 ET
Table 'Peiroos' 2-max Seat #1 is the button
Seat 1: FER69FER69 ($79.17 in chips)
Seat 2: civilmoose ($135.34 in chips)
FER69FER69: posts small blind $1
civilmoose: posts big blind $3
*** HOLE CARDS ***
FER69FER69: raises $3 to $6
civilmoose: calls $3
*** FLOP *** [Th Jc 5d]
civilmoose: checks
FER69FER69: bets $3
civilmoose: raises $3 to $6
FER69FER69: folds
Uncalled bet ($3) returned to civilmoose
civilmoose collected $17.64 from pot
civilmoose: doesn't show hand
*** SUMMARY ***
Total pot $18 | Rake $0.36
Board [Th Jc 5d]
Seat 1: FER69FER69 (button) (small blind) folded on the Flop
Seat 2: civilmoose (big blind) collected ($17.64)


PokerStars Hand #145363251921:  Hold'em Limit ($3/$6 USD) - 2015/12/14 21:53:00 ET
Table 'Peiroos' 2-max Seat #1 is the button
Seat 1: FER69FER69 ($67.17 in chips)
Seat 2: civilmoose ($146.98 in chips)
FER69FER69: posts small blind $1
civilmoose: posts big blind $3
*** HOLE CARDS ***
FER69FER69: raises $3 to $6
civilmoose: calls $3
*** FLOP *** [2h Ks Ac]
civilmoose: checks
FER69FER69: bets $3
civilmoose: calls $3
*** TURN *** [2h Ks Ac] [Ah]
civilmoose: checks
FER69FER69: checks
*** RIVER *** [2h Ks Ac Ah] [8c]
civilmoose: checks
FER69FER69: checks
*** SHOW DOWN ***
civilmoose: shows [4h Qc] (a pair of Aces)
FER69FER69: mucks hand
civilmoose collected $17.64 from pot
*** SUMMARY ***
Total pot $18 | Rake $0.36
Board [2h Ks Ac Ah 8c]
Seat 1: FER69FER69 (button) (small blind) mucked
Seat 2: civilmoose (big blind) showed [4h Qc] and won ($17.64) with a pair of Aces


PokerStars Hand #145363272956:  Hold'em Limit ($3/$6 USD) - 2015/12/14 21:53:52 ET
Table 'Peiroos' 2-max Seat #1 is the button
Seat 1: FER69FER69 ($72.67 in chips)
Seat 2: civilmoose ($140.62 in chips)
FER69FER69: posts small blind $1
civilmoose: posts big blind $3
*** HOLE CARDS ***
FER69FER69: raises $3 to $6
civilmoose: folds
Uncalled bet ($3) returned to FER69FER69
FER69FER69 collected $6 from pot
FER69FER69: doesn't show hand
*** SUMMARY ***
Total pot $6 | Rake $0
Seat 1: FER69FER69 (button) (small blind) collected ($6)
Seat 2: civilmoose (big blind) folded before Flop


PokerStars Hand #145363264117:  Hold'em Limit ($3/$6 USD) - 2015/12/14 21:53:30 ET
Table 'Peiroos' 2-max Seat #2 is the button
Seat 1: FER69FER69 ($58.17 in chips)
Seat 2: civilmoose ($155.62 in chips)
civilmoose: posts small blind $1
FER69FER69: posts big blind $3
*** HOLE CARDS ***
civilmoose: raises $3 to $6
FER69FER69: calls $3
*** FLOP *** [As 5h 9d]
FER69FER69: checks
civilmoose: bets $3
FER69FER69: calls $3
*** TURN *** [As 5h 9d] [Jc]
FER69FER69: checks
civilmoose: checks
*** RIVER *** [As 5h 9d Jc] [Jd]
FER69FER69: bets $6
civilmoose: calls $6
*** SHOW DOWN ***
FER69FER69: shows [Jh Ad] (a full house, Jacks full of Aces)
civilmoose: mucks hand
FER69FER69 collected $29.50 from pot
*** SUMMARY ***
Total pot $30 | Rake $0.50
Board [As 5h 9d Jc Jd]
Seat 1: FER69FER69 (big blind) showed [Jh Ad] and won ($29.50) with a full house, Jacks full of Aces
Seat 2: civilmoose (button) (small blind) mucked


PokerStars Hand #145363275648:  Hold'em Limit ($3/$6 USD) - 2015/12/14 21:53:59 ET
Table 'Peiroos' 2-max Seat #2 is the button
Seat 1: FER69FER69 ($75.67 in chips)
Seat 2: civilmoose ($137.62 in chips)
civilmoose: posts small blind $1
FER69FER69: posts big blind $3
*** HOLE CARDS ***
civilmoose: raises $3 to $6
FER69FER69: calls $3
*** FLOP *** [7h Ad 6d]
FER69FER69: checks
civilmoose: bets $3
FER69FER69: calls $3
*** TURN *** [7h Ad 6d] [8s]
FER69FER69: checks
civilmoose: bets $6
FER69FER69: folds
Uncalled bet ($6) returned to civilmoose
civilmoose collected $17.64 from pot
civilmoose: doesn't show hand
*** SUMMARY ***
Total pot $18 | Rake $0.36
Board [7h Ad 6d 8s]
Seat 1: FER69FER69 (big blind) folded on the Turn
Seat 2: civilmoose (button) (small blind) collected ($17.64)


PokerStars Hand #145363286626:  Hold'em Limit ($3/$6 USD) - 2015/12/14 21:54:26 ET
Table 'Peiroos' 2-max Seat #1 is the button
Seat 1: FER69FER69 ($66.67 in chips)
Seat 2: civilmoose ($146.26 in chips)
FER69FER69: posts small blind $1
civilmoose: posts big blind $3
*** HOLE CARDS ***
FER69FER69: raises $3 to $6
civilmoose: calls $3
*** FLOP *** [Kd 8c 6d]
civilmoose: checks
FER69FER69: bets $3
civilmoose: raises $3 to $6
FER69FER69: raises $3 to $9
civilmoose: calls $3
*** TURN *** [Kd 8c 6d] [5d]
civilmoose: checks
FER69FER69: checks
*** RIVER *** [Kd 8c 6d 5d] [6c]
civilmoose: checks
FER69FER69: checks
*** SHOW DOWN ***
civilmoose: shows [8d Tc] (two pair, Eights and Sixes)
FER69FER69: mucks hand
civilmoose collected $29.50 from pot
*** SUMMARY ***
Total pot $30 | Rake $0.50
Board [Kd 8c 6d 5d 6c]
Seat 1: FER69FER69 (button) (small blind) mucked
Seat 2: civilmoose (big blind) showed [8d Tc] and won ($29.50) with two pair, Eights and Sixes


PokerStars Hand #145363297002:  Hold'em Limit ($3/$6 USD) - 2015/12/14 21:54:52 ET
Table 'Peiroos' 2-max Seat #2 is the button
Seat 1: FER69FER69 ($51.67 in chips)
Seat 2: civilmoose ($160.76 in chips)
civilmoose: posts small blind $1
FER69FER69: posts big blind $3
*** HOLE CARDS ***
civilmoose: raises $3 to $6
FER69FER69: calls $3
*** FLOP *** [9c 7s 3c]
FER69FER69: checks
civilmoose: bets $3
FER69FER69: calls $3
*** TURN *** [9c 7s 3c] [9d]
FER69FER69: checks
civilmoose: checks
*** RIVER *** [9c 7s 3c 9d] [8h]
FER69FER69: checks
civilmoose: bets $6
FER69FER69: calls $6
*** SHOW DOWN ***
civilmoose: shows [Jc Ks] (a pair of Nines)
FER69FER69: shows [Ac 4h] (a pair of Nines - Ace kicker)
FER69FER69 collected $29.50 from pot
*** SUMMARY ***
Total pot $30 | Rake $0.50
Board [9c 7s 3c 9d 8h]
Seat 1: FER69FER69 (big blind) showed [Ac 4h] and won ($29.50) with a pair of Nines
Seat 2: civilmoose (button) (small blind) showed [Jc Ks] and lost with a pair of Nines


PokerStars Hand #145363305809:  Hold'em Limit ($3/$6 USD) - 2015/12/14 21:55:15 ET
Table 'Peiroos' 2-max Seat #1 is the button
Seat 1: FER69FER69 ($66.17 in chips)
Seat 2: civilmoose ($145.76 in chips)
FER69FER69: posts small blind $1
civilmoose: posts big blind $3
*** HOLE CARDS ***
FER69FER69: raises $3 to $6
civilmoose: calls $3
*** FLOP *** [5d Kd Kh]
civilmoose: checks
FER69FER69: checks
*** TURN *** [5d Kd Kh] [2d]
civilmoose: checks
FER69FER69: bets $6
civilmoose: folds
Uncalled bet ($6) returned to FER69FER69
FER69FER69 collected $11.76 from pot
FER69FER69: doesn't show hand
*** SUMMARY ***
Total pot $12 | Rake $0.24
Board [5d Kd Kh 2d]
Seat 1: FER69FER69 (button) (small blind) collected ($11.76)
Seat 2: civilmoose (big blind) folded on the Turn


PokerStars Hand #145363314861:  Hold'em Limit ($3/$6 USD) - 2015/12/14 21:55:42 ET
Table 'Peiroos' 2-max Seat #2 is the button
Seat 1: FER69FER69 ($71.93 in chips)
Seat 2: civilmoose ($139.76 in chips)
civilmoose: posts small blind $1
FER69FER69: posts big blind $3
*** HOLE CARDS ***
civilmoose: raises $3 to $6
FER69FER69: folds
Uncalled bet ($3) returned to civilmoose
civilmoose collected $6 from pot
civilmoose: doesn't show hand
*** SUMMARY ***
Total pot $6 | Rake $0
Seat 1: FER69FER69 (big blind) folded before Flop
Seat 2: civilmoose (button) (small blind) collected ($6)


PokerStars Hand #145363312274:  Hold'em Limit ($3/$6 USD) - 2015/12/14 21:55:34 ET
Table 'Peiroos' 2-max Seat #1 is the button
Seat 1: FER69FER69 ($68.93 in chips)
Seat 2: civilmoose ($142.76 in chips)
FER69FER69: posts small blind $1
civilmoose: posts big blind $3
*** HOLE CARDS ***
FER69FER69: raises $3 to $6
civilmoose: folds
Uncalled bet ($3) returned to FER69FER69
FER69FER69 collected $6 from pot
FER69FER69: doesn't show hand
*** SUMMARY ***
Total pot $6 | Rake $0
Seat 1: FER69FER69 (button) (small blind) collected ($6)
Seat 2: civilmoose (big blind) folded before Flop


PokerStars Hand #145363317406:  Hold'em Limit ($3/$6 USD) - 2015/12/14 21:55:50 ET
Table 'Peiroos' 2-max Seat #1 is the button
Seat 1: FER69FER69 ($68.93 in chips)
Seat 2: civilmoose ($142.76 in chips)
FER69FER69: posts small blind $1
civilmoose: posts big blind $3
*** HOLE CARDS ***
FER69FER69: folds
Uncalled bet ($2) returned to civilmoose
civilmoose collected $2 from pot
civilmoose: doesn't show hand
*** SUMMARY ***
Total pot $2 | Rake $0
Seat 1: FER69FER69 (button) (small blind) folded before Flop
Seat 2: civilmoose (big blind) collected ($2)


PokerStars Hand #145363319503:  Hold'em Limit ($3/$6 USD) - 2015/12/14 21:55:56 ET
Table 'Peiroos' 2-max Seat #2 is the button
Seat 1: FER69FER69 ($67.93 in chips)
Seat 2: civilmoose ($143.76 in chips)
civilmoose: posts small blind $1
FER69FER69: posts big blind $3
*** HOLE CARDS ***
civilmoose: raises $3 to $6
FER69FER69: calls $3
*** FLOP *** [Ts Jc 6d]
FER69FER69: checks
civilmoose: bets $3
FER69FER69: folds
Uncalled bet ($3) returned to civilmoose
civilmoose collected $11.76 from pot
civilmoose: doesn't show hand
*** SUMMARY ***
Total pot $12 | Rake $0.24
Board [Ts Jc 6d]
Seat 1: FER69FER69 (big blind) folded on the Flop
Seat 2: civilmoose (button) (small blind) collected ($11.76)


PokerStars Hand #145363323517:  Hold'em Limit ($3/$6 USD) - 2015/12/14 21:56:08 ET
Table 'Peiroos' 2-max Seat #1 is the button
Seat 1: FER69FER69 ($61.93 in chips)
Seat 2: civilmoose ($149.52 in chips)
FER69FER69: posts small blind $1
civilmoose: posts big blind $3
*** HOLE CARDS ***
FER69FER69: folds
Uncalled bet ($2) returned to civilmoose
civilmoose collected $2 from pot
civilmoose: doesn't show hand
*** SUMMARY ***
Total pot $2 | Rake $0
Seat 1: FER69FER69 (button) (small blind) folded before Flop
Seat 2: civilmoose (big blind) collected ($2)


PokerStars Hand #145363325384:  Hold'em Limit ($3/$6 USD) - 2015/12/14 21:56:14 ET
Table 'Peiroos' 2-max Seat #2 is the button
Seat 1: FER69FER69 ($60.93 in chips)
Seat 2: civilmoose ($150.52 in chips)
civilmoose: posts small blind $1
FER69FER69: posts big blind $3
*** HOLE CARDS ***
civilmoose: raises $3 to $6
FER69FER69: raises $3 to $9
civilmoose: calls $3
*** FLOP *** [9s 4s 6h]
FER69FER69: bets $3
civilmoose: calls $3
*** TURN *** [9s 4s 6h] [Qc]
FER69FER69: bets $6
civilmoose: raises $6 to $12
FER69FER69: folds
Uncalled bet ($6) returned to civilmoose
civilmoose collected $35.50 from pot
civilmoose: doesn't show hand
*** SUMMARY ***
Total pot $36 | Rake $0.50
Board [9s 4s 6h Qc]
Seat 1: FER69FER69 (big blind) folded on the Turn
Seat 2: civilmoose (button) (small blind) collected ($35.50)


PokerStars Hand #145363310038:  Hold'em Limit ($3/$6 USD) - 2015/12/14 21:55:28 ET
Table 'Peiroos' 2-max Seat #2 is the button
Seat 1: FER69FER69 ($71.93 in chips)
Seat 2: civilmoose ($139.76 in chips)
civilmoose: posts small blind $1
FER69FER69: posts big blind $3
*** HOLE CARDS ***
civilmoose: raises $3 to $6
FER69FER69: folds
Uncalled bet ($3) returned to civilmoose
civilmoose collected $6 from pot
civilmoose: doesn't show hand
*** SUMMARY ***
Total pot $6 | Rake $0
Seat 1: FER69FER69 (big blind) folded before Flop
Seat 2: civilmoose (button) (small blind) collected ($6)


PokerStars Hand #145363335674:  Hold'em Limit ($3/$6 USD) - 2015/12/14 21:56:45 ET
Table 'Peiroos' 2-max Seat #2 is the button
Seat 1: FER69FER69 ($33.93 in chips)
Seat 2: civilmoose ($176.66 in chips)
civilmoose: posts small blind $1
FER69FER69: posts big blind $3
*** HOLE CARDS ***
civilmoose: raises $3 to $6
FER69FER69: folds
Uncalled bet ($3) returned to civilmoose
civilmoose collected $6 from pot
civilmoose: doesn't show hand
*** SUMMARY ***
Total pot $6 | Rake $0
Seat 1: FER69FER69 (big blind) folded before Flop
Seat 2: civilmoose (button) (small blind) collected ($6)


PokerStars Hand #145363330332:  Hold'em Limit ($3/$6 USD) - 2015/12/14 21:56:29 ET
Table 'Peiroos' 2-max Seat #1 is the button
Seat 1: FER69FER69 ($42.93 in chips)
Seat 2: civilmoose ($168.02 in chips)
FER69FER69: posts small blind $1
civilmoose: posts big blind $3
*** HOLE CARDS ***
FER69FER69: raises $3 to $6
civilmoose: calls $3
*** FLOP *** [9h Jh 8c]
civilmoose: checks
FER69FER69: bets $3
civilmoose: calls $3
*** TURN *** [9h Jh 8c] [7h]
civilmoose: checks
FER69FER69: checks
*** RIVER *** [9h Jh 8c 7h] [9c]
civilmoose: checks
FER69FER69: checks
*** SHOW DOWN ***
civilmoose: shows [Th 2c] (a straight, Seven to Jack)
FER69FER69: mucks hand
civilmoose collected $17.64 from pot
*** SUMMARY ***
Total pot $18 | Rake $0.36
Board [9h Jh 8c 7h 9c]
Seat 1: FER69FER69 (button) (small blind) mucked
Seat 2: civilmoose (big blind) showed [Th 2c] and won ($17.64) with a straight, Seven to Jack


PokerStars Hand #145363337820:  Hold'em Limit ($3/$6 USD) - 2015/12/14 21:56:51 ET
Table 'Peiroos' 2-max Seat #1 is the button
Seat 1: FER69FER69 ($30.93 in chips)
Seat 2: civilmoose ($179.66 in chips)
FER69FER69: posts small blind $1
civilmoose: posts big blind $3
*** HOLE CARDS ***
FER69FER69: raises $3 to $6
civilmoose: calls $3
*** FLOP *** [Th Td 3c]
civilmoose: checks
FER69FER69: checks
*** TURN *** [Th Td 3c] [9h]
civilmoose: bets $6
FER69FER69: raises $6 to $12
civilmoose: folds
Uncalled bet ($6) returned to FER69FER69
FER69FER69 collected $23.52 from pot
FER69FER69: doesn't show hand
*** SUMMARY ***
Total pot $24 | Rake $0.48
Board [Th Td 3c 9h]
Seat 1: FER69FER69 (button) (small blind) collected ($23.52)
Seat 2: civilmoose (big blind) folded on the Turn


PokerStars Hand #145363342944:  Hold'em Limit ($3/$6 USD) - 2015/12/14 21:57:07 ET
Table 'Peiroos' 2-max Seat #2 is the button
Seat 1: FER69FER69 ($42.45 in chips)
Seat 2: civilmoose ($167.66 in chips)
civilmoose: posts small blind $1
FER69FER69: posts big blind $3
*** HOLE CARDS ***
civilmoose: raises $3 to $6
FER69FER69: calls $3
*** FLOP *** [Ah Qd 3h]
FER69FER69: checks
civilmoose: bets $3
FER69FER69: calls $3
*** TURN *** [Ah Qd 3h] [4s]
FER69FER69: checks
civilmoose: checks
*** RIVER *** [Ah Qd 3h 4s] [Qh]
FER69FER69: checks
civilmoose: checks
*** SHOW DOWN ***
FER69FER69: shows [7c Kh] (a pair of Queens)
civilmoose: mucks hand
FER69FER69 collected $17.64 from pot
*** SUMMARY ***
Total pot $18 | Rake $0.36
Board [Ah Qd 3h 4s Qh]
Seat 1: FER69FER69 (big blind) showed [7c Kh] and won ($17.64) with a pair of Queens
Seat 2: civilmoose (button) (small blind) mucked


PokerStars Hand #145363348374:  Hold'em Limit ($3/$6 USD) - 2015/12/14 21:57:24 ET
Table 'Peiroos' 2-max Seat #1 is the button
Seat 1: FER69FER69 ($51.09 in chips)
Seat 2: civilmoose ($158.66 in chips)
FER69FER69: posts small blind $1
civilmoose: posts big blind $3
*** HOLE CARDS ***
FER69FER69: raises $3 to $6
civilmoose: calls $3
*** FLOP *** [5s 4h 8s]
civilmoose: checks
FER69FER69: bets $3
civilmoose: raises $3 to $6
FER69FER69: raises $3 to $9
civilmoose: calls $3
*** TURN *** [5s 4h 8s] [9c]
civilmoose: checks
FER69FER69: bets $6
civilmoose: calls $6
*** RIVER *** [5s 4h 8s 9c] [7h]
civilmoose: checks
FER69FER69: bets $6
civilmoose: folds
Uncalled bet ($6) returned to FER69FER69
FER69FER69 collected $41.50 from pot
FER69FER69: doesn't show hand
*** SUMMARY ***
Total pot $42 | Rake $0.50
Board [5s 4h 8s 9c 7h]
Seat 1: FER69FER69 (button) (small blind) collected ($41.50)
Seat 2: civilmoose (big blind) folded on the River


PokerStars Hand #145363355610:  Hold'em Limit ($3/$6 USD) - 2015/12/14 21:57:45 ET
Table 'Peiroos' 2-max Seat #2 is the button
Seat 1: FER69FER69 ($71.59 in chips)
Seat 2: civilmoose ($137.66 in chips)
civilmoose: posts small blind $1
FER69FER69: posts big blind $3
*** HOLE CARDS ***
civilmoose: raises $3 to $6
FER69FER69: calls $3
*** FLOP *** [3h Qs 2s]
FER69FER69: checks
civilmoose: bets $3
FER69FER69: folds
Uncalled bet ($3) returned to civilmoose
civilmoose collected $11.76 from pot
civilmoose: doesn't show hand
*** SUMMARY ***
Total pot $12 | Rake $0.24
Board [3h Qs 2s]
Seat 1: FER69FER69 (big blind) folded on the Flop
Seat 2: civilmoose (button) (small blind) collected ($11.76)


PokerStars Hand #145363365195:  Hold'em Limit ($3/$6 USD) - 2015/12/14 21:58:14 ET
Table 'Peiroos' 2-max Seat #2 is the button
Seat 1: FER69FER69 ($89.09 in chips)
Seat 2: civilmoose ($119.42 in chips)
civilmoose: posts small blind $1
FER69FER69: posts big blind $3
*** HOLE CARDS ***
civilmoose: raises $3 to $6
FER69FER69: folds
Uncalled bet ($3) returned to civilmoose
civilmoose collected $6 from pot
civilmoose: doesn't show hand
*** SUMMARY ***
Total pot $6 | Rake $0
Seat 1: FER69FER69 (big blind) folded before Flop
Seat 2: civilmoose (button) (small blind) collected ($6)


PokerStars Hand #145363367349:  Hold'em Limit ($3/$6 USD) - 2015/12/14 21:58:20 ET
Table 'Peiroos' 2-max Seat #1 is the button
Seat 1: FER69FER69 ($86.09 in chips)
Seat 2: civilmoose ($122.42 in chips)
FER69FER69: posts small blind $1
civilmoose: posts big blind $3
*** HOLE CARDS ***
FER69FER69: folds
Uncalled bet ($2) returned to civilmoose
civilmoose collected $2 from pot
civilmoose: doesn't show hand
*** SUMMARY ***
Total pot $2 | Rake $0
Seat 1: FER69FER69 (button) (small blind) folded before Flop
Seat 2: civilmoose (big blind) collected ($2)


PokerStars Hand #145363369072:  Hold'em Limit ($3/$6 USD) - 2015/12/14 21:58:26 ET
Table 'Peiroos' 2-max Seat #2 is the button
Seat 1: FER69FER69 ($85.09 in chips)
Seat 2: civilmoose ($123.42 in chips)
civilmoose: posts small blind $1
FER69FER69: posts big blind $3
*** HOLE CARDS ***
civilmoose: raises $3 to $6
FER69FER69: calls $3
*** FLOP *** [6h 2d Ah]
FER69FER69: checks
civilmoose: bets $3
FER69FER69: raises $3 to $6
civilmoose: calls $3
*** TURN *** [6h 2d Ah] [Ks]
FER69FER69: bets $6
civilmoose: raises $6 to $12
FER69FER69: calls $6
*** RIVER *** [6h 2d Ah Ks] [Jc]
FER69FER69: checks
civilmoose: bets $6
FER69FER69: calls $6
*** SHOW DOWN ***
civilmoose: shows [Kd 8d] (a pair of Kings)
FER69FER69: shows [Kh 8c] (a pair of Kings)
FER69FER69 collected $29.75 from pot
civilmoose collected $29.75 from pot
*** SUMMARY ***
Total pot $60 | Rake $0.50
Board [6h 2d Ah Ks Jc]
Seat 1: FER69FER69 (big blind) showed [Kh 8c] and won ($29.75) with a pair of Kings
Seat 2: civilmoose (button) (small blind) showed [Kd 8d] and won ($29.75) with a pair of Kings


PokerStars Hand #145363378186:  Hold'em Limit ($3/$6 USD) - 2015/12/14 21:58:53 ET
Table 'Peiroos' 2-max Seat #1 is the button
Seat 1: FER69FER69 ($84.84 in chips)
Seat 2: civilmoose ($123.17 in chips)
FER69FER69: posts small blind $1
civilmoose: posts big blind $3
*** HOLE CARDS ***
FER69FER69: raises $3 to $6
civilmoose: calls $3
*** FLOP *** [4s 6s Qs]
civilmoose: checks
FER69FER69: bets $3
civilmoose: raises $3 to $6
FER69FER69: raises $3 to $9
civilmoose: calls $3
*** TURN *** [4s 6s Qs] [6d]
civilmoose: bets $6
FER69FER69: raises $6 to $12
civilmoose: raises $6 to $18
FER69FER69: calls $6
*** RIVER *** [4s 6s Qs 6d] [Td]
civilmoose: bets $6
FER69FER69: calls $6
*** SHOW DOWN ***
civilmoose: shows [Jd 6h] (three of a kind, Sixes)
FER69FER69: mucks hand
civilmoose collected $77.50 from pot
*** SUMMARY ***
Total pot $78 | Rake $0.50
Board [4s 6s Qs 6d Td]
Seat 1: FER69FER69 (button) (small blind) mucked
Seat 2: civilmoose (big blind) showed [Jd 6h] and won ($77.50) with three of a kind, Sixes


PokerStars Hand #145363404628:  Hold'em Limit ($3/$6 USD) - 2015/12/14 22:00:14 ET
Table 'Peiroos' 2-max Seat #2 is the button
Seat 1: FER69FER69 ($27.59 in chips)
Seat 2: civilmoose ($178.92 in chips)
civilmoose: posts small blind $1
FER69FER69: posts big blind $3
*** HOLE CARDS ***
civilmoose: raises $3 to $6
FER69FER69: raises $3 to $9
civilmoose: calls $3
*** FLOP *** [7d Kh 9c]
FER69FER69: bets $3
civilmoose: folds
Uncalled bet ($3) returned to FER69FER69
FER69FER69 collected $17.64 from pot
FER69FER69: doesn't show hand
*** SUMMARY ***
Total pot $18 | Rake $0.36
Board [7d Kh 9c]
Seat 1: FER69FER69 (big blind) collected ($17.64)
Seat 2: civilmoose (button) (small blind) folded on the Flop


PokerStars Hand #145363387039:  Hold'em Limit ($3/$6 USD) - 2015/12/14 21:59:20 ET
Table 'Peiroos' 2-max Seat #2 is the button
Seat 1: FER69FER69 ($45.84 in chips)
Seat 2: civilmoose ($161.67 in chips)
civilmoose: posts small blind $1
FER69FER69: posts big blind $3
*** HOLE CARDS ***
civilmoose: raises $3 to $6
FER69FER69: raises $3 to $9
civilmoose: calls $3
*** FLOP *** [5c Ts 8s]
FER69FER69: bets $3
civilmoose: calls $3
*** TURN *** [5c Ts 8s] [9c]
FER69FER69: bets $6
civilmoose: raises $6 to $12
FER69FER69: folds
Uncalled bet ($6) returned to civilmoose
civilmoose collected $35.50 from pot
civilmoose: doesn't show hand
*** SUMMARY ***
Total pot $36 | Rake $0.50
Board [5c Ts 8s 9c]
Seat 1: FER69FER69 (big blind) folded on the Turn
Seat 2: civilmoose (button) (small blind) collected ($35.50)


PokerStars Hand #145363391484:  Hold'em Limit ($3/$6 USD) - 2015/12/14 21:59:34 ET
Table 'Peiroos' 2-max Seat #1 is the button
Seat 1: FER69FER69 ($27.84 in chips)
Seat 2: civilmoose ($179.17 in chips)
FER69FER69: posts small blind $1
civilmoose: posts big blind $3
*** HOLE CARDS ***
FER69FER69: raises $3 to $6
civilmoose: calls $3
*** FLOP *** [9s Qc Ks]
civilmoose: checks
FER69FER69: bets $3
civilmoose: calls $3
*** TURN *** [9s Qc Ks] [4c]
civilmoose: checks
FER69FER69: bets $6
civilmoose: calls $6
*** RIVER *** [9s Qc Ks 4c] [Ts]
civilmoose: bets $6
FER69FER69: raises $6 to $12
civilmoose: raises $6 to $18
FER69FER69: calls $0.84 and is all-in
Uncalled bet ($5.16) returned to civilmoose
*** SHOW DOWN ***
civilmoose: shows [9c Js] (a straight, Nine to King)
FER69FER69: shows [Jd 6c] (a straight, Nine to King)
civilmoose collected $27.59 from pot
FER69FER69 collected $27.59 from pot
*** SUMMARY ***
Total pot $55.68 | Rake $0.50
Board [9s Qc Ks 4c Ts]
Seat 1: FER69FER69 (button) (small blind) showed [Jd 6c] and won ($27.59) with a straight, Nine to King
Seat 2: civilmoose (big blind) showed [9c Js] and won ($27.59) with a straight, Nine to King


PokerStars Hand #145363397429:  Hold'em Limit ($3/$6 USD) - 2015/12/14 21:59:52 ET
Table 'Peiroos' 2-max Seat #2 is the button
Seat 1: FER69FER69 ($27.59 in chips)
Seat 2: civilmoose ($178.92 in chips)
civilmoose: posts small blind $1
FER69FER69: posts big blind $3
*** HOLE CARDS ***
civilmoose: raises $3 to $6
FER69FER69: folds
Uncalled bet ($3) returned to civilmoose
civilmoose collected $6 from pot
civilmoose: doesn't show hand
*** SUMMARY ***
Total pot $6 | Rake $0
Seat 1: FER69FER69 (big blind) folded before Flop
Seat 2: civilmoose (button) (small blind) collected ($6)


PokerStars Hand #145363402297:  Hold'em Limit ($3/$6 USD) - 2015/12/14 22:00:07 ET
Table 'Peiroos' 2-max Seat #1 is the button
Seat 1: FER69FER69 ($24.59 in chips)
Seat 2: civilmoose ($181.92 in chips)
FER69FER69: posts small blind $1
civilmoose: posts big blind $3
*** HOLE CARDS ***
FER69FER69: raises $3 to $6
civilmoose: folds
Uncalled bet ($3) returned to FER69FER69
FER69FER69 collected $6 from pot
FER69FER69: doesn't show hand
*** SUMMARY ***
Total pot $6 | Rake $0
Seat 1: FER69FER69 (button) (small blind) collected ($6)
Seat 2: civilmoose (big blind) folded before Flop


PokerStars Hand #145363410883:  Hold'em Limit ($3/$6 USD) - 2015/12/14 22:00:32 ET
Table 'Peiroos' 2-max Seat #1 is the button
Seat 1: FER69FER69 ($36.23 in chips)
Seat 2: civilmoose ($169.92 in chips)
FER69FER69: posts small blind $1
civilmoose: posts big blind $3
*** HOLE CARDS ***
FER69FER69: folds
Uncalled bet ($2) returned to civilmoose
civilmoose collected $2 from pot
civilmoose: doesn't show hand
*** SUMMARY ***
Total pot $2 | Rake $0
Seat 1: FER69FER69 (button) (small blind) folded before Flop
Seat 2: civilmoose (big blind) collected ($2)


PokerStars Hand #145363412706:  Hold'em Limit ($3/$6 USD) - 2015/12/14 22:00:38 ET
Table 'Peiroos' 2-max Seat #2 is the button
Seat 1: FER69FER69 ($35.23 in chips)
Seat 2: civilmoose ($170.92 in chips)
civilmoose: posts small blind $1
FER69FER69: posts big blind $3
*** HOLE CARDS ***
civilmoose: raises $3 to $6
FER69FER69: calls $3
*** FLOP *** [5h Qd 3c]
FER69FER69: checks
civilmoose: bets $3
FER69FER69: folds
Uncalled bet ($3) returned to civilmoose
civilmoose collected $11.76 from pot
civilmoose: doesn't show hand
*** SUMMARY ***
Total pot $12 | Rake $0.24
Board [5h Qd 3c]
Seat 1: FER69FER69 (big blind) folded on the Flop
Seat 2: civilmoose (button) (small blind) collected ($11.76)


PokerStars Hand #145363417008:  Hold'em Limit ($3/$6 USD) - 2015/12/14 22:00:50 ET
Table 'Peiroos' 2-max Seat #1 is the button
Seat 1: FER69FER69 ($29.23 in chips)
Seat 2: civilmoose ($176.68 in chips)
FER69FER69: posts small blind $1
civilmoose: posts big blind $3
*** HOLE CARDS ***
FER69FER69: raises $3 to $6
civilmoose: calls $3
*** FLOP *** [Tc 5d Jh]
civilmoose: checks
FER69FER69: bets $3
civilmoose: calls $3
*** TURN *** [Tc 5d Jh] [Td]
civilmoose: checks
FER69FER69: bets $6
civilmoose: calls $6
*** RIVER *** [Tc 5d Jh Td] [9c]
civilmoose: checks
FER69FER69: bets $6
civilmoose: folds
Uncalled bet ($6) returned to FER69FER69
FER69FER69 collected $29.50 from pot
FER69FER69: doesn't show hand
*** SUMMARY ***
Total pot $30 | Rake $0.50
Board [Tc 5d Jh Td 9c]
Seat 1: FER69FER69 (button) (small blind) collected ($29.50)
Seat 2: civilmoose (big blind) folded on the River


PokerStars Hand #145363424312:  Hold'em Limit ($3/$6 USD) - 2015/12/14 22:01:11 ET
Table 'Peiroos' 2-max Seat #2 is the button
Seat 1: FER69FER69 ($43.73 in chips)
Seat 2: civilmoose ($161.68 in chips)
civilmoose: posts small blind $1
FER69FER69: posts big blind $3
*** HOLE CARDS ***
civilmoose: folds
Uncalled bet ($2) returned to FER69FER69
FER69FER69 collected $2 from pot
FER69FER69: doesn't show hand
*** SUMMARY ***
Total pot $2 | Rake $0
Seat 1: FER69FER69 (big blind) collected ($2)
Seat 2: civilmoose (button) (small blind) folded before Flop


PokerStars Hand #145363426228:  Hold'em Limit ($3/$6 USD) - 2015/12/14 22:01:16 ET
Table 'Peiroos' 2-max Seat #1 is the button
Seat 1: FER69FER69 ($44.73 in chips)
Seat 2: civilmoose ($160.68 in chips)
FER69FER69: posts small blind $1
civilmoose: posts big blind $3
*** HOLE CARDS ***
FER69FER69: calls $2
civilmoose: checks
*** FLOP *** [3c Qd 3d]
civilmoose: checks
FER69FER69: bets $3
civilmoose: raises $3 to $6
FER69FER69: calls $3
*** TURN *** [3c Qd 3d] [4s]
civilmoose: bets $6
FER69FER69: calls $6
*** RIVER *** [3c Qd 3d 4s] [Ks]
civilmoose: checks
FER69FER69: bets $6
civilmoose: folds
Uncalled bet ($6) returned to FER69FER69
FER69FER69 collected $29.50 from pot
FER69FER69: doesn't show hand
*** SUMMARY ***
Total pot $30 | Rake $0.50
Board [3c Qd 3d 4s Ks]
Seat 1: FER69FER69 (button) (small blind) collected ($29.50)
Seat 2: civilmoose (big blind) folded on the River


PokerStars Hand #145363435798:  Hold'em Limit ($3/$6 USD) - 2015/12/14 22:01:42 ET
Table 'Peiroos' 2-max Seat #2 is the button
Seat 1: FER69FER69 ($59.23 in chips)
Seat 2: civilmoose ($145.68 in chips)
civilmoose: posts small blind $1
FER69FER69: posts big blind $3
*** HOLE CARDS ***
civilmoose: raises $3 to $6
FER69FER69: raises $3 to $9
civilmoose: raises $3 to $12
Betting is capped
FER69FER69: calls $3
*** FLOP *** [Td Tc 4s]
FER69FER69: bets $3
civilmoose: calls $3
*** TURN *** [Td Tc 4s] [8d]
FER69FER69: checks
civilmoose: bets $6
FER69FER69: raises $6 to $12
civilmoose: calls $6
*** RIVER *** [Td Tc 4s 8d] [4c]
FER69FER69: bets $6
civilmoose: raises $6 to $12
FER69FER69: calls $6
*** SHOW DOWN ***
civilmoose: shows [Ts Ac] (a full house, Tens full of Fours)
FER69FER69: mucks hand
civilmoose collected $77.50 from pot
*** SUMMARY ***
Total pot $78 | Rake $0.50
Board [Td Tc 4s 8d 4c]
Seat 1: FER69FER69 (big blind) mucked
Seat 2: civilmoose (button) (small blind) showed [Ts Ac] and won ($77.50) with a full house, Tens full of Fours


PokerStars Hand #145363446476:  Hold'em Limit ($3/$6 USD) - 2015/12/14 22:02:10 ET
Table 'Peiroos' 2-max Seat #1 is the button
Seat 1: FER69FER69 ($20.23 in chips)
Seat 2: civilmoose ($184.18 in chips)
FER69FER69: posts small blind $1
civilmoose: posts big blind $3
*** HOLE CARDS ***
FER69FER69: raises $3 to $6
civilmoose: calls $3
*** FLOP *** [6c Kc Jc]
civilmoose: checks
FER69FER69: bets $3
civilmoose: raises $3 to $6
FER69FER69: raises $3 to $9
civilmoose: raises $3 to $12
Betting is capped
FER69FER69: calls $3
*** TURN *** [6c Kc Jc] [9c]
civilmoose: bets $6
FER69FER69: calls $2.23 and is all-in
Uncalled bet ($3.77) returned to civilmoose
*** RIVER *** [6c Kc Jc 9c] [9s]
*** SHOW DOWN ***
civilmoose: shows [7h Kd] (two pair, Kings and Nines)
FER69FER69: shows [Kh 3d] (two pair, Kings and Nines)
civilmoose collected $19.98 from pot
FER69FER69 collected $19.98 from pot
*** SUMMARY ***
Total pot $40.46 | Rake $0.50
Board [6c Kc Jc 9c 9s]
Seat 1: FER69FER69 (button) (small blind) showed [Kh 3d] and won ($19.98) with two pair, Kings and Nines
Seat 2: civilmoose (big blind) showed [7h Kd] and won ($19.98) with two pair, Kings and Nines


PokerStars Hand #145363455251:  Hold'em Limit ($3/$6 USD) - 2015/12/14 22:02:34 ET
Table 'Peiroos' 2-max Seat #2 is the button
Seat 1: FER69FER69 ($19.98 in chips)
Seat 2: civilmoose ($183.93 in chips)
civilmoose: posts small blind $1
FER69FER69: posts big blind $3
*** HOLE CARDS ***
civilmoose: raises $3 to $6
FER69FER69: calls $3
*** FLOP *** [Qc 6c 4s]
FER69FER69: checks
civilmoose: bets $3
FER69FER69: raises $3 to $6
civilmoose: calls $3
*** TURN *** [Qc 6c 4s] [2s]
FER69FER69: bets $6
civilmoose: calls $6
*** RIVER *** [Qc 6c 4s 2s] [7h]
FER69FER69: bets $1.98 and is all-in
civilmoose: calls $1.98
*** SHOW DOWN ***
FER69FER69: shows [6d 2d] (two pair, Sixes and Deuces)
civilmoose: shows [9c Jh] (high card Queen)
FER69FER69 collected $39.46 from pot
*** SUMMARY ***
Total pot $39.96 | Rake $0.50
Board [Qc 6c 4s 2s 7h]
Seat 1: FER69FER69 (big blind) showed [6d 2d] and won ($39.46) with two pair, Sixes and Deuces
Seat 2: civilmoose (button) (small blind) showed [9c Jh] and lost with high card Queen


PokerStars Hand #145363462574:  Hold'em Limit ($3/$6 USD) - 2015/12/14 22:02:53 ET
Table 'Peiroos' 2-max Seat #1 is the button
Seat 1: FER69FER69 ($39.46 in chips)
Seat 2: civilmoose ($163.95 in chips)
FER69FER69: posts small blind $1
civilmoose: posts big blind $3
*** HOLE CARDS ***
FER69FER69: raises $3 to $6
civilmoose: raises $3 to $9
FER69FER69: calls $3
*** FLOP *** [6s 8s Ks]
civilmoose: bets $3
FER69FER69: folds
Uncalled bet ($3) returned to civilmoose
civilmoose collected $17.64 from pot
civilmoose: doesn't show hand
*** SUMMARY ***
Total pot $18 | Rake $0.36
Board [6s 8s Ks]
Seat 1: FER69FER69 (button) (small blind) folded on the Flop
Seat 2: civilmoose (big blind) collected ($17.64)


PokerStars Hand #145363486700:  Hold'em Limit ($3/$6 USD) - 2015/12/14 22:03:56 ET
Table 'Peiroos' 2-max Seat #2 is the button
Seat 1: FER69FER69 ($33.10 in chips)
Seat 2: civilmoose ($169.35 in chips)
civilmoose: posts small blind $1
FER69FER69: posts big blind $3
*** HOLE CARDS ***
civilmoose: raises $3 to $6
FER69FER69: calls $3
*** FLOP *** [Qd 3s 2d]
FER69FER69: checks
civilmoose: bets $3
FER69FER69: raises $3 to $6
civilmoose: calls $3
*** TURN *** [Qd 3s 2d] [Qs]
FER69FER69: bets $6
civilmoose: calls $6
*** RIVER *** [Qd 3s 2d Qs] [8d]
FER69FER69: checks
civilmoose: checks
*** SHOW DOWN ***
FER69FER69: shows [6c 5c] (a pair of Queens)
civilmoose: shows [As 5s] (a pair of Queens - Ace kicker)
civilmoose collected $35.50 from pot
*** SUMMARY ***
Total pot $36 | Rake $0.50
Board [Qd 3s 2d Qs 8d]
Seat 1: FER69FER69 (big blind) showed [6c 5c] and lost with a pair of Queens
Seat 2: civilmoose (button) (small blind) showed [As 5s] and won ($35.50) with a pair of Queens


PokerStars Hand #145363481048:  Hold'em Limit ($3/$6 USD) - 2015/12/14 22:03:41 ET
Table 'Peiroos' 2-max Seat #1 is the button
Seat 1: FER69FER69 ($24.46 in chips)
Seat 2: civilmoose ($178.35 in chips)
FER69FER69: posts small blind $1
civilmoose: posts big blind $3
*** HOLE CARDS ***
FER69FER69: raises $3 to $6
civilmoose: calls $3
*** FLOP *** [Kc 2d 9s]
civilmoose: checks
FER69FER69: bets $3
civilmoose: calls $3
*** TURN *** [Kc 2d 9s] [6d]
civilmoose: checks
FER69FER69: bets $6
civilmoose: folds
Uncalled bet ($6) returned to FER69FER69
FER69FER69 collected $17.64 from pot
FER69FER69: doesn't show hand
*** SUMMARY ***
Total pot $18 | Rake $0.36
Board [Kc 2d 9s 6d]
Seat 1: FER69FER69 (button) (small blind) collected ($17.64)
Seat 2: civilmoose (big blind) folded on the Turn


PokerStars Hand #145363473611:  Hold'em Limit ($3/$6 USD) - 2015/12/14 22:03:22 ET
Table 'Peiroos' 2-max Seat #2 is the button
Seat 1: FER69FER69 ($30.46 in chips)
Seat 2: civilmoose ($172.59 in chips)
civilmoose: posts small blind $1
FER69FER69: posts big blind $3
*** HOLE CARDS ***
civilmoose: raises $3 to $6
FER69FER69: calls $3
*** FLOP *** [2d Td 4c]
FER69FER69: checks
civilmoose: bets $3
FER69FER69: folds
Uncalled bet ($3) returned to civilmoose
civilmoose collected $11.76 from pot
civilmoose: doesn't show hand
*** SUMMARY ***
Total pot $12 | Rake $0.24
Board [2d Td 4c]
Seat 1: FER69FER69 (big blind) folded on the Flop
Seat 2: civilmoose (button) (small blind) collected ($11.76)


PokerStars Hand #145363493170:  Hold'em Limit ($3/$6 USD) - 2015/12/14 22:04:12 ET
Table 'Peiroos' 2-max Seat #1 is the button
Seat 1: FER69FER69 ($15.10 in chips)
Seat 2: civilmoose ($186.85 in chips)
FER69FER69: posts small blind $1
civilmoose: posts big blind $3
*** HOLE CARDS ***
FER69FER69: raises $3 to $6
civilmoose: raises $3 to $9
FER69FER69: calls $3
*** FLOP *** [Jd Jh Qd]
civilmoose: bets $3
FER69FER69: calls $3
*** TURN *** [Jd Jh Qd] [Qc]
civilmoose: bets $6
FER69FER69: calls $3.10 and is all-in
Uncalled bet ($2.90) returned to civilmoose
*** RIVER *** [Jd Jh Qd Qc] [2c]
*** SHOW DOWN ***
civilmoose: shows [Js As] (a full house, Jacks full of Queens)
FER69FER69: shows [3h Th] (two pair, Queens and Jacks)
civilmoose collected $29.70 from pot
*** SUMMARY ***
Total pot $30.20 | Rake $0.50
Board [Jd Jh Qd Qc 2c]
Seat 1: FER69FER69 (button) (small blind) showed [3h Th] and lost with two pair, Queens and Jacks
Seat 2: civilmoose (big blind) showed [Js As] and won ($29.70) with a full house, Jacks full of Queens


