PokerStars Hand #176538840344:  Hold'em Limit ($3/$6 USD) - 2017/10/05 17:33:53 ET
Table 'Peitho II' 6-max Seat #3 is the button
Seat 3: fugu82 ($104.52 in chips)
Seat 4: Actionni13 ($163.82 in chips)
fugu82: posts small blind $1
Actionni13: posts big blind $3
*** HOLE CARDS ***
fugu82: raises $3 to $6
Actionni13: calls $3
*** FLOP *** [4h Kd Ad]
Actionni13: checks
fugu82: bets $3
Actionni13: folds
Uncalled bet ($3) returned to fugu82
fugu82 collected $11.76 from pot
fugu82: doesn't show hand
*** SUMMARY ***
Total pot $12 | Rake $0.24
Board [4h Kd Ad]
Seat 3: fugu82 (button) (small blind) collected ($11.76)
Seat 4: Actionni13 (big blind) folded on the Flop


PokerStars Hand #176538850900:  Hold'em Limit ($3/$6 USD) - 2017/10/05 17:34:07 ET
Table 'Peitho II' 6-max Seat #4 is the button
Seat 3: fugu82 ($110.28 in chips)
Seat 4: Actionni13 ($157.82 in chips)
Actionni13: posts small blind $1
fugu82: posts big blind $3
*** HOLE CARDS ***
Actionni13: raises $3 to $6
fugu82: calls $3
*** FLOP *** [3d 5h 5c]
fugu82: checks
Actionni13: checks
*** TURN *** [3d 5h 5c] [6d]
fugu82: bets $6
Actionni13: raises $6 to $12
fugu82: calls $6
*** RIVER *** [3d 5h 5c 6d] [6s]
fugu82: checks
Actionni13: bets $6
fugu82: folds
Uncalled bet ($6) returned to Actionni13
Actionni13 collected $35.50 from pot
Actionni13: doesn't show hand
*** SUMMARY ***
Total pot $36 | Rake $0.50
Board [3d 5h 5c 6d 6s]
Seat 3: fugu82 (big blind) folded on the River
Seat 4: Actionni13 (button) (small blind) collected ($35.50)


PokerStars Hand #176538870398:  Hold'em Limit ($3/$6 USD) - 2017/10/05 17:34:34 ET
Table 'Peitho II' 6-max Seat #3 is the button
Seat 3: fugu82 ($92.28 in chips)
Seat 4: Actionni13 ($175.32 in chips)
fugu82: posts small blind $1
Actionni13: posts big blind $3
*** HOLE CARDS ***
fugu82: raises $3 to $6
Actionni13: calls $3
*** FLOP *** [8c 6h Qh]
Actionni13: checks
fugu82: bets $3
Actionni13: calls $3
*** TURN *** [8c 6h Qh] [Ad]
Actionni13: checks
fugu82: bets $6
Actionni13: folds
Uncalled bet ($6) returned to fugu82
fugu82 collected $17.64 from pot
fugu82: doesn't show hand
*** SUMMARY ***
Total pot $18 | Rake $0.36
Board [8c 6h Qh Ad]
Seat 3: fugu82 (button) (small blind) collected ($17.64)
Seat 4: Actionni13 (big blind) folded on the Turn


PokerStars Hand #176538903614:  Hold'em Limit ($3/$6 USD) - 2017/10/05 17:35:19 ET
Table 'Peitho II' 6-max Seat #4 is the button
Seat 3: fugu82 ($100.92 in chips)
Seat 4: Actionni13 ($166.32 in chips)
Actionni13: posts small blind $1
fugu82: posts big blind $3
*** HOLE CARDS ***
Actionni13: raises $3 to $6
fugu82: calls $3
*** FLOP *** [Jh 5d Ad]
fugu82: checks
Actionni13: bets $3
fugu82: folds
Uncalled bet ($3) returned to Actionni13
Actionni13 collected $11.76 from pot
Actionni13: doesn't show hand
*** SUMMARY ***
Total pot $12 | Rake $0.24
Board [Jh 5d Ad]
Seat 3: fugu82 (big blind) folded on the Flop
Seat 4: Actionni13 (button) (small blind) collected ($11.76)


PokerStars Hand #176538912574:  Hold'em Limit ($3/$6 USD) - 2017/10/05 17:35:32 ET
Table 'Peitho II' 6-max Seat #3 is the button
Seat 3: fugu82 ($94.92 in chips)
Seat 4: Actionni13 ($172.08 in chips)
fugu82: posts small blind $1
Actionni13: posts big blind $3
*** HOLE CARDS ***
fugu82: raises $3 to $6
Actionni13: calls $3
*** FLOP *** [Ac 9s 3d]
Actionni13: checks
fugu82: bets $3
Actionni13: calls $3
*** TURN *** [Ac 9s 3d] [4h]
Actionni13: checks
fugu82: bets $6
Actionni13: calls $6
*** RIVER *** [Ac 9s 3d 4h] [Qs]
Actionni13: checks
fugu82: bets $6
Actionni13: calls $6
*** SHOW DOWN ***
fugu82: shows [Kc Kd] (a pair of Kings)
Actionni13: shows [Ad 5h] (a pair of Aces)
Actionni13 collected $41.50 from pot
*** SUMMARY ***
Total pot $42 | Rake $0.50
Board [Ac 9s 3d 4h Qs]
Seat 3: fugu82 (button) (small blind) showed [Kc Kd] and lost with a pair of Kings
Seat 4: Actionni13 (big blind) showed [Ad 5h] and won ($41.50) with a pair of Aces


PokerStars Hand #176538944330:  Hold'em Limit ($3/$6 USD) - 2017/10/05 17:36:15 ET
Table 'Peitho II' 6-max Seat #3 is the button
Seat 3: fugu82 ($82.56 in chips)
Seat 4: Actionni13 ($183.58 in chips)
fugu82: posts small blind $1
Actionni13: posts big blind $3
*** HOLE CARDS ***
fugu82: raises $3 to $6
Actionni13: calls $3
*** FLOP *** [3c Jh 8h]
Actionni13: checks
fugu82: bets $3
Actionni13: folds
Uncalled bet ($3) returned to fugu82
fugu82 collected $11.76 from pot
fugu82: doesn't show hand
*** SUMMARY ***
Total pot $12 | Rake $0.24
Board [3c Jh 8h]
Seat 3: fugu82 (button) (small blind) collected ($11.76)
Seat 4: Actionni13 (big blind) folded on the Flop


PokerStars Hand #176538931281:  Hold'em Limit ($3/$6 USD) - 2017/10/05 17:35:57 ET
Table 'Peitho II' 6-max Seat #4 is the button
Seat 3: fugu82 ($73.92 in chips)
Seat 4: Actionni13 ($192.58 in chips)
Actionni13: posts small blind $1
fugu82: posts big blind $3
*** HOLE CARDS ***
Actionni13: raises $3 to $6
fugu82: calls $3
*** FLOP *** [Jd Kd 4c]
fugu82: checks
Actionni13: bets $3
fugu82: raises $3 to $6
Actionni13: folds
Uncalled bet ($3) returned to fugu82
fugu82 collected $17.64 from pot
fugu82: doesn't show hand
*** SUMMARY ***
Total pot $18 | Rake $0.36
Board [Jd Kd 4c]
Seat 3: fugu82 (big blind) collected ($17.64)
Seat 4: Actionni13 (button) (small blind) folded on the Flop


PokerStars Hand #176538988552:  Hold'em Limit ($3/$6 USD) - 2017/10/05 17:37:15 ET
Table 'Peitho II' 6-max Seat #3 is the button
Seat 3: fugu82 ($105.82 in chips)
Seat 4: Actionni13 ($159.58 in chips)
fugu82: posts small blind $1
Actionni13: posts big blind $3
*** HOLE CARDS ***
fugu82: folds
Uncalled bet ($2) returned to Actionni13
Actionni13 collected $2 from pot
*** SUMMARY ***
Total pot $2 | Rake $0
Seat 3: fugu82 (button) (small blind) folded before Flop
Seat 4: Actionni13 (big blind) collected ($2)


PokerStars Hand #176538955667:  Hold'em Limit ($3/$6 USD) - 2017/10/05 17:36:30 ET
Table 'Peitho II' 6-max Seat #4 is the button
Seat 3: fugu82 ($88.32 in chips)
Seat 4: Actionni13 ($177.58 in chips)
Actionni13: posts small blind $1
fugu82: posts big blind $3
*** HOLE CARDS ***
Actionni13: raises $3 to $6
fugu82: calls $3
*** FLOP *** [2h 9h Qh]
fugu82: checks
Actionni13: checks
*** TURN *** [2h 9h Qh] [4s]
fugu82: bets $6
Actionni13: calls $6
*** RIVER *** [2h 9h Qh 4s] [6d]
fugu82: bets $6
Actionni13: calls $6
*** SHOW DOWN ***
fugu82: shows [8d 9c] (a pair of Nines)
Actionni13: mucks hand
fugu82 collected $35.50 from pot
*** SUMMARY ***
Total pot $36 | Rake $0.50
Board [2h 9h Qh 4s 6d]
Seat 3: fugu82 (big blind) showed [8d 9c] and won ($35.50) with a pair of Nines
Seat 4: Actionni13 (button) (small blind) mucked


PokerStars Hand #176539046031:  Hold'em Limit ($3/$6 USD) - 2017/10/05 17:38:34 ET
Table 'Peitho II' 6-max Seat #4 is the button
Seat 3: fugu82 ($109.46 in chips)
Seat 4: Actionni13 ($155.34 in chips)
Actionni13: posts small blind $1
fugu82: posts big blind $3
*** HOLE CARDS ***
Actionni13: folds
Uncalled bet ($2) returned to fugu82
fugu82 collected $2 from pot
fugu82: doesn't show hand
*** SUMMARY ***
Total pot $2 | Rake $0
Seat 3: fugu82 (big blind) collected ($2)
Seat 4: Actionni13 (button) (small blind) folded before Flop


PokerStars Hand #176539025219:  Hold'em Limit ($3/$6 USD) - 2017/10/05 17:38:05 ET
Table 'Peitho II' 6-max Seat #3 is the button
Seat 3: fugu82 ($106.46 in chips)
Seat 4: Actionni13 ($158.34 in chips)
fugu82: posts small blind $1
Actionni13: posts big blind $3
*** HOLE CARDS ***
fugu82: raises $3 to $6
Actionni13: folds
Uncalled bet ($3) returned to fugu82
fugu82 collected $6 from pot
fugu82: doesn't show hand
*** SUMMARY ***
Total pot $6 | Rake $0
Seat 3: fugu82 (button) (small blind) collected ($6)
Seat 4: Actionni13 (big blind) folded before Flop


PokerStars Hand #176539010995:  Hold'em Limit ($3/$6 USD) - 2017/10/05 17:37:46 ET
Table 'Peitho II' 6-max Seat #4 is the button
Seat 3: fugu82 ($112.46 in chips)
Seat 4: Actionni13 ($152.58 in chips)
Actionni13: posts small blind $1
fugu82: posts big blind $3
*** HOLE CARDS ***
Actionni13: raises $3 to $6
fugu82: calls $3
*** FLOP *** [5h 5s Ks]
fugu82: checks
Actionni13: bets $3
fugu82: folds
Uncalled bet ($3) returned to Actionni13
Actionni13 collected $11.76 from pot
Actionni13: doesn't show hand
*** SUMMARY ***
Total pot $12 | Rake $0.24
Board [5h 5s Ks]
Seat 3: fugu82 (big blind) folded on the Flop
Seat 4: Actionni13 (button) (small blind) collected ($11.76)


PokerStars Hand #176539051456:  Hold'em Limit ($3/$6 USD) - 2017/10/05 17:38:41 ET
Table 'Peitho II' 6-max Seat #3 is the button
Seat 3: fugu82 ($110.46 in chips)
Seat 4: Actionni13 ($154.34 in chips)
fugu82: posts small blind $1
Actionni13: posts big blind $3
*** HOLE CARDS ***
uglyghost101 joins the table at seat #1
fugu82: raises $3 to $6
Actionni13: calls $3
*** FLOP *** [3s Qc Kc]
Actionni13: checks
fugu82: bets $3
Actionni13: folds
Uncalled bet ($3) returned to fugu82
fugu82 collected $11.76 from pot
fugu82: doesn't show hand
*** SUMMARY ***
Total pot $12 | Rake $0.24
Board [3s Qc Kc]
Seat 3: fugu82 (button) (small blind) collected ($11.76)
Seat 4: Actionni13 (big blind) folded on the Flop


