PokerStars Hand #162971910043:  Hold'em Limit ($3/$6 USD) - 2016/12/15 5:15:44 ET
Table 'Peitho' 6-max Seat #4 is the button
Seat 4: Agrotait ($69 in chips)
Seat 6: HAOYUN88888 ($39.09 in chips)
Agrotait: posts small blind $1
HAOYUN88888: posts big blind $3
*** HOLE CARDS ***
Agrotait: raises $3 to $6
HAOYUN88888: calls $3
*** FLOP *** [8s 7s Jh]
HAOYUN88888: checks
Agrotait: bets $3
HAOYUN88888: raises $3 to $6
Agrotait: calls $3
*** TURN *** [8s 7s Jh] [Ah]
HAOYUN88888: checks
Agrotait: checks
*** RIVER *** [8s 7s Jh Ah] [9d]
HAOYUN88888: bets $6
Agrotait: calls $6
*** SHOW DOWN ***
HAOYUN88888: shows [6s 2s] (high card Ace)
Agrotait: shows [9h Qh] (a pair of Nines)
Agrotait collected $35.50 from pot
*** SUMMARY ***
Total pot $36 | Rake $0.50
Board [8s 7s Jh Ah 9d]
Seat 4: Agrotait (button) (small blind) showed [9h Qh] and won ($35.50) with a pair of Nines
Seat 6: HAOYUN88888 (big blind) showed [6s 2s] and lost with high card Ace


PokerStars Hand #162971903273:  Hold'em Limit ($3/$6 USD) - 2016/12/15 5:15:27 ET
Table 'Peitho' 6-max Seat #6 is the button
Seat 4: Agrotait ($72 in chips)
Seat 6: HAOYUN88888 ($36.09 in chips)
HAOYUN88888: posts small blind $1
Agrotait: posts big blind $3
*** HOLE CARDS ***
HAOYUN88888: raises $3 to $6
B_loJkl joins the table at seat #1
Agrotait: folds
Uncalled bet ($3) returned to HAOYUN88888
HAOYUN88888 collected $6 from pot
HAOYUN88888: doesn't show hand
*** SUMMARY ***
Total pot $6 | Rake $0
Seat 4: Agrotait (big blind) folded before Flop
Seat 6: HAOYUN88888 (button) (small blind) collected ($6)


