PokerStars Hand #165544068377:  Hold'em Limit ($3/$6 USD) - 2017/02/02 1:27:42 ET
Table 'Peitho' 6-max Seat #4 is the button
Seat 3: habari786 ($59 in chips)
Seat 4: Agrotait ($73 in chips)
Agrotait: posts small blind $1
habari786: posts big blind $3
*** HOLE CARDS ***
Agrotait: raises $3 to $6
habari786: raises $3 to $9
Agrotait: calls $3
*** FLOP *** [2h Tc 5d]
habari786: bets $3
Agrotait: calls $3
*** TURN *** [2h Tc 5d] [7s]
habari786: bets $6
Agrotait: folds
Uncalled bet ($6) returned to habari786
habari786 collected $23.52 from pot
habari786: doesn't show hand
*** SUMMARY ***
Total pot $24 | Rake $0.48
Board [2h Tc 5d 7s]
Seat 3: habari786 (big blind) collected ($23.52)
Seat 4: Agrotait (button) (small blind) folded on the Turn


PokerStars Hand #165544076282:  Hold'em Limit ($3/$6 USD) - 2017/02/02 1:28:11 ET
Table 'Peitho' 6-max Seat #3 is the button
Seat 3: habari786 ($70.52 in chips)
Seat 4: Agrotait ($61 in chips)
habari786: posts small blind $1
Agrotait: posts big blind $3
*** HOLE CARDS ***
habari786: raises $3 to $6
Agrotait: calls $3
*** FLOP *** [3s 4c Ac]
Agrotait: checks
habari786: bets $3
Agrotait: calls $3
*** TURN *** [3s 4c Ac] [4s]
Agrotait: checks
habari786: checks
*** RIVER *** [3s 4c Ac 4s] [3h]
Agrotait: checks
habari786: checks
*** SHOW DOWN ***
Agrotait: shows [9h 5s] (two pair, Fours and Threes)
habari786: shows [Qd 2d] (two pair, Fours and Threes)
Agrotait collected $8.82 from pot
habari786 collected $8.82 from pot
*** SUMMARY ***
Total pot $18 | Rake $0.36
Board [3s 4c Ac 4s 3h]
Seat 3: habari786 (button) (small blind) showed [Qd 2d] and won ($8.82) with two pair, Fours and Threes
Seat 4: Agrotait (big blind) showed [9h 5s] and won ($8.82) with two pair, Fours and Threes


PokerStars Hand #165544096588:  Hold'em Limit ($3/$6 USD) - 2017/02/02 1:29:28 ET
Table 'Peitho' 6-max Seat #4 is the button
Seat 3: habari786 ($83.84 in chips)
Seat 4: Agrotait ($73 in chips)
Agrotait: posts small blind $1
habari786: posts big blind $3
*** HOLE CARDS ***
Agrotait: raises $3 to $6
habari786: folds
Uncalled bet ($3) returned to Agrotait
Agrotait collected $6 from pot
Agrotait: doesn't show hand
*** SUMMARY ***
Total pot $6 | Rake $0
Seat 3: habari786 (big blind) folded before Flop
Seat 4: Agrotait (button) (small blind) collected ($6)


PokerStars Hand #165544095079:  Hold'em Limit ($3/$6 USD) - 2017/02/02 1:29:23 ET
Table 'Peitho' 6-max Seat #3 is the button
Seat 3: habari786 ($84.84 in chips)
Seat 4: Agrotait ($72 in chips)
habari786: posts small blind $1
Agrotait: posts big blind $3
*** HOLE CARDS ***
habari786: folds
Uncalled bet ($2) returned to Agrotait
Agrotait collected $2 from pot
Agrotait: doesn't show hand
*** SUMMARY ***
Total pot $2 | Rake $0
Seat 3: habari786 (button) (small blind) folded before Flop
Seat 4: Agrotait (big blind) collected ($2)


PokerStars Hand #165544082633:  Hold'em Limit ($3/$6 USD) - 2017/02/02 1:28:35 ET
Table 'Peitho' 6-max Seat #4 is the button
Seat 3: habari786 ($70.34 in chips)
Seat 4: Agrotait ($60.82 in chips)
Agrotait: posts small blind $1
habari786: posts big blind $3
*** HOLE CARDS ***
Agrotait: raises $3 to $6
habari786: calls $3
*** FLOP *** [9h 2c 7h]
habari786: checks
Agrotait: bets $3
habari786: calls $3
*** TURN *** [9h 2c 7h] [9s]
habari786: checks
Agrotait: checks
*** RIVER *** [9h 2c 7h 9s] [3h]
habari786: bets $6
Agrotait: calls $6
*** SHOW DOWN ***
habari786: shows [Kc 3c] (two pair, Nines and Threes)
Agrotait: mucks hand
habari786 collected $29.50 from pot
*** SUMMARY ***
Total pot $30 | Rake $0.50
Board [9h 2c 7h 9s 3h]
Seat 3: habari786 (big blind) showed [Kc 3c] and won ($29.50) with two pair, Nines and Threes
Seat 4: Agrotait (button) (small blind) mucked


PokerStars Hand #165544123205:  Hold'em Limit ($3/$6 USD) - 2017/02/02 1:31:08 ET
Table 'Peitho' 6-max Seat #3 is the button
Seat 3: habari786 ($95.01 in chips)
Seat 4: Agrotait ($89.50 in chips)
habari786: posts small blind $1
Agrotait: posts big blind $3
*** HOLE CARDS ***
habari786: folds
Uncalled bet ($2) returned to Agrotait
Agrotait collected $2 from pot
Agrotait: doesn't show hand
*** SUMMARY ***
Total pot $2 | Rake $0
Seat 3: habari786 (button) (small blind) folded before Flop
Seat 4: Agrotait (big blind) collected ($2)


PokerStars Hand #165544098817:  Hold'em Limit ($3/$6 USD) - 2017/02/02 1:29:37 ET
Table 'Peitho' 6-max Seat #3 is the button
Seat 3: habari786 ($80.84 in chips)
Seat 4: Agrotait ($76 in chips)
habari786: posts small blind $1
Agrotait: posts big blind $3
*** HOLE CARDS ***
habari786: raises $3 to $6
Agrotait: calls $3
*** FLOP *** [2s 8h 2h]
Fiskpinnen89 joins the table at seat #2
Agrotait: checks
habari786: bets $3
Agrotait: calls $3
*** TURN *** [2s 8h 2h] [5d]
Agrotait: checks
habari786: checks
*** RIVER *** [2s 8h 2h 5d] [Qd]
Agrotait: bets $6
habari786: calls $6
*** SHOW DOWN ***
Agrotait: shows [7h Qc] (two pair, Queens and Deuces)
habari786: mucks hand
Agrotait collected $29.50 from pot
*** SUMMARY ***
Total pot $30 | Rake $0.50
Board [2s 8h 2h 5d Qd]
Seat 3: habari786 (button) (small blind) mucked
Seat 4: Agrotait (big blind) showed [7h Qc] and won ($29.50) with two pair, Queens and Deuces


PokerStars Hand #165544210923:  Hold'em Limit ($3/$6 USD) - 2017/02/02 1:36:38 ET
Table 'Peitho' 6-max Seat #3 is the button
Seat 3: habari786 ($86.51 in chips)
Seat 4: Agrotait ($121.76 in chips)
habari786: posts small blind $1
Agrotait: posts big blind $3
*** HOLE CARDS ***
habari786: raises $3 to $6
Agrotait: calls $3
*** FLOP *** [7c Jd Ah]
Agrotait: checks
habari786: bets $3
Agrotait: folds
Uncalled bet ($3) returned to habari786
habari786 collected $11.76 from pot
habari786: doesn't show hand
*** SUMMARY ***
Total pot $12 | Rake $0.24
Board [7c Jd Ah]
Seat 3: habari786 (button) (small blind) collected ($11.76)
Seat 4: Agrotait (big blind) folded on the Flop


PokerStars Hand #165544204396:  Hold'em Limit ($3/$6 USD) - 2017/02/02 1:36:14 ET
Table 'Peitho' 6-max Seat #4 is the button
Seat 3: habari786 ($77.87 in chips)
Seat 4: Agrotait ($130.76 in chips)
Agrotait: posts small blind $1
habari786: posts big blind $3
*** HOLE CARDS ***
Agrotait: raises $3 to $6
Fiskpinnen89 leaves the table
habari786: calls $3
*** FLOP *** [9h Ts 3h]
habari786: checks
Agrotait: bets $3
habari786: calls $3
*** TURN *** [9h Ts 3h] [6h]
habari786: checks
Agrotait: checks
*** RIVER *** [9h Ts 3h 6h] [3d]
habari786: checks
Agrotait: checks
*** SHOW DOWN ***
habari786: shows [2d As] (a pair of Threes)
Agrotait: mucks hand
habari786 collected $17.64 from pot
*** SUMMARY ***
Total pot $18 | Rake $0.36
Board [9h Ts 3h 6h 3d]
Seat 3: habari786 (big blind) showed [2d As] and won ($17.64) with a pair of Threes
Seat 4: Agrotait (button) (small blind) mucked


PokerStars Hand #165544217923:  Hold'em Limit ($3/$6 USD) - 2017/02/02 1:37:05 ET
Table 'Peitho' 6-max Seat #4 is the button
Seat 3: habari786 ($92.27 in chips)
Seat 4: Agrotait ($115.76 in chips)
Agrotait: posts small blind $1
habari786: posts big blind $3
*** HOLE CARDS ***
Agrotait: raises $3 to $6
habari786: calls $3
*** FLOP *** [Jc 5c Ts]
habari786: checks
Agrotait: bets $3
habari786: calls $3
*** TURN *** [Jc 5c Ts] [As]
habari786: checks
Agrotait: checks
*** RIVER *** [Jc 5c Ts As] [2c]
habari786: checks
Agrotait: checks
*** SHOW DOWN ***
habari786: shows [8c Td] (a pair of Tens)
Agrotait: mucks hand
habari786 collected $17.64 from pot
*** SUMMARY ***
Total pot $18 | Rake $0.36
Board [Jc 5c Ts As 2c]
Seat 3: habari786 (big blind) showed [8c Td] and won ($17.64) with a pair of Tens
Seat 4: Agrotait (button) (small blind) mucked


