PokerStars Hand #161202308516:  Hold'em Limit ($3/$6 USD) - 2016/11/10 15:05:29 ET
Table 'Peitho III' 6-max Seat #4 is the button
Seat 3: Ultrafranke ($137.22 in chips)
Seat 4: assitoni ($73 in chips)
assitoni: posts small blind $1
Ultrafranke: posts big blind $3
*** HOLE CARDS ***
assitoni: raises $3 to $6
Ultrafranke: calls $3
*** FLOP *** [Jd 8s 8d]
Ultrafranke: checks
assitoni: bets $3
Ultrafranke: calls $3
*** TURN *** [Jd 8s 8d] [8h]
7superpoker joins the table at seat #5
Ultrafranke: checks
assitoni: bets $6
Ultrafranke: calls $6
*** RIVER *** [Jd 8s 8d 8h] [Jh]
Ultrafranke: checks
assitoni: bets $6
Ultrafranke: calls $6
*** SHOW DOWN ***
assitoni: shows [8c Qs] (four of a kind, Eights)
Ultrafranke: mucks hand
assitoni collected $41.50 from pot
*** SUMMARY ***
Total pot $42 | Rake $0.50
Board [Jd 8s 8d 8h Jh]
Seat 3: Ultrafranke (big blind) mucked
Seat 4: assitoni (button) (small blind) showed [8c Qs] and won ($41.50) with four of a kind, Eights


PokerStars Hand #161202332498:  Hold'em Limit ($3/$6 USD) - 2016/11/10 15:05:54 ET
Table 'Peitho III' 6-max Seat #3 is the button
Seat 3: Ultrafranke ($116.22 in chips)
Seat 4: assitoni ($93.50 in chips)
Ultrafranke: posts small blind $1
assitoni: posts big blind $3
*** HOLE CARDS ***
Ultrafranke: raises $3 to $6
assitoni: raises $3 to $9
Ultrafranke: calls $3
*** FLOP *** [2c 2h Ks]
assitoni: bets $3
Ultrafranke: folds
Uncalled bet ($3) returned to assitoni
assitoni collected $17.64 from pot
assitoni: doesn't show hand
*** SUMMARY ***
Total pot $18 | Rake $0.36
Board [2c 2h Ks]
Seat 3: Ultrafranke (button) (small blind) folded on the Flop
Seat 4: assitoni (big blind) collected ($17.64)


PokerStars Hand #161202408517:  Hold'em Limit ($3/$6 USD) - 2016/11/10 15:07:13 ET
Table 'Peitho III' 6-max Seat #3 is the button
Seat 3: Ultrafranke ($142.51 in chips)
Seat 5: 7superpoker ($98 in chips)
Psynto will be allowed to play after the button
Ultrafranke: posts small blind $1
assitoni: is sitting out
7superpoker: posts big blind $3
*** HOLE CARDS ***
Ultrafranke: folds
Uncalled bet ($2) returned to 7superpoker
7superpoker collected $2 from pot
*** SUMMARY ***
Total pot $2 | Rake $0
Seat 3: Ultrafranke (button) (small blind) folded before Flop
Seat 5: 7superpoker (big blind) collected ($2)


PokerStars Hand #161202659541:  Hold'em Limit ($3/$6 USD) - 2016/11/10 15:11:37 ET
Table 'Peitho III' 6-max Seat #6 is the button
Seat 5: 7superpoker ($60.56 in chips)
Seat 6: Psynto ($109 in chips)
Psynto: posts small blind $1
777serg7778: is sitting out
7superpoker: posts big blind $3
*** HOLE CARDS ***
Psynto: raises $3 to $6
7superpoker: raises $3 to $9
Psynto: calls $3
*** FLOP *** [Kc 5s Ts]
777serg7778 leaves the table
7superpoker: bets $3
Psynto: calls $3
*** TURN *** [Kc 5s Ts] [4d]
7superpoker: bets $6
Psynto: calls $6
*** RIVER *** [Kc 5s Ts 4d] [Kh]
7superpoker: bets $6
Psynto: calls $6
*** SHOW DOWN ***
7superpoker: shows [2c 3c] (a pair of Kings)
Psynto: shows [Ah 6c] (a pair of Kings - Ace kicker)
Psynto collected $47.50 from pot
*** SUMMARY ***
Total pot $48 | Rake $0.50
Board [Kc 5s Ts 4d Kh]
Seat 5: 7superpoker (big blind) showed [2c 3c] and lost with a pair of Kings
Seat 6: Psynto (button) (small blind) showed [Ah 6c] and won ($47.50) with a pair of Kings


PokerStars Hand #161202712563:  Hold'em Limit ($3/$6 USD) - 2016/11/10 15:12:34 ET
Table 'Peitho III' 6-max Seat #6 is the button
Seat 5: 7superpoker ($64.52 in chips)
Seat 6: Psynto ($137.02 in chips)
Psynto: posts small blind $1
7superpoker: posts big blind $3
*** HOLE CARDS ***
Psynto: raises $3 to $6
7superpoker: folds
Uncalled bet ($3) returned to Psynto
Psynto collected $6 from pot
Psynto: doesn't show hand
*** SUMMARY ***
Total pot $6 | Rake $0
Seat 5: 7superpoker (big blind) folded before Flop
Seat 6: Psynto (button) (small blind) collected ($6)


PokerStars Hand #161202698546:  Hold'em Limit ($3/$6 USD) - 2016/11/10 15:12:19 ET
Table 'Peitho III' 6-max Seat #5 is the button
Seat 5: 7superpoker ($58.76 in chips)
Seat 6: Psynto ($143.02 in chips)
7superpoker: posts small blind $1
Psynto: posts big blind $3
*** HOLE CARDS ***
7superpoker: raises $3 to $6
Psynto: calls $3
*** FLOP *** [Th Tc 7c]
Psynto: checks
7superpoker: bets $3
Psynto: folds
Uncalled bet ($3) returned to 7superpoker
7superpoker collected $11.76 from pot
*** SUMMARY ***
Total pot $12 | Rake $0.24
Board [Th Tc 7c]
Seat 5: 7superpoker (button) (small blind) collected ($11.76)
Seat 6: Psynto (big blind) folded on the Flop


PokerStars Hand #161202693632:  Hold'em Limit ($3/$6 USD) - 2016/11/10 15:12:14 ET
Table 'Peitho III' 6-max Seat #6 is the button
Seat 5: 7superpoker ($24.56 in chips)
Seat 6: Psynto ($144.02 in chips)
Psynto: posts small blind $1
7superpoker: posts big blind $3
*** HOLE CARDS ***
Psynto: folds
Uncalled bet ($2) returned to 7superpoker
7superpoker collected $2 from pot
*** SUMMARY ***
Total pot $2 | Rake $0
Seat 5: 7superpoker (big blind) collected ($2)
Seat 6: Psynto (button) (small blind) folded before Flop


PokerStars Hand #161202678345:  Hold'em Limit ($3/$6 USD) - 2016/11/10 15:11:57 ET
Table 'Peitho III' 6-max Seat #5 is the button
Seat 5: 7superpoker ($36.56 in chips)
Seat 6: Psynto ($132.50 in chips)
7superpoker: posts small blind $1
Psynto: posts big blind $3
*** HOLE CARDS ***
7superpoker: raises $3 to $6
Psynto: raises $3 to $9
7superpoker: calls $3
*** FLOP *** [6h 7c 6s]
Psynto: bets $3
7superpoker: calls $3
*** TURN *** [6h 7c 6s] [2c]
Psynto: bets $6
7superpoker: folds
Uncalled bet ($6) returned to Psynto
Psynto collected $23.52 from pot
Psynto: doesn't show hand
*** SUMMARY ***
Total pot $24 | Rake $0.48
Board [6h 7c 6s 2c]
Seat 5: 7superpoker (button) (small blind) folded on the Turn
Seat 6: Psynto (big blind) collected ($23.52)


PokerStars Hand #161202777261:  Hold'em Limit ($3/$6 USD) - 2016/11/10 15:13:42 ET
Table 'Peitho III' 6-max Seat #5 is the button
Seat 5: 7superpoker ($22.52 in chips)
Seat 6: Psynto ($178.16 in chips)
7superpoker: posts small blind $1
Psynto: posts big blind $3
*** HOLE CARDS ***
7superpoker: raises $3 to $6
Psynto: calls $3
*** FLOP *** [3s Ad 3d]
Psynto: checks
7superpoker: bets $3
Psynto: folds
Uncalled bet ($3) returned to 7superpoker
7superpoker collected $11.76 from pot
*** SUMMARY ***
Total pot $12 | Rake $0.24
Board [3s Ad 3d]
Seat 5: 7superpoker (button) (small blind) collected ($11.76)
Seat 6: Psynto (big blind) folded on the Flop


PokerStars Hand #161202757757:  Hold'em Limit ($3/$6 USD) - 2016/11/10 15:13:22 ET
Table 'Peitho III' 6-max Seat #6 is the button
Seat 5: 7superpoker ($52.52 in chips)
Seat 6: Psynto ($148.66 in chips)
Psynto: posts small blind $1
7superpoker: posts big blind $3
*** HOLE CARDS ***
Psynto: raises $3 to $6
7superpoker: raises $3 to $9
Psynto: calls $3
*** FLOP *** [6d 4d 6s]
7superpoker: bets $3
Psynto: calls $3
*** TURN *** [6d 4d 6s] [Ac]
7superpoker: bets $6
Psynto: calls $6
*** RIVER *** [6d 4d 6s Ac] [Qc]
7superpoker: bets $6
Psynto: raises $6 to $12
7superpoker: calls $6
*** SHOW DOWN ***
Psynto: shows [6c Th] (three of a kind, Sixes)
7superpoker: mucks hand
Psynto collected $59.50 from pot
*** SUMMARY ***
Total pot $60 | Rake $0.50
Board [6d 4d 6s Ac Qc]
Seat 5: 7superpoker (big blind) mucked
Seat 6: Psynto (button) (small blind) showed [6c Th] and won ($59.50) with three of a kind, Sixes


PokerStars Hand #161202721540:  Hold'em Limit ($3/$6 USD) - 2016/11/10 15:12:43 ET
Table 'Peitho III' 6-max Seat #5 is the button
Seat 5: 7superpoker ($61.52 in chips)
Seat 6: Psynto ($140.02 in chips)
7superpoker: posts small blind $1
Psynto: posts big blind $3
*** HOLE CARDS ***
7superpoker: raises $3 to $6
Psynto: calls $3
*** FLOP *** [Qd 8c Js]
Psynto: checks
7superpoker: bets $3
Psynto: raises $3 to $6
7superpoker: folds
Uncalled bet ($3) returned to Psynto
Psynto collected $17.64 from pot
Psynto: doesn't show hand
*** SUMMARY ***
Total pot $18 | Rake $0.36
Board [Qd 8c Js]
Seat 5: 7superpoker (button) (small blind) folded on the Flop
Seat 6: Psynto (big blind) collected ($17.64)


PokerStars Hand #161202822801:  Hold'em Limit ($3/$6 USD) - 2016/11/10 15:14:31 ET
Table 'Peitho III' 6-max Seat #6 is the button
Seat 5: 7superpoker ($24.80 in chips)
Seat 6: Psynto ($174.66 in chips)
Psynto: posts small blind $1
7superpoker: posts big blind $3
*** HOLE CARDS ***
Psynto: raises $3 to $6
7superpoker: raises $3 to $9
Psynto: calls $3
*** FLOP *** [4s 3c 6s]
7superpoker: bets $3
Psynto: raises $3 to $6
7superpoker: raises $3 to $9
Psynto: raises $3 to $12
Betting is capped
7superpoker: calls $3
*** TURN *** [4s 3c 6s] [4h]
7superpoker: bets $3.80 and is all-in
Psynto: calls $3.80
*** RIVER *** [4s 3c 6s 4h] [Ad]
*** SHOW DOWN ***
7superpoker: shows [6c Ac] (two pair, Aces and Sixes)
Psynto: shows [7s Jc] (a pair of Fours)
7superpoker collected $49.10 from pot
*** SUMMARY ***
Total pot $49.60 | Rake $0.50
Board [4s 3c 6s 4h Ad]
Seat 5: 7superpoker (big blind) showed [6c Ac] and won ($49.10) with two pair, Aces and Sixes
Seat 6: Psynto (button) (small blind) showed [7s Jc] and lost with a pair of Fours


PokerStars Hand #161202804294:  Hold'em Limit ($3/$6 USD) - 2016/11/10 15:14:11 ET
Table 'Peitho III' 6-max Seat #5 is the button
Seat 5: 7superpoker ($39.80 in chips)
Seat 6: Psynto ($160.16 in chips)
7superpoker: posts small blind $1
Psynto: posts big blind $3
*** HOLE CARDS ***
7superpoker: raises $3 to $6
Psynto: calls $3
*** FLOP *** [5h Js Qh]
Psynto: checks
7superpoker: bets $3
Psynto: calls $3
*** TURN *** [5h Js Qh] [As]
Psynto: checks
7superpoker: bets $6
Psynto: calls $6
*** RIVER *** [5h Js Qh As] [6h]
Psynto: checks
7superpoker: checks
*** SHOW DOWN ***
Psynto: shows [Jh Kc] (a pair of Jacks)
7superpoker: mucks hand
Psynto collected $29.50 from pot
*** SUMMARY ***
Total pot $30 | Rake $0.50
Board [5h Js Qh As 6h]
Seat 5: 7superpoker (button) (small blind) mucked
Seat 6: Psynto (big blind) showed [Jh Kc] and won ($29.50) with a pair of Jacks


PokerStars Hand #161202790601:  Hold'em Limit ($3/$6 USD) - 2016/11/10 15:13:57 ET
Table 'Peitho III' 6-max Seat #6 is the button
Seat 5: 7superpoker ($28.28 in chips)
Seat 6: Psynto ($172.16 in chips)
Psynto: posts small blind $1
7superpoker: posts big blind $3
*** HOLE CARDS ***
Psynto: raises $3 to $6
7superpoker: raises $3 to $9
Psynto: calls $3
*** FLOP *** [4c Ts 2h]
7superpoker: bets $3
Psynto: calls $3
*** TURN *** [4c Ts 2h] [Tc]
7superpoker: bets $6
Psynto: folds
Uncalled bet ($6) returned to 7superpoker
7superpoker collected $23.52 from pot
*** SUMMARY ***
Total pot $24 | Rake $0.48
Board [4c Ts 2h Tc]
Seat 5: 7superpoker (big blind) collected ($23.52)
Seat 6: Psynto (button) (small blind) folded on the Turn


PokerStars Hand #161202860959:  Hold'em Limit ($3/$6 USD) - 2016/11/10 15:15:12 ET
Table 'Peitho III' 6-max Seat #6 is the button
Seat 5: 7superpoker ($22.10 in chips)
Seat 6: Psynto ($176.36 in chips)
Psynto: posts small blind $1
7superpoker: posts big blind $3
*** HOLE CARDS ***
Psynto: raises $3 to $6
7superpoker: raises $3 to $9
Psynto: calls $3
*** FLOP *** [Th Qc Ts]
7superpoker: bets $3
Psynto: calls $3
*** TURN *** [Th Qc Ts] [2h]
7superpoker: bets $6
Psynto: calls $6
*** RIVER *** [Th Qc Ts 2h] [6d]
7superpoker: bets $4.10 and is all-in
Psynto: calls $4.10
*** SHOW DOWN ***
7superpoker: shows [8d Ad] (a pair of Tens)
Psynto: shows [Ah 5h] (a pair of Tens - lower kicker)
7superpoker collected $43.70 from pot
*** SUMMARY ***
Total pot $44.20 | Rake $0.50
Board [Th Qc Ts 2h 6d]
Seat 5: 7superpoker (big blind) showed [8d Ad] and won ($43.70) with a pair of Tens
Seat 6: Psynto (button) (small blind) showed [Ah 5h] and lost with a pair of Tens


PokerStars Hand #161202844242:  Hold'em Limit ($3/$6 USD) - 2016/11/10 15:14:54 ET
Table 'Peitho III' 6-max Seat #5 is the button
Seat 5: 7superpoker ($49.10 in chips)
Seat 6: Psynto ($149.86 in chips)
7superpoker: posts small blind $1
Psynto: posts big blind $3
*** HOLE CARDS ***
7superpoker: raises $3 to $6
Psynto: calls $3
*** FLOP *** [8s 2d Kh]
Psynto: checks
7superpoker: bets $3
Psynto: calls $3
*** TURN *** [8s 2d Kh] [9c]
Psynto: checks
7superpoker: bets $6
Psynto: calls $6
*** RIVER *** [8s 2d Kh 9c] [Ac]
Psynto: checks
7superpoker: bets $6
Psynto: raises $6 to $12
7superpoker: calls $6
*** SHOW DOWN ***
Psynto: shows [As 4c] (a pair of Aces)
7superpoker: mucks hand
Psynto collected $53.50 from pot
*** SUMMARY ***
Total pot $54 | Rake $0.50
Board [8s 2d Kh 9c Ac]
Seat 5: 7superpoker (button) (small blind) mucked
Seat 6: Psynto (big blind) showed [As 4c] and won ($53.50) with a pair of Aces


PokerStars Hand #161202903561:  Hold'em Limit ($3/$6 USD) - 2016/11/10 15:15:58 ET
Table 'Peitho III' 6-max Seat #6 is the button
Seat 5: 7superpoker ($82.20 in chips)
Seat 6: Psynto ($115.26 in chips)
Psynto: posts small blind $1
7superpoker: posts big blind $3
*** HOLE CARDS ***
Psynto: raises $3 to $6
7superpoker: raises $3 to $9
Psynto: calls $3
*** FLOP *** [3c 3d Ac]
7superpoker: bets $3
Psynto: calls $3
*** TURN *** [3c 3d Ac] [5d]
7superpoker: checks
Psynto: bets $6
7superpoker: raises $6 to $12
Psynto: calls $6
*** RIVER *** [3c 3d Ac 5d] [5s]
7superpoker: bets $6
Psynto: calls $6
*** SHOW DOWN ***
7superpoker: shows [Qs 3s] (a full house, Threes full of Fives)
Psynto: mucks hand
7superpoker collected $59.50 from pot
*** SUMMARY ***
Total pot $60 | Rake $0.50
Board [3c 3d Ac 5d 5s]
Seat 5: 7superpoker (big blind) showed [Qs 3s] and won ($59.50) with a full house, Threes full of Fives
Seat 6: Psynto (button) (small blind) mucked


PokerStars Hand #161202923719:  Hold'em Limit ($3/$6 USD) - 2016/11/10 15:16:19 ET
Table 'Peitho III' 6-max Seat #5 is the button
Seat 5: 7superpoker ($111.70 in chips)
Seat 6: Psynto ($85.26 in chips)
7superpoker: posts small blind $1
Psynto: posts big blind $3
*** HOLE CARDS ***
7superpoker: folds
Uncalled bet ($2) returned to Psynto
Psynto collected $2 from pot
Psynto: doesn't show hand
*** SUMMARY ***
Total pot $2 | Rake $0
Seat 5: 7superpoker (button) (small blind) folded before Flop
Seat 6: Psynto (big blind) collected ($2)


PokerStars Hand #161202976528:  Hold'em Limit ($3/$6 USD) - 2016/11/10 15:17:16 ET
Table 'Peitho III' 6-max Seat #6 is the button
Seat 5: 7superpoker ($119.20 in chips)
Seat 6: Psynto ($98.50 in chips)
Psynto: posts small blind $1
7superpoker: posts big blind $3
Bassie830 joins the table at seat #3
*** HOLE CARDS ***
Psynto: raises $3 to $6
7superpoker: raises $3 to $9
Psynto: calls $3
*** FLOP *** [9d 3c 7s]
assitoni was removed from the table for failing to post
Ultrafranke joins the table at seat #1
7superpoker: bets $3
Psynto: calls $3
*** TURN *** [9d 3c 7s] [2c]
frmaroni joins the table at seat #2
7superpoker: bets $6
assitoni joins the table at seat #4
Psynto: calls $6
*** RIVER *** [9d 3c 7s 2c] [Ks]
7superpoker: bets $6
Psynto: calls $6
*** SHOW DOWN ***
7superpoker: shows [9c 5d] (a pair of Nines)
Psynto: mucks hand
7superpoker collected $47.50 from pot
*** SUMMARY ***
Total pot $48 | Rake $0.50
Board [9d 3c 7s 2c Ks]
Seat 5: 7superpoker (big blind) showed [9c 5d] and won ($47.50) with a pair of Nines
Seat 6: Psynto (button) (small blind) mucked


PokerStars Hand #161202993804:  Hold'em Limit ($3/$6 USD) - 2016/11/10 15:17:35 ET
Table 'Peitho III' 6-max Seat #5 is the button
Seat 5: 7superpoker ($142.70 in chips)
Seat 6: Psynto ($74.50 in chips)
7superpoker: posts small blind $1
Psynto: posts big blind $3
*** HOLE CARDS ***
7superpoker: raises $3 to $6
Psynto: calls $3
*** FLOP *** [4d Ts 5s]
Psynto: checks
7superpoker: bets $3
Psynto: calls $3
*** TURN *** [4d Ts 5s] [Kh]
Psynto: checks
7superpoker: bets $6
Psynto: raises $6 to $12
7superpoker: calls $6
*** RIVER *** [4d Ts 5s Kh] [Ad]
Psynto: bets $6
7superpoker: calls $6
*** SHOW DOWN ***
Psynto: shows [6c Th] (a pair of Tens)
7superpoker: mucks hand
Psynto collected $53.50 from pot
*** SUMMARY ***
Total pot $54 | Rake $0.50
Board [4d Ts 5s Kh Ad]
Seat 5: 7superpoker (button) (small blind) mucked
Seat 6: Psynto (big blind) showed [6c Th] and won ($53.50) with a pair of Tens


PokerStars Hand #161202949407:  Hold'em Limit ($3/$6 USD) - 2016/11/10 15:16:47 ET
Table 'Peitho III' 6-max Seat #5 is the button
Seat 5: 7superpoker ($146.20 in chips)
Seat 6: Psynto ($72 in chips)
7superpoker: posts small blind $1
Psynto: posts big blind $3
*** HOLE CARDS ***
7superpoker: raises $3 to $6
Psynto: calls $3
*** FLOP *** [9c 3h 7s]
Psynto: checks
7superpoker: bets $3
Psynto: calls $3
*** TURN *** [9c 3h 7s] [Kh]
Psynto: checks
7superpoker: bets $6
Psynto: calls $6
*** RIVER *** [9c 3h 7s Kh] [3d]
Psynto: checks
7superpoker: bets $6
Psynto: raises $6 to $12
7superpoker: calls $6
*** SHOW DOWN ***
Psynto: shows [3s 4s] (three of a kind, Threes)
7superpoker: mucks hand
Psynto collected $53.50 from pot
*** SUMMARY ***
Total pot $54 | Rake $0.50
Board [9c 3h 7s Kh 3d]
Seat 5: 7superpoker (button) (small blind) mucked
Seat 6: Psynto (big blind) showed [3s 4s] and won ($53.50) with three of a kind, Threes


PokerStars Hand #161205111956:  Hold'em Limit ($3/$6 USD) - 2016/11/10 15:55:40 ET
Table 'Peitho III' 6-max Seat #1 is the button
Seat 1: sgerrard4 ($56.36 in chips)
Seat 6: Psynto ($125.93 in chips)
sgerrard4: posts small blind $1
Psynto: posts big blind $3
*** HOLE CARDS ***
sgerrard4: folds
Uncalled bet ($2) returned to Psynto
Psynto collected $2 from pot
Psynto: doesn't show hand
*** SUMMARY ***
Total pot $2 | Rake $0
Seat 1: sgerrard4 (button) (small blind) folded before Flop
Seat 6: Psynto (big blind) collected ($2)


PokerStars Hand #161205144406:  Hold'em Limit ($3/$6 USD) - 2016/11/10 15:56:25 ET
Table 'Peitho III' 6-max Seat #1 is the button
Seat 1: sgerrard4 ($42.36 in chips)
Seat 6: Psynto ($139.45 in chips)
sgerrard4: posts small blind $1
Psynto: posts big blind $3
*** HOLE CARDS ***
sgerrard4: raises $3 to $6
Psynto: raises $3 to $9
sgerrard4: calls $3
*** FLOP *** [As 8d 9h]
Psynto: bets $3
sgerrard4: raises $3 to $6
Psynto: calls $3
*** TURN *** [As 8d 9h] [8s]
Psynto: checks
sgerrard4: bets $6
Psynto: calls $6
*** RIVER *** [As 8d 9h 8s] [Qh]
Psynto: checks
sgerrard4: bets $6
Psynto: calls $6
*** SHOW DOWN ***
sgerrard4: shows [Kc Qs] (two pair, Queens and Eights)
Psynto: mucks hand
sgerrard4 collected $53.50 from pot
*** SUMMARY ***
Total pot $54 | Rake $0.50
Board [As 8d 9h 8s Qh]
Seat 1: sgerrard4 (button) (small blind) showed [Kc Qs] and won ($53.50) with two pair, Queens and Eights
Seat 6: Psynto (big blind) mucked


PokerStars Hand #161205159326:  Hold'em Limit ($3/$6 USD) - 2016/11/10 15:56:45 ET
Table 'Peitho III' 6-max Seat #6 is the button
Seat 1: sgerrard4 ($68.86 in chips)
Seat 6: Psynto ($112.45 in chips)
Psynto: posts small blind $1
sgerrard4: posts big blind $3
*** HOLE CARDS ***
Psynto: raises $3 to $6
sgerrard4: calls $3
*** FLOP *** [6h Ah 9c]
sgerrard4: checks
Psynto: bets $3
sgerrard4: calls $3
*** TURN *** [6h Ah 9c] [Th]
sgerrard4: checks
Psynto: checks
*** RIVER *** [6h Ah 9c Th] [Kd]
kachon66 joins the table at seat #5
sgerrard4: bets $6
Psynto: calls $6
*** SHOW DOWN ***
sgerrard4: shows [7c 8s] (a straight, Six to Ten)
Psynto: mucks hand
sgerrard4 collected $29.50 from pot
*** SUMMARY ***
Total pot $30 | Rake $0.50
Board [6h Ah 9c Th Kd]
Seat 1: sgerrard4 (big blind) showed [7c 8s] and won ($29.50) with a straight, Six to Ten
Seat 6: Psynto (button) (small blind) mucked


PokerStars Hand #161205125250:  Hold'em Limit ($3/$6 USD) - 2016/11/10 15:55:58 ET
Table 'Peitho III' 6-max Seat #6 is the button
Seat 1: sgerrard4 ($55.36 in chips)
Seat 6: Psynto ($126.93 in chips)
Psynto: posts small blind $1
sgerrard4: posts big blind $3
*** HOLE CARDS ***
Psynto: raises $3 to $6
sgerrard4: calls $3
*** FLOP *** [7h Ts Js]
sgerrard4: checks
Psynto: bets $3
sgerrard4: folds
Uncalled bet ($3) returned to Psynto
Psynto collected $11.76 from pot
Psynto: doesn't show hand
*** SUMMARY ***
Total pot $12 | Rake $0.24
Board [7h Ts Js]
Seat 1: sgerrard4 (big blind) folded on the Flop
Seat 6: Psynto (button) (small blind) collected ($11.76)


PokerStars Hand #161205132862:  Hold'em Limit ($3/$6 USD) - 2016/11/10 15:56:09 ET
Table 'Peitho III' 6-max Seat #1 is the button
Seat 1: sgerrard4 ($49.36 in chips)
Seat 6: Psynto ($132.69 in chips)
sgerrard4: posts small blind $1
Psynto: posts big blind $3
*** HOLE CARDS ***
sgerrard4: folds
Uncalled bet ($2) returned to Psynto
Psynto collected $2 from pot
Psynto: doesn't show hand
*** SUMMARY ***
Total pot $2 | Rake $0
Seat 1: sgerrard4 (button) (small blind) folded before Flop
Seat 6: Psynto (big blind) collected ($2)


PokerStars Hand #161205136703:  Hold'em Limit ($3/$6 USD) - 2016/11/10 15:56:14 ET
Table 'Peitho III' 6-max Seat #6 is the button
Seat 1: sgerrard4 ($48.36 in chips)
Seat 6: Psynto ($133.69 in chips)
Psynto: posts small blind $1
sgerrard4: posts big blind $3
*** HOLE CARDS ***
Psynto: raises $3 to $6
sgerrard4: calls $3
*** FLOP *** [6s Kc 2c]
sgerrard4: checks
Psynto: bets $3
sgerrard4: folds
Uncalled bet ($3) returned to Psynto
Psynto collected $11.76 from pot
Psynto: doesn't show hand
*** SUMMARY ***
Total pot $12 | Rake $0.24
Board [6s Kc 2c]
Seat 1: sgerrard4 (big blind) folded on the Flop
Seat 6: Psynto (button) (small blind) collected ($11.76)


PokerStars Hand #161205288005:  Hold'em Limit ($3/$6 USD) - 2016/11/10 15:59:40 ET
Table 'Peitho III' 6-max Seat #1 is the button
Seat 1: sgerrard4 ($62.97 in chips)
Seat 6: Psynto ($109.21 in chips)
sgerrard4: posts small blind $1
Psynto: posts big blind $3
*** HOLE CARDS ***
sgerrard4: raises $3 to $6
Psynto: raises $3 to $9
sgerrard4: calls $3
*** FLOP *** [Qs 9d 3c]
Psynto: bets $3
sgerrard4: folds
Uncalled bet ($3) returned to Psynto
Psynto collected $17.64 from pot
Psynto: doesn't show hand
*** SUMMARY ***
Total pot $18 | Rake $0.36
Board [Qs 9d 3c]
Seat 1: sgerrard4 (button) (small blind) folded on the Flop
Seat 6: Psynto (big blind) collected ($17.64)


PokerStars Hand #161205301788:  Hold'em Limit ($3/$6 USD) - 2016/11/10 15:59:59 ET
Table 'Peitho III' 6-max Seat #6 is the button
Seat 1: sgerrard4 ($53.97 in chips)
Seat 6: Psynto ($117.85 in chips)
Psynto: posts small blind $1
sgerrard4: posts big blind $3
*** HOLE CARDS ***
Psynto: raises $3 to $6
sgerrard4: calls $3
*** FLOP *** [5c 8s Th]
sgerrard4: bets $3
Psynto: raises $3 to $6
sgerrard4: raises $3 to $9
alpha2777 joins the table at seat #5
Psynto: calls $3
*** TURN *** [5c 8s Th] [5s]
sgerrard4: bets $6
Psynto: raises $6 to $12
kachon66 joins the table at seat #3
sgerrard4: folds
Uncalled bet ($6) returned to Psynto
Psynto collected $41.50 from pot
Psynto: doesn't show hand
*** SUMMARY ***
Total pot $42 | Rake $0.50
Board [5c 8s Th 5s]
Seat 1: sgerrard4 (big blind) folded on the Turn
Seat 6: Psynto (button) (small blind) collected ($41.50)


PokerStars Hand #161205872209:  Hold'em Limit ($3/$6 USD) - 2016/11/10 16:10:35 ET
Table 'Peitho III' 6-max Seat #2 is the button
Seat 2: razor3334 ($115.57 in chips)
Seat 6: Psynto ($172.54 in chips)
sgerrard4 will be allowed to play after the button
razor3334: posts small blind $1
ValeryRon: is sitting out
Psynto: posts big blind $3
*** HOLE CARDS ***
ValeryRon leaves the table
sgerrard4 leaves the table
razor3334: raises $3 to $6
Psynto: calls $3
*** FLOP *** [7c 5s 4s]
Psynto: checks
razor3334: bets $3
Psynto: calls $3
*** TURN *** [7c 5s 4s] [Ks]
Psynto: checks
razor3334: bets $6
Psynto: calls $6
*** RIVER *** [7c 5s 4s Ks] [5h]
Psynto: checks
razor3334: checks
*** SHOW DOWN ***
Psynto: shows [Ad 8s] (a pair of Fives)
razor3334: shows [4d 3h] (two pair, Fives and Fours)
razor3334 collected $29.50 from pot
*** SUMMARY ***
Total pot $30 | Rake $0.50
Board [7c 5s 4s Ks 5h]
Seat 2: razor3334 (button) (small blind) showed [4d 3h] and won ($29.50) with two pair, Fives and Fours
Seat 6: Psynto (big blind) showed [Ad 8s] and lost with a pair of Fives


PokerStars Hand #161205892317:  Hold'em Limit ($3/$6 USD) - 2016/11/10 16:10:57 ET
Table 'Peitho III' 6-max Seat #6 is the button
Seat 2: razor3334 ($130.07 in chips)
Seat 6: Psynto ($157.54 in chips)
Psynto: posts small blind $1
razor3334: posts big blind $3
*** HOLE CARDS ***
Psynto: raises $3 to $6
razor3334: calls $3
*** FLOP *** [4s Jc Jh]
razor3334: checks
Psynto: bets $3
razor3334: folds
Uncalled bet ($3) returned to Psynto
Psynto collected $11.76 from pot
Psynto: doesn't show hand
kachon66 leaves the table
*** SUMMARY ***
Total pot $12 | Rake $0.24
Board [4s Jc Jh]
Seat 2: razor3334 (big blind) folded on the Flop
Seat 6: Psynto (button) (small blind) collected ($11.76)


PokerStars Hand #161205943321:  Hold'em Limit ($3/$6 USD) - 2016/11/10 16:11:53 ET
Table 'Peitho III' 6-max Seat #6 is the button
Seat 2: razor3334 ($178.07 in chips)
Seat 6: Psynto ($108.30 in chips)
Psynto: posts small blind $1
razor3334: posts big blind $3
*** HOLE CARDS ***
Psynto: raises $3 to $6
razor3334: folds
Uncalled bet ($3) returned to Psynto
Psynto collected $6 from pot
Psynto: doesn't show hand
*** SUMMARY ***
Total pot $6 | Rake $0
Seat 2: razor3334 (big blind) folded before Flop
Seat 6: Psynto (button) (small blind) collected ($6)


PokerStars Hand #161205925342:  Hold'em Limit ($3/$6 USD) - 2016/11/10 16:11:34 ET
Table 'Peitho III' 6-max Seat #2 is the button
Seat 2: razor3334 ($154.57 in chips)
Seat 6: Psynto ($132.30 in chips)
razor3334: posts small blind $1
Psynto: posts big blind $3
*** HOLE CARDS ***
razor3334: raises $3 to $6
Psynto: calls $3
*** FLOP *** [4d 7s Tc]
Psynto: checks
razor3334: bets $3
Psynto: raises $3 to $6
razor3334: calls $3
*** TURN *** [4d 7s Tc] [Qh]
Psynto: bets $6
razor3334: calls $6
*** RIVER *** [4d 7s Tc Qh] [2s]
Psynto: bets $6
razor3334: calls $6
*** SHOW DOWN ***
Psynto: shows [8d 9c] (high card Queen)
razor3334: shows [6c 6h] (a pair of Sixes)
razor3334 collected $47.50 from pot
*** SUMMARY ***
Total pot $48 | Rake $0.50
Board [4d 7s Tc Qh 2s]
Seat 2: razor3334 (button) (small blind) showed [6c 6h] and won ($47.50) with a pair of Sixes
Seat 6: Psynto (big blind) showed [8d 9c] and lost with high card Queen


PokerStars Hand #161205921331:  Hold'em Limit ($3/$6 USD) - 2016/11/10 16:11:29 ET
Table 'Peitho III' 6-max Seat #6 is the button
Seat 2: razor3334 ($153.57 in chips)
Seat 6: Psynto ($133.30 in chips)
Psynto: posts small blind $1
razor3334: posts big blind $3
*** HOLE CARDS ***
Psynto: folds
Uncalled bet ($2) returned to razor3334
razor3334 collected $2 from pot
*** SUMMARY ***
Total pot $2 | Rake $0
Seat 2: razor3334 (big blind) collected ($2)
Seat 6: Psynto (button) (small blind) folded before Flop


PokerStars Hand #161205903879:  Hold'em Limit ($3/$6 USD) - 2016/11/10 16:11:10 ET
Table 'Peitho III' 6-max Seat #2 is the button
Seat 2: razor3334 ($124.07 in chips)
Seat 6: Psynto ($163.30 in chips)
razor3334: posts small blind $1
Psynto: posts big blind $3
*** HOLE CARDS ***
razor3334: raises $3 to $6
Psynto: calls $3
*** FLOP *** [7s 5h 5s]
Psynto: checks
razor3334: bets $3
Psynto: raises $3 to $6
razor3334: calls $3
*** TURN *** [7s 5h 5s] [8h]
Psynto: bets $6
razor3334: raises $6 to $12
Psynto: calls $6
*** RIVER *** [7s 5h 5s 8h] [4s]
Psynto: checks
razor3334: bets $6
Psynto: calls $6
*** SHOW DOWN ***
razor3334: shows [6c 4c] (a straight, Four to Eight)
Psynto: mucks hand
razor3334 collected $59.50 from pot
*** SUMMARY ***
Total pot $60 | Rake $0.50
Board [7s 5h 5s 8h 4s]
Seat 2: razor3334 (button) (small blind) showed [6c 4c] and won ($59.50) with a straight, Four to Eight
Seat 6: Psynto (big blind) mucked


PokerStars Hand #161205965099:  Hold'em Limit ($3/$6 USD) - 2016/11/10 16:12:17 ET
Table 'Peitho III' 6-max Seat #6 is the button
Seat 2: razor3334 ($189.57 in chips)
Seat 6: Psynto ($96.30 in chips)
Psynto: posts small blind $1
razor3334: posts big blind $3
*** HOLE CARDS ***
Psynto: raises $3 to $6
razor3334: calls $3
*** FLOP *** [2c Qc Ad]
razor3334: checks
Psynto: bets $3
razor3334: folds
Uncalled bet ($3) returned to Psynto
Psynto collected $11.76 from pot
Psynto: doesn't show hand
*** SUMMARY ***
Total pot $12 | Rake $0.24
Board [2c Qc Ad]
Seat 2: razor3334 (big blind) folded on the Flop
Seat 6: Psynto (button) (small blind) collected ($11.76)


PokerStars Hand #161205950996:  Hold'em Limit ($3/$6 USD) - 2016/11/10 16:12:01 ET
Table 'Peitho III' 6-max Seat #2 is the button
Seat 2: razor3334 ($175.07 in chips)
Seat 6: Psynto ($111.30 in chips)
razor3334: posts small blind $1
Psynto: posts big blind $3
*** HOLE CARDS ***
razor3334: raises $3 to $6
Psynto: calls $3
*** FLOP *** [Th 8d 5c]
Psynto: checks
razor3334: bets $3
Psynto: calls $3
*** TURN *** [Th 8d 5c] [9d]
Psynto: checks
razor3334: bets $6
Psynto: calls $6
*** RIVER *** [Th 8d 5c 9d] [3s]
Psynto: checks
DECAlpha joins the table at seat #3
razor3334: checks
*** SHOW DOWN ***
Psynto: shows [Qs 6d] (high card Queen)
razor3334: shows [Jd Kc] (high card King)
razor3334 collected $29.50 from pot
*** SUMMARY ***
Total pot $30 | Rake $0.50
Board [Th 8d 5c 9d 3s]
Seat 2: razor3334 (button) (small blind) showed [Jd Kc] and won ($29.50) with high card King
Seat 6: Psynto (big blind) showed [Qs 6d] and lost with high card Queen


PokerStars Hand #161206015358:  Hold'em Limit ($3/$6 USD) - 2016/11/10 16:13:12 ET
Table 'Peitho III' 6-max Seat #6 is the button
Seat 3: DECAlpha ($73.80 in chips)
Seat 6: Psynto ($137.08 in chips)
Psynto: posts small blind $1
DECAlpha: posts big blind $3
*** HOLE CARDS ***
Psynto: raises $3 to $6
razor3334 leaves the table
DECAlpha: calls $3
*** FLOP *** [8h 4c 7c]
DECAlpha: checks
Psynto: bets $3
DECAlpha: calls $3
*** TURN *** [8h 4c 7c] [4h]
DECAlpha: checks
Psynto: checks
*** RIVER *** [8h 4c 7c 4h] [2h]
DECAlpha: bets $6
Psynto: calls $6
*** SHOW DOWN ***
DECAlpha: shows [5s Ks] (a pair of Fours)
Psynto: mucks hand
DECAlpha collected $29.50 from pot
*** SUMMARY ***
Total pot $30 | Rake $0.50
Board [8h 4c 7c 4h 2h]
Seat 3: DECAlpha (big blind) showed [5s Ks] and won ($29.50) with a pair of Fours
Seat 6: Psynto (button) (small blind) mucked


