PokerStars Hand #173608578946:  Hold'em Limit ($3/$6 USD) - 2017/07/28 5:28:25 ET
Table 'Pelagia' 6-max Seat #4 is the button
Seat 1: aremom4e ($119 in chips)
Seat 4: VolkovDmitri ($121 in chips)
VolkovDmitri: posts small blind $1
aremom4e: posts big blind $3
*** HOLE CARDS ***
VolkovDmitri: raises $3 to $6
aremom4e: folds
Uncalled bet ($3) returned to VolkovDmitri
VolkovDmitri collected $6 from pot
VolkovDmitri: doesn't show hand
*** SUMMARY ***
Total pot $6 | Rake $0
Seat 1: aremom4e (big blind) folded before Flop
Seat 4: VolkovDmitri (button) (small blind) collected ($6)


PokerStars Hand #173608580756:  Hold'em Limit ($3/$6 USD) - 2017/07/28 5:28:30 ET
Table 'Pelagia' 6-max Seat #1 is the button
Seat 1: aremom4e ($116 in chips)
Seat 4: VolkovDmitri ($124 in chips)
aremom4e: posts small blind $1
VolkovDmitri: posts big blind $3
*** HOLE CARDS ***
aremom4e: folds
Uncalled bet ($2) returned to VolkovDmitri
VolkovDmitri collected $2 from pot
VolkovDmitri: doesn't show hand
*** SUMMARY ***
Total pot $2 | Rake $0
Seat 1: aremom4e (button) (small blind) folded before Flop
Seat 4: VolkovDmitri (big blind) collected ($2)


PokerStars Hand #173608583321:  Hold'em Limit ($3/$6 USD) - 2017/07/28 5:28:37 ET
Table 'Pelagia' 6-max Seat #4 is the button
Seat 1: aremom4e ($115 in chips)
Seat 4: VolkovDmitri ($125 in chips)
VolkovDmitri: posts small blind $1
aremom4e: posts big blind $3
*** HOLE CARDS ***
VolkovDmitri: raises $3 to $6
aremom4e: calls $3
*** FLOP *** [6d Ts 8h]
aremom4e: checks
VolkovDmitri: bets $3
aremom4e: calls $3
*** TURN *** [6d Ts 8h] [4c]
aremom4e: checks
VolkovDmitri: checks
*** RIVER *** [6d Ts 8h 4c] [4d]
aremom4e: checks
VolkovDmitri: checks
*** SHOW DOWN ***
aremom4e: shows [9c Ks] (a pair of Fours)
VolkovDmitri: shows [Kc Ac] (a pair of Fours - Ace kicker)
VolkovDmitri collected $17.64 from pot
*** SUMMARY ***
Total pot $18 | Rake $0.36
Board [6d Ts 8h 4c 4d]
Seat 1: aremom4e (big blind) showed [9c Ks] and lost with a pair of Fours
Seat 4: VolkovDmitri (button) (small blind) showed [Kc Ac] and won ($17.64) with a pair of Fours


PokerStars Hand #173608575518:  Hold'em Limit ($3/$6 USD) - 2017/07/28 5:28:15 ET
Table 'Pelagia' 6-max Seat #1 is the button
Seat 1: aremom4e ($120 in chips)
Seat 4: VolkovDmitri ($120 in chips)
aremom4e: posts small blind $1
VolkovDmitri: posts big blind $3
*** HOLE CARDS ***
aremom4e: folds
Uncalled bet ($2) returned to VolkovDmitri
VolkovDmitri collected $2 from pot
VolkovDmitri: doesn't show hand
*** SUMMARY ***
Total pot $2 | Rake $0
Seat 1: aremom4e (button) (small blind) folded before Flop
Seat 4: VolkovDmitri (big blind) collected ($2)


PokerStars Hand #173608598777:  Hold'em Limit ($3/$6 USD) - 2017/07/28 5:29:21 ET
Table 'Pelagia' 6-max Seat #4 is the button
Seat 1: aremom4e ($105 in chips)
Seat 4: VolkovDmitri ($134.64 in chips)
VolkovDmitri: posts small blind $1
aremom4e: posts big blind $3
*** HOLE CARDS ***
VolkovDmitri: folds
Uncalled bet ($2) returned to aremom4e
aremom4e collected $2 from pot
aremom4e: doesn't show hand
*** SUMMARY ***
Total pot $2 | Rake $0
Seat 1: aremom4e (big blind) collected ($2)
Seat 4: VolkovDmitri (button) (small blind) folded before Flop


PokerStars Hand #173608596829:  Hold'em Limit ($3/$6 USD) - 2017/07/28 5:29:16 ET
Table 'Pelagia' 6-max Seat #1 is the button
Seat 1: aremom4e ($106 in chips)
Seat 4: VolkovDmitri ($133.64 in chips)
aremom4e: posts small blind $1
VolkovDmitri: posts big blind $3
*** HOLE CARDS ***
aremom4e: folds
Uncalled bet ($2) returned to VolkovDmitri
VolkovDmitri collected $2 from pot
VolkovDmitri: doesn't show hand
*** SUMMARY ***
Total pot $2 | Rake $0
Seat 1: aremom4e (button) (small blind) folded before Flop
Seat 4: VolkovDmitri (big blind) collected ($2)


PokerStars Hand #173608600455:  Hold'em Limit ($3/$6 USD) - 2017/07/28 5:29:26 ET
Table 'Pelagia' 6-max Seat #1 is the button
Seat 1: aremom4e ($106 in chips)
Seat 4: VolkovDmitri ($133.64 in chips)
aremom4e: posts small blind $1
VolkovDmitri: posts big blind $3
*** HOLE CARDS ***
aremom4e: raises $3 to $6
VolkovDmitri: calls $3
*** FLOP *** [Kh Ah 3c]
VolkovDmitri: checks
aremom4e: bets $3
VolkovDmitri: folds
Uncalled bet ($3) returned to aremom4e
aremom4e collected $11.76 from pot
aremom4e: doesn't show hand
*** SUMMARY ***
Total pot $12 | Rake $0.24
Board [Kh Ah 3c]
Seat 1: aremom4e (button) (small blind) collected ($11.76)
Seat 4: VolkovDmitri (big blind) folded on the Flop


PokerStars Hand #173608609479:  Hold'em Limit ($3/$6 USD) - 2017/07/28 5:29:52 ET
Table 'Pelagia' 6-max Seat #4 is the button
Seat 1: aremom4e ($111.76 in chips)
Seat 4: VolkovDmitri ($127.64 in chips)
VolkovDmitri: posts small blind $1
aremom4e: posts big blind $3
*** HOLE CARDS ***
VolkovDmitri: raises $3 to $6
krossguard joins the table at seat #2
aremom4e: calls $3
*** FLOP *** [Qc 9h 2d]
aremom4e: checks
VolkovDmitri: bets $3
aremom4e: raises $3 to $6
VolkovDmitri: folds
Uncalled bet ($3) returned to aremom4e
aremom4e collected $17.64 from pot
aremom4e: doesn't show hand
*** SUMMARY ***
Total pot $18 | Rake $0.36
Board [Qc 9h 2d]
Seat 1: aremom4e (big blind) collected ($17.64)
Seat 4: VolkovDmitri (button) (small blind) folded on the Flop


PokerStars Hand #173608620824:  Hold'em Limit ($3/$6 USD) - 2017/07/28 5:30:24 ET
Table 'Pelagia' 6-max Seat #1 is the button
Seat 1: aremom4e ($120.40 in chips)
Seat 2: krossguard ($120 in chips)
aremom4e: posts small blind $1
krossguard: posts big blind $3
*** HOLE CARDS ***
VolkovDmitri leaves the table
aremom4e: folds
Uncalled bet ($2) returned to krossguard
krossguard collected $2 from pot
krossguard: doesn't show hand
*** SUMMARY ***
Total pot $2 | Rake $0
Seat 1: aremom4e (button) (small blind) folded before Flop
Seat 2: krossguard (big blind) collected ($2)


PokerStars Hand #173608627978:  Hold'em Limit ($3/$6 USD) - 2017/07/28 5:30:44 ET
Table 'Pelagia' 6-max Seat #2 is the button
Seat 1: aremom4e ($119.40 in chips)
Seat 2: krossguard ($121 in chips)
krossguard: posts small blind $1
aremom4e: posts big blind $3
*** HOLE CARDS ***
krossguard: raises $3 to $6
aremom4e: calls $3
*** FLOP *** [5s 8d 4d]
aremom4e: checks
krossguard: bets $3
aremom4e: calls $3
*** TURN *** [5s 8d 4d] [9h]
aremom4e: checks
krossguard: checks
*** RIVER *** [5s 8d 4d 9h] [8h]
aremom4e: checks
krossguard: checks
*** SHOW DOWN ***
aremom4e: shows [Qc 5d] (two pair, Eights and Fives)
krossguard: mucks hand
aremom4e collected $17.64 from pot
*** SUMMARY ***
Total pot $18 | Rake $0.36
Board [5s 8d 4d 9h 8h]
Seat 1: aremom4e (big blind) showed [Qc 5d] and won ($17.64) with two pair, Eights and Fives
Seat 2: krossguard (button) (small blind) mucked


PokerStars Hand #173608651885:  Hold'em Limit ($3/$6 USD) - 2017/07/28 5:31:53 ET
Table 'Pelagia' 6-max Seat #1 is the button
Seat 1: aremom4e ($135.68 in chips)
Seat 2: krossguard ($104 in chips)
aremom4e: posts small blind $1
krossguard: posts big blind $3
*** HOLE CARDS ***
aremom4e: folds
Uncalled bet ($2) returned to krossguard
krossguard collected $2 from pot
krossguard: doesn't show hand
*** SUMMARY ***
Total pot $2 | Rake $0
Seat 1: aremom4e (button) (small blind) folded before Flop
Seat 2: krossguard (big blind) collected ($2)


PokerStars Hand #173608638865:  Hold'em Limit ($3/$6 USD) - 2017/07/28 5:31:15 ET
Table 'Pelagia' 6-max Seat #1 is the button
Seat 1: aremom4e ($128.04 in chips)
Seat 2: krossguard ($112 in chips)
aremom4e: posts small blind $1
krossguard: posts big blind $3
*** HOLE CARDS ***
aremom4e: folds
Uncalled bet ($2) returned to krossguard
krossguard collected $2 from pot
krossguard: doesn't show hand
*** SUMMARY ***
Total pot $2 | Rake $0
Seat 1: aremom4e (button) (small blind) folded before Flop
Seat 2: krossguard (big blind) collected ($2)


PokerStars Hand #173608646352:  Hold'em Limit ($3/$6 USD) - 2017/07/28 5:31:37 ET
Table 'Pelagia' 6-max Seat #2 is the button
Seat 1: aremom4e ($127.04 in chips)
Seat 2: krossguard ($113 in chips)
krossguard: posts small blind $1
aremom4e: posts big blind $3
*** HOLE CARDS ***
krossguard: raises $3 to $6
aremom4e: raises $3 to $9
krossguard: calls $3
*** FLOP *** [Jh Ah 6s]
aremom4e: bets $3
krossguard: folds
Uncalled bet ($3) returned to aremom4e
aremom4e collected $17.64 from pot
aremom4e: doesn't show hand
*** SUMMARY ***
Total pot $18 | Rake $0.36
Board [Jh Ah 6s]
Seat 1: aremom4e (big blind) collected ($17.64)
Seat 2: krossguard (button) (small blind) folded on the Flop


PokerStars Hand #173608657934:  Hold'em Limit ($3/$6 USD) - 2017/07/28 5:32:10 ET
Table 'Pelagia' 6-max Seat #1 is the button
Seat 1: aremom4e ($131.68 in chips)
Seat 2: krossguard ($108 in chips)
aremom4e: posts small blind $1
krossguard: posts big blind $3
*** HOLE CARDS ***
aremom4e: folds
Uncalled bet ($2) returned to krossguard
krossguard collected $2 from pot
krossguard: doesn't show hand
*** SUMMARY ***
Total pot $2 | Rake $0
Seat 1: aremom4e (button) (small blind) folded before Flop
Seat 2: krossguard (big blind) collected ($2)


PokerStars Hand #173608653845:  Hold'em Limit ($3/$6 USD) - 2017/07/28 5:31:58 ET
Table 'Pelagia' 6-max Seat #2 is the button
Seat 1: aremom4e ($134.68 in chips)
Seat 2: krossguard ($105 in chips)
krossguard: posts small blind $1
aremom4e: posts big blind $3
*** HOLE CARDS ***
krossguard: raises $3 to $6
aremom4e: folds
Uncalled bet ($3) returned to krossguard
krossguard collected $6 from pot
krossguard: doesn't show hand
*** SUMMARY ***
Total pot $6 | Rake $0
Seat 1: aremom4e (big blind) folded before Flop
Seat 2: krossguard (button) (small blind) collected ($6)


PokerStars Hand #173608671337:  Hold'em Limit ($3/$6 USD) - 2017/07/28 5:32:49 ET
Table 'Pelagia' 6-max Seat #2 is the button
Seat 1: aremom4e ($147.18 in chips)
Seat 2: krossguard ($92 in chips)
krossguard: posts small blind $1
aremom4e: posts big blind $3
*** HOLE CARDS ***
krossguard: raises $3 to $6
aremom4e: calls $3
*** FLOP *** [Ts 5h 9h]
aremom4e: checks
krossguard: bets $3
aremom4e: calls $3
*** TURN *** [Ts 5h 9h] [6d]
aremom4e: checks
krossguard: checks
*** RIVER *** [Ts 5h 9h 6d] [3d]
aremom4e: checks
krossguard: checks
*** SHOW DOWN ***
aremom4e: shows [Qd 8d] (high card Queen)
krossguard: shows [7d 5s] (a pair of Fives)
krossguard collected $17.64 from pot
*** SUMMARY ***
Total pot $18 | Rake $0.36
Board [Ts 5h 9h 6d 3d]
Seat 1: aremom4e (big blind) showed [Qd 8d] and lost with high card Queen
Seat 2: krossguard (button) (small blind) showed [7d 5s] and won ($17.64) with a pair of Fives


PokerStars Hand #173608677094:  Hold'em Limit ($3/$6 USD) - 2017/07/28 5:33:05 ET
Table 'Pelagia' 6-max Seat #1 is the button
Seat 1: aremom4e ($138.18 in chips)
Seat 2: krossguard ($100.64 in chips)
aremom4e: posts small blind $1
krossguard: posts big blind $3
*** HOLE CARDS ***
aremom4e: folds
Uncalled bet ($2) returned to krossguard
krossguard collected $2 from pot
krossguard: doesn't show hand
*** SUMMARY ***
Total pot $2 | Rake $0
Seat 1: aremom4e (button) (small blind) folded before Flop
Seat 2: krossguard (big blind) collected ($2)


PokerStars Hand #173608660088:  Hold'em Limit ($3/$6 USD) - 2017/07/28 5:32:16 ET
Table 'Pelagia' 6-max Seat #2 is the button
Seat 1: aremom4e ($130.68 in chips)
Seat 2: krossguard ($109 in chips)
krossguard: posts small blind $1
aremom4e: posts big blind $3
*** HOLE CARDS ***
krossguard: raises $3 to $6
aremom4e: calls $3
*** FLOP *** [7c 8c Qd]
aremom4e: checks
krossguard: bets $3
aremom4e: raises $3 to $6
krossguard: calls $3
*** TURN *** [7c 8c Qd] [6c]
aremom4e: bets $6
krossguard: calls $6
*** RIVER *** [7c 8c Qd 6c] [2h]
aremom4e: bets $6
krossguard: folds
Uncalled bet ($6) returned to aremom4e
aremom4e collected $35.50 from pot
aremom4e: doesn't show hand
*** SUMMARY ***
Total pot $36 | Rake $0.50
Board [7c 8c Qd 6c 2h]
Seat 1: aremom4e (big blind) collected ($35.50)
Seat 2: krossguard (button) (small blind) folded on the River


PokerStars Hand #173608692317:  Hold'em Limit ($3/$6 USD) - 2017/07/28 5:33:49 ET
Table 'Pelagia' 6-max Seat #1 is the button
Seat 1: aremom4e ($107.18 in chips)
Seat 2: krossguard ($131.14 in chips)
aremom4e: posts small blind $1
krossguard: posts big blind $3
*** HOLE CARDS ***
aremom4e: calls $2
krossguard: checks
*** FLOP *** [7h Ks 8s]
krossguard: bets $3
aremom4e: calls $3
*** TURN *** [7h Ks 8s] [4s]
krossguard: bets $6
aremom4e: folds
Uncalled bet ($6) returned to krossguard
krossguard collected $11.76 from pot
krossguard: doesn't show hand
*** SUMMARY ***
Total pot $12 | Rake $0.24
Board [7h Ks 8s 4s]
Seat 1: aremom4e (button) (small blind) folded on the Turn
Seat 2: krossguard (big blind) collected ($11.76)


PokerStars Hand #173608679740:  Hold'em Limit ($3/$6 USD) - 2017/07/28 5:33:13 ET
Table 'Pelagia' 6-max Seat #2 is the button
Seat 1: aremom4e ($137.18 in chips)
Seat 2: krossguard ($101.64 in chips)
krossguard: posts small blind $1
aremom4e: posts big blind $3
*** HOLE CARDS ***
krossguard: raises $3 to $6
aremom4e: calls $3
*** FLOP *** [2s 2h 5h]
aremom4e: checks
krossguard: bets $3
aremom4e: raises $3 to $6
krossguard: calls $3
*** TURN *** [2s 2h 5h] [Th]
aremom4e: bets $6
krossguard: raises $6 to $12
aremom4e: calls $6
*** RIVER *** [2s 2h 5h Th] [7s]
aremom4e: checks
krossguard: bets $6
aremom4e: calls $6
*** SHOW DOWN ***
krossguard: shows [2d Tc] (a full house, Deuces full of Tens)
aremom4e: mucks hand
krossguard collected $59.50 from pot
*** SUMMARY ***
Total pot $60 | Rake $0.50
Board [2s 2h 5h Th 7s]
Seat 1: aremom4e (big blind) mucked
Seat 2: krossguard (button) (small blind) showed [2d Tc] and won ($59.50) with a full house, Deuces full of Tens


PokerStars Hand #173608708857:  Hold'em Limit ($3/$6 USD) - 2017/07/28 5:34:36 ET
Table 'Pelagia' 6-max Seat #2 is the button
Seat 1: aremom4e ($109.70 in chips)
Seat 2: krossguard ($127.78 in chips)
krossguard: posts small blind $1
aremom4e: posts big blind $3
*** HOLE CARDS ***
krossguard: raises $3 to $6
aremom4e: calls $3
*** FLOP *** [8c 4d 9d]
aremom4e: checks
krossguard: bets $3
aremom4e: raises $3 to $6
krossguard: calls $3
*** TURN *** [8c 4d 9d] [9c]
aremom4e: checks
krossguard: bets $6
aremom4e: raises $6 to $12
krossguard: folds
Uncalled bet ($6) returned to aremom4e
aremom4e collected $35.50 from pot
aremom4e: doesn't show hand
*** SUMMARY ***
Total pot $36 | Rake $0.50
Board [8c 4d 9d 9c]
Seat 1: aremom4e (big blind) collected ($35.50)
Seat 2: krossguard (button) (small blind) folded on the Turn


PokerStars Hand #173608697784:  Hold'em Limit ($3/$6 USD) - 2017/07/28 5:34:05 ET
Table 'Pelagia' 6-max Seat #2 is the button
Seat 1: aremom4e ($101.18 in chips)
Seat 2: krossguard ($136.90 in chips)
krossguard: posts small blind $1
aremom4e: posts big blind $3
*** HOLE CARDS ***
krossguard: raises $3 to $6
aremom4e: calls $3
*** FLOP *** [6c As 7h]
aremom4e: checks
krossguard: checks
*** TURN *** [6c As 7h] [3h]
aremom4e: bets $6
krossguard: calls $6
*** RIVER *** [6c As 7h 3h] [Jh]
aremom4e: checks
krossguard: checks
*** SHOW DOWN ***
aremom4e: shows [4s 5s] (a straight, Three to Seven)
krossguard: mucks hand
aremom4e collected $23.52 from pot
*** SUMMARY ***
Total pot $24 | Rake $0.48
Board [6c As 7h 3h Jh]
Seat 1: aremom4e (big blind) showed [4s 5s] and won ($23.52) with a straight, Three to Seven
Seat 2: krossguard (button) (small blind) mucked


PokerStars Hand #173608719048:  Hold'em Limit ($3/$6 USD) - 2017/07/28 5:35:05 ET
Table 'Pelagia' 6-max Seat #1 is the button
Seat 1: aremom4e ($127.20 in chips)
Seat 2: krossguard ($109.78 in chips)
aremom4e: posts small blind $1
krossguard: posts big blind $3
*** HOLE CARDS ***
aremom4e: calls $2
krossguard: raises $3 to $6
aremom4e: calls $3
*** FLOP *** [5s 5h 5c]
krossguard: bets $3
aremom4e: calls $3
*** TURN *** [5s 5h 5c] [Qd]
krossguard: bets $6
aremom4e: raises $6 to $12
krossguard: folds
Uncalled bet ($6) returned to aremom4e
aremom4e collected $29.50 from pot
aremom4e: doesn't show hand
*** SUMMARY ***
Total pot $30 | Rake $0.50
Board [5s 5h 5c Qd]
Seat 1: aremom4e (button) (small blind) collected ($29.50)
Seat 2: krossguard (big blind) folded on the Turn


PokerStars Hand #173608724792:  Hold'em Limit ($3/$6 USD) - 2017/07/28 5:35:21 ET
Table 'Pelagia' 6-max Seat #2 is the button
Seat 1: aremom4e ($141.70 in chips)
Seat 2: krossguard ($94.78 in chips)
krossguard: posts small blind $1
aremom4e: posts big blind $3
*** HOLE CARDS ***
krossguard: raises $3 to $6
aremom4e: calls $3
*** FLOP *** [Tc Td As]
aremom4e: checks
krossguard: bets $3
aremom4e: folds
Uncalled bet ($3) returned to krossguard
krossguard collected $11.76 from pot
krossguard: doesn't show hand
*** SUMMARY ***
Total pot $12 | Rake $0.24
Board [Tc Td As]
Seat 1: aremom4e (big blind) folded on the Flop
Seat 2: krossguard (button) (small blind) collected ($11.76)


PokerStars Hand #173608736080:  Hold'em Limit ($3/$6 USD) - 2017/07/28 5:35:54 ET
Table 'Pelagia' 6-max Seat #2 is the button
Seat 1: aremom4e ($134.70 in chips)
Seat 2: krossguard ($101.54 in chips)
krossguard: posts small blind $1
aremom4e: posts big blind $3
*** HOLE CARDS ***
nashmed99 joins the table at seat #3
krossguard: raises $3 to $6
Psynto joins the table at seat #4
aremom4e: calls $3
*** FLOP *** [6d 6c 5s]
aremom4e: checks
nashmed99 leaves the table
krossguard: bets $3
aremom4e: raises $3 to $6
krossguard: calls $3
*** TURN *** [6d 6c 5s] [9s]
aremom4e: bets $6
krossguard: folds
Uncalled bet ($6) returned to aremom4e
aremom4e collected $23.52 from pot
aremom4e: doesn't show hand
*** SUMMARY ***
Total pot $24 | Rake $0.48
Board [6d 6c 5s 9s]
Seat 1: aremom4e (big blind) collected ($23.52)
Seat 2: krossguard (button) (small blind) folded on the Turn


PokerStars Hand #173608748740:  Hold'em Limit ($3/$6 USD) - 2017/07/28 5:36:31 ET
Table 'Pelagia' 6-max Seat #2 is the button
Seat 1: aremom4e ($134.22 in chips)
Seat 2: krossguard ($101.06 in chips)
krossguard: posts small blind $1
nashmed99 joins the table at seat #5
aremom4e: posts big blind $3
*** HOLE CARDS ***
krossguard: raises $3 to $6
aremom4e: folds
Uncalled bet ($3) returned to krossguard
krossguard collected $6 from pot
krossguard: doesn't show hand
*** SUMMARY ***
Total pot $6 | Rake $0
Seat 1: aremom4e (big blind) folded before Flop
Seat 2: krossguard (button) (small blind) collected ($6)


PokerStars Hand #173608742294:  Hold'em Limit ($3/$6 USD) - 2017/07/28 5:36:12 ET
Table 'Pelagia' 6-max Seat #1 is the button
Seat 1: aremom4e ($146.22 in chips)
Seat 2: krossguard ($89.54 in chips)
aremom4e: posts small blind $1
krossguard: posts big blind $3
*** HOLE CARDS ***
aremom4e: calls $2
krossguard: checks
*** FLOP *** [6d 8h Jc]
krossguard: checks
aremom4e: bets $3
krossguard: calls $3
*** TURN *** [6d 8h Jc] [Qd]
krossguard: checks
aremom4e: checks
*** RIVER *** [6d 8h Jc Qd] [Ad]
krossguard: bets $6
aremom4e: calls $6
*** SHOW DOWN ***
krossguard: shows [3s Ac] (a pair of Aces)
aremom4e: mucks hand
krossguard collected $23.52 from pot
*** SUMMARY ***
Total pot $24 | Rake $0.48
Board [6d 8h Jc Qd Ad]
Seat 1: aremom4e (button) (small blind) mucked
Seat 2: krossguard (big blind) showed [3s Ac] and won ($23.52) with a pair of Aces


PokerStars Hand #173608751814:  Hold'em Limit ($3/$6 USD) - 2017/07/28 5:36:40 ET
Table 'Pelagia' 6-max Seat #1 is the button
Seat 1: aremom4e ($131.22 in chips)
Seat 2: krossguard ($104.06 in chips)
aremom4e: posts small blind $1
krossguard: posts big blind $3
*** HOLE CARDS ***
aremom4e: raises $3 to $6
krossguard: calls $3
*** FLOP *** [Ks Th 2s]
krossguard: checks
aremom4e: bets $3
krossguard: calls $3
*** TURN *** [Ks Th 2s] [Tc]
krossguard: checks
aremom4e: bets $6
krossguard: raises $6 to $12
aremom4e: calls $6
*** RIVER *** [Ks Th 2s Tc] [4d]
krossguard: bets $6
aremom4e: folds
Uncalled bet ($6) returned to krossguard
krossguard collected $41.50 from pot
krossguard: doesn't show hand
*** SUMMARY ***
Total pot $42 | Rake $0.50
Board [Ks Th 2s Tc 4d]
Seat 1: aremom4e (button) (small blind) folded on the River
Seat 2: krossguard (big blind) collected ($41.50)


PokerStars Hand #173611482026:  Hold'em Limit ($3/$6 USD) - 2017/07/28 7:37:41 ET
Table 'Pelagia' 6-max Seat #4 is the button
Seat 3: theSHOW0FF ($317.51 in chips)
Seat 4: big_frae ($256.21 in chips)
big_frae: posts small blind $1
Psynto: is sitting out
theSHOW0FF: posts big blind $3
*** HOLE CARDS ***
big_frae: raises $3 to $6
theSHOW0FF: raises $3 to $9
big_frae: calls $3
*** FLOP *** [Ac Js Kh]
theSHOW0FF: checks
big_frae: bets $3
theSHOW0FF: calls $3
*** TURN *** [Ac Js Kh] [Kc]
theSHOW0FF: checks
big_frae: bets $6
theSHOW0FF: raises $6 to $12
big_frae: folds
Uncalled bet ($6) returned to theSHOW0FF
theSHOW0FF collected $35.50 from pot
theSHOW0FF: doesn't show hand
*** SUMMARY ***
Total pot $36 | Rake $0.50
Board [Ac Js Kh Kc]
Seat 3: theSHOW0FF (big blind) collected ($35.50)
Seat 4: big_frae (button) (small blind) folded on the Turn


