PokerStars Hand #146237903968:  Hold'em Limit ($3/$6 USD) - 2015/12/31 13:11:36 ET
Table 'Pelagia' 6-max Seat #3 is the button
Seat 3: artiZzt ($92.50 in chips)
Seat 6: _fayzulllo_ ($64.50 in chips)
artiZzt: posts small blind $1
_fayzulllo_: posts big blind $3
*** HOLE CARDS ***
artiZzt: folds
Uncalled bet ($2) returned to _fayzulllo_
_fayzulllo_ collected $2 from pot
_fayzulllo_: doesn't show hand
*** SUMMARY ***
Total pot $2 | Rake $0
Seat 3: artiZzt (button) (small blind) folded before Flop
Seat 6: _fayzulllo_ (big blind) collected ($2)


PokerStars Hand #146237877462:  Hold'em Limit ($3/$6 USD) - 2015/12/31 13:11:01 ET
Table 'Pelagia' 6-max Seat #6 is the button
Seat 3: artiZzt ($72 in chips)
Seat 6: _fayzulllo_ ($85.50 in chips)
_fayzulllo_: posts small blind $1
artiZzt: posts big blind $3
*** HOLE CARDS ***
_fayzulllo_: calls $2
artiZzt: raises $3 to $6
_fayzulllo_: calls $3
*** FLOP *** [8h 9h Ad]
artiZzt: bets $3
_fayzulllo_: calls $3
*** TURN *** [8h 9h Ad] [8d]
artiZzt: bets $6
_fayzulllo_: calls $6
*** RIVER *** [8h 9h Ad 8d] [Jc]
artiZzt: bets $6
_fayzulllo_: calls $6
*** SHOW DOWN ***
artiZzt: shows [Td 7d] (a straight, Seven to Jack)
_fayzulllo_: mucks hand
artiZzt collected $41.50 from pot
*** SUMMARY ***
Total pot $42 | Rake $0.50
Board [8h 9h Ad 8d Jc]
Seat 3: artiZzt (big blind) showed [Td 7d] and won ($41.50) with a straight, Seven to Jack
Seat 6: _fayzulllo_ (button) (small blind) mucked


PokerStars Hand #146237858473:  Hold'em Limit ($3/$6 USD) - 2015/12/31 13:10:37 ET
Table 'Pelagia' 6-max Seat #3 is the button
Seat 3: artiZzt ($73 in chips)
Seat 6: _fayzulllo_ ($71 in chips)
artiZzt: posts small blind $1
_fayzulllo_: posts big blind $3
*** HOLE CARDS ***
artiZzt: raises $3 to $6
_fayzulllo_: calls $3
*** FLOP *** [3s 3c 4c]
_fayzulllo_: checks
artiZzt: bets $3
_fayzulllo_: calls $3
*** TURN *** [3s 3c 4c] [Qd]
_fayzulllo_: checks
artiZzt: checks
*** RIVER *** [3s 3c 4c Qd] [Tc]
_fayzulllo_: bets $6
artiZzt: calls $6
*** SHOW DOWN ***
_fayzulllo_: shows [5s 3h] (three of a kind, Threes)
artiZzt: mucks hand
_fayzulllo_ collected $29.50 from pot
*** SUMMARY ***
Total pot $30 | Rake $0.50
Board [3s 3c 4c Qd Tc]
Seat 3: artiZzt (button) (small blind) mucked
Seat 6: _fayzulllo_ (big blind) showed [5s 3h] and won ($29.50) with three of a kind, Threes


PokerStars Hand #146237923839:  Hold'em Limit ($3/$6 USD) - 2015/12/31 13:12:02 ET
Table 'Pelagia' 6-max Seat #3 is the button
Seat 3: artiZzt ($88.50 in chips)
Seat 6: _fayzulllo_ ($68.38 in chips)
artiZzt: posts small blind $1
_fayzulllo_: posts big blind $3
*** HOLE CARDS ***
artiZzt: raises $3 to $6
_fayzulllo_: calls $3
*** FLOP *** [Tc Qd Ac]
_fayzulllo_: checks
artiZzt: bets $3
_fayzulllo_: raises $3 to $6
artiZzt: calls $3
*** TURN *** [Tc Qd Ac] [8h]
_fayzulllo_: bets $6
artiZzt: raises $6 to $12
_fayzulllo_: calls $6
*** RIVER *** [Tc Qd Ac 8h] [7c]
_fayzulllo_: checks
artiZzt: bets $6
_fayzulllo_: folds
Uncalled bet ($6) returned to artiZzt
artiZzt collected $47.50 from pot
artiZzt: doesn't show hand
*** SUMMARY ***
Total pot $48 | Rake $0.50
Board [Tc Qd Ac 8h 7c]
Seat 3: artiZzt (button) (small blind) collected ($47.50)
Seat 6: _fayzulllo_ (big blind) folded on the River


PokerStars Hand #146237910244:  Hold'em Limit ($3/$6 USD) - 2015/12/31 13:11:44 ET
Table 'Pelagia' 6-max Seat #6 is the button
Seat 3: artiZzt ($91.50 in chips)
Seat 6: _fayzulllo_ ($65.50 in chips)
_fayzulllo_: posts small blind $1
artiZzt: posts big blind $3
*** HOLE CARDS ***
_fayzulllo_: calls $2
artiZzt: checks
*** FLOP *** [8c 3c Ks]
artiZzt: checks
_fayzulllo_: bets $3
artiZzt: folds
Uncalled bet ($3) returned to _fayzulllo_
_fayzulllo_ collected $5.88 from pot
_fayzulllo_: doesn't show hand
*** SUMMARY ***
Total pot $6 | Rake $0.12
Board [8c 3c Ks]
Seat 3: artiZzt (big blind) folded on the Flop
Seat 6: _fayzulllo_ (button) (small blind) collected ($5.88)


PokerStars Hand #146237988343:  Hold'em Limit ($3/$6 USD) - 2015/12/31 13:13:26 ET
Table 'Pelagia' 6-max Seat #6 is the button
Seat 3: artiZzt ($105.64 in chips)
Seat 6: _fayzulllo_ ($49.88 in chips)
_fayzulllo_: posts small blind $1
artiZzt: posts big blind $3
*** HOLE CARDS ***
_fayzulllo_: folds
Uncalled bet ($2) returned to artiZzt
artiZzt collected $2 from pot
artiZzt: doesn't show hand
*** SUMMARY ***
Total pot $2 | Rake $0
Seat 3: artiZzt (big blind) collected ($2)
Seat 6: _fayzulllo_ (button) (small blind) folded before Flop


PokerStars Hand #146237972375:  Hold'em Limit ($3/$6 USD) - 2015/12/31 13:13:05 ET
Table 'Pelagia' 6-max Seat #3 is the button
Seat 3: artiZzt ($97 in chips)
Seat 6: _fayzulllo_ ($58.88 in chips)
artiZzt: posts small blind $1
_fayzulllo_: posts big blind $3
*** HOLE CARDS ***
artiZzt: raises $3 to $6
_fayzulllo_: calls $3
*** FLOP *** [2s Td 6c]
_fayzulllo_: checks
artiZzt: bets $3
_fayzulllo_: calls $3
*** TURN *** [2s Td 6c] [Kh]
_fayzulllo_: checks
artiZzt: checks
*** RIVER *** [2s Td 6c Kh] [3s]
_fayzulllo_: checks
artiZzt: checks
*** SHOW DOWN ***
_fayzulllo_: shows [5h Jc] (high card King)
artiZzt: shows [Js Qc] (high card King - Queen kicker)
artiZzt collected $17.64 from pot
*** SUMMARY ***
Total pot $18 | Rake $0.36
Board [2s Td 6c Kh 3s]
Seat 3: artiZzt (button) (small blind) showed [Js Qc] and won ($17.64) with high card King
Seat 6: _fayzulllo_ (big blind) showed [5h Jc] and lost with high card King


PokerStars Hand #146237956615:  Hold'em Limit ($3/$6 USD) - 2015/12/31 13:12:44 ET
Table 'Pelagia' 6-max Seat #6 is the button
Seat 3: artiZzt ($112 in chips)
Seat 6: _fayzulllo_ ($44.38 in chips)
_fayzulllo_: posts small blind $1
artiZzt: posts big blind $3
*** HOLE CARDS ***
_fayzulllo_: raises $3 to $6
artiZzt: calls $3
*** FLOP *** [4h 2d 8c]
artiZzt: checks
_fayzulllo_: bets $3
artiZzt: calls $3
*** TURN *** [4h 2d 8c] [6h]
artiZzt: checks
_fayzulllo_: checks
*** RIVER *** [4h 2d 8c 6h] [8s]
artiZzt: checks
_fayzulllo_: bets $6
artiZzt: calls $6
*** SHOW DOWN ***
_fayzulllo_: shows [4s 9s] (two pair, Eights and Fours)
artiZzt: mucks hand
_fayzulllo_ collected $29.50 from pot
*** SUMMARY ***
Total pot $30 | Rake $0.50
Board [4h 2d 8c 6h 8s]
Seat 3: artiZzt (big blind) mucked
Seat 6: _fayzulllo_ (button) (small blind) showed [4s 9s] and won ($29.50) with two pair, Eights and Fours


PokerStars Hand #146238028850:  Hold'em Limit ($3/$6 USD) - 2015/12/31 13:14:18 ET
Table 'Pelagia' 6-max Seat #6 is the button
Seat 3: artiZzt ($90.64 in chips)
Seat 6: _fayzulllo_ ($64.40 in chips)
_fayzulllo_: posts small blind $1
artiZzt: posts big blind $3
*** HOLE CARDS ***
_fayzulllo_: raises $3 to $6
artiZzt: calls $3
*** FLOP *** [Ac 4s 8h]
artiZzt: checks
_fayzulllo_: bets $3
artiZzt: raises $3 to $6
_fayzulllo_: calls $3
*** TURN *** [Ac 4s 8h] [8s]
artiZzt: bets $6
_fayzulllo_: calls $6
*** RIVER *** [Ac 4s 8h 8s] [4c]
artiZzt: checks
_fayzulllo_: checks
*** SHOW DOWN ***
artiZzt: shows [7s 5s] (two pair, Eights and Fours)
_fayzulllo_: shows [6h 6d] (two pair, Eights and Sixes)
_fayzulllo_ collected $35.50 from pot
*** SUMMARY ***
Total pot $36 | Rake $0.50
Board [Ac 4s 8h 8s 4c]
Seat 3: artiZzt (big blind) showed [7s 5s] and lost with two pair, Eights and Fours
Seat 6: _fayzulllo_ (button) (small blind) showed [6h 6d] and won ($35.50) with two pair, Eights and Sixes


PokerStars Hand #146238021495:  Hold'em Limit ($3/$6 USD) - 2015/12/31 13:14:09 ET
Table 'Pelagia' 6-max Seat #3 is the button
Seat 3: artiZzt ($91.64 in chips)
Seat 6: _fayzulllo_ ($63.40 in chips)
artiZzt: posts small blind $1
_fayzulllo_: posts big blind $3
*** HOLE CARDS ***
artiZzt: folds
Uncalled bet ($2) returned to _fayzulllo_
_fayzulllo_ collected $2 from pot
_fayzulllo_: doesn't show hand
*** SUMMARY ***
Total pot $2 | Rake $0
Seat 3: artiZzt (button) (small blind) folded before Flop
Seat 6: _fayzulllo_ (big blind) collected ($2)


PokerStars Hand #146238015717:  Hold'em Limit ($3/$6 USD) - 2015/12/31 13:14:01 ET
Table 'Pelagia' 6-max Seat #6 is the button
Seat 3: artiZzt ($94.64 in chips)
Seat 6: _fayzulllo_ ($60.40 in chips)
_fayzulllo_: posts small blind $1
artiZzt: posts big blind $3
*** HOLE CARDS ***
_fayzulllo_: raises $3 to $6
artiZzt: folds
Uncalled bet ($3) returned to _fayzulllo_
_fayzulllo_ collected $6 from pot
_fayzulllo_: doesn't show hand
*** SUMMARY ***
Total pot $6 | Rake $0
Seat 3: artiZzt (big blind) folded before Flop
Seat 6: _fayzulllo_ (button) (small blind) collected ($6)


PokerStars Hand #146237992624:  Hold'em Limit ($3/$6 USD) - 2015/12/31 13:13:31 ET
Table 'Pelagia' 6-max Seat #3 is the button
Seat 3: artiZzt ($106.64 in chips)
Seat 6: _fayzulllo_ ($48.88 in chips)
artiZzt: posts small blind $1
_fayzulllo_: posts big blind $3
*** HOLE CARDS ***
artiZzt: raises $3 to $6
_fayzulllo_: raises $3 to $9
artiZzt: calls $3
*** FLOP *** [2c Jc 3d]
_fayzulllo_: bets $3
artiZzt: calls $3
*** TURN *** [2c Jc 3d] [9s]
_fayzulllo_: checks
artiZzt: checks
*** RIVER *** [2c Jc 3d 9s] [Ad]
_fayzulllo_: bets $6
artiZzt: folds
Uncalled bet ($6) returned to _fayzulllo_
_fayzulllo_ collected $23.52 from pot
_fayzulllo_: doesn't show hand
*** SUMMARY ***
Total pot $24 | Rake $0.48
Board [2c Jc 3d 9s Ad]
Seat 3: artiZzt (button) (small blind) folded on the River
Seat 6: _fayzulllo_ (big blind) collected ($23.52)


PokerStars Hand #146238078902:  Hold'em Limit ($3/$6 USD) - 2015/12/31 13:15:23 ET
Table 'Pelagia' 6-max Seat #3 is the button
Seat 3: artiZzt ($87.04 in chips)
Seat 6: _fayzulllo_ ($66.90 in chips)
artiZzt: posts small blind $1
_fayzulllo_: posts big blind $3
*** HOLE CARDS ***
artiZzt: raises $3 to $6
_fayzulllo_: raises $3 to $9
artiZzt: raises $3 to $12
Betting is capped
_fayzulllo_: calls $3
*** FLOP *** [Qh 2h 2d]
_fayzulllo_: checks
artiZzt: bets $3
_fayzulllo_: calls $3
*** TURN *** [Qh 2h 2d] [Ks]
_fayzulllo_: checks
artiZzt: checks
*** RIVER *** [Qh 2h 2d Ks] [Ts]
_fayzulllo_: bets $6
artiZzt: calls $6
*** SHOW DOWN ***
_fayzulllo_: shows [Qd Kh] (two pair, Kings and Queens)
artiZzt: mucks hand
_fayzulllo_ collected $41.50 from pot
*** SUMMARY ***
Total pot $42 | Rake $0.50
Board [Qh 2h 2d Ks Ts]
Seat 3: artiZzt (button) (small blind) mucked
Seat 6: _fayzulllo_ (big blind) showed [Qd Kh] and won ($41.50) with two pair, Kings and Queens


PokerStars Hand #146238068209:  Hold'em Limit ($3/$6 USD) - 2015/12/31 13:15:10 ET
Table 'Pelagia' 6-max Seat #6 is the button
Seat 3: artiZzt ($81.28 in chips)
Seat 6: _fayzulllo_ ($72.90 in chips)
_fayzulllo_: posts small blind $1
artiZzt: posts big blind $3
*** HOLE CARDS ***
_fayzulllo_: calls $2
artiZzt: raises $3 to $6
_fayzulllo_: calls $3
*** FLOP *** [3c Qd Ks]
artiZzt: bets $3
_fayzulllo_: folds
Uncalled bet ($3) returned to artiZzt
artiZzt collected $11.76 from pot
artiZzt: doesn't show hand
*** SUMMARY ***
Total pot $12 | Rake $0.24
Board [3c Qd Ks]
Seat 3: artiZzt (big blind) collected ($11.76)
Seat 6: _fayzulllo_ (button) (small blind) folded on the Flop


PokerStars Hand #146238123342:  Hold'em Limit ($3/$6 USD) - 2015/12/31 13:16:21 ET
Table 'Pelagia' 6-max Seat #6 is the button
Seat 3: artiZzt ($95.50 in chips)
Seat 6: _fayzulllo_ ($69.16 in chips)
_fayzulllo_: posts small blind $1
artiZzt: posts big blind $3
*** HOLE CARDS ***
_fayzulllo_: raises $3 to $6
artiZzt: calls $3
*** FLOP *** [6c 5d 2c]
artiZzt: checks
_fayzulllo_: bets $3
artiZzt: folds
Uncalled bet ($3) returned to _fayzulllo_
_fayzulllo_ collected $11.76 from pot
_fayzulllo_: doesn't show hand
*** SUMMARY ***
Total pot $12 | Rake $0.24
Board [6c 5d 2c]
Seat 3: artiZzt (big blind) folded on the Flop
Seat 6: _fayzulllo_ (button) (small blind) collected ($11.76)


PokerStars Hand #146238106064:  Hold'em Limit ($3/$6 USD) - 2015/12/31 13:15:58 ET
Table 'Pelagia' 6-max Seat #3 is the button
Seat 3: artiZzt ($72 in chips)
Seat 6: _fayzulllo_ ($93.16 in chips)
artiZzt: posts small blind $1
_fayzulllo_: posts big blind $3
*** HOLE CARDS ***
artiZzt: raises $3 to $6
_fayzulllo_: raises $3 to $9
artiZzt: calls $3
*** FLOP *** [3c 3s 5c]
_fayzulllo_: bets $3
artiZzt: calls $3
*** TURN *** [3c 3s 5c] [2d]
_fayzulllo_: checks
artiZzt: bets $6
_fayzulllo_: calls $6
*** RIVER *** [3c 3s 5c 2d] [7d]
_fayzulllo_: checks
artiZzt: bets $6
_fayzulllo_: calls $6
*** SHOW DOWN ***
artiZzt: shows [5h Ad] (two pair, Fives and Threes)
_fayzulllo_: mucks hand
artiZzt collected $47.50 from pot
*** SUMMARY ***
Total pot $48 | Rake $0.50
Board [3c 3s 5c 2d 7d]
Seat 3: artiZzt (button) (small blind) showed [5h Ad] and won ($47.50) with two pair, Fives and Threes
Seat 6: _fayzulllo_ (big blind) mucked


PokerStars Hand #146238094448:  Hold'em Limit ($3/$6 USD) - 2015/12/31 13:15:43 ET
Table 'Pelagia' 6-max Seat #6 is the button
Seat 3: artiZzt ($72 in chips)
Seat 6: _fayzulllo_ ($87.40 in chips)
_fayzulllo_: posts small blind $1
artiZzt: posts big blind $3
*** HOLE CARDS ***
_fayzulllo_: raises $3 to $6
artiZzt: calls $3
*** FLOP *** [Ks 2s 3h]
artiZzt: checks
_fayzulllo_: bets $3
artiZzt: folds
Uncalled bet ($3) returned to _fayzulllo_
_fayzulllo_ collected $11.76 from pot
_fayzulllo_: doesn't show hand
*** SUMMARY ***
Total pot $12 | Rake $0.24
Board [Ks 2s 3h]
Seat 3: artiZzt (big blind) folded on the Flop
Seat 6: _fayzulllo_ (button) (small blind) collected ($11.76)


PokerStars Hand #146238152826:  Hold'em Limit ($3/$6 USD) - 2015/12/31 13:16:59 ET
Table 'Pelagia' 6-max Seat #6 is the button
Seat 3: artiZzt ($116 in chips)
Seat 6: _fayzulllo_ ($47.92 in chips)
_fayzulllo_: posts small blind $1
artiZzt: posts big blind $3
*** HOLE CARDS ***
_fayzulllo_: raises $3 to $6
artiZzt: raises $3 to $9
_fayzulllo_: calls $3
*** FLOP *** [6c 2s Js]
artiZzt: bets $3
_fayzulllo_: calls $3
*** TURN *** [6c 2s Js] [Ac]
artiZzt: bets $6
_fayzulllo_: calls $6
*** RIVER *** [6c 2s Js Ac] [4h]
artiZzt: checks
_fayzulllo_: bets $6
artiZzt: folds
Uncalled bet ($6) returned to _fayzulllo_
_fayzulllo_ collected $35.50 from pot
_fayzulllo_: doesn't show hand
*** SUMMARY ***
Total pot $36 | Rake $0.50
Board [6c 2s Js Ac 4h]
Seat 3: artiZzt (big blind) folded on the River
Seat 6: _fayzulllo_ (button) (small blind) collected ($35.50)


PokerStars Hand #146238131551:  Hold'em Limit ($3/$6 USD) - 2015/12/31 13:16:31 ET
Table 'Pelagia' 6-max Seat #3 is the button
Seat 3: artiZzt ($89.50 in chips)
Seat 6: _fayzulllo_ ($74.92 in chips)
artiZzt: posts small blind $1
_fayzulllo_: posts big blind $3
*** HOLE CARDS ***
artiZzt: raises $3 to $6
_fayzulllo_: calls $3
*** FLOP *** [8d 7d 7h]
_fayzulllo_: checks
artiZzt: bets $3
_fayzulllo_: raises $3 to $6
artiZzt: raises $3 to $9
_fayzulllo_: calls $3
*** TURN *** [8d 7d 7h] [Qc]
_fayzulllo_: checks
artiZzt: bets $6
_fayzulllo_: calls $6
*** RIVER *** [8d 7d 7h Qc] [5s]
_fayzulllo_: checks
artiZzt: bets $6
_fayzulllo_: calls $6
*** SHOW DOWN ***
artiZzt: shows [Js Jd] (two pair, Jacks and Sevens)
_fayzulllo_: mucks hand
artiZzt collected $53.50 from pot
*** SUMMARY ***
Total pot $54 | Rake $0.50
Board [8d 7d 7h Qc 5s]
Seat 3: artiZzt (button) (small blind) showed [Js Jd] and won ($53.50) with two pair, Jacks and Sevens
Seat 6: _fayzulllo_ (big blind) mucked


PokerStars Hand #146238173209:  Hold'em Limit ($3/$6 USD) - 2015/12/31 13:17:26 ET
Table 'Pelagia' 6-max Seat #3 is the button
Seat 3: artiZzt ($98 in chips)
Seat 6: _fayzulllo_ ($65.42 in chips)
artiZzt: posts small blind $1
_fayzulllo_: posts big blind $3
*** HOLE CARDS ***
artiZzt: raises $3 to $6
_fayzulllo_: calls $3
*** FLOP *** [4d As Kd]
artiZzt said, "brb"
_fayzulllo_: checks
artiZzt: bets $3
_fayzulllo_: calls $3
*** TURN *** [4d As Kd] [2c]
_fayzulllo_: checks
artiZzt: checks
*** RIVER *** [4d As Kd 2c] [4s]
_fayzulllo_: bets $6
artiZzt: folds
Uncalled bet ($6) returned to _fayzulllo_
_fayzulllo_ collected $17.64 from pot
_fayzulllo_: doesn't show hand
*** SUMMARY ***
Total pot $18 | Rake $0.36
Board [4d As Kd 2c 4s]
Seat 3: artiZzt (button) (small blind) folded on the River
Seat 6: _fayzulllo_ (big blind) collected ($17.64)


PokerStars Hand #146239795616:  Hold'em Limit ($3/$6 USD) - 2015/12/31 13:55:41 ET
Table 'Pelagia' 6-max Seat #3 is the button
Seat 2: couz007 ($131.50 in chips)
Seat 3: artiZzt ($77 in chips)
artiZzt: posts small blind $1
couz007: posts big blind $3
*** HOLE CARDS ***
artiZzt: raises $3 to $6
couz007: raises $3 to $9
artiZzt: calls $3
*** FLOP *** [2d Jd 2s]
couz007: bets $3
artiZzt: folds
Uncalled bet ($3) returned to couz007
couz007 collected $17.64 from pot
couz007: doesn't show hand
*** SUMMARY ***
Total pot $18 | Rake $0.36
Board [2d Jd 2s]
Seat 2: couz007 (big blind) collected ($17.64)
Seat 3: artiZzt (button) (small blind) folded on the Flop


PokerStars Hand #146239792302:  Hold'em Limit ($3/$6 USD) - 2015/12/31 13:55:35 ET
Table 'Pelagia' 6-max Seat #2 is the button
Seat 2: couz007 ($132.50 in chips)
Seat 3: artiZzt ($76 in chips)
couz007: posts small blind $1
artiZzt: posts big blind $3
*** HOLE CARDS ***
couz007: folds
Uncalled bet ($2) returned to artiZzt
artiZzt collected $2 from pot
artiZzt: doesn't show hand
*** SUMMARY ***
Total pot $2 | Rake $0
Seat 2: couz007 (button) (small blind) folded before Flop
Seat 3: artiZzt (big blind) collected ($2)


PokerStars Hand #146239788739:  Hold'em Limit ($3/$6 USD) - 2015/12/31 13:55:28 ET
Table 'Pelagia' 6-max Seat #3 is the button
Seat 2: couz007 ($135.50 in chips)
Seat 3: artiZzt ($73 in chips)
artiZzt: posts small blind $1
couz007: posts big blind $3
*** HOLE CARDS ***
artiZzt: raises $3 to $6
couz007: folds
Uncalled bet ($3) returned to artiZzt
artiZzt collected $6 from pot
artiZzt: doesn't show hand
*** SUMMARY ***
Total pot $6 | Rake $0
Seat 2: couz007 (big blind) folded before Flop
Seat 3: artiZzt (button) (small blind) collected ($6)


PokerStars Hand #146239785617:  Hold'em Limit ($3/$6 USD) - 2015/12/31 13:55:23 ET
Table 'Pelagia' 6-max Seat #2 is the button
Seat 2: couz007 ($136.50 in chips)
Seat 3: artiZzt ($72 in chips)
couz007: posts small blind $1
artiZzt: posts big blind $3
*** HOLE CARDS ***
couz007: folds
Uncalled bet ($2) returned to artiZzt
artiZzt collected $2 from pot
artiZzt: doesn't show hand
*** SUMMARY ***
Total pot $2 | Rake $0
Seat 2: couz007 (button) (small blind) folded before Flop
Seat 3: artiZzt (big blind) collected ($2)


PokerStars Hand #146239771390:  Hold'em Limit ($3/$6 USD) - 2015/12/31 13:54:59 ET
Table 'Pelagia' 6-max Seat #3 is the button
Seat 2: couz007 ($119 in chips)
Seat 3: artiZzt ($90 in chips)
artiZzt: posts small blind $1
couz007: posts big blind $3
*** HOLE CARDS ***
artiZzt: raises $3 to $6
couz007: raises $3 to $9
artiZzt: calls $3
*** FLOP *** [2h 5c 6h]
couz007: bets $3
artiZzt: calls $3
*** TURN *** [2h 5c 6h] [4s]
couz007: bets $6
artiZzt: calls $6
*** RIVER *** [2h 5c 6h 4s] [7h]
couz007: bets $6
artiZzt: folds
Uncalled bet ($6) returned to couz007
couz007 collected $35.50 from pot
couz007: doesn't show hand
*** SUMMARY ***
Total pot $36 | Rake $0.50
Board [2h 5c 6h 4s 7h]
Seat 2: couz007 (big blind) collected ($35.50)
Seat 3: artiZzt (button) (small blind) folded on the River


PokerStars Hand #146239805854:  Hold'em Limit ($3/$6 USD) - 2015/12/31 13:55:59 ET
Table 'Pelagia' 6-max Seat #2 is the button
Seat 2: couz007 ($140.14 in chips)
Seat 3: artiZzt ($72 in chips)
couz007: posts small blind $1
artiZzt: posts big blind $3
*** HOLE CARDS ***
couz007: raises $3 to $6
artiZzt: folds
Uncalled bet ($3) returned to couz007
couz007 collected $6 from pot
couz007: doesn't show hand
*** SUMMARY ***
Total pot $6 | Rake $0
Seat 2: couz007 (button) (small blind) collected ($6)
Seat 3: artiZzt (big blind) folded before Flop


PokerStars Hand #146240818698:  Hold'em Limit ($3/$6 USD) - 2015/12/31 14:22:12 ET
Table 'Pelagia' 6-max Seat #4 is the button
Seat 3: artiZzt ($72 in chips)
Seat 4: WalkingWin ($50.50 in chips)
WalkingWin: posts small blind $1
artiZzt: posts big blind $3
*** HOLE CARDS ***
WalkingWin: folds
Uncalled bet ($2) returned to artiZzt
artiZzt collected $2 from pot
artiZzt: doesn't show hand
*** SUMMARY ***
Total pot $2 | Rake $0
Seat 3: artiZzt (big blind) collected ($2)
Seat 4: WalkingWin (button) (small blind) folded before Flop


PokerStars Hand #146240786554:  Hold'em Limit ($3/$6 USD) - 2015/12/31 14:21:23 ET
Table 'Pelagia' 6-max Seat #3 is the button
Seat 3: artiZzt ($72 in chips)
Seat 4: WalkingWin ($30 in chips)
artiZzt: posts small blind $1
WalkingWin: posts big blind $3
*** HOLE CARDS ***
artiZzt: raises $3 to $6
WalkingWin: calls $3
*** FLOP *** [Qd Js 6h]
WalkingWin: checks
artiZzt: bets $3
WalkingWin: calls $3
*** TURN *** [Qd Js 6h] [6s]
WalkingWin: checks
artiZzt: bets $6
WalkingWin: calls $6
*** RIVER *** [Qd Js 6h 6s] [Ah]
WalkingWin: checks
artiZzt: bets $6
WalkingWin: calls $6
*** SHOW DOWN ***
artiZzt: shows [8s 4s] (a pair of Sixes)
WalkingWin: shows [9c 9h] (two pair, Nines and Sixes)
WalkingWin collected $41.50 from pot
*** SUMMARY ***
Total pot $42 | Rake $0.50
Board [Qd Js 6h 6s Ah]
Seat 3: artiZzt (button) (small blind) showed [8s 4s] and lost with a pair of Sixes
Seat 4: WalkingWin (big blind) showed [9c 9h] and won ($41.50) with two pair, Nines and Sixes


PokerStars Hand #146240822253:  Hold'em Limit ($3/$6 USD) - 2015/12/31 14:22:17 ET
Table 'Pelagia' 6-max Seat #3 is the button
Seat 3: artiZzt ($73 in chips)
Seat 4: WalkingWin ($49.50 in chips)
artiZzt: posts small blind $1
WalkingWin: posts big blind $3
*** HOLE CARDS ***
artiZzt: raises $3 to $6
WalkingWin: calls $3
*** FLOP *** [5h Ac 5c]
WalkingWin: checks
artiZzt: bets $3
WalkingWin: raises $3 to $6
artiZzt: folds
Uncalled bet ($3) returned to WalkingWin
WalkingWin collected $17.64 from pot
WalkingWin: doesn't show hand
*** SUMMARY ***
Total pot $18 | Rake $0.36
Board [5h Ac 5c]
Seat 3: artiZzt (button) (small blind) folded on the Flop
Seat 4: WalkingWin (big blind) collected ($17.64)


PokerStars Hand #146240842616:  Hold'em Limit ($3/$6 USD) - 2015/12/31 14:22:49 ET
Table 'Pelagia' 6-max Seat #4 is the button
Seat 3: artiZzt ($72 in chips)
Seat 4: WalkingWin ($58.14 in chips)
WalkingWin: posts small blind $1
artiZzt: posts big blind $3
*** HOLE CARDS ***
WalkingWin: calls $2
artiZzt: checks
*** FLOP *** [Qs Ad 5s]
artiZzt: checks
WalkingWin: bets $3
artiZzt: calls $3
*** TURN *** [Qs Ad 5s] [Js]
artiZzt: checks
WalkingWin: checks
*** RIVER *** [Qs Ad 5s Js] [4c]
artiZzt: bets $6
WalkingWin: folds
Uncalled bet ($6) returned to artiZzt
artiZzt collected $11.76 from pot
artiZzt: doesn't show hand
*** SUMMARY ***
Total pot $12 | Rake $0.24
Board [Qs Ad 5s Js 4c]
Seat 3: artiZzt (big blind) collected ($11.76)
Seat 4: WalkingWin (button) (small blind) folded on the River


PokerStars Hand #146240854246:  Hold'em Limit ($3/$6 USD) - 2015/12/31 14:23:06 ET
Table 'Pelagia' 6-max Seat #3 is the button
Seat 3: artiZzt ($77.76 in chips)
Seat 4: WalkingWin ($52.14 in chips)
artiZzt: posts small blind $1
WalkingWin: posts big blind $3
*** HOLE CARDS ***
artiZzt: raises $3 to $6
WalkingWin: calls $3
*** FLOP *** [Ks 2s 9d]
WalkingWin: checks
artiZzt: bets $3
WalkingWin: folds
Uncalled bet ($3) returned to artiZzt
artiZzt collected $11.76 from pot
artiZzt: doesn't show hand
*** SUMMARY ***
Total pot $12 | Rake $0.24
Board [Ks 2s 9d]
Seat 3: artiZzt (button) (small blind) collected ($11.76)
Seat 4: WalkingWin (big blind) folded on the Flop


PokerStars Hand #146240866331:  Hold'em Limit ($3/$6 USD) - 2015/12/31 14:23:25 ET
Table 'Pelagia' 6-max Seat #4 is the button
Seat 3: artiZzt ($83.52 in chips)
Seat 4: WalkingWin ($46.14 in chips)
WalkingWin: posts small blind $1
artiZzt: posts big blind $3
*** HOLE CARDS ***
WalkingWin: calls $2
artiZzt: checks
*** FLOP *** [9d Ah 4d]
artiZzt: checks
WalkingWin: checks
*** TURN *** [9d Ah 4d] [As]
artiZzt: checks
WalkingWin: bets $6
artiZzt: calls $6
*** RIVER *** [9d Ah 4d As] [8d]
artiZzt: checks
WalkingWin: checks
*** SHOW DOWN ***
artiZzt: shows [Kc 5h] (a pair of Aces)
WalkingWin: shows [Kd 7s] (a pair of Aces)
artiZzt collected $8.82 from pot
WalkingWin collected $8.82 from pot
*** SUMMARY ***
Total pot $18 | Rake $0.36
Board [9d Ah 4d As 8d]
Seat 3: artiZzt (big blind) showed [Kc 5h] and won ($8.82) with a pair of Aces
Seat 4: WalkingWin (button) (small blind) showed [Kd 7s] and won ($8.82) with a pair of Aces


PokerStars Hand #146240884917:  Hold'em Limit ($3/$6 USD) - 2015/12/31 14:23:53 ET
Table 'Pelagia' 6-max Seat #3 is the button
Seat 3: artiZzt ($83.34 in chips)
Seat 4: WalkingWin ($45.96 in chips)
artiZzt: posts small blind $1
WalkingWin: posts big blind $3
*** HOLE CARDS ***
artiZzt: raises $3 to $6
Masqb joins the table at seat #5
WalkingWin: calls $3
*** FLOP *** [Kc Qd 4c]
WalkingWin: checks
artiZzt: bets $3
WalkingWin: calls $3
*** TURN *** [Kc Qd 4c] [5s]
WalkingWin: checks
artiZzt: checks
*** RIVER *** [Kc Qd 4c 5s] [9c]
WalkingWin: checks
griszka82 joins the table at seat #6
artiZzt: bets $6
WalkingWin: calls $6
*** SHOW DOWN ***
artiZzt: shows [8c Qs] (a pair of Queens)
WalkingWin: shows [3h Ks] (a pair of Kings)
WalkingWin collected $29.50 from pot
*** SUMMARY ***
Total pot $30 | Rake $0.50
Board [Kc Qd 4c 5s 9c]
Seat 3: artiZzt (button) (small blind) showed [8c Qs] and lost with a pair of Queens
Seat 4: WalkingWin (big blind) showed [3h Ks] and won ($29.50) with a pair of Kings


PokerStars Hand #146244035392:  Hold'em Limit ($3/$6 USD) - 2015/12/31 15:50:09 ET
Table 'Pelagia' 6-max Seat #6 is the button
Seat 4: schwatter82 ($87.52 in chips)
Seat 6: Icecold ($317.34 in chips)
Icecold: posts small blind $1
schwatter82: posts big blind $3
*** HOLE CARDS ***
Icecold: raises $3 to $6
schwatter82: calls $3
*** FLOP *** [Qd Ac Jh]
schwatter82: checks
Icecold: bets $3
schwatter82: folds
Uncalled bet ($3) returned to Icecold
Icecold collected $11.76 from pot
*** SUMMARY ***
Total pot $12 | Rake $0.24
Board [Qd Ac Jh]
Seat 4: schwatter82 (big blind) folded on the Flop
Seat 6: Icecold (button) (small blind) collected ($11.76)


PokerStars Hand #146244041258:  Hold'em Limit ($3/$6 USD) - 2015/12/31 15:50:20 ET
Table 'Pelagia' 6-max Seat #4 is the button
Seat 4: schwatter82 ($81.52 in chips)
Seat 6: Icecold ($323.10 in chips)
schwatter82: posts small blind $1
Icecold: posts big blind $3
*** HOLE CARDS ***
schwatter82: folds
Uncalled bet ($2) returned to Icecold
Icecold collected $2 from pot
*** SUMMARY ***
Total pot $2 | Rake $0
Seat 4: schwatter82 (button) (small blind) folded before Flop
Seat 6: Icecold (big blind) collected ($2)


PokerStars Hand #146245415516:  Hold'em Limit ($3/$6 USD) - 2015/12/31 16:32:43 ET
Table 'Pelagia' 6-max Seat #3 is the button
Seat 3: gorcea_vs ($73.71 in chips)
Seat 5: Masqb ($297.81 in chips)
gorcea_vs: posts small blind $1
Masqb: posts big blind $3
*** HOLE CARDS ***
gorcea_vs: folds
Uncalled bet ($2) returned to Masqb
Masqb collected $2 from pot
Masqb: doesn't show hand
*** SUMMARY ***
Total pot $2 | Rake $0
Seat 3: gorcea_vs (button) (small blind) folded before Flop
Seat 5: Masqb (big blind) collected ($2)


PokerStars Hand #146245438947:  Hold'em Limit ($3/$6 USD) - 2015/12/31 16:33:26 ET
Table 'Pelagia' 6-max Seat #3 is the button
Seat 3: gorcea_vs ($84.23 in chips)
Seat 5: Masqb ($286.81 in chips)
gorcea_vs: posts small blind $1
Masqb: posts big blind $3
*** HOLE CARDS ***
gorcea_vs: raises $3 to $6
Masqb: raises $3 to $9
gorcea_vs: calls $3
*** FLOP *** [Tc Ac Ad]
Masqb: bets $3
gorcea_vs: calls $3
*** TURN *** [Tc Ac Ad] [9d]
Masqb: checks
gorcea_vs: bets $6
Masqb: folds
Uncalled bet ($6) returned to gorcea_vs
gorcea_vs collected $23.52 from pot
gorcea_vs: doesn't show hand
*** SUMMARY ***
Total pot $24 | Rake $0.48
Board [Tc Ac Ad 9d]
Seat 3: gorcea_vs (button) (small blind) collected ($23.52)
Seat 5: Masqb (big blind) folded on the Turn


PokerStars Hand #146245419604:  Hold'em Limit ($3/$6 USD) - 2015/12/31 16:32:51 ET
Table 'Pelagia' 6-max Seat #5 is the button
Seat 3: gorcea_vs ($72.71 in chips)
Seat 5: Masqb ($298.81 in chips)
Masqb: posts small blind $1
gorcea_vs: posts big blind $3
*** HOLE CARDS ***
Masqb: raises $3 to $6
gorcea_vs: calls $3
*** FLOP *** [9c 3d 2d]
gorcea_vs: checks
Masqb: bets $3
gorcea_vs: raises $3 to $6
Masqb: calls $3
*** TURN *** [9c 3d 2d] [Tc]
gorcea_vs: bets $6
Masqb: folds
Uncalled bet ($6) returned to gorcea_vs
gorcea_vs collected $23.52 from pot
gorcea_vs: doesn't show hand
*** SUMMARY ***
Total pot $24 | Rake $0.48
Board [9c 3d 2d Tc]
Seat 3: gorcea_vs (big blind) collected ($23.52)
Seat 5: Masqb (button) (small blind) folded on the Turn


PokerStars Hand #146245472029:  Hold'em Limit ($3/$6 USD) - 2015/12/31 16:34:27 ET
Table 'Pelagia' 6-max Seat #5 is the button
Seat 3: gorcea_vs ($121.25 in chips)
Seat 5: Masqb ($248.81 in chips)
Masqb: posts small blind $1
gorcea_vs: posts big blind $3
*** HOLE CARDS ***
Masqb: raises $3 to $6
gorcea_vs: calls $3
*** FLOP *** [Kh Kd 5h]
gorcea_vs: checks
Masqb: bets $3
gorcea_vs: calls $3
*** TURN *** [Kh Kd 5h] [5s]
gorcea_vs: checks
Masqb: bets $6
gorcea_vs: calls $6
*** RIVER *** [Kh Kd 5h 5s] [9s]
gorcea_vs: checks
Masqb: bets $6
gorcea_vs: calls $6
*** SHOW DOWN ***
Masqb: shows [Kc 3c] (a full house, Kings full of Fives)
gorcea_vs: mucks hand
Masqb collected $41.50 from pot
*** SUMMARY ***
Total pot $42 | Rake $0.50
Board [Kh Kd 5h 5s 9s]
Seat 3: gorcea_vs (big blind) mucked
Seat 5: Masqb (button) (small blind) showed [Kc 3c] and won ($41.50) with a full house, Kings full of Fives


PokerStars Hand #146245469483:  Hold'em Limit ($3/$6 USD) - 2015/12/31 16:34:23 ET
Table 'Pelagia' 6-max Seat #3 is the button
Seat 3: gorcea_vs ($122.25 in chips)
Seat 5: Masqb ($247.81 in chips)
gorcea_vs: posts small blind $1
Masqb: posts big blind $3
*** HOLE CARDS ***
gorcea_vs: folds
Uncalled bet ($2) returned to Masqb
Masqb collected $2 from pot
Masqb: doesn't show hand
*** SUMMARY ***
Total pot $2 | Rake $0
Seat 3: gorcea_vs (button) (small blind) folded before Flop
Seat 5: Masqb (big blind) collected ($2)


PokerStars Hand #146245451866:  Hold'em Limit ($3/$6 USD) - 2015/12/31 16:33:50 ET
Table 'Pelagia' 6-max Seat #5 is the button
Seat 3: gorcea_vs ($95.75 in chips)
Seat 5: Masqb ($274.81 in chips)
Masqb: posts small blind $1
gorcea_vs: posts big blind $3
*** HOLE CARDS ***
Masqb: raises $3 to $6
gorcea_vs: calls $3
*** FLOP *** [4h Qc 3s]
gorcea_vs: checks
Masqb: bets $3
gorcea_vs: calls $3
*** TURN *** [4h Qc 3s] [5h]
gorcea_vs: checks
Masqb: bets $6
gorcea_vs: raises $6 to $12
Masqb: calls $6
*** RIVER *** [4h Qc 3s 5h] [3h]
gorcea_vs: bets $6
Masqb: calls $6
*** SHOW DOWN ***
gorcea_vs: shows [Ac 2c] (a straight, Ace to Five)
Masqb: mucks hand
gorcea_vs collected $53.50 from pot
*** SUMMARY ***
Total pot $54 | Rake $0.50
Board [4h Qc 3s 5h 3h]
Seat 3: gorcea_vs (big blind) showed [Ac 2c] and won ($53.50) with a straight, Ace to Five
Seat 5: Masqb (button) (small blind) mucked


PokerStars Hand #146245488457:  Hold'em Limit ($3/$6 USD) - 2015/12/31 16:34:58 ET
Table 'Pelagia' 6-max Seat #3 is the button
Seat 3: gorcea_vs ($100.25 in chips)
Seat 5: Masqb ($269.31 in chips)
gorcea_vs: posts small blind $1
Masqb: posts big blind $3
*** HOLE CARDS ***
gorcea_vs: raises $3 to $6
Masqb: raises $3 to $9
gorcea_vs: calls $3
*** FLOP *** [5d 3d Jh]
Masqb: bets $3
gorcea_vs: calls $3
*** TURN *** [5d 3d Jh] [4d]
Masqb: checks
gorcea_vs: bets $6
Masqb: calls $6
*** RIVER *** [5d 3d Jh 4d] [7c]
Masqb: checks
gorcea_vs: bets $6
Masqb: raises $6 to $12
gorcea_vs: calls $6
*** SHOW DOWN ***
Masqb: shows [6s Kc] (a straight, Three to Seven)
gorcea_vs: mucks hand
Masqb collected $59.50 from pot
*** SUMMARY ***
Total pot $60 | Rake $0.50
Board [5d 3d Jh 4d 7c]
Seat 3: gorcea_vs (button) (small blind) mucked
Seat 5: Masqb (big blind) showed [6s Kc] and won ($59.50) with a straight, Three to Seven


PokerStars Hand #146245530375:  Hold'em Limit ($3/$6 USD) - 2015/12/31 16:36:14 ET
Table 'Pelagia' 6-max Seat #3 is the button
Seat 3: gorcea_vs ($84.75 in chips)
Seat 5: Masqb ($283.81 in chips)
gorcea_vs: posts small blind $1
Masqb: posts big blind $3
*** HOLE CARDS ***
gorcea_vs: raises $3 to $6
Masqb: calls $3
*** FLOP *** [Td 6h 7d]
Masqb: checks
gorcea_vs: bets $3
Masqb: calls $3
*** TURN *** [Td 6h 7d] [3h]
Masqb: checks
gorcea_vs: bets $6
Masqb: calls $6
*** RIVER *** [Td 6h 7d 3h] [Kd]
Masqb: checks
gorcea_vs: checks
*** SHOW DOWN ***
Masqb: shows [Ks 8d] (a pair of Kings)
gorcea_vs: mucks hand
Masqb collected $29.50 from pot
*** SUMMARY ***
Total pot $30 | Rake $0.50
Board [Td 6h 7d 3h Kd]
Seat 3: gorcea_vs (button) (small blind) mucked
Seat 5: Masqb (big blind) showed [Ks 8d] and won ($29.50) with a pair of Kings


PokerStars Hand #146245513023:  Hold'em Limit ($3/$6 USD) - 2015/12/31 16:35:42 ET
Table 'Pelagia' 6-max Seat #5 is the button
Seat 3: gorcea_vs ($70.25 in chips)
Seat 5: Masqb ($298.81 in chips)
Masqb: posts small blind $1
gorcea_vs: posts big blind $3
*** HOLE CARDS ***
Masqb: raises $3 to $6
gorcea_vs: calls $3
*** FLOP *** [7s Qc 7c]
gorcea_vs: checks
Masqb: bets $3
gorcea_vs: calls $3
*** TURN *** [7s Qc 7c] [Jc]
gorcea_vs: checks
Masqb: checks
*** RIVER *** [7s Qc 7c Jc] [3h]
gorcea_vs: bets $6
Masqb: calls $6
*** SHOW DOWN ***
gorcea_vs: shows [2c 7d] (three of a kind, Sevens)
Masqb: mucks hand
gorcea_vs collected $29.50 from pot
*** SUMMARY ***
Total pot $30 | Rake $0.50
Board [7s Qc 7c Jc 3h]
Seat 3: gorcea_vs (big blind) showed [2c 7d] and won ($29.50) with three of a kind, Sevens
Seat 5: Masqb (button) (small blind) mucked


PokerStars Hand #146245583452:  Hold'em Limit ($3/$6 USD) - 2015/12/31 16:37:52 ET
Table 'Pelagia' 6-max Seat #3 is the button
Seat 3: gorcea_vs ($97.25 in chips)
Seat 5: Masqb ($270.31 in chips)
gorcea_vs: posts small blind $1
Masqb: posts big blind $3
*** HOLE CARDS ***
gorcea_vs: folds
Uncalled bet ($2) returned to Masqb
Masqb collected $2 from pot
Masqb: doesn't show hand
*** SUMMARY ***
Total pot $2 | Rake $0
Seat 3: gorcea_vs (button) (small blind) folded before Flop
Seat 5: Masqb (big blind) collected ($2)


PokerStars Hand #146245578401:  Hold'em Limit ($3/$6 USD) - 2015/12/31 16:37:43 ET
Table 'Pelagia' 6-max Seat #5 is the button
Seat 3: gorcea_vs ($96.25 in chips)
Seat 5: Masqb ($271.31 in chips)
Masqb: posts small blind $1
gorcea_vs: posts big blind $3
*** HOLE CARDS ***
Masqb: folds
Uncalled bet ($2) returned to gorcea_vs
gorcea_vs collected $2 from pot
gorcea_vs: doesn't show hand
*** SUMMARY ***
Total pot $2 | Rake $0
Seat 3: gorcea_vs (big blind) collected ($2)
Seat 5: Masqb (button) (small blind) folded before Flop


PokerStars Hand #146245572661:  Hold'em Limit ($3/$6 USD) - 2015/12/31 16:37:32 ET
Table 'Pelagia' 6-max Seat #3 is the button
Seat 3: gorcea_vs ($93.25 in chips)
Seat 5: Masqb ($274.31 in chips)
gorcea_vs: posts small blind $1
Masqb: posts big blind $3
*** HOLE CARDS ***
gorcea_vs: raises $3 to $6
Masqb: folds
Uncalled bet ($3) returned to gorcea_vs
gorcea_vs collected $6 from pot
gorcea_vs: doesn't show hand
*** SUMMARY ***
Total pot $6 | Rake $0
Seat 3: gorcea_vs (button) (small blind) collected ($6)
Seat 5: Masqb (big blind) folded before Flop


PokerStars Hand #146245555342:  Hold'em Limit ($3/$6 USD) - 2015/12/31 16:37:00 ET
Table 'Pelagia' 6-max Seat #5 is the button
Seat 3: gorcea_vs ($69.75 in chips)
Seat 5: Masqb ($298.31 in chips)
Masqb: posts small blind $1
gorcea_vs: posts big blind $3
*** HOLE CARDS ***
Masqb: raises $3 to $6
gorcea_vs: raises $3 to $9
Masqb: calls $3
*** FLOP *** [5d 9s 5h]
gorcea_vs: bets $3
Masqb: calls $3
*** TURN *** [5d 9s 5h] [6s]
gorcea_vs: bets $6
Masqb: calls $6
*** RIVER *** [5d 9s 5h 6s] [8c]
gorcea_vs: bets $6
Masqb: calls $6
*** SHOW DOWN ***
gorcea_vs: shows [Jh Jd] (two pair, Jacks and Fives)
Masqb: mucks hand
gorcea_vs collected $47.50 from pot
*** SUMMARY ***
Total pot $48 | Rake $0.50
Board [5d 9s 5h 6s 8c]
Seat 3: gorcea_vs (big blind) showed [Jh Jd] and won ($47.50) with two pair, Jacks and Fives
Seat 5: Masqb (button) (small blind) mucked


PokerStars Hand #146245586046:  Hold'em Limit ($3/$6 USD) - 2015/12/31 16:37:57 ET
Table 'Pelagia' 6-max Seat #5 is the button
Seat 3: gorcea_vs ($96.25 in chips)
Seat 5: Masqb ($271.31 in chips)
Masqb: posts small blind $1
gorcea_vs: posts big blind $3
*** HOLE CARDS ***
Masqb: raises $3 to $6
gorcea_vs: calls $3
*** FLOP *** [7c 5h Jc]
gorcea_vs: checks
Masqb: bets $3
gorcea_vs: calls $3
*** TURN *** [7c 5h Jc] [5c]
gorcea_vs: checks
Masqb: checks
*** RIVER *** [7c 5h Jc 5c] [Kd]
gorcea_vs: bets $6
Masqb: calls $6
*** SHOW DOWN ***
gorcea_vs: shows [Ts 4s] (a pair of Fives)
Masqb: shows [Ad 8c] (a pair of Fives - Ace kicker)
Masqb collected $29.50 from pot
*** SUMMARY ***
Total pot $30 | Rake $0.50
Board [7c 5h Jc 5c Kd]
Seat 3: gorcea_vs (big blind) showed [Ts 4s] and lost with a pair of Fives
Seat 5: Masqb (button) (small blind) showed [Ad 8c] and won ($29.50) with a pair of Fives


PokerStars Hand #146245630182:  Hold'em Limit ($3/$6 USD) - 2015/12/31 16:39:18 ET
Table 'Pelagia' 6-max Seat #5 is the button
Seat 3: gorcea_vs ($45.25 in chips)
Seat 5: Masqb ($321.31 in chips)
Masqb: posts small blind $1
gorcea_vs: posts big blind $3
*** HOLE CARDS ***
Masqb: raises $3 to $6
gorcea_vs: calls $3
*** FLOP *** [4h 9h Tc]
gorcea_vs: checks
Masqb: bets $3
gorcea_vs: folds
Uncalled bet ($3) returned to Masqb
Masqb collected $11.76 from pot
Masqb: doesn't show hand
*** SUMMARY ***
Total pot $12 | Rake $0.24
Board [4h 9h Tc]
Seat 3: gorcea_vs (big blind) folded on the Flop
Seat 5: Masqb (button) (small blind) collected ($11.76)


PokerStars Hand #146245603919:  Hold'em Limit ($3/$6 USD) - 2015/12/31 16:38:30 ET
Table 'Pelagia' 6-max Seat #3 is the button
Seat 3: gorcea_vs ($81.25 in chips)
Seat 5: Masqb ($285.81 in chips)
gorcea_vs: posts small blind $1
Masqb: posts big blind $3
*** HOLE CARDS ***
gorcea_vs: raises $3 to $6
Masqb: calls $3
*** FLOP *** [5h Ah 4s]
Masqb: checks
gorcea_vs: bets $3
Masqb: raises $3 to $6
gorcea_vs: calls $3
*** TURN *** [5h Ah 4s] [Kh]
Masqb: bets $6
gorcea_vs: calls $6
*** RIVER *** [5h Ah 4s Kh] [As]
Masqb: bets $6
gorcea_vs: raises $6 to $12
Masqb: raises $6 to $18
gorcea_vs: calls $6
*** SHOW DOWN ***
Masqb: shows [Qh 6h] (a flush, Ace high)
gorcea_vs: mucks hand
Masqb collected $71.50 from pot
*** SUMMARY ***
Total pot $72 | Rake $0.50
Board [5h Ah 4s Kh As]
Seat 3: gorcea_vs (button) (small blind) mucked
Seat 5: Masqb (big blind) showed [Qh 6h] and won ($71.50) with a flush, Ace high


PokerStars Hand #146245638842:  Hold'em Limit ($3/$6 USD) - 2015/12/31 16:39:34 ET
Table 'Pelagia' 6-max Seat #3 is the button
Seat 3: gorcea_vs ($39.25 in chips)
Seat 5: Masqb ($327.07 in chips)
gorcea_vs: posts small blind $1
Masqb: posts big blind $3
*** HOLE CARDS ***
gorcea_vs: raises $3 to $6
Masqb: calls $3
*** FLOP *** [6s Kd 6c]
Masqb: checks
gorcea_vs: bets $3
Masqb: calls $3
*** TURN *** [6s Kd 6c] [9h]
Masqb: checks
gorcea_vs: bets $6
Masqb: folds
Uncalled bet ($6) returned to gorcea_vs
gorcea_vs collected $17.64 from pot
gorcea_vs: doesn't show hand
*** SUMMARY ***
Total pot $18 | Rake $0.36
Board [6s Kd 6c 9h]
Seat 3: gorcea_vs (button) (small blind) collected ($17.64)
Seat 5: Masqb (big blind) folded on the Turn


PokerStars Hand #146245679578:  Hold'em Limit ($3/$6 USD) - 2015/12/31 16:40:50 ET
Table 'Pelagia' 6-max Seat #3 is the button
Seat 3: gorcea_vs ($26.89 in chips)
Seat 5: Masqb ($338.57 in chips)
gorcea_vs: posts small blind $1
Masqb: posts big blind $3
*** HOLE CARDS ***
gorcea_vs: folds
Uncalled bet ($2) returned to Masqb
Masqb collected $2 from pot
Masqb: doesn't show hand
*** SUMMARY ***
Total pot $2 | Rake $0
Seat 3: gorcea_vs (button) (small blind) folded before Flop
Seat 5: Masqb (big blind) collected ($2)


PokerStars Hand #146245658525:  Hold'em Limit ($3/$6 USD) - 2015/12/31 16:40:11 ET
Table 'Pelagia' 6-max Seat #5 is the button
Seat 3: gorcea_vs ($47.89 in chips)
Seat 5: Masqb ($318.07 in chips)
Masqb: posts small blind $1
gorcea_vs: posts big blind $3
*** HOLE CARDS ***
Masqb: raises $3 to $6
gorcea_vs: calls $3
*** FLOP *** [6h Tc 5h]
gorcea_vs: checks
Masqb: bets $3
gorcea_vs: calls $3
*** TURN *** [6h Tc 5h] [8c]
gorcea_vs: checks
Masqb: checks
*** RIVER *** [6h Tc 5h 8c] [2h]
gorcea_vs: bets $6
Masqb: raises $6 to $12
gorcea_vs: calls $6
*** SHOW DOWN ***
Masqb: shows [2c 5c] (two pair, Fives and Deuces)
gorcea_vs: mucks hand
Masqb collected $41.50 from pot
*** SUMMARY ***
Total pot $42 | Rake $0.50
Board [6h Tc 5h 8c 2h]
Seat 3: gorcea_vs (big blind) mucked
Seat 5: Masqb (button) (small blind) showed [2c 5c] and won ($41.50) with two pair, Fives and Deuces


PokerStars Hand #146245682072:  Hold'em Limit ($3/$6 USD) - 2015/12/31 16:40:55 ET
Table 'Pelagia' 6-max Seat #5 is the button
Seat 3: gorcea_vs ($25.89 in chips)
Seat 5: Masqb ($339.57 in chips)
Masqb: posts small blind $1
gorcea_vs: posts big blind $3
*** HOLE CARDS ***
Masqb: raises $3 to $6
gorcea_vs: calls $3
*** FLOP *** [3c 9s 7c]
gorcea_vs: checks
Masqb: bets $3
gorcea_vs: calls $3
*** TURN *** [3c 9s 7c] [2s]
gorcea_vs: checks
Masqb: checks
*** RIVER *** [3c 9s 7c 2s] [As]
gorcea_vs: checks
Masqb: bets $6
gorcea_vs: calls $6
*** SHOW DOWN ***
Masqb: shows [8d Ac] (a pair of Aces)
gorcea_vs: mucks hand
Masqb collected $29.50 from pot
*** SUMMARY ***
Total pot $30 | Rake $0.50
Board [3c 9s 7c 2s As]
Seat 3: gorcea_vs (big blind) mucked
Seat 5: Masqb (button) (small blind) showed [8d Ac] and won ($29.50) with a pair of Aces


PokerStars Hand #146245700861:  Hold'em Limit ($3/$6 USD) - 2015/12/31 16:41:30 ET
Table 'Pelagia' 6-max Seat #3 is the button
Seat 3: gorcea_vs ($10.89 in chips)
Seat 5: Masqb ($354.07 in chips)
gorcea_vs: posts small blind $1
Masqb: posts big blind $3
*** HOLE CARDS ***
gorcea_vs: raises $3 to $6
Masqb: calls $3
*** FLOP *** [8d 2d 2s]
Masqb: checks
gorcea_vs: bets $3
Masqb: calls $3
*** TURN *** [8d 2d 2s] [Kh]
Masqb: bets $6
gorcea_vs: calls $1.89 and is all-in
Uncalled bet ($4.11) returned to Masqb
*** RIVER *** [8d 2d 2s Kh] [9h]
*** SHOW DOWN ***
Masqb: shows [Td Js] (a pair of Deuces)
gorcea_vs: shows [5d Tc] (a pair of Deuces - lower kicker)
Masqb collected $21.34 from pot
*** SUMMARY ***
Total pot $21.78 | Rake $0.44
Board [8d 2d 2s Kh 9h]
Seat 3: gorcea_vs (button) (small blind) showed [5d Tc] and lost with a pair of Deuces
Seat 5: Masqb (big blind) showed [Td Js] and won ($21.34) with a pair of Deuces


PokerStars Hand #146246315734:  Hold'em Limit ($3/$6 USD) - 2015/12/31 16:58:11 ET
Table 'Pelagia' 6-max Seat #3 is the button
Seat 3: napol ($91 in chips)
Seat 5: Masqb ($363.52 in chips)
napol: posts small blind $1
Masqb: posts big blind $3
*** HOLE CARDS ***
napol: raises $3 to $6
Masqb: folds
Uncalled bet ($3) returned to napol
napol collected $6 from pot
napol: doesn't show hand
*** SUMMARY ***
Total pot $6 | Rake $0
Seat 3: napol (button) (small blind) collected ($6)
Seat 5: Masqb (big blind) folded before Flop


PokerStars Hand #146246310981:  Hold'em Limit ($3/$6 USD) - 2015/12/31 16:58:00 ET
Table 'Pelagia' 6-max Seat #5 is the button
Seat 3: napol ($90 in chips)
Seat 5: Masqb ($364.52 in chips)
Masqb: posts small blind $1
napol: posts big blind $3
*** HOLE CARDS ***
Masqb: folds
Uncalled bet ($2) returned to napol
napol collected $2 from pot
napol: doesn't show hand
*** SUMMARY ***
Total pot $2 | Rake $0
Seat 3: napol (big blind) collected ($2)
Seat 5: Masqb (button) (small blind) folded before Flop


PokerStars Hand #146246318922:  Hold'em Limit ($3/$6 USD) - 2015/12/31 16:58:18 ET
Table 'Pelagia' 6-max Seat #5 is the button
Seat 3: napol ($94 in chips)
Seat 5: Masqb ($360.52 in chips)
Masqb: posts small blind $1
napol: posts big blind $3
*** HOLE CARDS ***
Masqb: raises $3 to $6
napol: calls $3
*** FLOP *** [Td Qd Kd]
napol: checks
Masqb: bets $3
napol: calls $3
*** TURN *** [Td Qd Kd] [Kc]
napol: checks
Masqb: checks
*** RIVER *** [Td Qd Kd Kc] [5s]
napol: bets $6
Masqb: calls $6
*** SHOW DOWN ***
napol: shows [Tc 6c] (two pair, Kings and Tens)
Masqb: shows [3s Ts] (two pair, Kings and Tens)
napol collected $14.75 from pot
Masqb collected $14.75 from pot
*** SUMMARY ***
Total pot $30 | Rake $0.50
Board [Td Qd Kd Kc 5s]
Seat 3: napol (big blind) showed [Tc 6c] and won ($14.75) with two pair, Kings and Tens
Seat 5: Masqb (button) (small blind) showed [3s Ts] and won ($14.75) with two pair, Kings and Tens


PokerStars Hand #146246336826:  Hold'em Limit ($3/$6 USD) - 2015/12/31 16:58:58 ET
Table 'Pelagia' 6-max Seat #3 is the button
Seat 3: napol ($93.75 in chips)
Seat 5: Masqb ($360.27 in chips)
napol: posts small blind $1
Masqb: posts big blind $3
*** HOLE CARDS ***
napol: raises $3 to $6
Masqb: raises $3 to $9
napol: calls $3
*** FLOP *** [8c 4s 4d]
Masqb: bets $3
napol: calls $3
*** TURN *** [8c 4s 4d] [6d]
Masqb: bets $6
napol: raises $6 to $12
Masqb: calls $6
*** RIVER *** [8c 4s 4d 6d] [3c]
Masqb: checks
napol: bets $6
Masqb: folds
Uncalled bet ($6) returned to napol
napol collected $47.50 from pot
napol: doesn't show hand
*** SUMMARY ***
Total pot $48 | Rake $0.50
Board [8c 4s 4d 6d 3c]
Seat 3: napol (button) (small blind) collected ($47.50)
Seat 5: Masqb (big blind) folded on the River


PokerStars Hand #146246752026:  Hold'em Limit ($3/$6 USD) - 2015/12/31 17:12:26 ET
Table 'Pelagia' 6-max Seat #5 is the button
Seat 5: Masqb ($336.27 in chips)
Seat 6: asce1415 ($31.75 in chips)
Masqb: posts small blind $1
asce1415: posts big blind $3
*** HOLE CARDS ***
Masqb: raises $3 to $6
asce1415: calls $3
*** FLOP *** [8s 7d Kc]
asce1415: checks
Masqb: bets $3
asce1415: calls $3
*** TURN *** [8s 7d Kc] [Jc]
asce1415: checks
Masqb: bets $6
asce1415: raises $6 to $12
Masqb: calls $6
*** RIVER *** [8s 7d Kc Jc] [6h]
asce1415: bets $6
Masqb: folds
Uncalled bet ($6) returned to asce1415
asce1415 collected $41.50 from pot
asce1415: doesn't show hand
*** SUMMARY ***
Total pot $42 | Rake $0.50
Board [8s 7d Kc Jc 6h]
Seat 5: Masqb (button) (small blind) folded on the River
Seat 6: asce1415 (big blind) collected ($41.50)


PokerStars Hand #146246772331:  Hold'em Limit ($3/$6 USD) - 2015/12/31 17:13:05 ET
Table 'Pelagia' 6-max Seat #5 is the button
Seat 5: Masqb ($312.27 in chips)
Seat 6: asce1415 ($55.25 in chips)
Masqb: posts small blind $1
asce1415: posts big blind $3
*** HOLE CARDS ***
Masqb: raises $3 to $6
asce1415: calls $3
*** FLOP *** [7d 7h 2s]
asce1415: checks
Masqb: bets $3
asce1415: folds
Uncalled bet ($3) returned to Masqb
Masqb collected $11.76 from pot
Masqb: doesn't show hand
*** SUMMARY ***
Total pot $12 | Rake $0.24
Board [7d 7h 2s]
Seat 5: Masqb (button) (small blind) collected ($11.76)
Seat 6: asce1415 (big blind) folded on the Flop


PokerStars Hand #146246767883:  Hold'em Limit ($3/$6 USD) - 2015/12/31 17:12:56 ET
Table 'Pelagia' 6-max Seat #6 is the button
Seat 5: Masqb ($315.27 in chips)
Seat 6: asce1415 ($52.25 in chips)
asce1415: posts small blind $1
Masqb: posts big blind $3
*** HOLE CARDS ***
asce1415: raises $3 to $6
Masqb: folds
Uncalled bet ($3) returned to asce1415
Bouloux joins the table at seat #1
asce1415 collected $6 from pot
asce1415: doesn't show hand
*** SUMMARY ***
Total pot $6 | Rake $0
Seat 5: Masqb (big blind) folded before Flop
Seat 6: asce1415 (button) (small blind) collected ($6)


PokerStars Hand #146246806887:  Hold'em Limit ($3/$6 USD) - 2015/12/31 17:14:12 ET
Table 'Pelagia' 6-max Seat #5 is the button
Seat 5: Masqb ($331.31 in chips)
Seat 6: asce1415 ($39.25 in chips)
Masqb: posts small blind $1
asce1415: posts big blind $3
*** HOLE CARDS ***
Masqb: raises $3 to $6
asce1415: raises $3 to $9
Masqb: calls $3
*** FLOP *** [5s Qh Jh]
asce1415: bets $3
Masqb: calls $3
*** TURN *** [5s Qh Jh] [8c]
asce1415: bets $6
Masqb: calls $6
*** RIVER *** [5s Qh Jh 8c] [6s]
asce1415: bets $6
Masqb: folds
Uncalled bet ($6) returned to asce1415
asce1415 collected $35.50 from pot
asce1415: doesn't show hand
*** SUMMARY ***
Total pot $36 | Rake $0.50
Board [5s Qh Jh 8c 6s]
Seat 5: Masqb (button) (small blind) folded on the River
Seat 6: asce1415 (big blind) collected ($35.50)


PokerStars Hand #146246804561:  Hold'em Limit ($3/$6 USD) - 2015/12/31 17:14:07 ET
Table 'Pelagia' 6-max Seat #6 is the button
Seat 5: Masqb ($330.31 in chips)
Seat 6: asce1415 ($40.25 in chips)
asce1415: posts small blind $1
Masqb: posts big blind $3
*** HOLE CARDS ***
asce1415: folds
Uncalled bet ($2) returned to Masqb
Masqb collected $2 from pot
Masqb: doesn't show hand
*** SUMMARY ***
Total pot $2 | Rake $0
Seat 5: Masqb (big blind) collected ($2)
Seat 6: asce1415 (button) (small blind) folded before Flop


PokerStars Hand #146246836002:  Hold'em Limit ($3/$6 USD) - 2015/12/31 17:15:08 ET
Table 'Pelagia' 6-max Seat #5 is the button
Seat 5: Masqb ($336.81 in chips)
Seat 6: asce1415 ($32.75 in chips)
Masqb: posts small blind $1
asce1415: posts big blind $3
*** HOLE CARDS ***
Masqb: raises $3 to $6
asce1415: calls $3
*** FLOP *** [5c Kh 8h]
asce1415: checks
Masqb: bets $3
asce1415: folds
Uncalled bet ($3) returned to Masqb
Masqb collected $11.76 from pot
Masqb: doesn't show hand
*** SUMMARY ***
Total pot $12 | Rake $0.24
Board [5c Kh 8h]
Seat 5: Masqb (button) (small blind) collected ($11.76)
Seat 6: asce1415 (big blind) folded on the Flop


PokerStars Hand #146246822303:  Hold'em Limit ($3/$6 USD) - 2015/12/31 17:14:41 ET
Table 'Pelagia' 6-max Seat #6 is the button
Seat 5: Masqb ($313.31 in chips)
Seat 6: asce1415 ($56.75 in chips)
asce1415: posts small blind $1
Masqb: posts big blind $3
*** HOLE CARDS ***
asce1415: raises $3 to $6
Masqb: raises $3 to $9
asce1415: calls $3
*** FLOP *** [Kc 8c Td]
Masqb: bets $3
asce1415: calls $3
*** TURN *** [Kc 8c Td] [Jc]
Masqb: bets $6
asce1415: calls $6
*** RIVER *** [Kc 8c Td Jc] [Ts]
Masqb: bets $6
asce1415: calls $6
*** SHOW DOWN ***
Masqb: shows [Kd Qh] (two pair, Kings and Tens)
asce1415: mucks hand
Masqb collected $47.50 from pot
*** SUMMARY ***
Total pot $48 | Rake $0.50
Board [Kc 8c Td Jc Ts]
Seat 5: Masqb (big blind) showed [Kd Qh] and won ($47.50) with two pair, Kings and Tens
Seat 6: asce1415 (button) (small blind) mucked


PokerStars Hand #146246869638:  Hold'em Limit ($3/$6 USD) - 2015/12/31 17:16:12 ET
Table 'Pelagia' 6-max Seat #6 is the button
Seat 5: Masqb ($318.82 in chips)
Seat 6: asce1415 ($50 in chips)
asce1415: posts small blind $1
Masqb: posts big blind $3
*** HOLE CARDS ***
asce1415: raises $3 to $6
Masqb: raises $3 to $9
asce1415: calls $3
*** FLOP *** [5c Kc 7s]
Masqb: bets $3
asce1415: calls $3
*** TURN *** [5c Kc 7s] [6h]
Masqb: checks
asce1415: bets $6
Masqb: calls $6
*** RIVER *** [5c Kc 7s 6h] [9c]
Masqb: checks
asce1415: bets $6
Masqb: folds
Uncalled bet ($6) returned to asce1415
asce1415 collected $35.50 from pot
asce1415: doesn't show hand
*** SUMMARY ***
Total pot $36 | Rake $0.50
Board [5c Kc 7s 6h 9c]
Seat 5: Masqb (big blind) folded on the River
Seat 6: asce1415 (button) (small blind) collected ($35.50)


PokerStars Hand #146246865564:  Hold'em Limit ($3/$6 USD) - 2015/12/31 17:16:04 ET
Table 'Pelagia' 6-max Seat #5 is the button
Seat 5: Masqb ($315.82 in chips)
Seat 6: asce1415 ($53 in chips)
Masqb: posts small blind $1
asce1415: posts big blind $3
*** HOLE CARDS ***
Masqb: raises $3 to $6
asce1415: folds
Uncalled bet ($3) returned to Masqb
Masqb collected $6 from pot
Masqb: doesn't show hand
*** SUMMARY ***
Total pot $6 | Rake $0
Seat 5: Masqb (button) (small blind) collected ($6)
Seat 6: asce1415 (big blind) folded before Flop


PokerStars Hand #146246846269:  Hold'em Limit ($3/$6 USD) - 2015/12/31 17:15:27 ET
Table 'Pelagia' 6-max Seat #6 is the button
Seat 5: Masqb ($342.57 in chips)
Seat 6: asce1415 ($26.75 in chips)
asce1415: posts small blind $1
Masqb: posts big blind $3
*** HOLE CARDS ***
asce1415: raises $3 to $6
Masqb: raises $3 to $9
asce1415: calls $3
*** FLOP *** [3d Ah 7s]
Masqb: bets $3
asce1415: calls $3
*** TURN *** [3d Ah 7s] [6s]
Masqb: bets $6
asce1415: raises $6 to $12
Masqb: raises $6 to $18
asce1415: calls $2.75 and is all-in
Uncalled bet ($3.25) returned to Masqb
*** RIVER *** [3d Ah 7s 6s] [9d]
*** SHOW DOWN ***
Masqb: shows [Kc Td] (high card Ace)
asce1415: shows [7h Ks] (a pair of Sevens)
asce1415 collected $53 from pot
*** SUMMARY ***
Total pot $53.50 | Rake $0.50
Board [3d Ah 7s 6s 9d]
Seat 5: Masqb (big blind) showed [Kc Td] and lost with high card Ace
Seat 6: asce1415 (button) (small blind) showed [7h Ks] and won ($53) with a pair of Sevens


PokerStars Hand #146246908520:  Hold'em Limit ($3/$6 USD) - 2015/12/31 17:17:26 ET
Table 'Pelagia' 6-max Seat #5 is the button
Seat 5: Masqb ($328.32 in chips)
Seat 6: asce1415 ($39.50 in chips)
Masqb: posts small blind $1
asce1415: posts big blind $3
*** HOLE CARDS ***
Masqb: raises $3 to $6
asce1415: raises $3 to $9
Masqb: calls $3
*** FLOP *** [8c 9s 2d]
asce1415: bets $3
Masqb: calls $3
*** TURN *** [8c 9s 2d] [Kh]
asce1415: bets $6
Masqb: calls $6
*** RIVER *** [8c 9s 2d Kh] [Qh]
asce1415: checks
Masqb: checks
*** SHOW DOWN ***
asce1415: shows [Kc 9d] (two pair, Kings and Nines)
Masqb: mucks hand
asce1415 collected $35.50 from pot
*** SUMMARY ***
Total pot $36 | Rake $0.50
Board [8c 9s 2d Kh Qh]
Seat 5: Masqb (button) (small blind) mucked
Seat 6: asce1415 (big blind) showed [Kc 9d] and won ($35.50) with two pair, Kings and Nines


PokerStars Hand #146246905867:  Hold'em Limit ($3/$6 USD) - 2015/12/31 17:17:21 ET
Table 'Pelagia' 6-max Seat #6 is the button
Seat 5: Masqb ($327.32 in chips)
Seat 6: asce1415 ($40.50 in chips)
asce1415: posts small blind $1
Masqb: posts big blind $3
*** HOLE CARDS ***
asce1415: folds
Uncalled bet ($2) returned to Masqb
Masqb collected $2 from pot
Masqb: doesn't show hand
*** SUMMARY ***
Total pot $2 | Rake $0
Seat 5: Masqb (big blind) collected ($2)
Seat 6: asce1415 (button) (small blind) folded before Flop


PokerStars Hand #146246884925:  Hold'em Limit ($3/$6 USD) - 2015/12/31 17:16:41 ET
Table 'Pelagia' 6-max Seat #5 is the button
Seat 5: Masqb ($300.82 in chips)
Seat 6: asce1415 ($67.50 in chips)
Masqb: posts small blind $1
asce1415: posts big blind $3
*** HOLE CARDS ***
Masqb: raises $3 to $6
asce1415: calls $3
*** FLOP *** [6d 5c Kc]
asce1415: checks
Masqb: bets $3
asce1415: calls $3
*** TURN *** [6d 5c Kc] [Kd]
asce1415: checks
Masqb: bets $6
asce1415: raises $6 to $12
Masqb: calls $6
*** RIVER *** [6d 5c Kc Kd] [6h]
asce1415: bets $6
Masqb: calls $6
*** SHOW DOWN ***
asce1415: shows [Jc 5d] (two pair, Kings and Sixes)
Masqb: shows [6c Td] (a full house, Sixes full of Kings)
Masqb collected $53.50 from pot
*** SUMMARY ***
Total pot $54 | Rake $0.50
Board [6d 5c Kc Kd 6h]
Seat 5: Masqb (button) (small blind) showed [6c Td] and won ($53.50) with a full house, Sixes full of Kings
Seat 6: asce1415 (big blind) showed [Jc 5d] and lost with two pair, Kings and Sixes


PokerStars Hand #146246935592:  Hold'em Limit ($3/$6 USD) - 2015/12/31 17:18:17 ET
Table 'Pelagia' 6-max Seat #5 is the button
Seat 5: Masqb ($321.84 in chips)
Seat 6: asce1415 ($45 in chips)
Masqb: posts small blind $1
asce1415: posts big blind $3
*** HOLE CARDS ***
Masqb: raises $3 to $6
asce1415: calls $3
*** FLOP *** [Qd Qs 8d]
DKviking joins the table at seat #3
asce1415: checks
Masqb: bets $3
asce1415: calls $3
*** TURN *** [Qd Qs 8d] [4s]
asce1415: checks
Masqb: bets $6
asce1415: raises $6 to $12
Masqb: calls $6
*** RIVER *** [Qd Qs 8d 4s] [Ac]
asce1415: bets $6
Masqb: calls $6
*** SHOW DOWN ***
asce1415: shows [7c 8h] (two pair, Queens and Eights)
Masqb: mucks hand
asce1415 collected $53.50 from pot
*** SUMMARY ***
Total pot $54 | Rake $0.50
Board [Qd Qs 8d 4s Ac]
Seat 5: Masqb (button) (small blind) mucked
Seat 6: asce1415 (big blind) showed [7c 8h] and won ($53.50) with two pair, Queens and Eights


PokerStars Hand #146246926418:  Hold'em Limit ($3/$6 USD) - 2015/12/31 17:17:59 ET
Table 'Pelagia' 6-max Seat #6 is the button
Seat 5: Masqb ($310.32 in chips)
Seat 6: asce1415 ($57 in chips)
asce1415: posts small blind $1
Masqb: posts big blind $3
*** HOLE CARDS ***
asce1415: raises $3 to $6
Masqb: raises $3 to $9
asce1415: calls $3
*** FLOP *** [6c Kd 4c]
Masqb: bets $3
asce1415: calls $3
*** TURN *** [6c Kd 4c] [7s]
Masqb: bets $6
asce1415: folds
Uncalled bet ($6) returned to Masqb
Masqb collected $23.52 from pot
Masqb: doesn't show hand
*** SUMMARY ***
Total pot $24 | Rake $0.48
Board [6c Kd 4c 7s]
Seat 5: Masqb (big blind) collected ($23.52)
Seat 6: asce1415 (button) (small blind) folded on the Turn


