PokerStars Hand #146249982728:  Hold'em Limit ($3/$6 USD) - 2015/12/31 18:59:41 ET
Table 'Pelagia' 6-max Seat #1 is the button
Seat 1: 7superpoker ($105.63 in chips)
Seat 6: Gesystar ($475.50 in chips)
7superpoker: posts small blind $1
Masqb: is sitting out
Gesystar: posts big blind $3
*** HOLE CARDS ***
Masqb leaves the table
7superpoker: folds
Uncalled bet ($2) returned to Gesystar
Gesystar collected $2 from pot
Gesystar: doesn't show hand
*** SUMMARY ***
Total pot $2 | Rake $0
Seat 1: 7superpoker (button) (small blind) folded before Flop
Seat 6: Gesystar (big blind) collected ($2)


PokerStars Hand #146249988401:  Hold'em Limit ($3/$6 USD) - 2015/12/31 18:59:55 ET
Table 'Pelagia' 6-max Seat #6 is the button
Seat 1: 7superpoker ($104.63 in chips)
Seat 6: Gesystar ($476.50 in chips)
Gesystar: posts small blind $1
7superpoker: posts big blind $3
*** HOLE CARDS ***
Gesystar: calls $2
7superpoker: checks
*** FLOP *** [4d Kh Qh]
Dancer King joins the table at seat #5
7superpoker: checks
Gesystar: checks
*** TURN *** [4d Kh Qh] [8s]
7superpoker: bets $6
Gesystar: folds
Uncalled bet ($6) returned to 7superpoker
7superpoker collected $5.88 from pot
7superpoker: doesn't show hand
*** SUMMARY ***
Total pot $6 | Rake $0.12
Board [4d Kh Qh 8s]
Seat 1: 7superpoker (big blind) collected ($5.88)
Seat 6: Gesystar (button) (small blind) folded on the Turn


PokerStars Hand #146250122704:  Hold'em Limit ($3/$6 USD) - 2015/12/31 19:04:47 ET
Table 'Pelagia' 6-max Seat #6 is the button
Seat 1: 7superpoker ($105.71 in chips)
Seat 6: Gesystar ($488.52 in chips)
Gesystar: posts small blind $1
7superpoker: posts big blind $3
*** HOLE CARDS ***
Gesystar: folds
Uncalled bet ($2) returned to 7superpoker
7superpoker collected $2 from pot
7superpoker: doesn't show hand
*** SUMMARY ***
Total pot $2 | Rake $0
Seat 1: 7superpoker (big blind) collected ($2)
Seat 6: Gesystar (button) (small blind) folded before Flop


PokerStars Hand #146250118413:  Hold'em Limit ($3/$6 USD) - 2015/12/31 19:04:38 ET
Table 'Pelagia' 6-max Seat #1 is the button
Seat 1: 7superpoker ($106.71 in chips)
Seat 6: Gesystar ($487.52 in chips)
7superpoker: posts small blind $1
KamalionB was removed from the table for failing to post
bentinck113: is sitting out
ashtar 516 was removed from the table for failing to post
Gesystar: posts big blind $3
*** HOLE CARDS ***
bentinck113 leaves the table
7superpoker: folds
Uncalled bet ($2) returned to Gesystar
Gesystar collected $2 from pot
Gesystar: doesn't show hand
*** SUMMARY ***
Total pot $2 | Rake $0
Seat 1: 7superpoker (button) (small blind) folded before Flop
Seat 6: Gesystar (big blind) collected ($2)


PokerStars Hand #146250125820:  Hold'em Limit ($3/$6 USD) - 2015/12/31 19:04:53 ET
Table 'Pelagia' 6-max Seat #1 is the button
Seat 1: 7superpoker ($106.71 in chips)
Seat 6: Gesystar ($487.52 in chips)
7superpoker: posts small blind $1
Gesystar: posts big blind $3
*** HOLE CARDS ***
7superpoker: raises $3 to $6
Gesystar: calls $3
*** FLOP *** [2d Ts 2h]
Gesystar: checks
7superpoker: bets $3
Gesystar: folds
Uncalled bet ($3) returned to 7superpoker
7superpoker collected $11.76 from pot
7superpoker: doesn't show hand
*** SUMMARY ***
Total pot $12 | Rake $0.24
Board [2d Ts 2h]
Seat 1: 7superpoker (button) (small blind) collected ($11.76)
Seat 6: Gesystar (big blind) folded on the Flop


PokerStars Hand #146250173696:  Hold'em Limit ($3/$6 USD) - 2015/12/31 19:06:36 ET
Table 'Pelagia' 6-max Seat #6 is the button
Seat 1: Pete81 ($60 in chips)
Seat 6: Gesystar ($481.52 in chips)
Gesystar: posts small blind $1
Pete81: posts big blind $3
*** HOLE CARDS ***
Gesystar: folds
Uncalled bet ($2) returned to Pete81
Pete81 collected $2 from pot
Pete81: doesn't show hand
*** SUMMARY ***
Total pot $2 | Rake $0
Seat 1: Pete81 (big blind) collected ($2)
Seat 6: Gesystar (button) (small blind) folded before Flop


PokerStars Hand #146250177386:  Hold'em Limit ($3/$6 USD) - 2015/12/31 19:06:44 ET
Table 'Pelagia' 6-max Seat #1 is the button
Seat 1: Pete81 ($61 in chips)
Seat 6: Gesystar ($480.52 in chips)
Pete81: posts small blind $1
Gesystar: posts big blind $3
*** HOLE CARDS ***
Pete81: raises $3 to $6
Gesystar: calls $3
*** FLOP *** [3h Qc 6c]
Gesystar: checks
Pete81: bets $3
Gesystar: folds
Uncalled bet ($3) returned to Pete81
Pete81 collected $11.76 from pot
Pete81: doesn't show hand
*** SUMMARY ***
Total pot $12 | Rake $0.24
Board [3h Qc 6c]
Seat 1: Pete81 (button) (small blind) collected ($11.76)
Seat 6: Gesystar (big blind) folded on the Flop


PokerStars Hand #146250191214:  Hold'em Limit ($3/$6 USD) - 2015/12/31 19:07:13 ET
Table 'Pelagia' 6-max Seat #1 is the button
Seat 1: Pete81 ($87.26 in chips)
Seat 6: Gesystar ($453.52 in chips)
Pete81: posts small blind $1
Gesystar: posts big blind $3
*** HOLE CARDS ***
Pete81: folds
Uncalled bet ($2) returned to Gesystar
Gesystar collected $2 from pot
Gesystar: doesn't show hand
*** SUMMARY ***
Total pot $2 | Rake $0
Seat 1: Pete81 (button) (small blind) folded before Flop
Seat 6: Gesystar (big blind) collected ($2)


PokerStars Hand #146250182632:  Hold'em Limit ($3/$6 USD) - 2015/12/31 19:06:55 ET
Table 'Pelagia' 6-max Seat #6 is the button
Seat 1: Pete81 ($66.76 in chips)
Seat 6: Gesystar ($474.52 in chips)
Gesystar: posts small blind $1
Pete81: posts big blind $3
*** HOLE CARDS ***
Gesystar: calls $2
Pete81: checks
*** FLOP *** [3d 8c 5c]
Pete81: checks
Gesystar: checks
*** TURN *** [3d 8c 5c] [7h]
Pete81: bets $6
Gesystar: raises $6 to $12
Pete81: calls $6
*** RIVER *** [3d 8c 5c 7h] [Qc]
Pete81: checks
Gesystar: bets $6
Pete81: calls $6
*** SHOW DOWN ***
Gesystar: shows [Jh Ah] (high card Ace)
Pete81: shows [5s 2s] (a pair of Fives)
Pete81 collected $41.50 from pot
*** SUMMARY ***
Total pot $42 | Rake $0.50
Board [3d 8c 5c 7h Qc]
Seat 1: Pete81 (big blind) showed [5s 2s] and won ($41.50) with a pair of Fives
Seat 6: Gesystar (button) (small blind) showed [Jh Ah] and lost with high card Ace


PokerStars Hand #146250195805:  Hold'em Limit ($3/$6 USD) - 2015/12/31 19:07:23 ET
Table 'Pelagia' 6-max Seat #1 is the button
Seat 1: Pete81 ($87.26 in chips)
Seat 6: Gesystar ($453.52 in chips)
Pete81: posts small blind $1
Gesystar: posts big blind $3
*** HOLE CARDS ***
Pete81: raises $3 to $6
Gesystar: folds
Uncalled bet ($3) returned to Pete81
Pete81 collected $6 from pot
Pete81: doesn't show hand
*** SUMMARY ***
Total pot $6 | Rake $0
Seat 1: Pete81 (button) (small blind) collected ($6)
Seat 6: Gesystar (big blind) folded before Flop


PokerStars Hand #146250193458:  Hold'em Limit ($3/$6 USD) - 2015/12/31 19:07:18 ET
Table 'Pelagia' 6-max Seat #6 is the button
Seat 1: Pete81 ($86.26 in chips)
Seat 6: Gesystar ($454.52 in chips)
Gesystar: posts small blind $1
Pete81: posts big blind $3
*** HOLE CARDS ***
Gesystar: folds
Uncalled bet ($2) returned to Pete81
Pete81 collected $2 from pot
Pete81: doesn't show hand
*** SUMMARY ***
Total pot $2 | Rake $0
Seat 1: Pete81 (big blind) collected ($2)
Seat 6: Gesystar (button) (small blind) folded before Flop


PokerStars Hand #146250704378:  Hold'em Limit ($3/$6 USD) - 2015/12/31 19:25:36 ET
Table 'Pelagia' 6-max Seat #2 is the button
Seat 2: 7superpoker ($97.50 in chips)
Seat 3: oregordog ($88 in chips)
7superpoker: posts small blind $1
oregordog: posts big blind $3
*** HOLE CARDS ***
7superpoker: folds
Uncalled bet ($2) returned to oregordog
oregordog collected $2 from pot
oregordog: doesn't show hand
*** SUMMARY ***
Total pot $2 | Rake $0
Seat 2: 7superpoker (button) (small blind) folded before Flop
Seat 3: oregordog (big blind) collected ($2)


PokerStars Hand #146250684250:  Hold'em Limit ($3/$6 USD) - 2015/12/31 19:24:52 ET
Table 'Pelagia' 6-max Seat #3 is the button
Seat 2: 7superpoker ($65 in chips)
Seat 3: oregordog ($121 in chips)
oregordog: posts small blind $1
7superpoker: posts big blind $3
*** HOLE CARDS ***
oregordog: raises $3 to $6
7superpoker: raises $3 to $9
oregordog: calls $3
*** FLOP *** [2h 6d 9c]
7superpoker: bets $3
oregordog: raises $3 to $6
7superpoker: calls $3
*** TURN *** [2h 6d 9c] [6h]
7superpoker: checks
NUFCfanboy joins the table at seat #1
oregordog: bets $6
7superpoker: raises $6 to $12
oregordog: calls $6
*** RIVER *** [2h 6d 9c 6h] [3d]
7superpoker: bets $6
oregordog: calls $6
*** SHOW DOWN ***
7superpoker: shows [Td Ts] (two pair, Tens and Sixes)
oregordog: mucks hand
7superpoker collected $65.50 from pot
*** SUMMARY ***
Total pot $66 | Rake $0.50
Board [2h 6d 9c 6h 3d]
Seat 2: 7superpoker (big blind) showed [Td Ts] and won ($65.50) with two pair, Tens and Sixes
Seat 3: oregordog (button) (small blind) mucked


PokerStars Hand #146257675603:  Hold'em Limit ($3/$6 USD) - 2016/01/01 1:08:48 ET
Table 'Pelagia' 6-max Seat #5 is the button
Seat 2: NUFCfanboy ($80.29 in chips)
Seat 5: play4uron ($98.26 in chips)
play4uron: posts small blind $1
boardrat: is sitting out
NUFCfanboy: posts big blind $3
*** HOLE CARDS ***
play4uron: raises $3 to $6
NUFCfanboy: raises $3 to $9
boardrat leaves the table
play4uron: calls $3
*** FLOP *** [9h Qs Ad]
NUFCfanboy: bets $3
play4uron: raises $3 to $6
NUFCfanboy: calls $3
*** TURN *** [9h Qs Ad] [Jh]
NUFCfanboy: checks
play4uron: bets $6
NUFCfanboy: calls $6
*** RIVER *** [9h Qs Ad Jh] [9c]
NUFCfanboy: checks
play4uron: bets $6
NUFCfanboy: raises $6 to $12
play4uron: calls $6
*** SHOW DOWN ***
NUFCfanboy: shows [9d 3d] (three of a kind, Nines)
play4uron: mucks hand
NUFCfanboy collected $65.50 from pot
*** SUMMARY ***
Total pot $66 | Rake $0.50
Board [9h Qs Ad Jh 9c]
Seat 2: NUFCfanboy (big blind) showed [9d 3d] and won ($65.50) with three of a kind, Nines
Seat 5: play4uron (button) (small blind) mucked


PokerStars Hand #146260907153:  Hold'em Limit ($3/$6 USD) - 2016/01/01 4:27:34 ET
Table 'Pelagia' 6-max Seat #6 is the button
Seat 3: WavesNight01 ($61.60 in chips)
Seat 6: kaz2y5 ($116 in chips)
kaz2y5: posts small blind $1
WavesNight01: posts big blind $3
*** HOLE CARDS ***
kaz2y5: folds
Uncalled bet ($2) returned to WavesNight01
WavesNight01 collected $2 from pot
WavesNight01: doesn't show hand
*** SUMMARY ***
Total pot $2 | Rake $0
Seat 3: WavesNight01 (big blind) collected ($2)
Seat 6: kaz2y5 (button) (small blind) folded before Flop


PokerStars Hand #146260904168:  Hold'em Limit ($3/$6 USD) - 2016/01/01 4:27:25 ET
Table 'Pelagia' 6-max Seat #3 is the button
Seat 3: WavesNight01 ($58.60 in chips)
Seat 6: kaz2y5 ($119 in chips)
WavesNight01: posts small blind $1
kaz2y5: posts big blind $3
*** HOLE CARDS ***
WavesNight01: raises $3 to $6
kaz2y5: folds
Uncalled bet ($3) returned to WavesNight01
WavesNight01 collected $6 from pot
WavesNight01: doesn't show hand
*** SUMMARY ***
Total pot $6 | Rake $0
Seat 3: WavesNight01 (button) (small blind) collected ($6)
Seat 6: kaz2y5 (big blind) folded before Flop


PokerStars Hand #146260899848:  Hold'em Limit ($3/$6 USD) - 2016/01/01 4:27:13 ET
Table 'Pelagia' 6-max Seat #6 is the button
Seat 3: WavesNight01 ($57.60 in chips)
Seat 6: kaz2y5 ($120 in chips)
kaz2y5: posts small blind $1
WavesNight01: posts big blind $3
*** HOLE CARDS ***
kaz2y5: folds
Uncalled bet ($2) returned to WavesNight01
WavesNight01 collected $2 from pot
WavesNight01: doesn't show hand
*** SUMMARY ***
Total pot $2 | Rake $0
Seat 3: WavesNight01 (big blind) collected ($2)
Seat 6: kaz2y5 (button) (small blind) folded before Flop


PokerStars Hand #146260931569:  Hold'em Limit ($3/$6 USD) - 2016/01/01 4:28:44 ET
Table 'Pelagia' 6-max Seat #3 is the button
Seat 3: WavesNight01 ($80.10 in chips)
Seat 6: kaz2y5 ($96.76 in chips)
WavesNight01: posts small blind $1
kaz2y5: posts big blind $3
*** HOLE CARDS ***
WavesNight01: folds
Uncalled bet ($2) returned to kaz2y5
kaz2y5 collected $2 from pot
kaz2y5: doesn't show hand
*** SUMMARY ***
Total pot $2 | Rake $0
Seat 3: WavesNight01 (button) (small blind) folded before Flop
Seat 6: kaz2y5 (big blind) collected ($2)


PokerStars Hand #146260929522:  Hold'em Limit ($3/$6 USD) - 2016/01/01 4:28:39 ET
Table 'Pelagia' 6-max Seat #6 is the button
Seat 3: WavesNight01 ($79.10 in chips)
Seat 6: kaz2y5 ($97.76 in chips)
kaz2y5: posts small blind $1
WavesNight01: posts big blind $3
*** HOLE CARDS ***
kaz2y5: folds
Uncalled bet ($2) returned to WavesNight01
WavesNight01 collected $2 from pot
WavesNight01: doesn't show hand
*** SUMMARY ***
Total pot $2 | Rake $0
Seat 3: WavesNight01 (big blind) collected ($2)
Seat 6: kaz2y5 (button) (small blind) folded before Flop


PokerStars Hand #146260927987:  Hold'em Limit ($3/$6 USD) - 2016/01/01 4:28:34 ET
Table 'Pelagia' 6-max Seat #3 is the button
Seat 3: WavesNight01 ($80.10 in chips)
Seat 6: kaz2y5 ($96.76 in chips)
WavesNight01: posts small blind $1
kaz2y5: posts big blind $3
*** HOLE CARDS ***
WavesNight01: folds
Uncalled bet ($2) returned to kaz2y5
kaz2y5 collected $2 from pot
*** SUMMARY ***
Total pot $2 | Rake $0
Seat 3: WavesNight01 (button) (small blind) folded before Flop
Seat 6: kaz2y5 (big blind) collected ($2)


PokerStars Hand #146260921955:  Hold'em Limit ($3/$6 USD) - 2016/01/01 4:28:16 ET
Table 'Pelagia' 6-max Seat #6 is the button
Seat 3: WavesNight01 ($86.10 in chips)
Seat 6: kaz2y5 ($91 in chips)
kaz2y5: posts small blind $1
WavesNight01: posts big blind $3
*** HOLE CARDS ***
kaz2y5: raises $3 to $6
WavesNight01: calls $3
*** FLOP *** [8h 3h 4h]
WavesNight01: checks
kaz2y5: bets $3
WavesNight01: folds
Uncalled bet ($3) returned to kaz2y5
kaz2y5 collected $11.76 from pot
kaz2y5: doesn't show hand
*** SUMMARY ***
Total pot $12 | Rake $0.24
Board [8h 3h 4h]
Seat 3: WavesNight01 (big blind) folded on the Flop
Seat 6: kaz2y5 (button) (small blind) collected ($11.76)


PokerStars Hand #146260909753:  Hold'em Limit ($3/$6 USD) - 2016/01/01 4:27:41 ET
Table 'Pelagia' 6-max Seat #3 is the button
Seat 3: WavesNight01 ($62.60 in chips)
Seat 6: kaz2y5 ($115 in chips)
WavesNight01: posts small blind $1
kaz2y5: posts big blind $3
*** HOLE CARDS ***
WavesNight01: raises $3 to $6
kaz2y5: raises $3 to $9
WavesNight01: calls $3
*** FLOP *** [Jd 5d 2s]
kaz2y5: checks
WavesNight01: bets $3
kaz2y5: calls $3
*** TURN *** [Jd 5d 2s] [Js]
kaz2y5: checks
WavesNight01: bets $6
kaz2y5: calls $6
*** RIVER *** [Jd 5d 2s Js] [8s]
kaz2y5: checks
WavesNight01: bets $6
kaz2y5: calls $6
*** SHOW DOWN ***
WavesNight01: shows [5h Ac] (two pair, Jacks and Fives)
kaz2y5: mucks hand
WavesNight01 collected $47.50 from pot
*** SUMMARY ***
Total pot $48 | Rake $0.50
Board [Jd 5d 2s Js 8s]
Seat 3: WavesNight01 (button) (small blind) showed [5h Ac] and won ($47.50) with two pair, Jacks and Fives
Seat 6: kaz2y5 (big blind) mucked


PokerStars Hand #146260943753:  Hold'em Limit ($3/$6 USD) - 2016/01/01 4:29:20 ET
Table 'Pelagia' 6-max Seat #6 is the button
Seat 3: WavesNight01 ($86.74 in chips)
Seat 6: kaz2y5 ($89.76 in chips)
kaz2y5: posts small blind $1
WavesNight01: posts big blind $3
*** HOLE CARDS ***
kaz2y5: raises $3 to $6
WavesNight01: calls $3
*** FLOP *** [3c 3h 7h]
WavesNight01: checks
kaz2y5: bets $3
WavesNight01: folds
Uncalled bet ($3) returned to kaz2y5
kaz2y5 collected $11.76 from pot
*** SUMMARY ***
Total pot $12 | Rake $0.24
Board [3c 3h 7h]
Seat 3: WavesNight01 (big blind) folded on the Flop
Seat 6: kaz2y5 (button) (small blind) collected ($11.76)


PokerStars Hand #146260942003:  Hold'em Limit ($3/$6 USD) - 2016/01/01 4:29:15 ET
Table 'Pelagia' 6-max Seat #3 is the button
Seat 3: WavesNight01 ($87.74 in chips)
Seat 6: kaz2y5 ($88.76 in chips)
WavesNight01: posts small blind $1
kaz2y5: posts big blind $3
*** HOLE CARDS ***
WavesNight01: folds
Uncalled bet ($2) returned to kaz2y5
kaz2y5 collected $2 from pot
kaz2y5: doesn't show hand
*** SUMMARY ***
Total pot $2 | Rake $0
Seat 3: WavesNight01 (button) (small blind) folded before Flop
Seat 6: kaz2y5 (big blind) collected ($2)


PokerStars Hand #146260933383:  Hold'em Limit ($3/$6 USD) - 2016/01/01 4:28:50 ET
Table 'Pelagia' 6-max Seat #6 is the button
Seat 3: WavesNight01 ($79.10 in chips)
Seat 6: kaz2y5 ($97.76 in chips)
kaz2y5: posts small blind $1
WavesNight01: posts big blind $3
*** HOLE CARDS ***
kaz2y5: raises $3 to $6
WavesNight01: calls $3
*** FLOP *** [5d Jh 6h]
WavesNight01: bets $3
kaz2y5: calls $3
*** TURN *** [5d Jh 6h] [4h]
WavesNight01: checks
kaz2y5: checks
*** RIVER *** [5d Jh 6h 4h] [2s]
WavesNight01: bets $6
kaz2y5: folds
Uncalled bet ($6) returned to WavesNight01
WavesNight01 collected $17.64 from pot
WavesNight01: doesn't show hand
*** SUMMARY ***
Total pot $18 | Rake $0.36
Board [5d Jh 6h 4h 2s]
Seat 3: WavesNight01 (big blind) collected ($17.64)
Seat 6: kaz2y5 (button) (small blind) folded on the River


PokerStars Hand #146260972910:  Hold'em Limit ($3/$6 USD) - 2016/01/01 4:30:44 ET
Table 'Pelagia' 6-max Seat #6 is the button
Seat 3: WavesNight01 ($101.90 in chips)
Seat 6: kaz2y5 ($73.52 in chips)
kaz2y5: posts small blind $1
WavesNight01: posts big blind $3
*** HOLE CARDS ***
kaz2y5: folds
Uncalled bet ($2) returned to WavesNight01
WavesNight01 collected $2 from pot
WavesNight01: doesn't show hand
WillemDuit joins the table at seat #2
*** SUMMARY ***
Total pot $2 | Rake $0
Seat 3: WavesNight01 (big blind) collected ($2)
Seat 6: kaz2y5 (button) (small blind) folded before Flop


PokerStars Hand #146260961730:  Hold'em Limit ($3/$6 USD) - 2016/01/01 4:30:11 ET
Table 'Pelagia' 6-max Seat #3 is the button
Seat 3: WavesNight01 ($93.26 in chips)
Seat 6: kaz2y5 ($82.52 in chips)
WavesNight01: posts small blind $1
kaz2y5: posts big blind $3
*** HOLE CARDS ***
WavesNight01: raises $3 to $6
kaz2y5: calls $3
*** FLOP *** [5h 4c 4d]
kaz2y5: bets $3
WavesNight01: calls $3
*** TURN *** [5h 4c 4d] [8h]
kaz2y5: checks
WavesNight01: bets $6
kaz2y5: folds
Uncalled bet ($6) returned to WavesNight01
WavesNight01 collected $17.64 from pot
WavesNight01: doesn't show hand
*** SUMMARY ***
Total pot $18 | Rake $0.36
Board [5h 4c 4d 8h]
Seat 3: WavesNight01 (button) (small blind) collected ($17.64)
Seat 6: kaz2y5 (big blind) folded on the Turn


PokerStars Hand #146260959490:  Hold'em Limit ($3/$6 USD) - 2016/01/01 4:30:05 ET
Table 'Pelagia' 6-max Seat #6 is the button
Seat 3: WavesNight01 ($92.26 in chips)
Seat 6: kaz2y5 ($83.52 in chips)
kaz2y5: posts small blind $1
WavesNight01: posts big blind $3
*** HOLE CARDS ***
kaz2y5: folds
Uncalled bet ($2) returned to WavesNight01
WavesNight01 collected $2 from pot
WavesNight01: doesn't show hand
*** SUMMARY ***
Total pot $2 | Rake $0
Seat 3: WavesNight01 (big blind) collected ($2)
Seat 6: kaz2y5 (button) (small blind) folded before Flop


PokerStars Hand #146260948739:  Hold'em Limit ($3/$6 USD) - 2016/01/01 4:29:34 ET
Table 'Pelagia' 6-max Seat #3 is the button
Seat 3: WavesNight01 ($80.74 in chips)
Seat 6: kaz2y5 ($95.52 in chips)
WavesNight01: posts small blind $1
kaz2y5: posts big blind $3
*** HOLE CARDS ***
WavesNight01: raises $3 to $6
kaz2y5: calls $3
*** FLOP *** [8c 7c 8d]
kaz2y5: checks
WavesNight01: checks
*** TURN *** [8c 7c 8d] [3c]
kaz2y5: checks
WavesNight01: bets $6
kaz2y5: calls $6
*** RIVER *** [8c 7c 8d 3c] [Ks]
kaz2y5: checks
WavesNight01: bets $6
kaz2y5: folds
Uncalled bet ($6) returned to WavesNight01
WavesNight01 collected $23.52 from pot
WavesNight01: doesn't show hand
*** SUMMARY ***
Total pot $24 | Rake $0.48
Board [8c 7c 8d 3c Ks]
Seat 3: WavesNight01 (button) (small blind) collected ($23.52)
Seat 6: kaz2y5 (big blind) folded on the River


PokerStars Hand #146260975249:  Hold'em Limit ($3/$6 USD) - 2016/01/01 4:30:50 ET
Table 'Pelagia' 6-max Seat #3 is the button
Seat 3: WavesNight01 ($102.90 in chips)
Seat 6: kaz2y5 ($72.52 in chips)
WavesNight01: posts small blind $1
kaz2y5: posts big blind $3
*** HOLE CARDS ***
WavesNight01: raises $3 to $6
kaz2y5: calls $3
*** FLOP *** [2s Jd 6c]
kaz2y5: checks
WavesNight01: checks
*** TURN *** [2s Jd 6c] [4d]
kaz2y5: checks
WavesNight01: bets $6
kaz2y5: folds
Uncalled bet ($6) returned to WavesNight01
WavesNight01 collected $11.76 from pot
WavesNight01: doesn't show hand
*** SUMMARY ***
Total pot $12 | Rake $0.24
Board [2s Jd 6c 4d]
Seat 3: WavesNight01 (button) (small blind) collected ($11.76)
Seat 6: kaz2y5 (big blind) folded on the Turn


PokerStars Hand #146263003321:  Hold'em Limit ($3/$6 USD) - 2016/01/01 5:54:34 ET
Table 'Pelagia' 6-max Seat #3 is the button
Seat 2: WillemDuit ($256.61 in chips)
Seat 3: TedBacon ($166.52 in chips)
TedBacon: posts small blind $1
artiZzt: is sitting out
WillemDuit: posts big blind $3
*** HOLE CARDS ***
TedBacon: raises $3 to $6
WillemDuit: raises $3 to $9
TedBacon: calls $3
*** FLOP *** [2c 7s 8c]
WillemDuit: checks
TedBacon: checks
*** TURN *** [2c 7s 8c] [Td]
WillemDuit: bets $6
TedBacon: folds
Uncalled bet ($6) returned to WillemDuit
WillemDuit collected $17.64 from pot
WillemDuit: doesn't show hand
*** SUMMARY ***
Total pot $18 | Rake $0.36
Board [2c 7s 8c Td]
Seat 2: WillemDuit (big blind) collected ($17.64)
Seat 3: TedBacon (button) (small blind) folded on the Turn


PokerStars Hand #146266475596:  Hold'em Limit ($3/$6 USD) - 2016/01/01 7:48:51 ET
Table 'Pelagia' 6-max Seat #1 is the button
Seat 1: VolkovDmitri ($120 in chips)
Seat 4: Roman777_11 ($125.76 in chips)
VolkovDmitri: posts small blind $1
Roman777_11: posts big blind $3
*** HOLE CARDS ***
VolkovDmitri: raises $3 to $6
Roman777_11: calls $3
*** FLOP *** [2c 3h Ks]
Roman777_11: checks
VolkovDmitri: bets $3
Roman777_11: folds
Uncalled bet ($3) returned to VolkovDmitri
VolkovDmitri collected $11.76 from pot
VolkovDmitri: doesn't show hand
*** SUMMARY ***
Total pot $12 | Rake $0.24
Board [2c 3h Ks]
Seat 1: VolkovDmitri (button) (small blind) collected ($11.76)
Seat 4: Roman777_11 (big blind) folded on the Flop


PokerStars Hand #146266463838:  Hold'em Limit ($3/$6 USD) - 2016/01/01 7:48:30 ET
Table 'Pelagia' 6-max Seat #4 is the button
Seat 1: VolkovDmitri ($120 in chips)
Seat 4: Roman777_11 ($120 in chips)
Roman777_11: posts small blind $1
VolkovDmitri: posts big blind $3
*** HOLE CARDS ***
Roman777_11: raises $3 to $6
VolkovDmitri: calls $3
*** FLOP *** [Ac 8d Ad]
VolkovDmitri: checks
artiZzt joins the table at seat #5
Roman777_11: bets $3
artiZzt leaves the table
VolkovDmitri: folds
Uncalled bet ($3) returned to Roman777_11
Roman777_11 collected $11.76 from pot
*** SUMMARY ***
Total pot $12 | Rake $0.24
Board [Ac 8d Ad]
Seat 1: VolkovDmitri (big blind) folded on the Flop
Seat 4: Roman777_11 (button) (small blind) collected ($11.76)


PokerStars Hand #146266506755:  Hold'em Limit ($3/$6 USD) - 2016/01/01 7:49:47 ET
Table 'Pelagia' 6-max Seat #1 is the button
Seat 1: VolkovDmitri ($120 in chips)
Seat 4: Roman777_11 ($143.26 in chips)
VolkovDmitri: posts small blind $1
Roman777_11: posts big blind $3
*** HOLE CARDS ***
VolkovDmitri: raises $3 to $6
Roman777_11: folds
Uncalled bet ($3) returned to VolkovDmitri
VolkovDmitri collected $6 from pot
VolkovDmitri: doesn't show hand
*** SUMMARY ***
Total pot $6 | Rake $0
Seat 1: VolkovDmitri (button) (small blind) collected ($6)
Seat 4: Roman777_11 (big blind) folded before Flop


PokerStars Hand #146266490296:  Hold'em Limit ($3/$6 USD) - 2016/01/01 7:49:17 ET
Table 'Pelagia' 6-max Seat #4 is the button
Seat 1: VolkovDmitri ($125.76 in chips)
Seat 4: Roman777_11 ($119.76 in chips)
Roman777_11: posts small blind $1
VolkovDmitri: posts big blind $3
*** HOLE CARDS ***
Roman777_11: raises $3 to $6
VolkovDmitri: calls $3
*** FLOP *** [Kh Kc 2s]
VolkovDmitri: checks
Roman777_11: bets $3
VolkovDmitri: raises $3 to $6
Roman777_11: raises $3 to $9
VolkovDmitri: raises $3 to $12
Betting is capped
Roman777_11: calls $3
*** TURN *** [Kh Kc 2s] [2h]
VolkovDmitri: bets $6
Roman777_11: calls $6
*** RIVER *** [Kh Kc 2s 2h] [7c]
TedBacon joins the table at seat #5
VolkovDmitri: checks
Roman777_11: checks
*** SHOW DOWN ***
VolkovDmitri: shows [6h 5s] (two pair, Kings and Deuces)
Roman777_11: shows [5h 5c] (two pair, Kings and Fives)
Roman777_11 collected $47.50 from pot
*** SUMMARY ***
Total pot $48 | Rake $0.50
Board [Kh Kc 2s 2h 7c]
Seat 1: VolkovDmitri (big blind) showed [6h 5s] and lost with two pair, Kings and Deuces
Seat 4: Roman777_11 (button) (small blind) showed [5h 5c] and won ($47.50) with two pair, Kings and Fives


PokerStars Hand #146266510355:  Hold'em Limit ($3/$6 USD) - 2016/01/01 7:49:53 ET
Table 'Pelagia' 6-max Seat #4 is the button
Seat 1: VolkovDmitri ($123 in chips)
Seat 4: Roman777_11 ($140.26 in chips)
Roman777_11: posts small blind $1
VolkovDmitri: posts big blind $3
*** HOLE CARDS ***
Roman777_11: raises $3 to $6
VolkovDmitri: calls $3
*** FLOP *** [3d Qc 9h]
VolkovDmitri: checks
Roman777_11: checks
*** TURN *** [3d Qc 9h] [9d]
VolkovDmitri: bets $6
Roman777_11: calls $6
*** RIVER *** [3d Qc 9h 9d] [4c]
VolkovDmitri: bets $6
Roman777_11: folds
Uncalled bet ($6) returned to VolkovDmitri
VolkovDmitri collected $23.52 from pot
VolkovDmitri: doesn't show hand
*** SUMMARY ***
Total pot $24 | Rake $0.48
Board [3d Qc 9h 9d 4c]
Seat 1: VolkovDmitri (big blind) collected ($23.52)
Seat 4: Roman777_11 (button) (small blind) folded on the River


PokerStars Hand #146266536988:  Hold'em Limit ($3/$6 USD) - 2016/01/01 7:50:40 ET
Table 'Pelagia' 6-max Seat #4 is the button
Seat 1: VolkovDmitri ($140.28 in chips)
Seat 4: Roman777_11 ($122.26 in chips)
Roman777_11: posts small blind $1
VolkovDmitri: posts big blind $3
*** HOLE CARDS ***
Roman777_11: raises $3 to $6
VolkovDmitri: raises $3 to $9
Roman777_11: raises $3 to $12
Betting is capped
VolkovDmitri: calls $3
*** FLOP *** [Tc 7s Jh]
VolkovDmitri: bets $3
Roman777_11: raises $3 to $6
VolkovDmitri: raises $3 to $9
Roman777_11: calls $3
*** TURN *** [Tc 7s Jh] [Kc]
VolkovDmitri: bets $6
Roman777_11: raises $6 to $12
VolkovDmitri: calls $6
*** RIVER *** [Tc 7s Jh Kc] [Kd]
VolkovDmitri: checks
Roman777_11: bets $6
VolkovDmitri: calls $6
*** SHOW DOWN ***
Roman777_11: shows [As Qs] (a straight, Ten to Ace)
VolkovDmitri: mucks hand
Roman777_11 collected $77.50 from pot
*** SUMMARY ***
Total pot $78 | Rake $0.50
Board [Tc 7s Jh Kc Kd]
Seat 1: VolkovDmitri (big blind) mucked
Seat 4: Roman777_11 (button) (small blind) showed [As Qs] and won ($77.50) with a straight, Ten to Ace


PokerStars Hand #146266525133:  Hold'em Limit ($3/$6 USD) - 2016/01/01 7:50:19 ET
Table 'Pelagia' 6-max Seat #1 is the button
Seat 1: VolkovDmitri ($134.52 in chips)
Seat 4: Roman777_11 ($128.26 in chips)
VolkovDmitri: posts small blind $1
Roman777_11: posts big blind $3
*** HOLE CARDS ***
VolkovDmitri: raises $3 to $6
Roman777_11: calls $3
*** FLOP *** [9s 5s 9h]
Roman777_11: checks
VolkovDmitri: bets $3
Roman777_11: folds
Uncalled bet ($3) returned to VolkovDmitri
VolkovDmitri collected $11.76 from pot
VolkovDmitri: doesn't show hand
*** SUMMARY ***
Total pot $12 | Rake $0.24
Board [9s 5s 9h]
Seat 1: VolkovDmitri (button) (small blind) collected ($11.76)
Seat 4: Roman777_11 (big blind) folded on the Flop


PokerStars Hand #146266559738:  Hold'em Limit ($3/$6 USD) - 2016/01/01 7:51:21 ET
Table 'Pelagia' 6-max Seat #1 is the button
Seat 1: VolkovDmitri ($120 in chips)
Seat 4: Roman777_11 ($160.76 in chips)
VolkovDmitri: posts small blind $1
Roman777_11: posts big blind $3
*** HOLE CARDS ***
VolkovDmitri: raises $3 to $6
Roman777_11: raises $3 to $9
VolkovDmitri: calls $3
*** FLOP *** [9d 7c 9h]
Roman777_11: bets $3
VolkovDmitri: folds
Uncalled bet ($3) returned to Roman777_11
Roman777_11 collected $17.64 from pot
*** SUMMARY ***
Total pot $18 | Rake $0.36
Board [9d 7c 9h]
Seat 1: VolkovDmitri (button) (small blind) folded on the Flop
Seat 4: Roman777_11 (big blind) collected ($17.64)


PokerStars Hand #146266573620:  Hold'em Limit ($3/$6 USD) - 2016/01/01 7:51:46 ET
Table 'Pelagia' 6-max Seat #4 is the button
Seat 1: VolkovDmitri ($120 in chips)
Seat 4: Roman777_11 ($169.40 in chips)
Roman777_11: posts small blind $1
VolkovDmitri: posts big blind $3
*** HOLE CARDS ***
Roman777_11: calls $2
VolkovDmitri: raises $3 to $6
Roman777_11: calls $3
*** FLOP *** [5d Kd Kc]
VolkovDmitri: checks
Roman777_11: checks
*** TURN *** [5d Kd Kc] [2s]
VolkovDmitri: checks
Roman777_11: checks
*** RIVER *** [5d Kd Kc 2s] [4c]
VolkovDmitri: checks
Roman777_11: checks
*** SHOW DOWN ***
VolkovDmitri: shows [8c Tc] (a pair of Kings)
Roman777_11: mucks hand
oregordog joins the table at seat #3
VolkovDmitri collected $11.76 from pot
*** SUMMARY ***
Total pot $12 | Rake $0.24
Board [5d Kd Kc 2s 4c]
Seat 1: VolkovDmitri (big blind) showed [8c Tc] and won ($11.76) with a pair of Kings
Seat 4: Roman777_11 (button) (small blind) mucked


PokerStars Hand #146268125262:  Hold'em Limit ($3/$6 USD) - 2016/01/01 8:36:02 ET
Table 'Pelagia' 6-max Seat #4 is the button
Seat 4: Roman777_11 ($215.24 in chips)
Seat 6: Bonsey_1 ($120 in chips)
Roman777_11: posts small blind $1
Bonsey_1: posts big blind $3
*** HOLE CARDS ***
Roman777_11: folds
Uncalled bet ($2) returned to Bonsey_1
Bonsey_1 collected $2 from pot
Bonsey_1: doesn't show hand
*** SUMMARY ***
Total pot $2 | Rake $0
Seat 4: Roman777_11 (button) (small blind) folded before Flop
Seat 6: Bonsey_1 (big blind) collected ($2)


PokerStars Hand #146268117836:  Hold'em Limit ($3/$6 USD) - 2016/01/01 8:35:51 ET
Table 'Pelagia' 6-max Seat #5 is the button
Seat 4: Roman777_11 ($221.24 in chips)
Seat 5: TedBacon ($135.04 in chips)
TedBacon: posts small blind $1
jammi-h: is sitting out
Roman777_11: posts big blind $3
*** HOLE CARDS ***
TedBacon: raises $3 to $6
Roman777_11: calls $3
*** FLOP *** [4s 2h Ad]
Roman777_11: checks
TedBacon: bets $3
Bonsey_1 joins the table at seat #6
Roman777_11: folds
Uncalled bet ($3) returned to TedBacon
TedBacon collected $11.76 from pot
TedBacon: doesn't show hand
*** SUMMARY ***
Total pot $12 | Rake $0.24
Board [4s 2h Ad]
Seat 4: Roman777_11 (big blind) folded on the Flop
Seat 5: TedBacon (button) (small blind) collected ($11.76)


