PokerStars Hand #169434420511:  Hold'em Limit ($3/$6 USD) - 2017/04/23 4:17:20 ET
Table 'Pele' 6-max Seat #3 is the button
Seat 3: HIGHIQ74 ($120 in chips)
Seat 5: VolkovDmitri ($120 in chips)
HIGHIQ74: posts small blind $1
VolkovDmitri: posts big blind $3
*** HOLE CARDS ***
HIGHIQ74: raises $3 to $6
VolkovDmitri: calls $3
*** FLOP *** [4h Ts 8h]
VolkovDmitri: checks
HIGHIQ74: bets $3
Agrotait leaves the table
VolkovDmitri: raises $3 to $6
HIGHIQ74: calls $3
*** TURN *** [4h Ts 8h] [4c]
jackRizzar joins the table at seat #4
VolkovDmitri: bets $6
HIGHIQ74: calls $6
*** RIVER *** [4h Ts 8h 4c] [Jd]
VolkovDmitri: bets $6
HIGHIQ74: calls $6
*** SHOW DOWN ***
VolkovDmitri: shows [Th 5c] (two pair, Tens and Fours)
HIGHIQ74: mucks hand
VolkovDmitri collected $47.50 from pot
*** SUMMARY ***
Total pot $48 | Rake $0.50
Board [4h Ts 8h 4c Jd]
Seat 3: HIGHIQ74 (button) (small blind) mucked
Seat 5: VolkovDmitri (big blind) showed [Th 5c] and won ($47.50) with two pair, Tens and Fours


PokerStars Hand #169434440018:  Hold'em Limit ($3/$6 USD) - 2017/04/23 4:18:13 ET
Table 'Pele' 6-max Seat #3 is the button
Seat 3: HIGHIQ74 ($54 in chips)
Seat 4: jackRizzar ($180 in chips)
HIGHIQ74: posts small blind $1
jackRizzar: posts big blind $3
*** HOLE CARDS ***
HIGHIQ74: raises $3 to $6
jackRizzar: calls $3
*** FLOP *** [6c Ks Kc]
jackRizzar: checks
VolkovDmitri leaves the table
HIGHIQ74: bets $3
jackRizzar: folds
Uncalled bet ($3) returned to HIGHIQ74
HIGHIQ74 collected $11.76 from pot
HIGHIQ74: doesn't show hand
*** SUMMARY ***
Total pot $12 | Rake $0.24
Board [6c Ks Kc]
Seat 3: HIGHIQ74 (button) (small blind) collected ($11.76)
Seat 4: jackRizzar (big blind) folded on the Flop


PokerStars Hand #169434428920:  Hold'em Limit ($3/$6 USD) - 2017/04/23 4:17:43 ET
Table 'Pele' 6-max Seat #5 is the button
Seat 3: HIGHIQ74 ($96 in chips)
Seat 5: VolkovDmitri ($143.50 in chips)
VolkovDmitri: posts small blind $1
HIGHIQ74: posts big blind $3
*** HOLE CARDS ***
VolkovDmitri: raises $3 to $6
HIGHIQ74: calls $3
*** FLOP *** [3c 7s Js]
HIGHIQ74: checks
VolkovDmitri: bets $3
HIGHIQ74: raises $3 to $6
VolkovDmitri: calls $3
*** TURN *** [3c 7s Js] [Qc]
HIGHIQ74: bets $6
VolkovDmitri: raises $6 to $12
HIGHIQ74: calls $6
*** RIVER *** [3c 7s Js Qc] [6d]
HIGHIQ74: checks
VolkovDmitri: bets $6
HIGHIQ74: raises $6 to $12
VolkovDmitri: raises $6 to $18
HIGHIQ74: calls $6
*** SHOW DOWN ***
VolkovDmitri: shows [Qs 3h] (two pair, Queens and Threes)
HIGHIQ74: mucks hand
VolkovDmitri collected $83.50 from pot
*** SUMMARY ***
Total pot $84 | Rake $0.50
Board [3c 7s Js Qc 6d]
Seat 3: HIGHIQ74 (big blind) mucked
Seat 5: VolkovDmitri (button) (small blind) showed [Qs 3h] and won ($83.50) with two pair, Queens and Threes


PokerStars Hand #169434444880:  Hold'em Limit ($3/$6 USD) - 2017/04/23 4:18:26 ET
Table 'Pele' 6-max Seat #4 is the button
Seat 3: HIGHIQ74 ($59.76 in chips)
Seat 4: jackRizzar ($174 in chips)
jackRizzar: posts small blind $1
HIGHIQ74: posts big blind $3
*** HOLE CARDS ***
jackRizzar: raises $3 to $6
HIGHIQ74: calls $3
*** FLOP *** [Kc Td 3s]
HIGHIQ74: checks
jackRizzar: bets $3
HIGHIQ74: calls $3
*** TURN *** [Kc Td 3s] [5s]
HIGHIQ74: checks
jackRizzar: bets $6
HIGHIQ74: calls $6
*** RIVER *** [Kc Td 3s 5s] [Qs]
HIGHIQ74: checks
jackRizzar: bets $6
HIGHIQ74: calls $6
*** SHOW DOWN ***
jackRizzar: shows [5h Js] (a pair of Fives)
HIGHIQ74: shows [8d Tc] (a pair of Tens)
HIGHIQ74 collected $41.50 from pot
*** SUMMARY ***
Total pot $42 | Rake $0.50
Board [Kc Td 3s 5s Qs]
Seat 3: HIGHIQ74 (big blind) showed [8d Tc] and won ($41.50) with a pair of Tens
Seat 4: jackRizzar (button) (small blind) showed [5h Js] and lost with a pair of Fives


PokerStars Hand #169434456102:  Hold'em Limit ($3/$6 USD) - 2017/04/23 4:18:56 ET
Table 'Pele' 6-max Seat #3 is the button
Seat 3: HIGHIQ74 ($76.26 in chips)
Seat 4: jackRizzar ($157 in chips)
HIGHIQ74: posts small blind $1
jackRizzar: posts big blind $3
*** HOLE CARDS ***
HIGHIQ74: raises $3 to $6
jackRizzar: folds
Uncalled bet ($3) returned to HIGHIQ74
HIGHIQ74 collected $6 from pot
HIGHIQ74: doesn't show hand
*** SUMMARY ***
Total pot $6 | Rake $0
Seat 3: HIGHIQ74 (button) (small blind) collected ($6)
Seat 4: jackRizzar (big blind) folded before Flop


PokerStars Hand #169434458412:  Hold'em Limit ($3/$6 USD) - 2017/04/23 4:19:03 ET
Table 'Pele' 6-max Seat #4 is the button
Seat 3: HIGHIQ74 ($79.26 in chips)
Seat 4: jackRizzar ($154 in chips)
jackRizzar: posts small blind $1
HIGHIQ74: posts big blind $3
*** HOLE CARDS ***
jackRizzar: raises $3 to $6
HIGHIQ74: raises $3 to $9
jackRizzar: calls $3
*** FLOP *** [Th 2c 5d]
HIGHIQ74: bets $3
jackRizzar: calls $3
*** TURN *** [Th 2c 5d] [8d]
HIGHIQ74: checks
jackRizzar: checks
*** RIVER *** [Th 2c 5d 8d] [Kh]
HIGHIQ74: bets $6
jackRizzar: raises $6 to $12
HIGHIQ74: calls $6
*** SHOW DOWN ***
jackRizzar: shows [9h Kc] (a pair of Kings)
HIGHIQ74: shows [Ah Kd] (a pair of Kings - Ace kicker)
HIGHIQ74 collected $47.50 from pot
*** SUMMARY ***
Total pot $48 | Rake $0.50
Board [Th 2c 5d 8d Kh]
Seat 3: HIGHIQ74 (big blind) showed [Ah Kd] and won ($47.50) with a pair of Kings
Seat 4: jackRizzar (button) (small blind) showed [9h Kc] and lost with a pair of Kings


PokerStars Hand #169434453573:  Hold'em Limit ($3/$6 USD) - 2017/04/23 4:18:50 ET
Table 'Pele' 6-max Seat #4 is the button
Seat 3: HIGHIQ74 ($79.26 in chips)
Seat 4: jackRizzar ($154 in chips)
jackRizzar: posts small blind $1
HIGHIQ74: posts big blind $3
*** HOLE CARDS ***
jackRizzar: raises $3 to $6
HIGHIQ74: folds
Uncalled bet ($3) returned to jackRizzar
jackRizzar collected $6 from pot
jackRizzar: doesn't show hand
*** SUMMARY ***
Total pot $6 | Rake $0
Seat 3: HIGHIQ74 (big blind) folded before Flop
Seat 4: jackRizzar (button) (small blind) collected ($6)


PokerStars Hand #169434451905:  Hold'em Limit ($3/$6 USD) - 2017/04/23 4:18:45 ET
Table 'Pele' 6-max Seat #3 is the button
Seat 3: HIGHIQ74 ($80.26 in chips)
Seat 4: jackRizzar ($153 in chips)
HIGHIQ74: posts small blind $1
jackRizzar: posts big blind $3
*** HOLE CARDS ***
HIGHIQ74: folds
Uncalled bet ($2) returned to jackRizzar
jackRizzar collected $2 from pot
jackRizzar: doesn't show hand
*** SUMMARY ***
Total pot $2 | Rake $0
Seat 3: HIGHIQ74 (button) (small blind) folded before Flop
Seat 4: jackRizzar (big blind) collected ($2)


PokerStars Hand #169434478925:  Hold'em Limit ($3/$6 USD) - 2017/04/23 4:19:58 ET
Table 'Pele' 6-max Seat #4 is the button
Seat 3: HIGHIQ74 ($126.26 in chips)
Seat 4: jackRizzar ($106 in chips)
jackRizzar: posts small blind $1
HIGHIQ74: posts big blind $3
*** HOLE CARDS ***
jackRizzar: folds
Uncalled bet ($2) returned to HIGHIQ74
HIGHIQ74 collected $2 from pot
HIGHIQ74: doesn't show hand
*** SUMMARY ***
Total pot $2 | Rake $0
Seat 3: HIGHIQ74 (big blind) collected ($2)
Seat 4: jackRizzar (button) (small blind) folded before Flop


PokerStars Hand #169434468986:  Hold'em Limit ($3/$6 USD) - 2017/04/23 4:19:31 ET
Table 'Pele' 6-max Seat #3 is the button
Seat 3: HIGHIQ74 ($102.76 in chips)
Seat 4: jackRizzar ($130 in chips)
HIGHIQ74: posts small blind $1
jackRizzar: posts big blind $3
*** HOLE CARDS ***
HIGHIQ74: raises $3 to $6
jackRizzar: calls $3
*** FLOP *** [9h Qh 6s]
jackRizzar: checks
HIGHIQ74: bets $3
jackRizzar: raises $3 to $6
HIGHIQ74: calls $3
*** TURN *** [9h Qh 6s] [5h]
jackRizzar: bets $6
HIGHIQ74: calls $6
*** RIVER *** [9h Qh 6s 5h] [6h]
jackRizzar: bets $6
HIGHIQ74: raises $6 to $12
jackRizzar: folds
Uncalled bet ($6) returned to HIGHIQ74
HIGHIQ74 collected $47.50 from pot
HIGHIQ74: doesn't show hand
*** SUMMARY ***
Total pot $48 | Rake $0.50
Board [9h Qh 6s 5h 6h]
Seat 3: HIGHIQ74 (button) (small blind) collected ($47.50)
Seat 4: jackRizzar (big blind) folded on the River


