PokerStars Hand #147124788885:  Hold'em Limit ($3/$6 USD) - 2016/01/16 5:44:11 ET
Table 'Pele' 2-max Seat #2 is the button
Seat 1: PbIbak ($125.50 in chips)
Seat 2: jl45259071 ($139.64 in chips)
jl45259071: posts small blind $1
PbIbak: posts big blind $3
*** HOLE CARDS ***
jl45259071: raises $3 to $6
PbIbak: calls $3
*** FLOP *** [4h 2h Qh]
PbIbak: checks
jl45259071: bets $3
PbIbak: calls $3
*** TURN *** [4h 2h Qh] [4s]
PbIbak: checks
jl45259071: checks
*** RIVER *** [4h 2h Qh 4s] [Kc]
PbIbak: checks
jl45259071: checks
*** SHOW DOWN ***
PbIbak: shows [8h 6d] (a pair of Fours)
jl45259071: shows [8d Jh] (a pair of Fours - King+Queen+Jack kicker)
jl45259071 collected $17.64 from pot
*** SUMMARY ***
Total pot $18 | Rake $0.36
Board [4h 2h Qh 4s Kc]
Seat 1: PbIbak (big blind) showed [8h 6d] and lost with a pair of Fours
Seat 2: jl45259071 (button) (small blind) showed [8d Jh] and won ($17.64) with a pair of Fours


PokerStars Hand #147124779086:  Hold'em Limit ($3/$6 USD) - 2016/01/16 5:43:52 ET
Table 'Pele' 2-max Seat #1 is the button
Seat 1: PbIbak ($111 in chips)
Seat 2: jl45259071 ($154.64 in chips)
PbIbak: posts small blind $1
jl45259071: posts big blind $3
*** HOLE CARDS ***
PbIbak: raises $3 to $6
jl45259071: calls $3
*** FLOP *** [8h 4h 2h]
jl45259071: checks
PbIbak: bets $3
jl45259071: calls $3
*** TURN *** [8h 4h 2h] [3d]
jl45259071: checks
PbIbak: checks
*** RIVER *** [8h 4h 2h 3d] [Kc]
jl45259071: bets $6
PbIbak: calls $6
*** SHOW DOWN ***
jl45259071: shows [9d Tc] (high card King)
PbIbak: shows [7d 2d] (a pair of Deuces)
PbIbak collected $29.50 from pot
*** SUMMARY ***
Total pot $30 | Rake $0.50
Board [8h 4h 2h 3d Kc]
Seat 1: PbIbak (button) (small blind) showed [7d 2d] and won ($29.50) with a pair of Deuces
Seat 2: jl45259071 (big blind) showed [9d Tc] and lost with high card King


PokerStars Hand #147124818181:  Hold'em Limit ($3/$6 USD) - 2016/01/16 5:45:06 ET
Table 'Pele' 2-max Seat #2 is the button
Seat 1: PbIbak ($113.14 in chips)
Seat 2: jl45259071 ($150.80 in chips)
jl45259071: posts small blind $1
PbIbak: posts big blind $3
*** HOLE CARDS ***
jl45259071: calls $2
PbIbak: checks
*** FLOP *** [9h Qs 2h]
PbIbak: checks
jl45259071: bets $3
PbIbak: calls $3
*** TURN *** [9h Qs 2h] [Js]
PbIbak: checks
jl45259071: bets $6
PbIbak: folds
Uncalled bet ($6) returned to jl45259071
jl45259071 collected $11.76 from pot
jl45259071: doesn't show hand
*** SUMMARY ***
Total pot $12 | Rake $0.24
Board [9h Qs 2h Js]
Seat 1: PbIbak (big blind) folded on the Turn
Seat 2: jl45259071 (button) (small blind) collected ($11.76)


PokerStars Hand #147124810645:  Hold'em Limit ($3/$6 USD) - 2016/01/16 5:44:52 ET
Table 'Pele' 2-max Seat #1 is the button
Seat 1: PbIbak ($125.14 in chips)
Seat 2: jl45259071 ($139.28 in chips)
PbIbak: posts small blind $1
jl45259071: posts big blind $3
*** HOLE CARDS ***
PbIbak: raises $3 to $6
jl45259071: raises $3 to $9
PbIbak: calls $3
*** FLOP *** [Kd Qh Td]
jl45259071: bets $3
PbIbak: calls $3
*** TURN *** [Kd Qh Td] [4c]
jl45259071: bets $6
PbIbak: folds
Uncalled bet ($6) returned to jl45259071
jl45259071 collected $23.52 from pot
jl45259071: doesn't show hand
*** SUMMARY ***
Total pot $24 | Rake $0.48
Board [Kd Qh Td 4c]
Seat 1: PbIbak (button) (small blind) folded on the Turn
Seat 2: jl45259071 (big blind) collected ($23.52)


PokerStars Hand #147124803646:  Hold'em Limit ($3/$6 USD) - 2016/01/16 5:44:39 ET
Table 'Pele' 2-max Seat #2 is the button
Seat 1: PbIbak ($122.26 in chips)
Seat 2: jl45259071 ($142.28 in chips)
jl45259071: posts small blind $1
PbIbak: posts big blind $3
*** HOLE CARDS ***
jl45259071: calls $2
PbIbak: checks
*** FLOP *** [6s As Tc]
PbIbak: bets $3
jl45259071: folds
Uncalled bet ($3) returned to PbIbak
PbIbak collected $5.88 from pot
PbIbak: doesn't show hand
*** SUMMARY ***
Total pot $6 | Rake $0.12
Board [6s As Tc]
Seat 1: PbIbak (big blind) collected ($5.88)
Seat 2: jl45259071 (button) (small blind) folded on the Flop


PokerStars Hand #147124796706:  Hold'em Limit ($3/$6 USD) - 2016/01/16 5:44:26 ET
Table 'Pele' 2-max Seat #1 is the button
Seat 1: PbIbak ($116.50 in chips)
Seat 2: jl45259071 ($148.28 in chips)
PbIbak: posts small blind $1
jl45259071: posts big blind $3
*** HOLE CARDS ***
PbIbak: raises $3 to $6
jl45259071: calls $3
*** FLOP *** [Ah 9h Ts]
jl45259071: checks
PbIbak: bets $3
jl45259071: folds
Uncalled bet ($3) returned to PbIbak
PbIbak collected $11.76 from pot
PbIbak: doesn't show hand
*** SUMMARY ***
Total pot $12 | Rake $0.24
Board [Ah 9h Ts]
Seat 1: PbIbak (button) (small blind) collected ($11.76)
Seat 2: jl45259071 (big blind) folded on the Flop


PokerStars Hand #147124843360:  Hold'em Limit ($3/$6 USD) - 2016/01/16 5:45:54 ET
Table 'Pele' 2-max Seat #1 is the button
Seat 1: PbIbak ($100.78 in chips)
Seat 2: jl45259071 ($162.06 in chips)
PbIbak: posts small blind $1
jl45259071: posts big blind $3
*** HOLE CARDS ***
PbIbak: raises $3 to $6
jl45259071: calls $3
*** FLOP *** [Tc Qd 7c]
jl45259071: checks
PbIbak: bets $3
jl45259071: calls $3
*** TURN *** [Tc Qd 7c] [7d]
jl45259071: checks
PbIbak: bets $6
jl45259071: calls $6
*** RIVER *** [Tc Qd 7c 7d] [Ad]
jl45259071: checks
PbIbak: bets $6
jl45259071: raises $6 to $12
PbIbak: calls $6
*** SHOW DOWN ***
jl45259071: shows [4d 9d] (a flush, Ace high)
PbIbak: mucks hand
jl45259071 collected $53.50 from pot
*** SUMMARY ***
Total pot $54 | Rake $0.50
Board [Tc Qd 7c 7d Ad]
Seat 1: PbIbak (button) (small blind) mucked
Seat 2: jl45259071 (big blind) showed [4d 9d] and won ($53.50) with a flush, Ace high


PokerStars Hand #147124835176:  Hold'em Limit ($3/$6 USD) - 2016/01/16 5:45:38 ET
Table 'Pele' 2-max Seat #2 is the button
Seat 1: PbIbak ($115.78 in chips)
Seat 2: jl45259071 ($147.56 in chips)
jl45259071: posts small blind $1
PbIbak: posts big blind $3
*** HOLE CARDS ***
jl45259071: calls $2
PbIbak: checks
*** FLOP *** [Ac 4c 7d]
PbIbak: checks
jl45259071: checks
*** TURN *** [Ac 4c 7d] [8c]
PbIbak: bets $6
jl45259071: calls $6
*** RIVER *** [Ac 4c 7d 8c] [Js]
PbIbak: bets $6
jl45259071: calls $6
*** SHOW DOWN ***
PbIbak: shows [Jc 9d] (a pair of Jacks)
jl45259071: shows [Ah 5c] (a pair of Aces)
jl45259071 collected $29.50 from pot
*** SUMMARY ***
Total pot $30 | Rake $0.50
Board [Ac 4c 7d 8c Js]
Seat 1: PbIbak (big blind) showed [Jc 9d] and lost with a pair of Jacks
Seat 2: jl45259071 (button) (small blind) showed [Ah 5c] and won ($29.50) with a pair of Aces


PokerStars Hand #147124827036:  Hold'em Limit ($3/$6 USD) - 2016/01/16 5:45:23 ET
Table 'Pele' 2-max Seat #1 is the button
Seat 1: PbIbak ($107.14 in chips)
Seat 2: jl45259071 ($156.56 in chips)
PbIbak: posts small blind $1
jl45259071: posts big blind $3
*** HOLE CARDS ***
PbIbak: raises $3 to $6
jl45259071: calls $3
*** FLOP *** [4h Ac 6h]
jl45259071: checks
PbIbak: bets $3
jl45259071: calls $3
*** TURN *** [4h Ac 6h] [4d]
jl45259071: checks
PbIbak: checks
*** RIVER *** [4h Ac 6h 4d] [2h]
jl45259071: checks
PbIbak: checks
*** SHOW DOWN ***
jl45259071: shows [8s 7c] (a pair of Fours)
PbIbak: shows [Qs 2d] (two pair, Fours and Deuces)
PbIbak collected $17.64 from pot
*** SUMMARY ***
Total pot $18 | Rake $0.36
Board [4h Ac 6h 4d 2h]
Seat 1: PbIbak (button) (small blind) showed [Qs 2d] and won ($17.64) with two pair, Fours and Deuces
Seat 2: jl45259071 (big blind) showed [8s 7c] and lost with a pair of Fours


PokerStars Hand #147124879180:  Hold'em Limit ($3/$6 USD) - 2016/01/16 5:47:01 ET
Table 'Pele' 2-max Seat #2 is the button
Seat 1: PbIbak ($49.78 in chips)
Seat 2: jl45259071 ($211.82 in chips)
jl45259071: posts small blind $1
PbIbak: posts big blind $3
*** HOLE CARDS ***
jl45259071: calls $2
PbIbak: checks
*** FLOP *** [9c 3c 6h]
PbIbak: checks
jl45259071: checks
*** TURN *** [9c 3c 6h] [9s]
PbIbak: checks
jl45259071: bets $6
PbIbak: folds
Uncalled bet ($6) returned to jl45259071
jl45259071 collected $5.88 from pot
jl45259071: doesn't show hand
*** SUMMARY ***
Total pot $6 | Rake $0.12
Board [9c 3c 6h 9s]
Seat 1: PbIbak (big blind) folded on the Turn
Seat 2: jl45259071 (button) (small blind) collected ($5.88)


PokerStars Hand #147124872818:  Hold'em Limit ($3/$6 USD) - 2016/01/16 5:46:49 ET
Table 'Pele' 2-max Seat #1 is the button
Seat 1: PbIbak ($55.78 in chips)
Seat 2: jl45259071 ($206.06 in chips)
PbIbak: posts small blind $1
jl45259071: posts big blind $3
*** HOLE CARDS ***
PbIbak: raises $3 to $6
jl45259071: calls $3
*** FLOP *** [Tc 9h 5h]
jl45259071: checks
PbIbak: checks
*** TURN *** [Tc 9h 5h] [Jc]
jl45259071: bets $6
PbIbak: folds
Uncalled bet ($6) returned to jl45259071
jl45259071 collected $11.76 from pot
jl45259071: doesn't show hand
*** SUMMARY ***
Total pot $12 | Rake $0.24
Board [Tc 9h 5h Jc]
Seat 1: PbIbak (button) (small blind) folded on the Turn
Seat 2: jl45259071 (big blind) collected ($11.76)


PokerStars Hand #147124854969:  Hold'em Limit ($3/$6 USD) - 2016/01/16 5:46:16 ET
Table 'Pele' 2-max Seat #2 is the button
Seat 1: PbIbak ($73.78 in chips)
Seat 2: jl45259071 ($188.56 in chips)
jl45259071: posts small blind $1
PbIbak: posts big blind $3
*** HOLE CARDS ***
jl45259071: calls $2
PbIbak: raises $3 to $6
jl45259071: raises $3 to $9
PbIbak: calls $3
*** FLOP *** [Qs 7s 8h]
PbIbak: checks
jl45259071: bets $3
PbIbak: calls $3
*** TURN *** [Qs 7s 8h] [Kh]
PbIbak: checks
jl45259071: bets $6
PbIbak: calls $6
*** RIVER *** [Qs 7s 8h Kh] [4c]
PbIbak: checks
jl45259071: bets $6
PbIbak: folds
Uncalled bet ($6) returned to jl45259071
jl45259071 collected $35.50 from pot
jl45259071: doesn't show hand
*** SUMMARY ***
Total pot $36 | Rake $0.50
Board [Qs 7s 8h Kh 4c]
Seat 1: PbIbak (big blind) folded on the River
Seat 2: jl45259071 (button) (small blind) collected ($35.50)


PokerStars Hand #147124913936:  Hold'em Limit ($3/$6 USD) - 2016/01/16 5:48:06 ET
Table 'Pele' 2-max Seat #1 is the button
Seat 1: PbIbak ($72.04 in chips)
Seat 2: jl45259071 ($188.58 in chips)
PbIbak: posts small blind $1
jl45259071: posts big blind $3
*** HOLE CARDS ***
PbIbak: raises $3 to $6
jl45259071: calls $3
*** FLOP *** [7h As 8h]
jl45259071: checks
PbIbak: checks
*** TURN *** [7h As 8h] [2d]
jl45259071: bets $6
PbIbak: calls $6
*** RIVER *** [7h As 8h 2d] [3c]
jl45259071: bets $6
PbIbak: calls $6
*** SHOW DOWN ***
jl45259071: shows [2c 9d] (a pair of Deuces)
PbIbak: mucks hand
jl45259071 collected $35.50 from pot
*** SUMMARY ***
Total pot $36 | Rake $0.50
Board [7h As 8h 2d 3c]
Seat 1: PbIbak (button) (small blind) mucked
Seat 2: jl45259071 (big blind) showed [2c 9d] and won ($35.50) with a pair of Deuces


PokerStars Hand #147124908807:  Hold'em Limit ($3/$6 USD) - 2016/01/16 5:47:57 ET
Table 'Pele' 2-max Seat #2 is the button
Seat 1: PbIbak ($75.04 in chips)
Seat 2: jl45259071 ($185.70 in chips)
jl45259071: posts small blind $1
PbIbak: posts big blind $3
*** HOLE CARDS ***
jl45259071: calls $2
PbIbak: checks
*** FLOP *** [5d Ts Ad]
PbIbak: checks
jl45259071: bets $3
PbIbak: folds
Uncalled bet ($3) returned to jl45259071
jl45259071 collected $5.88 from pot
jl45259071: doesn't show hand
*** SUMMARY ***
Total pot $6 | Rake $0.12
Board [5d Ts Ad]
Seat 1: PbIbak (big blind) folded on the Flop
Seat 2: jl45259071 (button) (small blind) collected ($5.88)


PokerStars Hand #147124906398:  Hold'em Limit ($3/$6 USD) - 2016/01/16 5:47:52 ET
Table 'Pele' 2-max Seat #1 is the button
Seat 1: PbIbak ($76.04 in chips)
Seat 2: jl45259071 ($184.70 in chips)
PbIbak: posts small blind $1
jl45259071: posts big blind $3
*** HOLE CARDS ***
PbIbak: folds
Uncalled bet ($2) returned to jl45259071
jl45259071 collected $2 from pot
*** SUMMARY ***
Total pot $2 | Rake $0
Seat 1: PbIbak (button) (small blind) folded before Flop
Seat 2: jl45259071 (big blind) collected ($2)


PokerStars Hand #147124893049:  Hold'em Limit ($3/$6 USD) - 2016/01/16 5:47:27 ET
Table 'Pele' 2-max Seat #2 is the button
Seat 1: PbIbak ($52.54 in chips)
Seat 2: jl45259071 ($208.70 in chips)
jl45259071: posts small blind $1
PbIbak: posts big blind $3
*** HOLE CARDS ***
jl45259071: calls $2
PbIbak: checks
*** FLOP *** [6s 2d 9h]
PbIbak: checks
jl45259071: bets $3
PbIbak: calls $3
*** TURN *** [6s 2d 9h] [2c]
PbIbak: checks
jl45259071: bets $6
PbIbak: raises $6 to $12
jl45259071: calls $6
*** RIVER *** [6s 2d 9h 2c] [5c]
PbIbak: bets $6
jl45259071: calls $6
*** SHOW DOWN ***
PbIbak: shows [5d 2s] (a full house, Deuces full of Fives)
jl45259071: mucks hand
PbIbak collected $47.50 from pot
*** SUMMARY ***
Total pot $48 | Rake $0.50
Board [6s 2d 9h 2c 5c]
Seat 1: PbIbak (big blind) showed [5d 2s] and won ($47.50) with a full house, Deuces full of Fives
Seat 2: jl45259071 (button) (small blind) mucked


PokerStars Hand #147124885628:  Hold'em Limit ($3/$6 USD) - 2016/01/16 5:47:13 ET
Table 'Pele' 2-max Seat #1 is the button
Seat 1: PbIbak ($46.78 in chips)
Seat 2: jl45259071 ($214.70 in chips)
PbIbak: posts small blind $1
jl45259071: posts big blind $3
*** HOLE CARDS ***
PbIbak: raises $3 to $6
jl45259071: calls $3
*** FLOP *** [Ks Ad 4h]
jl45259071: checks
PbIbak: bets $3
jl45259071: folds
Uncalled bet ($3) returned to PbIbak
PbIbak collected $11.76 from pot
PbIbak: doesn't show hand
*** SUMMARY ***
Total pot $12 | Rake $0.24
Board [Ks Ad 4h]
Seat 1: PbIbak (button) (small blind) collected ($11.76)
Seat 2: jl45259071 (big blind) folded on the Flop


PokerStars Hand #147124938775:  Hold'em Limit ($3/$6 USD) - 2016/01/16 5:48:53 ET
Table 'Pele' 2-max Seat #2 is the button
Seat 1: PbIbak ($65.56 in chips)
Seat 2: jl45259071 ($194.08 in chips)
jl45259071: posts small blind $1
PbIbak: posts big blind $3
*** HOLE CARDS ***
jl45259071: raises $3 to $6
PbIbak: calls $3
*** FLOP *** [Qc Ac 4d]
PbIbak: checks
jl45259071: bets $3
PbIbak: calls $3
*** TURN *** [Qc Ac 4d] [Td]
PbIbak: checks
jl45259071: bets $6
PbIbak: raises $6 to $12
jl45259071: calls $6
*** RIVER *** [Qc Ac 4d Td] [Jc]
PbIbak: bets $6
jl45259071: calls $6
*** SHOW DOWN ***
PbIbak: shows [4h Ts] (two pair, Tens and Fours)
jl45259071: shows [Tc Qs] (two pair, Queens and Tens)
jl45259071 collected $53.50 from pot
*** SUMMARY ***
Total pot $54 | Rake $0.50
Board [Qc Ac 4d Td Jc]
Seat 1: PbIbak (big blind) showed [4h Ts] and lost with two pair, Tens and Fours
Seat 2: jl45259071 (button) (small blind) showed [Tc Qs] and won ($53.50) with two pair, Queens and Tens


PokerStars Hand #147124953359:  Hold'em Limit ($3/$6 USD) - 2016/01/16 5:49:20 ET
Table 'Pele' 2-max Seat #1 is the button
Seat 1: PbIbak ($38.56 in chips)
Seat 2: jl45259071 ($220.58 in chips)
PbIbak: posts small blind $1
jl45259071: posts big blind $3
*** HOLE CARDS ***
PbIbak: raises $3 to $6
jl45259071: calls $3
*** FLOP *** [9s As Qh]
jl45259071: checks
PbIbak: bets $3
jl45259071: folds
Uncalled bet ($3) returned to PbIbak
PbIbak collected $11.76 from pot
PbIbak: doesn't show hand
*** SUMMARY ***
Total pot $12 | Rake $0.24
Board [9s As Qh]
Seat 1: PbIbak (button) (small blind) collected ($11.76)
Seat 2: jl45259071 (big blind) folded on the Flop


PokerStars Hand #147124961969:  Hold'em Limit ($3/$6 USD) - 2016/01/16 5:49:36 ET
Table 'Pele' 2-max Seat #2 is the button
Seat 1: PbIbak ($44.32 in chips)
Seat 2: jl45259071 ($214.58 in chips)
jl45259071: posts small blind $1
PbIbak: posts big blind $3
*** HOLE CARDS ***
jl45259071: folds
Uncalled bet ($2) returned to PbIbak
PbIbak collected $2 from pot
PbIbak: doesn't show hand
*** SUMMARY ***
Total pot $2 | Rake $0
Seat 1: PbIbak (big blind) collected ($2)
Seat 2: jl45259071 (button) (small blind) folded before Flop


PokerStars Hand #147124971724:  Hold'em Limit ($3/$6 USD) - 2016/01/16 5:49:55 ET
Table 'Pele' 2-max Seat #1 is the button
Seat 1: PbIbak ($45.32 in chips)
Seat 2: jl45259071 ($213.58 in chips)
PbIbak: posts small blind $1
jl45259071: posts big blind $3
*** HOLE CARDS ***
PbIbak: raises $3 to $6
jl45259071: calls $3
*** FLOP *** [5s 5h 2d]
jl45259071: checks
PbIbak: bets $3
jl45259071: calls $3
*** TURN *** [5s 5h 2d] [Kc]
jl45259071: checks
PbIbak: bets $6
jl45259071: calls $6
*** RIVER *** [5s 5h 2d Kc] [Qc]
jl45259071: checks
PbIbak: checks
*** SHOW DOWN ***
jl45259071: shows [9c 2c] (two pair, Fives and Deuces)
PbIbak: shows [7d 7h] (two pair, Sevens and Fives)
PbIbak collected $29.50 from pot
*** SUMMARY ***
Total pot $30 | Rake $0.50
Board [5s 5h 2d Kc Qc]
Seat 1: PbIbak (button) (small blind) showed [7d 7h] and won ($29.50) with two pair, Sevens and Fives
Seat 2: jl45259071 (big blind) showed [9c 2c] and lost with two pair, Fives and Deuces


PokerStars Hand #147124922274:  Hold'em Limit ($3/$6 USD) - 2016/01/16 5:48:22 ET
Table 'Pele' 2-max Seat #2 is the button
Seat 1: PbIbak ($54.04 in chips)
Seat 2: jl45259071 ($206.08 in chips)
jl45259071: posts small blind $1
PbIbak: posts big blind $3
*** HOLE CARDS ***
jl45259071: calls $2
PbIbak: checks
*** FLOP *** [Ks Th 7c]
PbIbak: checks
jl45259071: checks
*** TURN *** [Ks Th 7c] [3h]
PbIbak: checks
jl45259071: checks
*** RIVER *** [Ks Th 7c 3h] [Td]
PbIbak: checks
jl45259071: checks
*** SHOW DOWN ***
PbIbak: shows [Ac 4c] (a pair of Tens)
jl45259071: mucks hand
PbIbak collected $5.88 from pot
*** SUMMARY ***
Total pot $6 | Rake $0.12
Board [Ks Th 7c 3h Td]
Seat 1: PbIbak (big blind) showed [Ac 4c] and won ($5.88) with a pair of Tens
Seat 2: jl45259071 (button) (small blind) mucked


PokerStars Hand #147124930220:  Hold'em Limit ($3/$6 USD) - 2016/01/16 5:48:37 ET
Table 'Pele' 2-max Seat #1 is the button
Seat 1: PbIbak ($56.92 in chips)
Seat 2: jl45259071 ($203.08 in chips)
PbIbak: posts small blind $1
jl45259071: posts big blind $3
*** HOLE CARDS ***
PbIbak: raises $3 to $6
jl45259071: calls $3
*** FLOP *** [Js Ts 5d]
jl45259071: checks
PbIbak: bets $3
jl45259071: calls $3
*** TURN *** [Js Ts 5d] [5c]
jl45259071: checks
PbIbak: bets $6
jl45259071: folds
Uncalled bet ($6) returned to PbIbak
PbIbak collected $17.64 from pot
PbIbak: doesn't show hand
*** SUMMARY ***
Total pot $18 | Rake $0.36
Board [Js Ts 5d 5c]
Seat 1: PbIbak (button) (small blind) collected ($17.64)
Seat 2: jl45259071 (big blind) folded on the Turn


PokerStars Hand #147125001293:  Hold'em Limit ($3/$6 USD) - 2016/01/16 5:50:51 ET
Table 'Pele' 2-max Seat #1 is the button
Seat 1: PbIbak ($62.70 in chips)
Seat 2: jl45259071 ($195.58 in chips)
PbIbak: posts small blind $1
jl45259071: posts big blind $3
*** HOLE CARDS ***
PbIbak: raises $3 to $6
jl45259071: calls $3
*** FLOP *** [8d 4s Th]
jl45259071: checks
PbIbak: bets $3
jl45259071: calls $3
*** TURN *** [8d 4s Th] [2h]
jl45259071: checks
PbIbak: bets $6
jl45259071: folds
Uncalled bet ($6) returned to PbIbak
PbIbak collected $17.64 from pot
PbIbak: doesn't show hand
*** SUMMARY ***
Total pot $18 | Rake $0.36
Board [8d 4s Th 2h]
Seat 1: PbIbak (button) (small blind) collected ($17.64)
Seat 2: jl45259071 (big blind) folded on the Turn


PokerStars Hand #147124993369:  Hold'em Limit ($3/$6 USD) - 2016/01/16 5:50:36 ET
Table 'Pele' 2-max Seat #2 is the button
Seat 1: PbIbak ($59.82 in chips)
Seat 2: jl45259071 ($198.58 in chips)
jl45259071: posts small blind $1
PbIbak: posts big blind $3
*** HOLE CARDS ***
jl45259071: calls $2
PbIbak: checks
*** FLOP *** [8h Qs 8d]
PbIbak: checks
jl45259071: checks
*** TURN *** [8h Qs 8d] [5d]
PbIbak: bets $6
jl45259071: folds
Uncalled bet ($6) returned to PbIbak
PbIbak collected $5.88 from pot
PbIbak: doesn't show hand
*** SUMMARY ***
Total pot $6 | Rake $0.12
Board [8h Qs 8d 5d]
Seat 1: PbIbak (big blind) collected ($5.88)
Seat 2: jl45259071 (button) (small blind) folded on the Turn


PokerStars Hand #147125017700:  Hold'em Limit ($3/$6 USD) - 2016/01/16 5:51:23 ET
Table 'Pele' 2-max Seat #1 is the button
Seat 1: PbIbak ($65.34 in chips)
Seat 2: jl45259071 ($192.34 in chips)
PbIbak: posts small blind $1
jl45259071: posts big blind $3
*** HOLE CARDS ***
PbIbak: raises $3 to $6
jl45259071: calls $3
*** FLOP *** [Kc Ad Jc]
jl45259071: checks
PbIbak: bets $3
jl45259071: folds
Uncalled bet ($3) returned to PbIbak
PbIbak collected $11.76 from pot
PbIbak: doesn't show hand
*** SUMMARY ***
Total pot $12 | Rake $0.24
Board [Kc Ad Jc]
Seat 1: PbIbak (button) (small blind) collected ($11.76)
Seat 2: jl45259071 (big blind) folded on the Flop


PokerStars Hand #147125009622:  Hold'em Limit ($3/$6 USD) - 2016/01/16 5:51:07 ET
Table 'Pele' 2-max Seat #2 is the button
Seat 1: PbIbak ($71.34 in chips)
Seat 2: jl45259071 ($186.58 in chips)
jl45259071: posts small blind $1
PbIbak: posts big blind $3
*** HOLE CARDS ***
jl45259071: calls $2
PbIbak: checks
*** FLOP *** [8c 9c 4h]
PbIbak: checks
jl45259071: bets $3
PbIbak: calls $3
*** TURN *** [8c 9c 4h] [6c]
PbIbak: checks
jl45259071: checks
*** RIVER *** [8c 9c 4h 6c] [Ks]
PbIbak: checks
jl45259071: checks
*** SHOW DOWN ***
PbIbak: shows [Ts Qd] (high card King)
jl45259071: shows [Jc 4s] (a pair of Fours)
jl45259071 collected $11.76 from pot
*** SUMMARY ***
Total pot $12 | Rake $0.24
Board [8c 9c 4h 6c Ks]
Seat 1: PbIbak (big blind) showed [Ts Qd] and lost with high card King
Seat 2: jl45259071 (button) (small blind) showed [Jc 4s] and won ($11.76) with a pair of Fours


PokerStars Hand #147125029176:  Hold'em Limit ($3/$6 USD) - 2016/01/16 5:51:44 ET
Table 'Pele' 2-max Seat #1 is the button
Seat 1: PbIbak ($72.10 in chips)
Seat 2: jl45259071 ($185.34 in chips)
PbIbak: posts small blind $1
jl45259071: posts big blind $3
*** HOLE CARDS ***
PbIbak: raises $3 to $6
jl45259071: calls $3
*** FLOP *** [Ks 6s 3h]
jl45259071: checks
PbIbak: bets $3
jl45259071: calls $3
*** TURN *** [Ks 6s 3h] [3s]
jl45259071: checks
PbIbak: checks
*** RIVER *** [Ks 6s 3h 3s] [2s]
jl45259071: checks
PbIbak: checks
*** SHOW DOWN ***
jl45259071: shows [3d 7s] (a flush, King high)
PbIbak: mucks hand
jl45259071 collected $17.64 from pot
*** SUMMARY ***
Total pot $18 | Rake $0.36
Board [Ks 6s 3h 3s 2s]
Seat 1: PbIbak (button) (small blind) mucked
Seat 2: jl45259071 (big blind) showed [3d 7s] and won ($17.64) with a flush, King high


PokerStars Hand #147125026387:  Hold'em Limit ($3/$6 USD) - 2016/01/16 5:51:39 ET
Table 'Pele' 2-max Seat #2 is the button
Seat 1: PbIbak ($71.10 in chips)
Seat 2: jl45259071 ($186.34 in chips)
jl45259071: posts small blind $1
PbIbak: posts big blind $3
*** HOLE CARDS ***
jl45259071: folds
Uncalled bet ($2) returned to PbIbak
PbIbak collected $2 from pot
PbIbak: doesn't show hand
*** SUMMARY ***
Total pot $2 | Rake $0
Seat 1: PbIbak (big blind) collected ($2)
Seat 2: jl45259071 (button) (small blind) folded before Flop


PokerStars Hand #147125042284:  Hold'em Limit ($3/$6 USD) - 2016/01/16 5:52:09 ET
Table 'Pele' 2-max Seat #2 is the button
Seat 1: PbIbak ($63.10 in chips)
Seat 2: jl45259071 ($193.98 in chips)
jl45259071: posts small blind $1
PbIbak: posts big blind $3
*** HOLE CARDS ***
jl45259071: calls $2
PbIbak: checks
*** FLOP *** [5s Js 9c]
PbIbak: bets $3
jl45259071: calls $3
*** TURN *** [5s Js 9c] [Kd]
PbIbak: checks
jl45259071: checks
*** RIVER *** [5s Js 9c Kd] [5d]
PbIbak: checks
jl45259071: bets $6
PbIbak: calls $6
*** SHOW DOWN ***
jl45259071: shows [5h Ac] (three of a kind, Fives)
PbIbak: mucks hand
jl45259071 collected $23.52 from pot
*** SUMMARY ***
Total pot $24 | Rake $0.48
Board [5s Js 9c Kd 5d]
Seat 1: PbIbak (big blind) mucked
Seat 2: jl45259071 (button) (small blind) showed [5h Ac] and won ($23.52) with three of a kind, Fives


PokerStars Hand #147125380624:  Hold'em Limit ($3/$6 USD) - 2016/01/16 6:02:58 ET
Table 'Pele' 2-max Seat #2 is the button
Seat 1: PbIbak ($110.10 in chips)
Seat 2: jl45259071 ($206.50 in chips)
jl45259071: posts small blind $1
PbIbak: posts big blind $3
*** HOLE CARDS ***
jl45259071: calls $2
PbIbak: raises $3 to $6
jl45259071: calls $3
*** FLOP *** [9h Kh 5s]
PbIbak: bets $3
jl45259071: folds
Uncalled bet ($3) returned to PbIbak
PbIbak collected $11.76 from pot
PbIbak: doesn't show hand
*** SUMMARY ***
Total pot $12 | Rake $0.24
Board [9h Kh 5s]
Seat 1: PbIbak (big blind) collected ($11.76)
Seat 2: jl45259071 (button) (small blind) folded on the Flop


PokerStars Hand #147125375133:  Hold'em Limit ($3/$6 USD) - 2016/01/16 6:02:48 ET
Table 'Pele' 2-max Seat #1 is the button
Seat 1: PbIbak ($111.10 in chips)
Seat 2: jl45259071 ($205.50 in chips)
PbIbak: posts small blind $1
jl45259071: posts big blind $3
*** HOLE CARDS ***
PbIbak: folds
Uncalled bet ($2) returned to jl45259071
jl45259071 collected $2 from pot
*** SUMMARY ***
Total pot $2 | Rake $0
Seat 1: PbIbak (button) (small blind) folded before Flop
Seat 2: jl45259071 (big blind) collected ($2)


PokerStars Hand #147125413779:  Hold'em Limit ($3/$6 USD) - 2016/01/16 6:03:59 ET
Table 'Pele' 2-max Seat #1 is the button
Seat 1: PbIbak ($109.74 in chips)
Seat 2: jl45259071 ($206.14 in chips)
PbIbak: posts small blind $1
jl45259071: posts big blind $3
*** HOLE CARDS ***
PbIbak: raises $3 to $6
jl45259071: calls $3
*** FLOP *** [5c Ts Kh]
jl45259071: checks
PbIbak: bets $3
jl45259071: calls $3
*** TURN *** [5c Ts Kh] [7d]
jl45259071: checks
PbIbak: bets $6
jl45259071: calls $6
*** RIVER *** [5c Ts Kh 7d] [7c]
jl45259071: checks
PbIbak: checks
*** SHOW DOWN ***
jl45259071: shows [Jh 5h] (two pair, Sevens and Fives)
PbIbak: mucks hand
jl45259071 collected $29.50 from pot
*** SUMMARY ***
Total pot $30 | Rake $0.50
Board [5c Ts Kh 7d 7c]
Seat 1: PbIbak (button) (small blind) mucked
Seat 2: jl45259071 (big blind) showed [Jh 5h] and won ($29.50) with two pair, Sevens and Fives


PokerStars Hand #147125402289:  Hold'em Limit ($3/$6 USD) - 2016/01/16 6:03:38 ET
Table 'Pele' 2-max Seat #2 is the button
Seat 1: PbIbak ($106.86 in chips)
Seat 2: jl45259071 ($209.14 in chips)
jl45259071: posts small blind $1
PbIbak: posts big blind $3
*** HOLE CARDS ***
jl45259071: calls $2
PbIbak: checks
*** FLOP *** [Jc 9h 6d]
PbIbak: checks
jl45259071: checks
*** TURN *** [Jc 9h 6d] [Js]
PbIbak: checks
jl45259071: checks
*** RIVER *** [Jc 9h 6d Js] [Jd]
PbIbak: checks
jl45259071: checks
*** SHOW DOWN ***
PbIbak: shows [Tc 5h] (three of a kind, Jacks)
jl45259071: mucks hand
PbIbak collected $5.88 from pot
*** SUMMARY ***
Total pot $6 | Rake $0.12
Board [Jc 9h 6d Js Jd]
Seat 1: PbIbak (big blind) showed [Tc 5h] and won ($5.88) with three of a kind, Jacks
Seat 2: jl45259071 (button) (small blind) mucked


PokerStars Hand #147125390814:  Hold'em Limit ($3/$6 USD) - 2016/01/16 6:03:17 ET
Table 'Pele' 2-max Seat #1 is the button
Seat 1: PbIbak ($115.86 in chips)
Seat 2: jl45259071 ($200.50 in chips)
PbIbak: posts small blind $1
jl45259071: posts big blind $3
*** HOLE CARDS ***
PbIbak: raises $3 to $6
jl45259071: calls $3
*** FLOP *** [Qd Td 2c]
jl45259071: checks
PbIbak: bets $3
jl45259071: calls $3
*** TURN *** [Qd Td 2c] [8d]
jl45259071: checks
PbIbak: checks
*** RIVER *** [Qd Td 2c 8d] [7s]
jl45259071: bets $6
PbIbak: folds
Uncalled bet ($6) returned to jl45259071
jl45259071 collected $17.64 from pot
jl45259071: doesn't show hand
*** SUMMARY ***
Total pot $18 | Rake $0.36
Board [Qd Td 2c 8d 7s]
Seat 1: PbIbak (button) (small blind) folded on the River
Seat 2: jl45259071 (big blind) collected ($17.64)


PokerStars Hand #147125457663:  Hold'em Limit ($3/$6 USD) - 2016/01/16 6:05:19 ET
Table 'Pele' 2-max Seat #2 is the button
Seat 1: PbIbak ($73.62 in chips)
Seat 2: jl45259071 ($241.02 in chips)
jl45259071: posts small blind $1
PbIbak: posts big blind $3
*** HOLE CARDS ***
jl45259071: calls $2
PbIbak: checks
*** FLOP *** [9d Tc 7s]
PbIbak: bets $3
jl45259071: folds
Uncalled bet ($3) returned to PbIbak
PbIbak collected $5.88 from pot
PbIbak: doesn't show hand
*** SUMMARY ***
Total pot $6 | Rake $0.12
Board [9d Tc 7s]
Seat 1: PbIbak (big blind) collected ($5.88)
Seat 2: jl45259071 (button) (small blind) folded on the Flop


PokerStars Hand #147125447136:  Hold'em Limit ($3/$6 USD) - 2016/01/16 6:05:00 ET
Table 'Pele' 2-max Seat #1 is the button
Seat 1: PbIbak ($73.74 in chips)
Seat 2: jl45259071 ($241.14 in chips)
PbIbak: posts small blind $1
jl45259071: posts big blind $3
*** HOLE CARDS ***
PbIbak: raises $3 to $6
jl45259071: calls $3
*** FLOP *** [Ks Kd Ts]
jl45259071: checks
PbIbak: checks
*** TURN *** [Ks Kd Ts] [Jh]
jl45259071: checks
PbIbak: checks
*** RIVER *** [Ks Kd Ts Jh] [Js]
jl45259071: checks
PbIbak: checks
*** SHOW DOWN ***
jl45259071: shows [9s 2h] (two pair, Kings and Jacks)
PbIbak: shows [3s 4d] (two pair, Kings and Jacks)
jl45259071 collected $5.88 from pot
PbIbak collected $5.88 from pot
*** SUMMARY ***
Total pot $12 | Rake $0.24
Board [Ks Kd Ts Jh Js]
Seat 1: PbIbak (button) (small blind) showed [3s 4d] and won ($5.88) with two pair, Kings and Jacks
Seat 2: jl45259071 (big blind) showed [9s 2h] and won ($5.88) with two pair, Kings and Jacks


PokerStars Hand #147125426721:  Hold'em Limit ($3/$6 USD) - 2016/01/16 6:04:23 ET
Table 'Pele' 2-max Seat #2 is the button
Seat 1: PbIbak ($94.74 in chips)
Seat 2: jl45259071 ($220.64 in chips)
jl45259071: posts small blind $1
PbIbak: posts big blind $3
*** HOLE CARDS ***
jl45259071: calls $2
PbIbak: raises $3 to $6
jl45259071: calls $3
*** FLOP *** [Ac As Kh]
PbIbak: bets $3
jl45259071: calls $3
*** TURN *** [Ac As Kh] [8s]
PbIbak: bets $6
jl45259071: raises $6 to $12
PbIbak: calls $6
*** RIVER *** [Ac As Kh 8s] [6d]
PbIbak: checks
jl45259071: bets $6
PbIbak: folds
Uncalled bet ($6) returned to jl45259071
jl45259071 collected $41.50 from pot
jl45259071: doesn't show hand
*** SUMMARY ***
Total pot $42 | Rake $0.50
Board [Ac As Kh 8s 6d]
Seat 1: PbIbak (big blind) folded on the River
Seat 2: jl45259071 (button) (small blind) collected ($41.50)


PokerStars Hand #147125486707:  Hold'em Limit ($3/$6 USD) - 2016/01/16 6:06:11 ET
Table 'Pele' 2-max Seat #1 is the button
Seat 1: PbIbak ($79.26 in chips)
Seat 2: jl45259071 ($234.90 in chips)
PbIbak: posts small blind $1
jl45259071: posts big blind $3
*** HOLE CARDS ***
PbIbak: folds
Uncalled bet ($2) returned to jl45259071
jl45259071 collected $2 from pot
*** SUMMARY ***
Total pot $2 | Rake $0
Seat 1: PbIbak (button) (small blind) folded before Flop
Seat 2: jl45259071 (big blind) collected ($2)


PokerStars Hand #147125472604:  Hold'em Limit ($3/$6 USD) - 2016/01/16 6:05:45 ET
Table 'Pele' 2-max Seat #2 is the button
Seat 1: PbIbak ($82.26 in chips)
Seat 2: jl45259071 ($232.02 in chips)
jl45259071: posts small blind $1
PbIbak: posts big blind $3
*** HOLE CARDS ***
jl45259071: calls $2
PbIbak: checks
*** FLOP *** [5s As Jh]
PbIbak: checks
jl45259071: bets $3
PbIbak: folds
Uncalled bet ($3) returned to jl45259071
jl45259071 collected $5.88 from pot
jl45259071: doesn't show hand
*** SUMMARY ***
Total pot $6 | Rake $0.12
Board [5s As Jh]
Seat 1: PbIbak (big blind) folded on the Flop
Seat 2: jl45259071 (button) (small blind) collected ($5.88)


PokerStars Hand #147125463116:  Hold'em Limit ($3/$6 USD) - 2016/01/16 6:05:28 ET
Table 'Pele' 2-max Seat #1 is the button
Seat 1: PbIbak ($76.50 in chips)
Seat 2: jl45259071 ($238.02 in chips)
PbIbak: posts small blind $1
jl45259071: posts big blind $3
*** HOLE CARDS ***
PbIbak: raises $3 to $6
jl45259071: calls $3
*** FLOP *** [Ks 8s Tc]
jl45259071: checks
PbIbak: checks
*** TURN *** [Ks 8s Tc] [5h]
jl45259071: checks
PbIbak: checks
*** RIVER *** [Ks 8s Tc 5h] [9s]
jl45259071: checks
PbIbak: checks
*** SHOW DOWN ***
jl45259071: shows [4c 6d] (high card King)
PbIbak: shows [Ad 7d] (high card Ace)
PbIbak collected $11.76 from pot
*** SUMMARY ***
Total pot $12 | Rake $0.24
Board [Ks 8s Tc 5h 9s]
Seat 1: PbIbak (button) (small blind) showed [Ad 7d] and won ($11.76) with high card Ace
Seat 2: jl45259071 (big blind) showed [4c 6d] and lost with high card King


PokerStars Hand #147125509610:  Hold'em Limit ($3/$6 USD) - 2016/01/16 6:06:52 ET
Table 'Pele' 2-max Seat #1 is the button
Seat 1: PbIbak ($60.26 in chips)
Seat 2: jl45259071 ($253.40 in chips)
PbIbak: posts small blind $1
jl45259071: posts big blind $3
*** HOLE CARDS ***
PbIbak: raises $3 to $6
jl45259071: calls $3
*** FLOP *** [Qd 4c 6h]
jl45259071: checks
PbIbak: bets $3
jl45259071: calls $3
*** TURN *** [Qd 4c 6h] [8d]
jl45259071: checks
PbIbak: bets $6
jl45259071: calls $6
*** RIVER *** [Qd 4c 6h 8d] [Kh]
jl45259071: checks
PbIbak: checks
*** SHOW DOWN ***
jl45259071: shows [5s 2c] (high card King)
PbIbak: shows [6d 5h] (a pair of Sixes)
PbIbak collected $29.50 from pot
*** SUMMARY ***
Total pot $30 | Rake $0.50
Board [Qd 4c 6h 8d Kh]
Seat 1: PbIbak (button) (small blind) showed [6d 5h] and won ($29.50) with a pair of Sixes
Seat 2: jl45259071 (big blind) showed [5s 2c] and lost with high card King


PokerStars Hand #147125489105:  Hold'em Limit ($3/$6 USD) - 2016/01/16 6:06:15 ET
Table 'Pele' 2-max Seat #2 is the button
Seat 1: PbIbak ($78.26 in chips)
Seat 2: jl45259071 ($235.90 in chips)
jl45259071: posts small blind $1
PbIbak: posts big blind $3
*** HOLE CARDS ***
jl45259071: calls $2
PbIbak: checks
*** FLOP *** [5c 8s 7s]
PbIbak: checks
jl45259071: bets $3
PbIbak: calls $3
*** TURN *** [5c 8s 7s] [Jh]
PbIbak: checks
jl45259071: bets $6
PbIbak: calls $6
*** RIVER *** [5c 8s 7s Jh] [6d]
PbIbak: checks
jl45259071: bets $6
PbIbak: calls $6
*** SHOW DOWN ***
jl45259071: shows [6c 9s] (a straight, Five to Nine)
PbIbak: mucks hand
jl45259071 collected $35.50 from pot
*** SUMMARY ***
Total pot $36 | Rake $0.50
Board [5c 8s 7s Jh 6d]
Seat 1: PbIbak (big blind) mucked
Seat 2: jl45259071 (button) (small blind) showed [6c 9s] and won ($35.50) with a straight, Five to Nine


PokerStars Hand #147125534685:  Hold'em Limit ($3/$6 USD) - 2016/01/16 6:07:38 ET
Table 'Pele' 2-max Seat #1 is the button
Seat 1: PbIbak ($92.26 in chips)
Seat 2: jl45259071 ($220.40 in chips)
PbIbak: posts small blind $1
jl45259071: posts big blind $3
*** HOLE CARDS ***
PbIbak: raises $3 to $6
jl45259071: calls $3
*** FLOP *** [Td 6h 4d]
jl45259071: checks
PbIbak: bets $3
jl45259071: calls $3
*** TURN *** [Td 6h 4d] [5h]
jl45259071: checks
PbIbak: bets $6
jl45259071: calls $6
*** RIVER *** [Td 6h 4d 5h] [4s]
jl45259071: checks
PbIbak: bets $6
jl45259071: folds
Uncalled bet ($6) returned to PbIbak
PbIbak collected $29.50 from pot
PbIbak: doesn't show hand
*** SUMMARY ***
Total pot $30 | Rake $0.50
Board [Td 6h 4d 5h 4s]
Seat 1: PbIbak (button) (small blind) collected ($29.50)
Seat 2: jl45259071 (big blind) folded on the River


PokerStars Hand #147125523467:  Hold'em Limit ($3/$6 USD) - 2016/01/16 6:07:17 ET
Table 'Pele' 2-max Seat #2 is the button
Seat 1: PbIbak ($74.76 in chips)
Seat 2: jl45259071 ($238.40 in chips)
jl45259071: posts small blind $1
PbIbak: posts big blind $3
*** HOLE CARDS ***
jl45259071: raises $3 to $6
PbIbak: raises $3 to $9
jl45259071: calls $3
*** FLOP *** [2h Th 3c]
PbIbak: bets $3
jl45259071: calls $3
*** TURN *** [2h Th 3c] [9c]
PbIbak: bets $6
jl45259071: calls $6
*** RIVER *** [2h Th 3c 9c] [7d]
PbIbak: bets $6
jl45259071: folds
Uncalled bet ($6) returned to PbIbak
PbIbak collected $35.50 from pot
PbIbak: doesn't show hand
*** SUMMARY ***
Total pot $36 | Rake $0.50
Board [2h Th 3c 9c 7d]
Seat 1: PbIbak (big blind) collected ($35.50)
Seat 2: jl45259071 (button) (small blind) folded on the River


PokerStars Hand #147125581983:  Hold'em Limit ($3/$6 USD) - 2016/01/16 6:09:03 ET
Table 'Pele' 2-max Seat #1 is the button
Seat 1: PbIbak ($94.76 in chips)
Seat 2: jl45259071 ($216.92 in chips)
PbIbak: posts small blind $1
jl45259071: posts big blind $3
*** HOLE CARDS ***
PbIbak: raises $3 to $6
jl45259071: calls $3
*** FLOP *** [2h 7h 8d]
jl45259071: checks
PbIbak: bets $3
jl45259071: calls $3
*** TURN *** [2h 7h 8d] [4d]
jl45259071: checks
PbIbak: bets $6
jl45259071: calls $6
*** RIVER *** [2h 7h 8d 4d] [Qc]
jl45259071: bets $6
PbIbak: calls $6
*** SHOW DOWN ***
jl45259071: shows [5s Qh] (a pair of Queens)
PbIbak: mucks hand
jl45259071 collected $41.50 from pot
*** SUMMARY ***
Total pot $42 | Rake $0.50
Board [2h 7h 8d 4d Qc]
Seat 1: PbIbak (button) (small blind) mucked
Seat 2: jl45259071 (big blind) showed [5s Qh] and won ($41.50) with a pair of Queens


PokerStars Hand #147125552132:  Hold'em Limit ($3/$6 USD) - 2016/01/16 6:08:09 ET
Table 'Pele' 2-max Seat #2 is the button
Seat 1: PbIbak ($106.76 in chips)
Seat 2: jl45259071 ($205.40 in chips)
jl45259071: posts small blind $1
PbIbak: posts big blind $3
*** HOLE CARDS ***
jl45259071: calls $2
PbIbak: checks
*** FLOP *** [7c 3d 2d]
PbIbak: bets $3
jl45259071: calls $3
*** TURN *** [7c 3d 2d] [9c]
PbIbak: bets $6
jl45259071: calls $6
*** RIVER *** [7c 3d 2d 9c] [4d]
PbIbak: checks
jl45259071: checks
*** SHOW DOWN ***
PbIbak: shows [5c 3s] (a pair of Threes)
jl45259071: shows [4h Ad] (a pair of Fours)
jl45259071 collected $23.52 from pot
*** SUMMARY ***
Total pot $24 | Rake $0.48
Board [7c 3d 2d 9c 4d]
Seat 1: PbIbak (big blind) showed [5c 3s] and lost with a pair of Threes
Seat 2: jl45259071 (button) (small blind) showed [4h Ad] and won ($23.52) with a pair of Fours


PokerStars Hand #147125619204:  Hold'em Limit ($3/$6 USD) - 2016/01/16 6:10:11 ET
Table 'Pele' 2-max Seat #2 is the button
Seat 1: PbIbak ($85.26 in chips)
Seat 2: jl45259071 ($225.30 in chips)
jl45259071: posts small blind $1
PbIbak: posts big blind $3
*** HOLE CARDS ***
jl45259071: calls $2
PbIbak: raises $3 to $6
jl45259071: calls $3
*** FLOP *** [3s 3d 4c]
PbIbak: bets $3
jl45259071: calls $3
*** TURN *** [3s 3d 4c] [5s]
PbIbak: bets $6
jl45259071: calls $6
*** RIVER *** [3s 3d 4c 5s] [Jh]
PbIbak: bets $6
jl45259071: calls $6
*** SHOW DOWN ***
PbIbak: shows [Td Ts] (two pair, Tens and Threes)
jl45259071: mucks hand
PbIbak collected $41.50 from pot
*** SUMMARY ***
Total pot $42 | Rake $0.50
Board [3s 3d 4c 5s Jh]
Seat 1: PbIbak (big blind) showed [Td Ts] and won ($41.50) with two pair, Tens and Threes
Seat 2: jl45259071 (button) (small blind) mucked


PokerStars Hand #147125607730:  Hold'em Limit ($3/$6 USD) - 2016/01/16 6:09:50 ET
Table 'Pele' 2-max Seat #1 is the button
Seat 1: PbIbak ($70.76 in chips)
Seat 2: jl45259071 ($240.30 in chips)
PbIbak: posts small blind $1
jl45259071: posts big blind $3
*** HOLE CARDS ***
PbIbak: raises $3 to $6
jl45259071: calls $3
*** FLOP *** [Ah 8h 8d]
jl45259071: checks
PbIbak: bets $3
jl45259071: calls $3
*** TURN *** [Ah 8h 8d] [4h]
jl45259071: checks
PbIbak: checks
*** RIVER *** [Ah 8h 8d 4h] [Ks]
jl45259071: bets $6
PbIbak: calls $6
*** SHOW DOWN ***
jl45259071: shows [9c Jd] (a pair of Eights)
PbIbak: shows [3s Kd] (two pair, Kings and Eights)
PbIbak collected $29.50 from pot
*** SUMMARY ***
Total pot $30 | Rake $0.50
Board [Ah 8h 8d 4h Ks]
Seat 1: PbIbak (button) (small blind) showed [3s Kd] and won ($29.50) with two pair, Kings and Eights
Seat 2: jl45259071 (big blind) showed [9c Jd] and lost with a pair of Eights


PokerStars Hand #147125598917:  Hold'em Limit ($3/$6 USD) - 2016/01/16 6:09:34 ET
Table 'Pele' 2-max Seat #2 is the button
Seat 1: PbIbak ($73.76 in chips)
Seat 2: jl45259071 ($237.42 in chips)
jl45259071: posts small blind $1
PbIbak: posts big blind $3
*** HOLE CARDS ***
jl45259071: calls $2
PbIbak: checks
*** FLOP *** [Kd Qh 2h]
PbIbak: checks
jl45259071: checks
*** TURN *** [Kd Qh 2h] [Kh]
PbIbak: checks
jl45259071: checks
*** RIVER *** [Kd Qh 2h Kh] [Ah]
PbIbak: checks
jl45259071: checks
*** SHOW DOWN ***
PbIbak: shows [8s Ts] (a pair of Kings)
jl45259071: shows [7d Jd] (a pair of Kings - Ace+Queen+Jack kicker)
jl45259071 collected $5.88 from pot
*** SUMMARY ***
Total pot $6 | Rake $0.12
Board [Kd Qh 2h Kh Ah]
Seat 1: PbIbak (big blind) showed [8s Ts] and lost with a pair of Kings
Seat 2: jl45259071 (button) (small blind) showed [7d Jd] and won ($5.88) with a pair of Kings


PokerStars Hand #147125654005:  Hold'em Limit ($3/$6 USD) - 2016/01/16 6:11:14 ET
Table 'Pele' 2-max Seat #1 is the button
Seat 1: PbIbak ($111.28 in chips)
Seat 2: jl45259071 ($198.06 in chips)
PbIbak: posts small blind $1
jl45259071: posts big blind $3
*** HOLE CARDS ***
PbIbak: raises $3 to $6
jl45259071: raises $3 to $9
PbIbak: calls $3
*** FLOP *** [As 7s Ad]
jl45259071: bets $3
PbIbak: folds
Uncalled bet ($3) returned to jl45259071
jl45259071 collected $17.64 from pot
*** SUMMARY ***
Total pot $18 | Rake $0.36
Board [As 7s Ad]
Seat 1: PbIbak (button) (small blind) folded on the Flop
Seat 2: jl45259071 (big blind) collected ($17.64)


PokerStars Hand #147125646561:  Hold'em Limit ($3/$6 USD) - 2016/01/16 6:11:01 ET
Table 'Pele' 2-max Seat #2 is the button
Seat 1: PbIbak ($117.28 in chips)
Seat 2: jl45259071 ($192.30 in chips)
jl45259071: posts small blind $1
PbIbak: posts big blind $3
*** HOLE CARDS ***
jl45259071: calls $2
PbIbak: checks
*** FLOP *** [Th Kh 5s]
PbIbak: checks
jl45259071: bets $3
PbIbak: calls $3
*** TURN *** [Th Kh 5s] [Ad]
PbIbak: checks
jl45259071: bets $6
PbIbak: folds
Uncalled bet ($6) returned to jl45259071
jl45259071 collected $11.76 from pot
*** SUMMARY ***
Total pot $12 | Rake $0.24
Board [Th Kh 5s Ad]
Seat 1: PbIbak (big blind) folded on the Turn
Seat 2: jl45259071 (button) (small blind) collected ($11.76)


PokerStars Hand #147125628549:  Hold'em Limit ($3/$6 USD) - 2016/01/16 6:10:28 ET
Table 'Pele' 2-max Seat #1 is the button
Seat 1: PbIbak ($105.76 in chips)
Seat 2: jl45259071 ($204.30 in chips)
PbIbak: posts small blind $1
jl45259071: posts big blind $3
*** HOLE CARDS ***
PbIbak: raises $3 to $6
jl45259071: calls $3
*** FLOP *** [Ah 4d 3d]
jl45259071: checks
PbIbak: checks
*** TURN *** [Ah 4d 3d] [7h]
jl45259071: bets $6
PbIbak: calls $6
*** RIVER *** [Ah 4d 3d 7h] [2s]
jl45259071: checks
PbIbak: bets $6
jl45259071: folds
Uncalled bet ($6) returned to PbIbak
PbIbak collected $23.52 from pot
PbIbak: doesn't show hand
*** SUMMARY ***
Total pot $24 | Rake $0.48
Board [Ah 4d 3d 7h 2s]
Seat 1: PbIbak (button) (small blind) collected ($23.52)
Seat 2: jl45259071 (big blind) folded on the River


PokerStars Hand #147125719497:  Hold'em Limit ($3/$6 USD) - 2016/01/16 6:13:14 ET
Table 'Pele' 2-max Seat #2 is the button
Seat 1: PbIbak ($102.28 in chips)
Seat 2: jl45259071 ($206.70 in chips)
jl45259071: posts small blind $1
PbIbak: posts big blind $3
*** HOLE CARDS ***
jl45259071: raises $3 to $6
PbIbak: folds
Uncalled bet ($3) returned to jl45259071
jl45259071 collected $6 from pot
jl45259071: doesn't show hand
*** SUMMARY ***
Total pot $6 | Rake $0
Seat 1: PbIbak (big blind) folded before Flop
Seat 2: jl45259071 (button) (small blind) collected ($6)


PokerStars Hand #147125723441:  Hold'em Limit ($3/$6 USD) - 2016/01/16 6:13:21 ET
Table 'Pele' 2-max Seat #1 is the button
Seat 1: PbIbak ($99.28 in chips)
Seat 2: jl45259071 ($209.70 in chips)
PbIbak: posts small blind $1
jl45259071: posts big blind $3
*** HOLE CARDS ***
PbIbak: raises $3 to $6
jl45259071: calls $3
*** FLOP *** [2d 8s 2h]
jl45259071: checks
PbIbak: bets $3
jl45259071: raises $3 to $6
PbIbak: folds
Uncalled bet ($3) returned to jl45259071
jl45259071 collected $17.64 from pot
jl45259071: doesn't show hand
*** SUMMARY ***
Total pot $18 | Rake $0.36
Board [2d 8s 2h]
Seat 1: PbIbak (button) (small blind) folded on the Flop
Seat 2: jl45259071 (big blind) collected ($17.64)


PokerStars Hand #147125732723:  Hold'em Limit ($3/$6 USD) - 2016/01/16 6:13:38 ET
Table 'Pele' 2-max Seat #2 is the button
Seat 1: PbIbak ($90.28 in chips)
Seat 2: jl45259071 ($218.34 in chips)
jl45259071: posts small blind $1
PbIbak: posts big blind $3
*** HOLE CARDS ***
jl45259071: calls $2
PbIbak: checks
*** FLOP *** [Ks 5h 3d]
PbIbak: checks
jl45259071 is disconnected
jl45259071 has timed out while disconnected
jl45259071: checks
*** TURN *** [Ks 5h 3d] [2s]
PbIbak: bets $6
jl45259071 is connected
jl45259071: calls $6
*** RIVER *** [Ks 5h 3d 2s] [3h]
PbIbak: bets $6
jl45259071: folds
Uncalled bet ($6) returned to PbIbak
PbIbak collected $17.64 from pot
PbIbak: doesn't show hand
*** SUMMARY ***
Total pot $18 | Rake $0.36
Board [Ks 5h 3d 2s 3h]
Seat 1: PbIbak (big blind) collected ($17.64)
Seat 2: jl45259071 (button) (small blind) folded on the River


PokerStars Hand #147125782291:  Hold'em Limit ($3/$6 USD) - 2016/01/16 6:15:07 ET
Table 'Pele' 2-max Seat #1 is the button
Seat 1: PbIbak ($98.92 in chips)
Seat 2: jl45259071 ($209.34 in chips)
PbIbak: posts small blind $1
jl45259071: posts big blind $3
*** HOLE CARDS ***
PbIbak: raises $3 to $6
jl45259071: raises $3 to $9
PbIbak: calls $3
*** FLOP *** [Kh 9s 7c]
jl45259071: bets $3
PbIbak: folds
Uncalled bet ($3) returned to jl45259071
jl45259071 collected $17.64 from pot
jl45259071: doesn't show hand
*** SUMMARY ***
Total pot $18 | Rake $0.36
Board [Kh 9s 7c]
Seat 1: PbIbak (button) (small blind) folded on the Flop
Seat 2: jl45259071 (big blind) collected ($17.64)


PokerStars Hand #147125790551:  Hold'em Limit ($3/$6 USD) - 2016/01/16 6:15:22 ET
Table 'Pele' 2-max Seat #2 is the button
Seat 1: PbIbak ($89.92 in chips)
Seat 2: jl45259071 ($217.98 in chips)
jl45259071: posts small blind $1
PbIbak: posts big blind $3
*** HOLE CARDS ***
jl45259071: raises $3 to $6
PbIbak: calls $3
*** FLOP *** [6s 9c Kc]
PbIbak: checks
jl45259071: bets $3
PbIbak: folds
Uncalled bet ($3) returned to jl45259071
jl45259071 collected $11.76 from pot
jl45259071: doesn't show hand
*** SUMMARY ***
Total pot $12 | Rake $0.24
Board [6s 9c Kc]
Seat 1: PbIbak (big blind) folded on the Flop
Seat 2: jl45259071 (button) (small blind) collected ($11.76)


PokerStars Hand #147125796764:  Hold'em Limit ($3/$6 USD) - 2016/01/16 6:15:33 ET
Table 'Pele' 2-max Seat #1 is the button
Seat 1: PbIbak ($83.92 in chips)
Seat 2: jl45259071 ($223.74 in chips)
PbIbak: posts small blind $1
jl45259071: posts big blind $3
*** HOLE CARDS ***
PbIbak: raises $3 to $6
jl45259071: calls $3
*** FLOP *** [3h Ts 2c]
jl45259071: checks
PbIbak: bets $3
jl45259071: raises $3 to $6
PbIbak: calls $3
*** TURN *** [3h Ts 2c] [9d]
jl45259071: bets $6
PbIbak: raises $6 to $12
jl45259071: calls $6
*** RIVER *** [3h Ts 2c 9d] [Kc]
jl45259071: checks
PbIbak: bets $6
jl45259071: calls $6
*** SHOW DOWN ***
PbIbak: shows [9h 2h] (two pair, Nines and Deuces)
jl45259071: mucks hand
PbIbak collected $59.50 from pot
*** SUMMARY ***
Total pot $60 | Rake $0.50
Board [3h Ts 2c 9d Kc]
Seat 1: PbIbak (button) (small blind) showed [9h 2h] and won ($59.50) with two pair, Nines and Deuces
Seat 2: jl45259071 (big blind) mucked


PokerStars Hand #147125816774:  Hold'em Limit ($3/$6 USD) - 2016/01/16 6:16:09 ET
Table 'Pele' 2-max Seat #1 is the button
Seat 1: PbIbak ($107.42 in chips)
Seat 2: jl45259071 ($199.50 in chips)
PbIbak: posts small blind $1
jl45259071: posts big blind $3
*** HOLE CARDS ***
PbIbak: folds
Uncalled bet ($2) returned to jl45259071
jl45259071 collected $2 from pot
jl45259071: doesn't show hand
*** SUMMARY ***
Total pot $2 | Rake $0
Seat 1: PbIbak (button) (small blind) folded before Flop
Seat 2: jl45259071 (big blind) collected ($2)


PokerStars Hand #147125808589:  Hold'em Limit ($3/$6 USD) - 2016/01/16 6:15:54 ET
Table 'Pele' 2-max Seat #2 is the button
Seat 1: PbIbak ($113.42 in chips)
Seat 2: jl45259071 ($193.74 in chips)
jl45259071: posts small blind $1
PbIbak: posts big blind $3
*** HOLE CARDS ***
jl45259071: calls $2
PbIbak: checks
*** FLOP *** [4d 7c 3h]
PbIbak: checks
jl45259071: bets $3
PbIbak: calls $3
*** TURN *** [4d 7c 3h] [Ad]
PbIbak: checks
jl45259071: bets $6
PbIbak: folds
Uncalled bet ($6) returned to jl45259071
jl45259071 collected $11.76 from pot
jl45259071: doesn't show hand
*** SUMMARY ***
Total pot $12 | Rake $0.24
Board [4d 7c 3h Ad]
Seat 1: PbIbak (big blind) folded on the Turn
Seat 2: jl45259071 (button) (small blind) collected ($11.76)


PokerStars Hand #147125819659:  Hold'em Limit ($3/$6 USD) - 2016/01/16 6:16:13 ET
Table 'Pele' 2-max Seat #2 is the button
Seat 1: PbIbak ($106.42 in chips)
Seat 2: jl45259071 ($200.50 in chips)
jl45259071: posts small blind $1
PbIbak: posts big blind $3
*** HOLE CARDS ***
jl45259071: calls $2
PbIbak: checks
*** FLOP *** [6d 5d 8c]
PbIbak: checks
jl45259071: bets $3
PbIbak: folds
Uncalled bet ($3) returned to jl45259071
jl45259071 collected $5.88 from pot
jl45259071: doesn't show hand
*** SUMMARY ***
Total pot $6 | Rake $0.12
Board [6d 5d 8c]
Seat 1: PbIbak (big blind) folded on the Flop
Seat 2: jl45259071 (button) (small blind) collected ($5.88)


PokerStars Hand #147125827091:  Hold'em Limit ($3/$6 USD) - 2016/01/16 6:16:27 ET
Table 'Pele' 2-max Seat #1 is the button
Seat 1: PbIbak ($103.42 in chips)
Seat 2: jl45259071 ($203.38 in chips)
PbIbak: posts small blind $1
jl45259071: posts big blind $3
*** HOLE CARDS ***
PbIbak: raises $3 to $6
jl45259071: calls $3
*** FLOP *** [7h 6s 8c]
jl45259071: checks
PbIbak: bets $3
jl45259071: calls $3
*** TURN *** [7h 6s 8c] [5s]
jl45259071: checks
PbIbak: bets $6
jl45259071: calls $6
*** RIVER *** [7h 6s 8c 5s] [Kd]
jl45259071: checks
PbIbak: bets $6
jl45259071: calls $6
*** SHOW DOWN ***
PbIbak: shows [9h 4h] (a straight, Five to Nine)
jl45259071: mucks hand
PbIbak collected $41.50 from pot
*** SUMMARY ***
Total pot $42 | Rake $0.50
Board [7h 6s 8c 5s Kd]
Seat 1: PbIbak (button) (small blind) showed [9h 4h] and won ($41.50) with a straight, Five to Nine
Seat 2: jl45259071 (big blind) mucked


PokerStars Hand #147125837839:  Hold'em Limit ($3/$6 USD) - 2016/01/16 6:16:46 ET
Table 'Pele' 2-max Seat #2 is the button
Seat 1: PbIbak ($123.92 in chips)
Seat 2: jl45259071 ($182.38 in chips)
jl45259071: posts small blind $1
PbIbak: posts big blind $3
*** HOLE CARDS ***
jl45259071: raises $3 to $6
PbIbak: calls $3
*** FLOP *** [4d 5c 7h]
PbIbak: checks
jl45259071: bets $3
PbIbak: raises $3 to $6
jl45259071: raises $3 to $9
PbIbak: calls $3
*** TURN *** [4d 5c 7h] [Kh]
PbIbak: checks
jl45259071: bets $6
PbIbak: calls $6
*** RIVER *** [4d 5c 7h Kh] [9c]
PbIbak: checks
jl45259071: bets $6
PbIbak: calls $6
*** SHOW DOWN ***
jl45259071: shows [Kc 6d] (a pair of Kings)
PbIbak: mucks hand
jl45259071 collected $53.50 from pot
*** SUMMARY ***
Total pot $54 | Rake $0.50
Board [4d 5c 7h Kh 9c]
Seat 1: PbIbak (big blind) mucked
Seat 2: jl45259071 (button) (small blind) showed [Kc 6d] and won ($53.50) with a pair of Kings


PokerStars Hand #147125849933:  Hold'em Limit ($3/$6 USD) - 2016/01/16 6:17:07 ET
Table 'Pele' 2-max Seat #1 is the button
Seat 1: PbIbak ($96.92 in chips)
Seat 2: jl45259071 ($208.88 in chips)
PbIbak: posts small blind $1
jl45259071: posts big blind $3
*** HOLE CARDS ***
PbIbak: raises $3 to $6
jl45259071: raises $3 to $9
PbIbak: calls $3
*** FLOP *** [3c Jc Ks]
jl45259071: bets $3
PbIbak: folds
Uncalled bet ($3) returned to jl45259071
jl45259071 collected $17.64 from pot
jl45259071: doesn't show hand
*** SUMMARY ***
Total pot $18 | Rake $0.36
Board [3c Jc Ks]
Seat 1: PbIbak (button) (small blind) folded on the Flop
Seat 2: jl45259071 (big blind) collected ($17.64)


PokerStars Hand #147125855515:  Hold'em Limit ($3/$6 USD) - 2016/01/16 6:17:17 ET
Table 'Pele' 2-max Seat #2 is the button
Seat 1: PbIbak ($87.92 in chips)
Seat 2: jl45259071 ($217.52 in chips)
jl45259071: posts small blind $1
PbIbak: posts big blind $3
*** HOLE CARDS ***
jl45259071: raises $3 to $6
PbIbak: raises $3 to $9
jl45259071: calls $3
*** FLOP *** [Kc Ad 3d]
PbIbak: bets $3
jl45259071: calls $3
*** TURN *** [Kc Ad 3d] [Jc]
PbIbak: bets $6
jl45259071: calls $6
*** RIVER *** [Kc Ad 3d Jc] [9c]
PbIbak: bets $6
jl45259071: calls $6
*** SHOW DOWN ***
PbIbak: shows [Ts Qs] (a straight, Ten to Ace)
jl45259071: mucks hand
PbIbak collected $47.50 from pot
*** SUMMARY ***
Total pot $48 | Rake $0.50
Board [Kc Ad 3d Jc 9c]
Seat 1: PbIbak (big blind) showed [Ts Qs] and won ($47.50) with a straight, Ten to Ace
Seat 2: jl45259071 (button) (small blind) mucked


PokerStars Hand #147125865250:  Hold'em Limit ($3/$6 USD) - 2016/01/16 6:17:34 ET
Table 'Pele' 2-max Seat #1 is the button
Seat 1: PbIbak ($111.42 in chips)
Seat 2: jl45259071 ($193.52 in chips)
PbIbak: posts small blind $1
jl45259071: posts big blind $3
*** HOLE CARDS ***
PbIbak: raises $3 to $6
jl45259071: raises $3 to $9
PbIbak: calls $3
*** FLOP *** [3d 4h 2d]
jl45259071: bets $3
PbIbak: calls $3
*** TURN *** [3d 4h 2d] [3s]
jl45259071: bets $6
PbIbak: raises $6 to $12
jl45259071: calls $6
*** RIVER *** [3d 4h 2d 3s] [2s]
jl45259071: checks
PbIbak: bets $6
jl45259071: calls $6
*** SHOW DOWN ***
PbIbak: shows [5d 4d] (two pair, Fours and Threes)
jl45259071: mucks hand
PbIbak collected $59.50 from pot
*** SUMMARY ***
Total pot $60 | Rake $0.50
Board [3d 4h 2d 3s 2s]
Seat 1: PbIbak (button) (small blind) showed [5d 4d] and won ($59.50) with two pair, Fours and Threes
Seat 2: jl45259071 (big blind) mucked


PokerStars Hand #147125876167:  Hold'em Limit ($3/$6 USD) - 2016/01/16 6:17:54 ET
Table 'Pele' 2-max Seat #2 is the button
Seat 1: PbIbak ($140.92 in chips)
Seat 2: jl45259071 ($163.52 in chips)
jl45259071: posts small blind $1
PbIbak: posts big blind $3
*** HOLE CARDS ***
jl45259071: calls $2
PbIbak: checks
*** FLOP *** [Ts Td Js]
PbIbak: checks
jl45259071: bets $3
PbIbak: folds
Uncalled bet ($3) returned to jl45259071
jl45259071 collected $5.88 from pot
jl45259071: doesn't show hand
*** SUMMARY ***
Total pot $6 | Rake $0.12
Board [Ts Td Js]
Seat 1: PbIbak (big blind) folded on the Flop
Seat 2: jl45259071 (button) (small blind) collected ($5.88)


PokerStars Hand #147125883127:  Hold'em Limit ($3/$6 USD) - 2016/01/16 6:18:06 ET
Table 'Pele' 2-max Seat #1 is the button
Seat 1: PbIbak ($137.92 in chips)
Seat 2: jl45259071 ($166.40 in chips)
PbIbak: posts small blind $1
jl45259071: posts big blind $3
*** HOLE CARDS ***
PbIbak: raises $3 to $6
jl45259071: raises $3 to $9
PbIbak: calls $3
*** FLOP *** [4s 3c As]
jl45259071: bets $3
PbIbak: calls $3
*** TURN *** [4s 3c As] [2h]
jl45259071: bets $6
PbIbak: calls $6
*** RIVER *** [4s 3c As 2h] [Qh]
jl45259071: checks
PbIbak: checks
*** SHOW DOWN ***
jl45259071: shows [9c 8c] (high card Ace)
PbIbak: shows [Kc 3h] (a pair of Threes)
PbIbak collected $35.50 from pot
*** SUMMARY ***
Total pot $36 | Rake $0.50
Board [4s 3c As 2h Qh]
Seat 1: PbIbak (button) (small blind) showed [Kc 3h] and won ($35.50) with a pair of Threes
Seat 2: jl45259071 (big blind) showed [9c 8c] and lost with high card Ace


PokerStars Hand #147125892193:  Hold'em Limit ($3/$6 USD) - 2016/01/16 6:18:22 ET
Table 'Pele' 2-max Seat #2 is the button
Seat 1: PbIbak ($155.42 in chips)
Seat 2: jl45259071 ($148.40 in chips)
jl45259071: posts small blind $1
PbIbak: posts big blind $3
*** HOLE CARDS ***
jl45259071: raises $3 to $6
PbIbak: calls $3
*** FLOP *** [As 3c 3h]
PbIbak: checks
jl45259071: bets $3
PbIbak: calls $3
*** TURN *** [As 3c 3h] [Qs]
PbIbak: checks
jl45259071: bets $6
PbIbak: calls $6
*** RIVER *** [As 3c 3h Qs] [8d]
PbIbak: checks
jl45259071: bets $6
PbIbak: calls $6
*** SHOW DOWN ***
jl45259071: shows [3d Qd] (a full house, Threes full of Queens)
PbIbak: mucks hand
jl45259071 collected $41.50 from pot
*** SUMMARY ***
Total pot $42 | Rake $0.50
Board [As 3c 3h Qs 8d]
Seat 1: PbIbak (big blind) mucked
Seat 2: jl45259071 (button) (small blind) showed [3d Qd] and won ($41.50) with a full house, Threes full of Queens


PokerStars Hand #147125902674:  Hold'em Limit ($3/$6 USD) - 2016/01/16 6:18:41 ET
Table 'Pele' 2-max Seat #1 is the button
Seat 1: PbIbak ($134.42 in chips)
Seat 2: jl45259071 ($168.90 in chips)
PbIbak: posts small blind $1
jl45259071: posts big blind $3
*** HOLE CARDS ***
PbIbak: raises $3 to $6
jl45259071: calls $3
*** FLOP *** [5s Qh Ad]
jl45259071: checks
PbIbak: bets $3
jl45259071: folds
Uncalled bet ($3) returned to PbIbak
PbIbak collected $11.76 from pot
PbIbak: doesn't show hand
*** SUMMARY ***
Total pot $12 | Rake $0.24
Board [5s Qh Ad]
Seat 1: PbIbak (button) (small blind) collected ($11.76)
Seat 2: jl45259071 (big blind) folded on the Flop


PokerStars Hand #147125908608:  Hold'em Limit ($3/$6 USD) - 2016/01/16 6:18:52 ET
Table 'Pele' 2-max Seat #2 is the button
Seat 1: PbIbak ($140.18 in chips)
Seat 2: jl45259071 ($162.90 in chips)
jl45259071: posts small blind $1
PbIbak: posts big blind $3
*** HOLE CARDS ***
jl45259071: raises $3 to $6
PbIbak: folds
Uncalled bet ($3) returned to jl45259071
jl45259071 collected $6 from pot
jl45259071: doesn't show hand
*** SUMMARY ***
Total pot $6 | Rake $0
Seat 1: PbIbak (big blind) folded before Flop
Seat 2: jl45259071 (button) (small blind) collected ($6)


PokerStars Hand #147125912139:  Hold'em Limit ($3/$6 USD) - 2016/01/16 6:18:58 ET
Table 'Pele' 2-max Seat #1 is the button
Seat 1: PbIbak ($137.18 in chips)
Seat 2: jl45259071 ($165.90 in chips)
PbIbak: posts small blind $1
jl45259071: posts big blind $3
*** HOLE CARDS ***
PbIbak: raises $3 to $6
jl45259071: raises $3 to $9
PbIbak: calls $3
*** FLOP *** [Qc 6s 7c]
jl45259071: bets $3
PbIbak: calls $3
*** TURN *** [Qc 6s 7c] [5h]
jl45259071: checks
PbIbak: bets $6
jl45259071: calls $6
*** RIVER *** [Qc 6s 7c 5h] [5s]
jl45259071: checks
PbIbak: bets $6
jl45259071: folds
Uncalled bet ($6) returned to PbIbak
PbIbak collected $35.50 from pot
PbIbak: doesn't show hand
*** SUMMARY ***
Total pot $36 | Rake $0.50
Board [Qc 6s 7c 5h 5s]
Seat 1: PbIbak (button) (small blind) collected ($35.50)
Seat 2: jl45259071 (big blind) folded on the River


PokerStars Hand #147125929515:  Hold'em Limit ($3/$6 USD) - 2016/01/16 6:19:29 ET
Table 'Pele' 2-max Seat #2 is the button
Seat 1: PbIbak ($154.68 in chips)
Seat 2: jl45259071 ($147.90 in chips)
jl45259071: posts small blind $1
PbIbak: posts big blind $3
*** HOLE CARDS ***
jl45259071: raises $3 to $6
PbIbak: calls $3
*** FLOP *** [7c Qs 9d]
PbIbak: checks
jl45259071: bets $3
PbIbak: calls $3
*** TURN *** [7c Qs 9d] [2h]
PbIbak: checks
jl45259071: bets $6
PbIbak: folds
Uncalled bet ($6) returned to jl45259071
jl45259071 collected $17.64 from pot
jl45259071: doesn't show hand
*** SUMMARY ***
Total pot $18 | Rake $0.36
Board [7c Qs 9d 2h]
Seat 1: PbIbak (big blind) folded on the Turn
Seat 2: jl45259071 (button) (small blind) collected ($17.64)


PokerStars Hand #147125938796:  Hold'em Limit ($3/$6 USD) - 2016/01/16 6:19:46 ET
Table 'Pele' 2-max Seat #1 is the button
Seat 1: PbIbak ($145.68 in chips)
Seat 2: jl45259071 ($156.54 in chips)
PbIbak: posts small blind $1
jl45259071: posts big blind $3
*** HOLE CARDS ***
PbIbak: raises $3 to $6
jl45259071: calls $3
*** FLOP *** [3h 6h 3c]
jl45259071: checks
PbIbak: bets $3
jl45259071: raises $3 to $6
PbIbak: calls $3
*** TURN *** [3h 6h 3c] [7d]
jl45259071: bets $6
PbIbak: calls $6
*** RIVER *** [3h 6h 3c 7d] [Jh]
jl45259071: bets $6
PbIbak: calls $6
*** SHOW DOWN ***
jl45259071: shows [6d 7s] (two pair, Sevens and Sixes)
PbIbak: shows [Jd 6s] (two pair, Jacks and Sixes)
PbIbak collected $47.50 from pot
*** SUMMARY ***
Total pot $48 | Rake $0.50
Board [3h 6h 3c 7d Jh]
Seat 1: PbIbak (button) (small blind) showed [Jd 6s] and won ($47.50) with two pair, Jacks and Sixes
Seat 2: jl45259071 (big blind) showed [6d 7s] and lost with two pair, Sevens and Sixes


PokerStars Hand #147125947311:  Hold'em Limit ($3/$6 USD) - 2016/01/16 6:20:01 ET
Table 'Pele' 2-max Seat #2 is the button
Seat 1: PbIbak ($169.18 in chips)
Seat 2: jl45259071 ($132.54 in chips)
jl45259071: posts small blind $1
PbIbak: posts big blind $3
*** HOLE CARDS ***
jl45259071: raises $3 to $6
PbIbak: folds
Uncalled bet ($3) returned to jl45259071
jl45259071 collected $6 from pot
jl45259071: doesn't show hand
*** SUMMARY ***
Total pot $6 | Rake $0
Seat 1: PbIbak (big blind) folded before Flop
Seat 2: jl45259071 (button) (small blind) collected ($6)


PokerStars Hand #147125951328:  Hold'em Limit ($3/$6 USD) - 2016/01/16 6:20:09 ET
Table 'Pele' 2-max Seat #1 is the button
Seat 1: PbIbak ($166.18 in chips)
Seat 2: jl45259071 ($135.54 in chips)
PbIbak: posts small blind $1
jl45259071: posts big blind $3
*** HOLE CARDS ***
PbIbak: raises $3 to $6
jl45259071: calls $3
*** FLOP *** [Qc 5s Ac]
jl45259071: bets $3
PbIbak: folds
Uncalled bet ($3) returned to jl45259071
jl45259071 collected $11.76 from pot
jl45259071: doesn't show hand
*** SUMMARY ***
Total pot $12 | Rake $0.24
Board [Qc 5s Ac]
Seat 1: PbIbak (button) (small blind) folded on the Flop
Seat 2: jl45259071 (big blind) collected ($11.76)


PokerStars Hand #147125961618:  Hold'em Limit ($3/$6 USD) - 2016/01/16 6:20:27 ET
Table 'Pele' 2-max Seat #2 is the button
Seat 1: PbIbak ($160.18 in chips)
Seat 2: jl45259071 ($141.30 in chips)
jl45259071: posts small blind $1
PbIbak: posts big blind $3
*** HOLE CARDS ***
jl45259071: calls $2
PbIbak: raises $3 to $6
jl45259071: calls $3
*** FLOP *** [6c 6s Tc]
PbIbak: bets $3
jl45259071: calls $3
*** TURN *** [6c 6s Tc] [Ac]
PbIbak: checks
jl45259071: bets $6
PbIbak: calls $6
*** RIVER *** [6c 6s Tc Ac] [Ah]
PbIbak: checks
jl45259071: checks
*** SHOW DOWN ***
PbIbak: shows [Kd Td] (two pair, Aces and Tens)
jl45259071: mucks hand
PbIbak collected $29.50 from pot
*** SUMMARY ***
Total pot $30 | Rake $0.50
Board [6c 6s Tc Ac Ah]
Seat 1: PbIbak (big blind) showed [Kd Td] and won ($29.50) with two pair, Aces and Tens
Seat 2: jl45259071 (button) (small blind) mucked


PokerStars Hand #147125973712:  Hold'em Limit ($3/$6 USD) - 2016/01/16 6:20:48 ET
Table 'Pele' 2-max Seat #1 is the button
Seat 1: PbIbak ($174.68 in chips)
Seat 2: jl45259071 ($126.30 in chips)
PbIbak: posts small blind $1
jl45259071: posts big blind $3
*** HOLE CARDS ***
PbIbak: raises $3 to $6
jl45259071: raises $3 to $9
PbIbak: calls $3
*** FLOP *** [2c Tc Td]
jl45259071: bets $3
PbIbak: calls $3
*** TURN *** [2c Tc Td] [Ks]
jl45259071: bets $6
PbIbak: calls $6
*** RIVER *** [2c Tc Td Ks] [Qc]
jl45259071: bets $6
PbIbak: raises $6 to $12
jl45259071: calls $6
*** SHOW DOWN ***
PbIbak: shows [Ad Jc] (a straight, Ten to Ace)
jl45259071: mucks hand
PbIbak collected $59.50 from pot
*** SUMMARY ***
Total pot $60 | Rake $0.50
Board [2c Tc Td Ks Qc]
Seat 1: PbIbak (button) (small blind) showed [Ad Jc] and won ($59.50) with a straight, Ten to Ace
Seat 2: jl45259071 (big blind) mucked


PokerStars Hand #147125983855:  Hold'em Limit ($3/$6 USD) - 2016/01/16 6:21:06 ET
Table 'Pele' 2-max Seat #2 is the button
Seat 1: PbIbak ($204.18 in chips)
Seat 2: jl45259071 ($96.30 in chips)
jl45259071: posts small blind $1
PbIbak: posts big blind $3
*** HOLE CARDS ***
jl45259071: calls $2
PbIbak: checks
*** FLOP *** [3c 7s 6d]
PbIbak: bets $3
jl45259071: calls $3
*** TURN *** [3c 7s 6d] [5d]
PbIbak: bets $6
jl45259071: calls $6
*** RIVER *** [3c 7s 6d 5d] [9d]
PbIbak: checks
jl45259071: checks
*** SHOW DOWN ***
PbIbak: shows [Ks 7c] (a pair of Sevens)
jl45259071: mucks hand
PbIbak collected $23.52 from pot
*** SUMMARY ***
Total pot $24 | Rake $0.48
Board [3c 7s 6d 5d 9d]
Seat 1: PbIbak (big blind) showed [Ks 7c] and won ($23.52) with a pair of Sevens
Seat 2: jl45259071 (button) (small blind) mucked


PokerStars Hand #147125993400:  Hold'em Limit ($3/$6 USD) - 2016/01/16 6:21:23 ET
Table 'Pele' 2-max Seat #1 is the button
Seat 1: PbIbak ($215.70 in chips)
Seat 2: jl45259071 ($84.30 in chips)
PbIbak: posts small blind $1
jl45259071: posts big blind $3
*** HOLE CARDS ***
PbIbak: raises $3 to $6
jl45259071: calls $3
*** FLOP *** [9h Ts Js]
jl45259071: checks
PbIbak: bets $3
jl45259071: calls $3
*** TURN *** [9h Ts Js] [Ks]
jl45259071: checks
PbIbak: checks
*** RIVER *** [9h Ts Js Ks] [9s]
jl45259071: checks
PbIbak: checks
*** SHOW DOWN ***
jl45259071: shows [Qc Td] (a straight, Nine to King)
PbIbak: mucks hand
jl45259071 collected $17.64 from pot
*** SUMMARY ***
Total pot $18 | Rake $0.36
Board [9h Ts Js Ks 9s]
Seat 1: PbIbak (button) (small blind) mucked
Seat 2: jl45259071 (big blind) showed [Qc Td] and won ($17.64) with a straight, Nine to King


PokerStars Hand #147126002537:  Hold'em Limit ($3/$6 USD) - 2016/01/16 6:21:39 ET
Table 'Pele' 2-max Seat #2 is the button
Seat 1: PbIbak ($206.70 in chips)
Seat 2: jl45259071 ($92.94 in chips)
jl45259071: posts small blind $1
PbIbak: posts big blind $3
*** HOLE CARDS ***
jl45259071: calls $2
PbIbak: checks
*** FLOP *** [4d 4s 3s]
PbIbak: checks
jl45259071: bets $3
PbIbak: calls $3
*** TURN *** [4d 4s 3s] [7d]
PbIbak: checks
jl45259071: checks
*** RIVER *** [4d 4s 3s 7d] [9h]
PbIbak: bets $6
jl45259071: calls $6
*** SHOW DOWN ***
PbIbak: shows [Kh 4h] (three of a kind, Fours)
jl45259071: mucks hand
PbIbak collected $23.52 from pot
*** SUMMARY ***
Total pot $24 | Rake $0.48
Board [4d 4s 3s 7d 9h]
Seat 1: PbIbak (big blind) showed [Kh 4h] and won ($23.52) with three of a kind, Fours
Seat 2: jl45259071 (button) (small blind) mucked


PokerStars Hand #147126011446:  Hold'em Limit ($3/$6 USD) - 2016/01/16 6:21:55 ET
Table 'Pele' 2-max Seat #1 is the button
Seat 1: PbIbak ($218.22 in chips)
Seat 2: jl45259071 ($80.94 in chips)
PbIbak: posts small blind $1
jl45259071: posts big blind $3
*** HOLE CARDS ***
PbIbak: raises $3 to $6
jl45259071: calls $3
*** FLOP *** [5c Tc Kc]
jl45259071: checks
PbIbak: bets $3
jl45259071: calls $3
*** TURN *** [5c Tc Kc] [9c]
jl45259071: checks
PbIbak: checks
*** RIVER *** [5c Tc Kc 9c] [7s]
jl45259071: checks
PbIbak: checks
*** SHOW DOWN ***
jl45259071: shows [2h 2s] (a pair of Deuces)
PbIbak: shows [Ks 8s] (a pair of Kings)
PbIbak collected $17.64 from pot
*** SUMMARY ***
Total pot $18 | Rake $0.36
Board [5c Tc Kc 9c 7s]
Seat 1: PbIbak (button) (small blind) showed [Ks 8s] and won ($17.64) with a pair of Kings
Seat 2: jl45259071 (big blind) showed [2h 2s] and lost with a pair of Deuces


PokerStars Hand #147126020358:  Hold'em Limit ($3/$6 USD) - 2016/01/16 6:22:11 ET
Table 'Pele' 2-max Seat #2 is the button
Seat 1: PbIbak ($226.86 in chips)
Seat 2: jl45259071 ($71.94 in chips)
jl45259071: posts small blind $1
PbIbak: posts big blind $3
*** HOLE CARDS ***
jl45259071: calls $2
PbIbak: checks
*** FLOP *** [4s 8h Kd]
PbIbak: bets $3
jl45259071: folds
Uncalled bet ($3) returned to PbIbak
PbIbak collected $5.88 from pot
PbIbak: doesn't show hand
*** SUMMARY ***
Total pot $6 | Rake $0.12
Board [4s 8h Kd]
Seat 1: PbIbak (big blind) collected ($5.88)
Seat 2: jl45259071 (button) (small blind) folded on the Flop


PokerStars Hand #147126025685:  Hold'em Limit ($3/$6 USD) - 2016/01/16 6:22:20 ET
Table 'Pele' 2-max Seat #1 is the button
Seat 1: PbIbak ($229.74 in chips)
Seat 2: jl45259071 ($68.94 in chips)
PbIbak: posts small blind $1
jl45259071: posts big blind $3
*** HOLE CARDS ***
PbIbak: raises $3 to $6
jl45259071: raises $3 to $9
PbIbak: calls $3
*** FLOP *** [4c Ts 9c]
jl45259071: bets $3
PbIbak: calls $3
*** TURN *** [4c Ts 9c] [5s]
jl45259071: bets $6
PbIbak: calls $6
*** RIVER *** [4c Ts 9c 5s] [3c]
jl45259071: bets $6
PbIbak: folds
Uncalled bet ($6) returned to jl45259071
jl45259071 collected $35.50 from pot
jl45259071: doesn't show hand
*** SUMMARY ***
Total pot $36 | Rake $0.50
Board [4c Ts 9c 5s 3c]
Seat 1: PbIbak (button) (small blind) folded on the River
Seat 2: jl45259071 (big blind) collected ($35.50)


PokerStars Hand #147126035480:  Hold'em Limit ($3/$6 USD) - 2016/01/16 6:22:37 ET
Table 'Pele' 2-max Seat #2 is the button
Seat 1: PbIbak ($211.74 in chips)
Seat 2: jl45259071 ($86.44 in chips)
jl45259071: posts small blind $1
PbIbak: posts big blind $3
*** HOLE CARDS ***
jl45259071: calls $2
PbIbak: checks
*** FLOP *** [Ah Qc 7d]
PbIbak: checks
jl45259071: checks
*** TURN *** [Ah Qc 7d] [As]
PbIbak: checks
jl45259071: bets $6
PbIbak: folds
Uncalled bet ($6) returned to jl45259071
jl45259071 collected $5.88 from pot
jl45259071: doesn't show hand
*** SUMMARY ***
Total pot $6 | Rake $0.12
Board [Ah Qc 7d As]
Seat 1: PbIbak (big blind) folded on the Turn
Seat 2: jl45259071 (button) (small blind) collected ($5.88)


PokerStars Hand #147126043819:  Hold'em Limit ($3/$6 USD) - 2016/01/16 6:22:52 ET
Table 'Pele' 2-max Seat #1 is the button
Seat 1: PbIbak ($208.74 in chips)
Seat 2: jl45259071 ($89.32 in chips)
PbIbak: posts small blind $1
jl45259071: posts big blind $3
*** HOLE CARDS ***
PbIbak: raises $3 to $6
jl45259071: calls $3
*** FLOP *** [6h 8c Tc]
jl45259071: checks
PbIbak: checks
*** TURN *** [6h 8c Tc] [8d]
jl45259071: bets $6
PbIbak: calls $6
*** RIVER *** [6h 8c Tc 8d] [Js]
jl45259071: bets $6
PbIbak: folds
Uncalled bet ($6) returned to jl45259071
jl45259071 collected $23.52 from pot
jl45259071: doesn't show hand
*** SUMMARY ***
Total pot $24 | Rake $0.48
Board [6h 8c Tc 8d Js]
Seat 1: PbIbak (button) (small blind) folded on the River
Seat 2: jl45259071 (big blind) collected ($23.52)


PokerStars Hand #147126061218:  Hold'em Limit ($3/$6 USD) - 2016/01/16 6:23:22 ET
Table 'Pele' 2-max Seat #1 is the button
Seat 1: PbIbak ($193.74 in chips)
Seat 2: jl45259071 ($103.72 in chips)
PbIbak: posts small blind $1
jl45259071: posts big blind $3
*** HOLE CARDS ***
PbIbak: folds
Uncalled bet ($2) returned to jl45259071
jl45259071 collected $2 from pot
jl45259071: doesn't show hand
*** SUMMARY ***
Total pot $2 | Rake $0
Seat 1: PbIbak (button) (small blind) folded before Flop
Seat 2: jl45259071 (big blind) collected ($2)


PokerStars Hand #147126053715:  Hold'em Limit ($3/$6 USD) - 2016/01/16 6:23:09 ET
Table 'Pele' 2-max Seat #2 is the button
Seat 1: PbIbak ($196.74 in chips)
Seat 2: jl45259071 ($100.84 in chips)
jl45259071: posts small blind $1
PbIbak: posts big blind $3
*** HOLE CARDS ***
jl45259071: calls $2
PbIbak: checks
*** FLOP *** [Ts 3d Ah]
PbIbak: checks
jl45259071: checks
*** TURN *** [Ts 3d Ah] [4c]
PbIbak: checks
jl45259071: bets $6
PbIbak: folds
Uncalled bet ($6) returned to jl45259071
jl45259071 collected $5.88 from pot
jl45259071: doesn't show hand
*** SUMMARY ***
Total pot $6 | Rake $0.12
Board [Ts 3d Ah 4c]
Seat 1: PbIbak (big blind) folded on the Turn
Seat 2: jl45259071 (button) (small blind) collected ($5.88)


PokerStars Hand #147126063901:  Hold'em Limit ($3/$6 USD) - 2016/01/16 6:23:27 ET
Table 'Pele' 2-max Seat #2 is the button
Seat 1: PbIbak ($192.74 in chips)
Seat 2: jl45259071 ($104.72 in chips)
jl45259071: posts small blind $1
PbIbak: posts big blind $3
*** HOLE CARDS ***
jl45259071: calls $2
PbIbak: checks
*** FLOP *** [6s 4h Jh]
PbIbak: checks
jl45259071: bets $3
PbIbak: calls $3
*** TURN *** [6s 4h Jh] [9s]
PbIbak: checks
jl45259071: checks
*** RIVER *** [6s 4h Jh 9s] [5d]
PbIbak: bets $6
jl45259071: folds
Uncalled bet ($6) returned to PbIbak
PbIbak collected $11.76 from pot
PbIbak: doesn't show hand
*** SUMMARY ***
Total pot $12 | Rake $0.24
Board [6s 4h Jh 9s 5d]
Seat 1: PbIbak (big blind) collected ($11.76)
Seat 2: jl45259071 (button) (small blind) folded on the River


PokerStars Hand #147126075574:  Hold'em Limit ($3/$6 USD) - 2016/01/16 6:23:48 ET
Table 'Pele' 2-max Seat #1 is the button
Seat 1: PbIbak ($198.50 in chips)
Seat 2: jl45259071 ($98.72 in chips)
PbIbak: posts small blind $1
jl45259071: posts big blind $3
*** HOLE CARDS ***
PbIbak: raises $3 to $6
jl45259071: calls $3
*** FLOP *** [5d 4h Kh]
jl45259071: checks
PbIbak: checks
*** TURN *** [5d 4h Kh] [Ks]
jl45259071: bets $6
PbIbak: folds
Uncalled bet ($6) returned to jl45259071
jl45259071 collected $11.76 from pot
jl45259071: doesn't show hand
*** SUMMARY ***
Total pot $12 | Rake $0.24
Board [5d 4h Kh Ks]
Seat 1: PbIbak (button) (small blind) folded on the Turn
Seat 2: jl45259071 (big blind) collected ($11.76)


PokerStars Hand #147126087128:  Hold'em Limit ($3/$6 USD) - 2016/01/16 6:24:08 ET
Table 'Pele' 2-max Seat #2 is the button
Seat 1: PbIbak ($192.50 in chips)
Seat 2: jl45259071 ($104.48 in chips)
jl45259071: posts small blind $1
PbIbak: posts big blind $3
*** HOLE CARDS ***
jl45259071: calls $2
PbIbak: raises $3 to $6
jl45259071: calls $3
*** FLOP *** [5c Qh 9h]
PbIbak: checks
jl45259071: checks
*** TURN *** [5c Qh 9h] [7s]
PbIbak: checks
jl45259071: checks
*** RIVER *** [5c Qh 9h 7s] [Tc]
PbIbak: checks
jl45259071: checks
*** SHOW DOWN ***
PbIbak: shows [4h 4s] (a pair of Fours)
jl45259071: mucks hand
PbIbak collected $11.76 from pot
*** SUMMARY ***
Total pot $12 | Rake $0.24
Board [5c Qh 9h 7s Tc]
Seat 1: PbIbak (big blind) showed [4h 4s] and won ($11.76) with a pair of Fours
Seat 2: jl45259071 (button) (small blind) mucked


PokerStars Hand #147126100625:  Hold'em Limit ($3/$6 USD) - 2016/01/16 6:24:32 ET
Table 'Pele' 2-max Seat #1 is the button
Seat 1: PbIbak ($198.26 in chips)
Seat 2: jl45259071 ($98.48 in chips)
PbIbak: posts small blind $1
jl45259071: posts big blind $3
*** HOLE CARDS ***
PbIbak: raises $3 to $6
jl45259071: calls $3
*** FLOP *** [2c 8h Ad]
jl45259071: checks
PbIbak: bets $3
jl45259071: calls $3
*** TURN *** [2c 8h Ad] [6c]
jl45259071: checks
PbIbak: checks
*** RIVER *** [2c 8h Ad 6c] [5s]
jl45259071: checks
PbIbak: checks
*** SHOW DOWN ***
jl45259071: shows [Kd 2h] (a pair of Deuces)
PbIbak: shows [3d 3h] (a pair of Threes)
PbIbak collected $17.64 from pot
*** SUMMARY ***
Total pot $18 | Rake $0.36
Board [2c 8h Ad 6c 5s]
Seat 1: PbIbak (button) (small blind) showed [3d 3h] and won ($17.64) with a pair of Threes
Seat 2: jl45259071 (big blind) showed [Kd 2h] and lost with a pair of Deuces


PokerStars Hand #147126110299:  Hold'em Limit ($3/$6 USD) - 2016/01/16 6:24:49 ET
Table 'Pele' 2-max Seat #2 is the button
Seat 1: PbIbak ($206.90 in chips)
Seat 2: jl45259071 ($89.48 in chips)
jl45259071: posts small blind $1
PbIbak: posts big blind $3
*** HOLE CARDS ***
jl45259071: calls $2
PbIbak: checks
*** FLOP *** [4s 4d 9h]
PbIbak: bets $3
jl45259071: calls $3
*** TURN *** [4s 4d 9h] [Ah]
PbIbak: bets $6
jl45259071: raises $6 to $12
PbIbak: calls $6
*** RIVER *** [4s 4d 9h Ah] [5d]
PbIbak: checks
jl45259071: bets $6
PbIbak: calls $6
*** SHOW DOWN ***
jl45259071: shows [4h Kd] (three of a kind, Fours)
PbIbak: mucks hand
jl45259071 collected $47.50 from pot
*** SUMMARY ***
Total pot $48 | Rake $0.50
Board [4s 4d 9h Ah 5d]
Seat 1: PbIbak (big blind) mucked
Seat 2: jl45259071 (button) (small blind) showed [4h Kd] and won ($47.50) with three of a kind, Fours


PokerStars Hand #147126124501:  Hold'em Limit ($3/$6 USD) - 2016/01/16 6:25:14 ET
Table 'Pele' 2-max Seat #1 is the button
Seat 1: PbIbak ($182.90 in chips)
Seat 2: jl45259071 ($112.98 in chips)
PbIbak: posts small blind $1
jl45259071: posts big blind $3
*** HOLE CARDS ***
PbIbak: raises $3 to $6
jl45259071: calls $3
*** FLOP *** [3s 4c Kd]
jl45259071: checks
PbIbak: bets $3
jl45259071: calls $3
*** TURN *** [3s 4c Kd] [Ac]
jl45259071: checks
PbIbak: bets $6
jl45259071: folds
Uncalled bet ($6) returned to PbIbak
PbIbak collected $17.64 from pot
PbIbak: doesn't show hand
*** SUMMARY ***
Total pot $18 | Rake $0.36
Board [3s 4c Kd Ac]
Seat 1: PbIbak (button) (small blind) collected ($17.64)
Seat 2: jl45259071 (big blind) folded on the Turn


PokerStars Hand #147126134717:  Hold'em Limit ($3/$6 USD) - 2016/01/16 6:25:32 ET
Table 'Pele' 2-max Seat #2 is the button
Seat 1: PbIbak ($191.54 in chips)
Seat 2: jl45259071 ($103.98 in chips)
jl45259071: posts small blind $1
PbIbak: posts big blind $3
*** HOLE CARDS ***
jl45259071: calls $2
PbIbak: checks
*** FLOP *** [3s 5d 7d]
PbIbak: checks
jl45259071: bets $3
PbIbak: calls $3
*** TURN *** [3s 5d 7d] [Ks]
PbIbak: checks
jl45259071: checks
*** RIVER *** [3s 5d 7d Ks] [Ts]
PbIbak: checks
jl45259071: checks
*** SHOW DOWN ***
PbIbak: shows [8h 4s] (high card King)
jl45259071: shows [3h 6h] (a pair of Threes)
jl45259071 collected $11.76 from pot
*** SUMMARY ***
Total pot $12 | Rake $0.24
Board [3s 5d 7d Ks Ts]
Seat 1: PbIbak (big blind) showed [8h 4s] and lost with high card King
Seat 2: jl45259071 (button) (small blind) showed [3h 6h] and won ($11.76) with a pair of Threes


PokerStars Hand #147126147910:  Hold'em Limit ($3/$6 USD) - 2016/01/16 6:25:55 ET
Table 'Pele' 2-max Seat #1 is the button
Seat 1: PbIbak ($185.54 in chips)
Seat 2: jl45259071 ($109.74 in chips)
PbIbak: posts small blind $1
jl45259071: posts big blind $3
*** HOLE CARDS ***
PbIbak: raises $3 to $6
jl45259071: calls $3
*** FLOP *** [Ac Kc Jh]
jl45259071: checks
PbIbak: bets $3
jl45259071: calls $3
*** TURN *** [Ac Kc Jh] [Kd]
jl45259071: checks
PbIbak: checks
*** RIVER *** [Ac Kc Jh Kd] [8d]
jl45259071: checks
PbIbak: bets $6
jl45259071: folds
Uncalled bet ($6) returned to PbIbak
PbIbak collected $17.64 from pot
PbIbak: doesn't show hand
*** SUMMARY ***
Total pot $18 | Rake $0.36
Board [Ac Kc Jh Kd 8d]
Seat 1: PbIbak (button) (small blind) collected ($17.64)
Seat 2: jl45259071 (big blind) folded on the River


PokerStars Hand #147126174071:  Hold'em Limit ($3/$6 USD) - 2016/01/16 6:26:42 ET
Table 'Pele' 2-max Seat #1 is the button
Seat 1: PbIbak ($208.68 in chips)
Seat 2: jl45259071 ($85.74 in chips)
PbIbak: posts small blind $1
jl45259071: posts big blind $3
*** HOLE CARDS ***
PbIbak: folds
Uncalled bet ($2) returned to jl45259071
jl45259071 collected $2 from pot
jl45259071: doesn't show hand
*** SUMMARY ***
Total pot $2 | Rake $0
Seat 1: PbIbak (button) (small blind) folded before Flop
Seat 2: jl45259071 (big blind) collected ($2)


PokerStars Hand #147126162500:  Hold'em Limit ($3/$6 USD) - 2016/01/16 6:26:21 ET
Table 'Pele' 2-max Seat #2 is the button
Seat 1: PbIbak ($194.18 in chips)
Seat 2: jl45259071 ($100.74 in chips)
jl45259071: posts small blind $1
PbIbak: posts big blind $3
*** HOLE CARDS ***
jl45259071: calls $2
PbIbak: checks
*** FLOP *** [2h Kd 6d]
PbIbak: checks
jl45259071: bets $3
PbIbak: raises $3 to $6
jl45259071: calls $3
*** TURN *** [2h Kd 6d] [Jd]
PbIbak: bets $6
jl45259071: calls $6
*** RIVER *** [2h Kd 6d Jd] [4c]
PbIbak: bets $6
jl45259071: folds
Uncalled bet ($6) returned to PbIbak
PbIbak collected $29.50 from pot
PbIbak: doesn't show hand
*** SUMMARY ***
Total pot $30 | Rake $0.50
Board [2h Kd 6d Jd 4c]
Seat 1: PbIbak (big blind) collected ($29.50)
Seat 2: jl45259071 (button) (small blind) folded on the River


PokerStars Hand #147126176779:  Hold'em Limit ($3/$6 USD) - 2016/01/16 6:26:46 ET
Table 'Pele' 2-max Seat #2 is the button
Seat 1: PbIbak ($207.68 in chips)
Seat 2: jl45259071 ($86.74 in chips)
jl45259071: posts small blind $1
PbIbak: posts big blind $3
*** HOLE CARDS ***
jl45259071: calls $2
PbIbak: raises $3 to $6
jl45259071: calls $3
*** FLOP *** [4s Jh Ks]
PbIbak: bets $3
jl45259071: calls $3
*** TURN *** [4s Jh Ks] [8c]
PbIbak: checks
jl45259071: checks
*** RIVER *** [4s Jh Ks 8c] [5c]
PbIbak: bets $6
jl45259071: folds
Uncalled bet ($6) returned to PbIbak
PbIbak collected $17.64 from pot
PbIbak: doesn't show hand
*** SUMMARY ***
Total pot $18 | Rake $0.36
Board [4s Jh Ks 8c 5c]
Seat 1: PbIbak (big blind) collected ($17.64)
Seat 2: jl45259071 (button) (small blind) folded on the River


PokerStars Hand #147126189948:  Hold'em Limit ($3/$6 USD) - 2016/01/16 6:27:10 ET
Table 'Pele' 2-max Seat #1 is the button
Seat 1: PbIbak ($216.32 in chips)
Seat 2: jl45259071 ($77.74 in chips)
PbIbak: posts small blind $1
jl45259071: posts big blind $3
*** HOLE CARDS ***
PbIbak: raises $3 to $6
jl45259071: raises $3 to $9
PbIbak: calls $3
*** FLOP *** [Jh Td 8s]
jl45259071: bets $3
PbIbak: raises $3 to $6
jl45259071: calls $3
*** TURN *** [Jh Td 8s] [6s]
jl45259071: checks
PbIbak: bets $6
jl45259071: calls $6
*** RIVER *** [Jh Td 8s 6s] [Qd]
jl45259071: checks
PbIbak: bets $6
jl45259071: calls $6
*** SHOW DOWN ***
PbIbak: shows [9s Ks] (a straight, Nine to King)
jl45259071: mucks hand
PbIbak collected $53.50 from pot
*** SUMMARY ***
Total pot $54 | Rake $0.50
Board [Jh Td 8s 6s Qd]
Seat 1: PbIbak (button) (small blind) showed [9s Ks] and won ($53.50) with a straight, Nine to King
Seat 2: jl45259071 (big blind) mucked


PokerStars Hand #147126209513:  Hold'em Limit ($3/$6 USD) - 2016/01/16 6:27:44 ET
Table 'Pele' 2-max Seat #1 is the button
Seat 1: PbIbak ($239.82 in chips)
Seat 2: jl45259071 ($53.62 in chips)
PbIbak: posts small blind $1
jl45259071: posts big blind $3
*** HOLE CARDS ***
PbIbak: folds
Uncalled bet ($2) returned to jl45259071
jl45259071 collected $2 from pot
jl45259071: doesn't show hand
*** SUMMARY ***
Total pot $2 | Rake $0
Seat 1: PbIbak (button) (small blind) folded before Flop
Seat 2: jl45259071 (big blind) collected ($2)


PokerStars Hand #147126202266:  Hold'em Limit ($3/$6 USD) - 2016/01/16 6:27:31 ET
Table 'Pele' 2-max Seat #2 is the button
Seat 1: PbIbak ($242.82 in chips)
Seat 2: jl45259071 ($50.74 in chips)
jl45259071: posts small blind $1
PbIbak: posts big blind $3
*** HOLE CARDS ***
jl45259071: calls $2
PbIbak: checks
*** FLOP *** [7c 4d 6c]
PbIbak: checks
jl45259071: bets $3
PbIbak: folds
Uncalled bet ($3) returned to jl45259071
jl45259071 collected $5.88 from pot
jl45259071: doesn't show hand
*** SUMMARY ***
Total pot $6 | Rake $0.12
Board [7c 4d 6c]
Seat 1: PbIbak (big blind) folded on the Flop
Seat 2: jl45259071 (button) (small blind) collected ($5.88)


PokerStars Hand #147126212295:  Hold'em Limit ($3/$6 USD) - 2016/01/16 6:27:49 ET
Table 'Pele' 2-max Seat #2 is the button
Seat 1: PbIbak ($238.82 in chips)
Seat 2: jl45259071 ($54.62 in chips)
jl45259071: posts small blind $1
PbIbak: posts big blind $3
*** HOLE CARDS ***
jl45259071: calls $2
PbIbak: checks
*** FLOP *** [4c Ks 3h]
PbIbak: checks
jl45259071: checks
*** TURN *** [4c Ks 3h] [7s]
PbIbak: bets $6
jl45259071: calls $6
*** RIVER *** [4c Ks 3h 7s] [7h]
PbIbak: checks
jl45259071: bets $6
PbIbak: calls $6
*** SHOW DOWN ***
jl45259071: shows [6s 2d] (a pair of Sevens)
PbIbak: shows [3d 4h] (two pair, Sevens and Fours)
PbIbak collected $29.50 from pot
*** SUMMARY ***
Total pot $30 | Rake $0.50
Board [4c Ks 3h 7s 7h]
Seat 1: PbIbak (big blind) showed [3d 4h] and won ($29.50) with two pair, Sevens and Fours
Seat 2: jl45259071 (button) (small blind) showed [6s 2d] and lost with a pair of Sevens


PokerStars Hand #147126222019:  Hold'em Limit ($3/$6 USD) - 2016/01/16 6:28:06 ET
Table 'Pele' 2-max Seat #1 is the button
Seat 1: PbIbak ($253.32 in chips)
Seat 2: jl45259071 ($39.62 in chips)
PbIbak: posts small blind $1
jl45259071: posts big blind $3
*** HOLE CARDS ***
PbIbak: raises $3 to $6
jl45259071: calls $3
*** FLOP *** [9d Kd Tc]
jl45259071: checks
PbIbak: bets $3
jl45259071: folds
Uncalled bet ($3) returned to PbIbak
PbIbak collected $11.76 from pot
PbIbak: doesn't show hand
*** SUMMARY ***
Total pot $12 | Rake $0.24
Board [9d Kd Tc]
Seat 1: PbIbak (button) (small blind) collected ($11.76)
Seat 2: jl45259071 (big blind) folded on the Flop


PokerStars Hand #147126253339:  Hold'em Limit ($3/$6 USD) - 2016/01/16 6:29:01 ET
Table 'Pele' 2-max Seat #2 is the button
Seat 1: PbIbak ($244.08 in chips)
Seat 2: jl45259071 ($48.02 in chips)
jl45259071: posts small blind $1
PbIbak: posts big blind $3
*** HOLE CARDS ***
jl45259071: calls $2
PbIbak: checks
*** FLOP *** [Kc Qh Th]
PbIbak: checks
jl45259071: checks
*** TURN *** [Kc Qh Th] [Js]
PbIbak: bets $6
jl45259071: folds
Uncalled bet ($6) returned to PbIbak
PbIbak collected $5.88 from pot
PbIbak: doesn't show hand
*** SUMMARY ***
Total pot $6 | Rake $0.12
Board [Kc Qh Th Js]
Seat 1: PbIbak (big blind) collected ($5.88)
Seat 2: jl45259071 (button) (small blind) folded on the Turn


PokerStars Hand #147126240000:  Hold'em Limit ($3/$6 USD) - 2016/01/16 6:28:38 ET
Table 'Pele' 2-max Seat #1 is the button
Seat 1: PbIbak ($250.08 in chips)
Seat 2: jl45259071 ($42.26 in chips)
PbIbak: posts small blind $1
jl45259071: posts big blind $3
*** HOLE CARDS ***
PbIbak: raises $3 to $6
jl45259071: calls $3
*** FLOP *** [7c Ac 9d]
jl45259071: checks
PbIbak: checks
*** TURN *** [7c Ac 9d] [9c]
jl45259071: checks
PbIbak: checks
*** RIVER *** [7c Ac 9d 9c] [Kh]
jl45259071: bets $6
PbIbak: folds
Uncalled bet ($6) returned to jl45259071
jl45259071 collected $11.76 from pot
jl45259071: doesn't show hand
*** SUMMARY ***
Total pot $12 | Rake $0.24
Board [7c Ac 9d 9c Kh]
Seat 1: PbIbak (button) (small blind) folded on the River
Seat 2: jl45259071 (big blind) collected ($11.76)


PokerStars Hand #147126229121:  Hold'em Limit ($3/$6 USD) - 2016/01/16 6:28:19 ET
Table 'Pele' 2-max Seat #2 is the button
Seat 1: PbIbak ($259.08 in chips)
Seat 2: jl45259071 ($33.62 in chips)
jl45259071: posts small blind $1
PbIbak: posts big blind $3
*** HOLE CARDS ***
jl45259071: raises $3 to $6
PbIbak: calls $3
*** FLOP *** [Ad 6h 7d]
PbIbak: checks
jl45259071: bets $3
PbIbak: calls $3
*** TURN *** [Ad 6h 7d] [9h]
PbIbak: checks
jl45259071: checks
*** RIVER *** [Ad 6h 7d 9h] [Tc]
PbIbak: checks
jl45259071: checks
*** SHOW DOWN ***
PbIbak: shows [5s 4h] (high card Ace)
jl45259071: shows [Qc 3c] (high card Ace - Queen kicker)
jl45259071 collected $17.64 from pot
*** SUMMARY ***
Total pot $18 | Rake $0.36
Board [Ad 6h 7d 9h Tc]
Seat 1: PbIbak (big blind) showed [5s 4h] and lost with high card Ace
Seat 2: jl45259071 (button) (small blind) showed [Qc 3c] and won ($17.64) with high card Ace


PokerStars Hand #147126289529:  Hold'em Limit ($3/$6 USD) - 2016/01/16 6:30:04 ET
Table 'Pele' 2-max Seat #1 is the button
Seat 1: PbIbak ($273.22 in chips)
Seat 2: jl45259071 ($18.02 in chips)
PbIbak: posts small blind $1
jl45259071: posts big blind $3
*** HOLE CARDS ***
PbIbak: raises $3 to $6
jl45259071: calls $3
*** FLOP *** [9c 6c 7c]
jl45259071: checks
PbIbak: bets $3
jl45259071: calls $3
*** TURN *** [9c 6c 7c] [Ks]
jl45259071: checks
PbIbak: checks
*** RIVER *** [9c 6c 7c Ks] [2c]
jl45259071: bets $6
PbIbak: raises $6 to $12
jl45259071: calls $3.02 and is all-in
Uncalled bet ($2.98) returned to PbIbak
*** SHOW DOWN ***
PbIbak: shows [3d Ac] (a flush, Ace high)
jl45259071: shows [2h 3c] (a flush, Nine high)
PbIbak collected $35.54 from pot
*** SUMMARY ***
Total pot $36.04 | Rake $0.50
Board [9c 6c 7c Ks 2c]
Seat 1: PbIbak (button) (small blind) showed [3d Ac] and won ($35.54) with a flush, Ace high
Seat 2: jl45259071 (big blind) showed [2h 3c] and lost with a flush, Nine high


PokerStars Hand #147126279036:  Hold'em Limit ($3/$6 USD) - 2016/01/16 6:29:47 ET
Table 'Pele' 2-max Seat #2 is the button
Seat 1: PbIbak ($252.72 in chips)
Seat 2: jl45259071 ($39.02 in chips)
jl45259071: posts small blind $1
PbIbak: posts big blind $3
*** HOLE CARDS ***
jl45259071: raises $3 to $6
PbIbak: calls $3
*** FLOP *** [Td 2s Jc]
PbIbak: bets $3
jl45259071: calls $3
*** TURN *** [Td 2s Jc] [5c]
PbIbak: bets $6
jl45259071: calls $6
*** RIVER *** [Td 2s Jc 5c] [Ac]
PbIbak: bets $6
jl45259071: calls $6
*** SHOW DOWN ***
PbIbak: shows [Jh 7d] (a pair of Jacks)
jl45259071: mucks hand
PbIbak collected $41.50 from pot
*** SUMMARY ***
Total pot $42 | Rake $0.50
Board [Td 2s Jc 5c Ac]
Seat 1: PbIbak (big blind) showed [Jh 7d] and won ($41.50) with a pair of Jacks
Seat 2: jl45259071 (button) (small blind) mucked


PokerStars Hand #147126262266:  Hold'em Limit ($3/$6 USD) - 2016/01/16 6:29:17 ET
Table 'Pele' 2-max Seat #1 is the button
Seat 1: PbIbak ($246.96 in chips)
Seat 2: jl45259071 ($45.02 in chips)
PbIbak: posts small blind $1
jl45259071: posts big blind $3
*** HOLE CARDS ***
PbIbak: raises $3 to $6
jl45259071: calls $3
*** FLOP *** [Jc 2s 5s]
jl45259071: checks
PbIbak: checks
*** TURN *** [Jc 2s 5s] [7d]
jl45259071: checks
PbIbak: checks
*** RIVER *** [Jc 2s 5s 7d] [7s]
jl45259071: checks
PbIbak: checks
*** SHOW DOWN ***
jl45259071: shows [3d Kc] (a pair of Sevens)
PbIbak: shows [6c Ad] (a pair of Sevens - Ace kicker)
PbIbak collected $11.76 from pot
*** SUMMARY ***
Total pot $12 | Rake $0.24
Board [Jc 2s 5s 7d 7s]
Seat 1: PbIbak (button) (small blind) showed [6c Ad] and won ($11.76) with a pair of Sevens
Seat 2: jl45259071 (big blind) showed [3d Kc] and lost with a pair of Sevens


