PokerStars Hand #176225840211:  Hold'em Limit ($3/$6 USD) - 2017/09/28 10:10:59 ET
Table 'Pele' 6-max Seat #6 is the button
Seat 1: vestimokrec ($102 in chips)
Seat 6: nokkie ($77.50 in chips)
nokkie: posts small blind $1
vestimokrec: posts big blind $3
*** HOLE CARDS ***
nokkie: raises $3 to $6
vestimokrec: raises $3 to $9
nokkie: calls $3
*** FLOP *** [Tc Jh Jc]
vestimokrec: bets $3
TbIP-TbIP 88 leaves the table
nokkie: calls $3
*** TURN *** [Tc Jh Jc] [Qd]
vestimokrec: checks
nokkie: bets $6
vestimokrec: calls $6
*** RIVER *** [Tc Jh Jc Qd] [Ks]
vestimokrec: bets $6
nokkie: calls $6
*** SHOW DOWN ***
vestimokrec: shows [7c 7d] (two pair, Jacks and Sevens)
nokkie: shows [8d Qc] (two pair, Queens and Jacks)
nokkie collected $47.50 from pot
*** SUMMARY ***
Total pot $48 | Rake $0.50
Board [Tc Jh Jc Qd Ks]
Seat 1: vestimokrec (big blind) showed [7c 7d] and lost with two pair, Jacks and Sevens
Seat 6: nokkie (button) (small blind) showed [8d Qc] and won ($47.50) with two pair, Queens and Jacks


PokerStars Hand #176225853593:  Hold'em Limit ($3/$6 USD) - 2017/09/28 10:11:25 ET
Table 'Pele' 6-max Seat #1 is the button
Seat 1: vestimokrec ($78 in chips)
Seat 6: nokkie ($101 in chips)
vestimokrec: posts small blind $1
nokkie: posts big blind $3
*** HOLE CARDS ***
vestimokrec: raises $3 to $6
nokkie: calls $3
*** FLOP *** [9h 9s Qc]
nokkie: checks
vestimokrec: bets $3
nokkie: calls $3
*** TURN *** [9h 9s Qc] [8s]
nokkie: checks
vestimokrec: bets $6
nokkie: calls $6
*** RIVER *** [9h 9s Qc 8s] [Jd]
nokkie: checks
vestimokrec: bets $6
nokkie: calls $6
*** SHOW DOWN ***
vestimokrec: shows [Qs 8c] (two pair, Queens and Nines)
nokkie: shows [Qd 2c] (two pair, Queens and Nines)
nokkie collected $20.75 from pot
vestimokrec collected $20.75 from pot
*** SUMMARY ***
Total pot $42 | Rake $0.50
Board [9h 9s Qc 8s Jd]
Seat 1: vestimokrec (button) (small blind) showed [Qs 8c] and won ($20.75) with two pair, Queens and Nines
Seat 6: nokkie (big blind) showed [Qd 2c] and won ($20.75) with two pair, Queens and Nines


PokerStars Hand #176225811341:  Hold'em Limit ($3/$6 USD) - 2017/09/28 10:10:03 ET
Table 'Pele' 6-max Seat #1 is the button
Seat 1: vestimokrec ($120 in chips)
Seat 6: nokkie ($60 in chips)
TbIP-TbIP 88 has timed out
TbIP-TbIP 88: is sitting out
vestimokrec: posts small blind $1
nokkie: posts big blind $3
*** HOLE CARDS ***
vestimokrec: raises $3 to $6
nokkie: raises $3 to $9
vestimokrec: calls $3
*** FLOP *** [5c Ts Kc]
nokkie: bets $3
vestimokrec: calls $3
*** TURN *** [5c Ts Kc] [4h]
nokkie: bets $6
vestimokrec: calls $6
*** RIVER *** [5c Ts Kc 4h] [2c]
nokkie: checks
vestimokrec: checks
*** SHOW DOWN ***
nokkie: shows [Js Td] (a pair of Tens)
vestimokrec: mucks hand
nokkie collected $35.50 from pot
*** SUMMARY ***
Total pot $36 | Rake $0.50
Board [5c Ts Kc 4h 2c]
Seat 1: vestimokrec (button) (small blind) mucked
Seat 6: nokkie (big blind) showed [Js Td] and won ($35.50) with a pair of Tens


PokerStars Hand #176225866923:  Hold'em Limit ($3/$6 USD) - 2017/09/28 10:11:50 ET
Table 'Pele' 6-max Seat #6 is the button
Seat 1: vestimokrec ($77.75 in chips)
Seat 6: nokkie ($100.75 in chips)
nokkie: posts small blind $1
vestimokrec: posts big blind $3
*** HOLE CARDS ***
nokkie: raises $3 to $6
vestimokrec: calls $3
*** FLOP *** [6s 8s 4s]
vestimokrec: checks
nokkie: bets $3
vestimokrec: calls $3
*** TURN *** [6s 8s 4s] [Kc]
vestimokrec: checks
nokkie: checks
*** RIVER *** [6s 8s 4s Kc] [Qd]
vestimokrec: checks
nokkie: checks
*** SHOW DOWN ***
vestimokrec: shows [5h Ah] (high card Ace)
nokkie: shows [3d As] (high card Ace)
vestimokrec collected $8.82 from pot
nokkie collected $8.82 from pot
*** SUMMARY ***
Total pot $18 | Rake $0.36
Board [6s 8s 4s Kc Qd]
Seat 1: vestimokrec (big blind) showed [5h Ah] and won ($8.82) with high card Ace
Seat 6: nokkie (button) (small blind) showed [3d As] and won ($8.82) with high card Ace


PokerStars Hand #176225876915:  Hold'em Limit ($3/$6 USD) - 2017/09/28 10:12:09 ET
Table 'Pele' 6-max Seat #1 is the button
Seat 1: vestimokrec ($77.57 in chips)
Seat 6: nokkie ($100.57 in chips)
vestimokrec: posts small blind $1
nokkie: posts big blind $3
*** HOLE CARDS ***
vestimokrec: raises $3 to $6
nokkie: folds
Uncalled bet ($3) returned to vestimokrec
vestimokrec collected $6 from pot
vestimokrec: doesn't show hand
*** SUMMARY ***
Total pot $6 | Rake $0
Seat 1: vestimokrec (button) (small blind) collected ($6)
Seat 6: nokkie (big blind) folded before Flop


PokerStars Hand #176225879377:  Hold'em Limit ($3/$6 USD) - 2017/09/28 10:12:14 ET
Table 'Pele' 6-max Seat #6 is the button
Seat 1: vestimokrec ($80.57 in chips)
Seat 6: nokkie ($97.57 in chips)
nokkie: posts small blind $1
vestimokrec: posts big blind $3
*** HOLE CARDS ***
nokkie: raises $3 to $6
vestimokrec: calls $3
*** FLOP *** [Ks 9c 2s]
vestimokrec: checks
nokkie: bets $3
vestimokrec: raises $3 to $6
nokkie: folds
Uncalled bet ($3) returned to vestimokrec
vestimokrec collected $17.64 from pot
vestimokrec: doesn't show hand
*** SUMMARY ***
Total pot $18 | Rake $0.36
Board [Ks 9c 2s]
Seat 1: vestimokrec (big blind) collected ($17.64)
Seat 6: nokkie (button) (small blind) folded on the Flop


PokerStars Hand #176225888537:  Hold'em Limit ($3/$6 USD) - 2017/09/28 10:12:32 ET
Table 'Pele' 6-max Seat #1 is the button
Seat 1: vestimokrec ($89.21 in chips)
Seat 6: nokkie ($88.57 in chips)
vestimokrec: posts small blind $1
nokkie: posts big blind $3
*** HOLE CARDS ***
vestimokrec: raises $3 to $6
nokkie: calls $3
*** FLOP *** [Kd 7c 2s]
nokkie: checks
vestimokrec: bets $3
nokkie: raises $3 to $6
vestimokrec: calls $3
*** TURN *** [Kd 7c 2s] [9s]
nokkie: bets $6
vestimokrec: calls $6
*** RIVER *** [Kd 7c 2s 9s] [Ac]
nokkie: checks
vestimokrec: checks
*** SHOW DOWN ***
nokkie: shows [4c Kh] (a pair of Kings)
vestimokrec: mucks hand
nokkie collected $35.50 from pot
*** SUMMARY ***
Total pot $36 | Rake $0.50
Board [Kd 7c 2s 9s Ac]
Seat 1: vestimokrec (button) (small blind) mucked
Seat 6: nokkie (big blind) showed [4c Kh] and won ($35.50) with a pair of Kings


PokerStars Hand #176225916807:  Hold'em Limit ($3/$6 USD) - 2017/09/28 10:13:25 ET
Table 'Pele' 6-max Seat #1 is the button
Seat 1: vestimokrec ($120 in chips)
Seat 6: nokkie ($117.59 in chips)
vestimokrec: posts small blind $1
nokkie: posts big blind $3
*** HOLE CARDS ***
vestimokrec: raises $3 to $6
nokkie: calls $3
*** FLOP *** [Ks Td Ac]
nokkie: checks
vestimokrec: checks
*** TURN *** [Ks Td Ac] [2h]
nokkie: checks
vestimokrec: checks
*** RIVER *** [Ks Td Ac 2h] [3h]
nokkie: bets $6
vestimokrec: raises $6 to $12
nokkie: folds
Uncalled bet ($6) returned to vestimokrec
vestimokrec collected $23.52 from pot
vestimokrec: doesn't show hand
*** SUMMARY ***
Total pot $24 | Rake $0.48
Board [Ks Td Ac 2h 3h]
Seat 1: vestimokrec (button) (small blind) collected ($23.52)
Seat 6: nokkie (big blind) folded on the River


PokerStars Hand #176225904712:  Hold'em Limit ($3/$6 USD) - 2017/09/28 10:13:03 ET
Table 'Pele' 6-max Seat #6 is the button
Seat 1: vestimokrec ($71.21 in chips)
Seat 6: nokkie ($106.07 in chips)
nokkie: posts small blind $1
vestimokrec: posts big blind $3
*** HOLE CARDS ***
nokkie: raises $3 to $6
vestimokrec: calls $3
*** FLOP *** [Qh 5c 4c]
vestimokrec: checks
nokkie: bets $3
vestimokrec: raises $3 to $6
nokkie: raises $3 to $9
vestimokrec: folds
Uncalled bet ($3) returned to nokkie
nokkie collected $23.52 from pot
nokkie: doesn't show hand
*** SUMMARY ***
Total pot $24 | Rake $0.48
Board [Qh 5c 4c]
Seat 1: vestimokrec (big blind) folded on the Flop
Seat 6: nokkie (button) (small blind) collected ($23.52)


PokerStars Hand #176225951198:  Hold'em Limit ($3/$6 USD) - 2017/09/28 10:14:31 ET
Table 'Pele' 6-max Seat #1 is the button
Seat 1: vestimokrec ($164.66 in chips)
Seat 6: nokkie ($71.59 in chips)
vestimokrec: posts small blind $1
nokkie: posts big blind $3
*** HOLE CARDS ***
vestimokrec: raises $3 to $6
nokkie: calls $3
*** FLOP *** [7c 3h Kc]
nokkie: checks
vestimokrec: bets $3
nokkie: folds
Uncalled bet ($3) returned to vestimokrec
vestimokrec collected $11.76 from pot
vestimokrec: doesn't show hand
*** SUMMARY ***
Total pot $12 | Rake $0.24
Board [7c 3h Kc]
Seat 1: vestimokrec (button) (small blind) collected ($11.76)
Seat 6: nokkie (big blind) folded on the Flop


PokerStars Hand #176225928943:  Hold'em Limit ($3/$6 USD) - 2017/09/28 10:13:49 ET
Table 'Pele' 6-max Seat #6 is the button
Seat 1: vestimokrec ($131.52 in chips)
Seat 6: nokkie ($105.59 in chips)
nokkie: posts small blind $1
vestimokrec: posts big blind $3
*** HOLE CARDS ***
nokkie: raises $3 to $6
vestimokrec: calls $3
*** FLOP *** [8h Qs Ts]
vestimokrec: checks
nokkie: bets $3
vestimokrec: raises $3 to $6
nokkie: calls $3
*** TURN *** [8h Qs Ts] [7c]
vestimokrec: bets $6
nokkie: raises $6 to $12
vestimokrec: calls $6
*** RIVER *** [8h Qs Ts 7c] [5c]
vestimokrec: checks
nokkie: checks
*** SHOW DOWN ***
vestimokrec: shows [7s Td] (two pair, Tens and Sevens)
nokkie: mucks hand
vestimokrec collected $47.50 from pot
*** SUMMARY ***
Total pot $48 | Rake $0.50
Board [8h Qs Ts 7c 5c]
Seat 1: vestimokrec (big blind) showed [7s Td] and won ($47.50) with two pair, Tens and Sevens
Seat 6: nokkie (button) (small blind) mucked


PokerStars Hand #176225948797:  Hold'em Limit ($3/$6 USD) - 2017/09/28 10:14:27 ET
Table 'Pele' 6-max Seat #6 is the button
Seat 1: vestimokrec ($163.66 in chips)
Seat 6: nokkie ($72.59 in chips)
nokkie: posts small blind $1
vestimokrec: posts big blind $3
*** HOLE CARDS ***
nokkie: folds
Uncalled bet ($2) returned to vestimokrec
vestimokrec collected $2 from pot
vestimokrec: doesn't show hand
*** SUMMARY ***
Total pot $2 | Rake $0
Seat 1: vestimokrec (big blind) collected ($2)
Seat 6: nokkie (button) (small blind) folded before Flop


PokerStars Hand #176225939034:  Hold'em Limit ($3/$6 USD) - 2017/09/28 10:14:08 ET
Table 'Pele' 6-max Seat #1 is the button
Seat 1: vestimokrec ($155.02 in chips)
Seat 6: nokkie ($81.59 in chips)
vestimokrec: posts small blind $1
nokkie: posts big blind $3
*** HOLE CARDS ***
vestimokrec: raises $3 to $6
nokkie: calls $3
*** FLOP *** [Ks 4h 7s]
nokkie: checks
vestimokrec: bets $3
nokkie: calls $3
*** TURN *** [Ks 4h 7s] [8h]
nokkie: checks
vestimokrec: bets $6
nokkie: folds
Uncalled bet ($6) returned to vestimokrec
vestimokrec collected $17.64 from pot
vestimokrec: doesn't show hand
*** SUMMARY ***
Total pot $18 | Rake $0.36
Board [Ks 4h 7s 8h]
Seat 1: vestimokrec (button) (small blind) collected ($17.64)
Seat 6: nokkie (big blind) folded on the Turn


PokerStars Hand #176225985727:  Hold'em Limit ($3/$6 USD) - 2017/09/28 10:15:37 ET
Table 'Pele' 6-max Seat #1 is the button
Seat 1: vestimokrec ($205.68 in chips)
Seat 6: nokkie ($29.59 in chips)
vestimokrec: posts small blind $1
nokkie: posts big blind $3
*** HOLE CARDS ***
vestimokrec: raises $3 to $6
nokkie: calls $3
*** FLOP *** [2d 9c 4h]
nokkie: checks
vestimokrec: bets $3
nokkie: folds
Uncalled bet ($3) returned to vestimokrec
vestimokrec collected $11.76 from pot
vestimokrec: doesn't show hand
*** SUMMARY ***
Total pot $12 | Rake $0.24
Board [2d 9c 4h]
Seat 1: vestimokrec (button) (small blind) collected ($11.76)
Seat 6: nokkie (big blind) folded on the Flop


PokerStars Hand #176225956985:  Hold'em Limit ($3/$6 USD) - 2017/09/28 10:14:42 ET
Table 'Pele' 6-max Seat #6 is the button
Seat 1: vestimokrec ($170.42 in chips)
Seat 6: nokkie ($65.59 in chips)
nokkie: posts small blind $1
vestimokrec: posts big blind $3
*** HOLE CARDS ***
nokkie: raises $3 to $6
vestimokrec: calls $3
*** FLOP *** [5h 2s 8c]
vestimokrec: checks
nokkie: bets $3
vestimokrec: calls $3
*** TURN *** [5h 2s 8c] [4d]
vestimokrec: checks
nokkie: bets $6
vestimokrec: raises $6 to $12
nokkie: raises $6 to $18
vestimokrec: calls $6
*** RIVER *** [5h 2s 8c 4d] [Qh]
vestimokrec: checks
nokkie: bets $6
vestimokrec: calls $6
*** SHOW DOWN ***
nokkie: shows [8s Kc] (a pair of Eights)
vestimokrec: shows [8d 5c] (two pair, Eights and Fives)
vestimokrec collected $65.50 from pot
*** SUMMARY ***
Total pot $66 | Rake $0.50
Board [5h 2s 8c 4d Qh]
Seat 1: vestimokrec (big blind) showed [8d 5c] and won ($65.50) with two pair, Eights and Fives
Seat 6: nokkie (button) (small blind) showed [8s Kc] and lost with a pair of Eights


PokerStars Hand #176225974579:  Hold'em Limit ($3/$6 USD) - 2017/09/28 10:15:16 ET
Table 'Pele' 6-max Seat #1 is the button
Seat 1: vestimokrec ($202.92 in chips)
Seat 6: nokkie ($32.59 in chips)
vestimokrec: posts small blind $1
nokkie: posts big blind $3
*** HOLE CARDS ***
vestimokrec: raises $3 to $6
nokkie: calls $3
*** FLOP *** [Kd Jd Ts]
nokkie: checks
vestimokrec: bets $3
nokkie: folds
Uncalled bet ($3) returned to vestimokrec
vestimokrec collected $11.76 from pot
vestimokrec: doesn't show hand
*** SUMMARY ***
Total pot $12 | Rake $0.24
Board [Kd Jd Ts]
Seat 1: vestimokrec (button) (small blind) collected ($11.76)
Seat 6: nokkie (big blind) folded on the Flop


PokerStars Hand #176225981795:  Hold'em Limit ($3/$6 USD) - 2017/09/28 10:15:29 ET
Table 'Pele' 6-max Seat #6 is the button
Seat 1: vestimokrec ($208.68 in chips)
Seat 6: nokkie ($26.59 in chips)
nokkie: posts small blind $1
vestimokrec: posts big blind $3
*** HOLE CARDS ***
nokkie: raises $3 to $6
vestimokrec: folds
Uncalled bet ($3) returned to nokkie
nokkie collected $6 from pot
nokkie: doesn't show hand
*** SUMMARY ***
Total pot $6 | Rake $0
Seat 1: vestimokrec (big blind) folded before Flop
Seat 6: nokkie (button) (small blind) collected ($6)


PokerStars Hand #176225990523:  Hold'em Limit ($3/$6 USD) - 2017/09/28 10:15:46 ET
Table 'Pele' 6-max Seat #6 is the button
Seat 1: vestimokrec ($211.44 in chips)
Seat 6: nokkie ($23.59 in chips)
nokkie: posts small blind $1
vestimokrec: posts big blind $3
*** HOLE CARDS ***
nokkie: raises $3 to $6
vestimokrec: calls $3
*** FLOP *** [Js 5c Jc]
vestimokrec: checks
nokkie: bets $3
vestimokrec: raises $3 to $6
nokkie: calls $3
*** TURN *** [Js 5c Jc] [Ad]
vestimokrec: checks
nokkie: bets $6
vestimokrec: raises $6 to $12
nokkie: calls $5.59 and is all-in
Uncalled bet ($0.41) returned to vestimokrec
*** RIVER *** [Js 5c Jc Ad] [3c]
*** SHOW DOWN ***
vestimokrec: shows [7c 5s] (two pair, Jacks and Fives)
nokkie: shows [Kh 2s] (a pair of Jacks)
vestimokrec collected $46.68 from pot
*** SUMMARY ***
Total pot $47.18 | Rake $0.50
Board [Js 5c Jc Ad 3c]
Seat 1: vestimokrec (big blind) showed [7c 5s] and won ($46.68) with two pair, Jacks and Fives
Seat 6: nokkie (button) (small blind) showed [Kh 2s] and lost with a pair of Jacks


PokerStars Hand #176226004102:  Hold'em Limit ($3/$6 USD) - 2017/09/28 10:16:12 ET
Table 'Pele' 6-max Seat #1 is the button
Seat 1: vestimokrec ($234.53 in chips)
Seat 6: nokkie ($60 in chips)
vestimokrec: posts small blind $1
nokkie: posts big blind $3
*** HOLE CARDS ***
vestimokrec: raises $3 to $6
nokkie: raises $3 to $9
vestimokrec: calls $3
*** FLOP *** [4c 9h 7h]
nokkie: bets $3
vestimokrec: folds
Uncalled bet ($3) returned to nokkie
nokkie collected $17.64 from pot
nokkie: doesn't show hand
*** SUMMARY ***
Total pot $18 | Rake $0.36
Board [4c 9h 7h]
Seat 1: vestimokrec (button) (small blind) folded on the Flop
Seat 6: nokkie (big blind) collected ($17.64)


PokerStars Hand #176226047083:  Hold'em Limit ($3/$6 USD) - 2017/09/28 10:17:32 ET
Table 'Pele' 6-max Seat #6 is the button
Seat 1: vestimokrec ($231.03 in chips)
Seat 6: nokkie ($62.28 in chips)
nokkie: posts small blind $1
vestimokrec: posts big blind $3
*** HOLE CARDS ***
nokkie: raises $3 to $6
vestimokrec: calls $3
*** FLOP *** [Ah 3c Tc]
vestimokrec: checks
nokkie: bets $3
vestimokrec: folds
Uncalled bet ($3) returned to nokkie
nokkie collected $11.76 from pot
nokkie: doesn't show hand
*** SUMMARY ***
Total pot $12 | Rake $0.24
Board [Ah 3c Tc]
Seat 1: vestimokrec (big blind) folded on the Flop
Seat 6: nokkie (button) (small blind) collected ($11.76)


PokerStars Hand #176226013261:  Hold'em Limit ($3/$6 USD) - 2017/09/28 10:16:29 ET
Table 'Pele' 6-max Seat #6 is the button
Seat 1: vestimokrec ($225.53 in chips)
Seat 6: nokkie ($68.64 in chips)
nokkie: posts small blind $1
vestimokrec: posts big blind $3
*** HOLE CARDS ***
nokkie: raises $3 to $6
vestimokrec: calls $3
*** FLOP *** [7c Qh As]
vestimokrec: checks
nokkie: bets $3
vestimokrec: calls $3
*** TURN *** [7c Qh As] [6c]
vestimokrec: checks
nokkie: bets $6
vestimokrec: folds
Uncalled bet ($6) returned to nokkie
nokkie collected $17.64 from pot
nokkie: doesn't show hand
*** SUMMARY ***
Total pot $18 | Rake $0.36
Board [7c Qh As 6c]
Seat 1: vestimokrec (big blind) folded on the Turn
Seat 6: nokkie (button) (small blind) collected ($17.64)


PokerStars Hand #176226028536:  Hold'em Limit ($3/$6 USD) - 2017/09/28 10:16:57 ET
Table 'Pele' 6-max Seat #1 is the button
Seat 1: vestimokrec ($216.53 in chips)
Seat 6: nokkie ($77.28 in chips)
vestimokrec: posts small blind $1
nokkie: posts big blind $3
*** HOLE CARDS ***
vestimokrec: raises $3 to $6
nokkie: calls $3
*** FLOP *** [8c 7s Ad]
nokkie: checks
vestimokrec: bets $3
nokkie: calls $3
*** TURN *** [8c 7s Ad] [Ts]
nokkie: checks
vestimokrec: checks
*** RIVER *** [8c 7s Ad Ts] [3h]
nokkie: bets $6
vestimokrec: raises $6 to $12
nokkie: folds
Uncalled bet ($6) returned to vestimokrec
vestimokrec collected $29.50 from pot
vestimokrec: doesn't show hand
*** SUMMARY ***
Total pot $30 | Rake $0.50
Board [8c 7s Ad Ts 3h]
Seat 1: vestimokrec (button) (small blind) collected ($29.50)
Seat 6: nokkie (big blind) folded on the River


PokerStars Hand #176226068736:  Hold'em Limit ($3/$6 USD) - 2017/09/28 10:18:13 ET
Table 'Pele' 6-max Seat #6 is the button
Seat 1: vestimokrec ($245.53 in chips)
Seat 6: nokkie ($47.04 in chips)
nokkie: posts small blind $1
vestimokrec: posts big blind $3
*** HOLE CARDS ***
nokkie: raises $3 to $6
vestimokrec: raises $3 to $9
nokkie: calls $3
*** FLOP *** [Qc Ks Qs]
vestimokrec: bets $3
nokkie: folds
Uncalled bet ($3) returned to vestimokrec
vestimokrec collected $17.64 from pot
vestimokrec: doesn't show hand
*** SUMMARY ***
Total pot $18 | Rake $0.36
Board [Qc Ks Qs]
Seat 1: vestimokrec (big blind) collected ($17.64)
Seat 6: nokkie (button) (small blind) folded on the Flop


PokerStars Hand #176226056119:  Hold'em Limit ($3/$6 USD) - 2017/09/28 10:17:50 ET
Table 'Pele' 6-max Seat #1 is the button
Seat 1: vestimokrec ($225.03 in chips)
Seat 6: nokkie ($68.04 in chips)
vestimokrec: posts small blind $1
nokkie: posts big blind $3
*** HOLE CARDS ***
vestimokrec: raises $3 to $6
nokkie: calls $3
*** FLOP *** [Qc As Ks]
nokkie: checks
vestimokrec: bets $3
nokkie: calls $3
*** TURN *** [Qc As Ks] [3h]
nokkie: checks
vestimokrec: bets $6
nokkie: calls $6
*** RIVER *** [Qc As Ks 3h] [4c]
nokkie: checks
vestimokrec: bets $6
nokkie: calls $6
*** SHOW DOWN ***
vestimokrec: shows [2c Ah] (a pair of Aces)
nokkie: mucks hand
vestimokrec collected $41.50 from pot
*** SUMMARY ***
Total pot $42 | Rake $0.50
Board [Qc As Ks 3h 4c]
Seat 1: vestimokrec (button) (small blind) showed [2c Ah] and won ($41.50) with a pair of Aces
Seat 6: nokkie (big blind) mucked


PokerStars Hand #176226095973:  Hold'em Limit ($3/$6 USD) - 2017/09/28 10:19:05 ET
Table 'Pele' 6-max Seat #6 is the button
Seat 1: vestimokrec ($242.17 in chips)
Seat 6: nokkie ($49.56 in chips)
nokkie: posts small blind $1
vestimokrec: posts big blind $3
*** HOLE CARDS ***
nokkie: raises $3 to $6
vestimokrec: raises $3 to $9
nokkie: calls $3
*** FLOP *** [3d 3h 2h]
vestimokrec: bets $3
nokkie: raises $3 to $6
vestimokrec: calls $3
*** TURN *** [3d 3h 2h] [3c]
vestimokrec: checks
nokkie: bets $6
vestimokrec: folds
Uncalled bet ($6) returned to nokkie
nokkie collected $29.50 from pot
nokkie: doesn't show hand
*** SUMMARY ***
Total pot $30 | Rake $0.50
Board [3d 3h 2h 3c]
Seat 1: vestimokrec (big blind) folded on the Turn
Seat 6: nokkie (button) (small blind) collected ($29.50)


PokerStars Hand #176226078775:  Hold'em Limit ($3/$6 USD) - 2017/09/28 10:18:33 ET
Table 'Pele' 6-max Seat #1 is the button
Seat 1: vestimokrec ($254.17 in chips)
Seat 6: nokkie ($38.04 in chips)
vestimokrec: posts small blind $1
nokkie: posts big blind $3
*** HOLE CARDS ***
vestimokrec: raises $3 to $6
nokkie: raises $3 to $9
vestimokrec: calls $3
*** FLOP *** [5c 9c 6s]
nokkie: bets $3
vestimokrec: calls $3
*** TURN *** [5c 9c 6s] [Qh]
nokkie: bets $6
vestimokrec: folds
Uncalled bet ($6) returned to nokkie
nokkie collected $23.52 from pot
nokkie: doesn't show hand
*** SUMMARY ***
Total pot $24 | Rake $0.48
Board [5c 9c 6s Qh]
Seat 1: vestimokrec (button) (small blind) folded on the Turn
Seat 6: nokkie (big blind) collected ($23.52)


PokerStars Hand #176226110103:  Hold'em Limit ($3/$6 USD) - 2017/09/28 10:19:32 ET
Table 'Pele' 6-max Seat #1 is the button
Seat 1: vestimokrec ($227.17 in chips)
Seat 6: nokkie ($64.06 in chips)
vestimokrec: posts small blind $1
nokkie: posts big blind $3
*** HOLE CARDS ***
vestimokrec: raises $3 to $6
nokkie: raises $3 to $9
vestimokrec: calls $3
*** FLOP *** [3d Qd 3c]
nokkie: bets $3
vestimokrec: calls $3
*** TURN *** [3d Qd 3c] [2d]
nokkie: bets $6
vestimokrec: calls $6
*** RIVER *** [3d Qd 3c 2d] [6c]
nokkie: checks
vestimokrec: bets $6
nokkie: calls $6
*** SHOW DOWN ***
vestimokrec: shows [Ts Tc] (two pair, Tens and Threes)
nokkie: mucks hand
vestimokrec collected $47.50 from pot
*** SUMMARY ***
Total pot $48 | Rake $0.50
Board [3d Qd 3c 2d 6c]
Seat 1: vestimokrec (button) (small blind) showed [Ts Tc] and won ($47.50) with two pair, Tens and Threes
Seat 6: nokkie (big blind) mucked


PokerStars Hand #176226151650:  Hold'em Limit ($3/$6 USD) - 2017/09/28 10:20:51 ET
Table 'Pele' 6-max Seat #6 is the button
Seat 1: vestimokrec ($220.67 in chips)
Seat 6: nokkie ($69.32 in chips)
nokkie: posts small blind $1
vestimokrec: posts big blind $3
*** HOLE CARDS ***
nokkie: folds
Uncalled bet ($2) returned to vestimokrec
vestimokrec collected $2 from pot
vestimokrec: doesn't show hand
*** SUMMARY ***
Total pot $2 | Rake $0
Seat 1: vestimokrec (big blind) collected ($2)
Seat 6: nokkie (button) (small blind) folded before Flop


PokerStars Hand #176226134132:  Hold'em Limit ($3/$6 USD) - 2017/09/28 10:20:18 ET
Table 'Pele' 6-max Seat #1 is the button
Seat 1: vestimokrec ($244.67 in chips)
Seat 6: nokkie ($45.82 in chips)
vestimokrec: posts small blind $1
nokkie: posts big blind $3
*** HOLE CARDS ***
vestimokrec: raises $3 to $6
nokkie: raises $3 to $9
vestimokrec: calls $3
*** FLOP *** [Ad 4c Jd]
nokkie: bets $3
vestimokrec: calls $3
*** TURN *** [Ad 4c Jd] [3h]
nokkie: bets $6
vestimokrec: calls $6
*** RIVER *** [Ad 4c Jd 3h] [As]
nokkie: bets $6
vestimokrec: calls $6
*** SHOW DOWN ***
nokkie: shows [Ah 5d] (three of a kind, Aces)
vestimokrec: mucks hand
nokkie collected $47.50 from pot
*** SUMMARY ***
Total pot $48 | Rake $0.50
Board [Ad 4c Jd 3h As]
Seat 1: vestimokrec (button) (small blind) mucked
Seat 6: nokkie (big blind) showed [Ah 5d] and won ($47.50) with three of a kind, Aces


PokerStars Hand #176226127454:  Hold'em Limit ($3/$6 USD) - 2017/09/28 10:20:05 ET
Table 'Pele' 6-max Seat #6 is the button
Seat 1: vestimokrec ($250.67 in chips)
Seat 6: nokkie ($40.06 in chips)
nokkie: posts small blind $1
vestimokrec: posts big blind $3
*** HOLE CARDS ***
nokkie: raises $3 to $6
vestimokrec: calls $3
*** FLOP *** [5s Tc 7d]
vestimokrec: checks
nokkie: bets $3
vestimokrec: folds
Uncalled bet ($3) returned to nokkie
nokkie collected $11.76 from pot
nokkie: doesn't show hand
*** SUMMARY ***
Total pot $12 | Rake $0.24
Board [5s Tc 7d]
Seat 1: vestimokrec (big blind) folded on the Flop
Seat 6: nokkie (button) (small blind) collected ($11.76)


PokerStars Hand #176226176030:  Hold'em Limit ($3/$6 USD) - 2017/09/28 10:21:37 ET
Table 'Pele' 6-max Seat #1 is the button
Seat 1: vestimokrec ($206.67 in chips)
Seat 6: nokkie ($82.82 in chips)
vestimokrec: posts small blind $1
nokkie: posts big blind $3
*** HOLE CARDS ***
vestimokrec: raises $3 to $6
nokkie: calls $3
*** FLOP *** [2h As 5s]
nokkie: checks
vestimokrec: bets $3
nokkie: calls $3
*** TURN *** [2h As 5s] [6d]
nokkie: checks
vestimokrec: checks
*** RIVER *** [2h As 5s 6d] [Kh]
nokkie: bets $6
vestimokrec: calls $6
*** SHOW DOWN ***
nokkie: shows [Ks 9d] (a pair of Kings)
vestimokrec: mucks hand
nokkie collected $29.50 from pot
*** SUMMARY ***
Total pot $30 | Rake $0.50
Board [2h As 5s 6d Kh]
Seat 1: vestimokrec (button) (small blind) mucked
Seat 6: nokkie (big blind) showed [Ks 9d] and won ($29.50) with a pair of Kings


PokerStars Hand #176226154102:  Hold'em Limit ($3/$6 USD) - 2017/09/28 10:20:56 ET
Table 'Pele' 6-max Seat #1 is the button
Seat 1: vestimokrec ($221.67 in chips)
Seat 6: nokkie ($68.32 in chips)
vestimokrec: posts small blind $1
nokkie: posts big blind $3
*** HOLE CARDS ***
vestimokrec: raises $3 to $6
nokkie: folds
Uncalled bet ($3) returned to vestimokrec
vestimokrec collected $6 from pot
vestimokrec: doesn't show hand
*** SUMMARY ***
Total pot $6 | Rake $0
Seat 1: vestimokrec (button) (small blind) collected ($6)
Seat 6: nokkie (big blind) folded before Flop


PokerStars Hand #176226159986:  Hold'em Limit ($3/$6 USD) - 2017/09/28 10:21:07 ET
Table 'Pele' 6-max Seat #6 is the button
Seat 1: vestimokrec ($224.67 in chips)
Seat 6: nokkie ($65.32 in chips)
nokkie: posts small blind $1
vestimokrec: posts big blind $3
*** HOLE CARDS ***
nokkie: raises $3 to $6
vestimokrec: calls $3
*** FLOP *** [5c Qs Ac]
vestimokrec: checks
nokkie: bets $3
vestimokrec: raises $3 to $6
nokkie: calls $3
*** TURN *** [5c Qs Ac] [Ks]
vestimokrec: bets $6
nokkie: raises $6 to $12
vestimokrec: folds
Uncalled bet ($6) returned to nokkie
nokkie collected $35.50 from pot
nokkie: doesn't show hand
*** SUMMARY ***
Total pot $36 | Rake $0.50
Board [5c Qs Ac Ks]
Seat 1: vestimokrec (big blind) folded on the Turn
Seat 6: nokkie (button) (small blind) collected ($35.50)


PokerStars Hand #176226188677:  Hold'em Limit ($3/$6 USD) - 2017/09/28 10:22:01 ET
Table 'Pele' 6-max Seat #1 is the button
Seat 1: vestimokrec ($192.67 in chips)
Seat 6: nokkie ($96.32 in chips)
vestimokrec: posts small blind $1
nokkie: posts big blind $3
*** HOLE CARDS ***
vestimokrec: raises $3 to $6
nokkie: folds
Uncalled bet ($3) returned to vestimokrec
vestimokrec collected $6 from pot
vestimokrec: doesn't show hand
*** SUMMARY ***
Total pot $6 | Rake $0
Seat 1: vestimokrec (button) (small blind) collected ($6)
Seat 6: nokkie (big blind) folded before Flop


PokerStars Hand #176226186361:  Hold'em Limit ($3/$6 USD) - 2017/09/28 10:21:56 ET
Table 'Pele' 6-max Seat #6 is the button
Seat 1: vestimokrec ($191.67 in chips)
Seat 6: nokkie ($97.32 in chips)
nokkie: posts small blind $1
vestimokrec: posts big blind $3
*** HOLE CARDS ***
nokkie: folds
Uncalled bet ($2) returned to vestimokrec
vestimokrec collected $2 from pot
vestimokrec: doesn't show hand
*** SUMMARY ***
Total pot $2 | Rake $0
Seat 1: vestimokrec (big blind) collected ($2)
Seat 6: nokkie (button) (small blind) folded before Flop


PokerStars Hand #176226196973:  Hold'em Limit ($3/$6 USD) - 2017/09/28 10:22:17 ET
Table 'Pele' 6-max Seat #1 is the button
Seat 1: vestimokrec ($204.31 in chips)
Seat 6: nokkie ($84.32 in chips)
vestimokrec: posts small blind $1
nokkie: posts big blind $3
*** HOLE CARDS ***
vestimokrec: raises $3 to $6
nokkie: calls $3
*** FLOP *** [Qs 4h 6h]
nokkie: checks
vestimokrec: bets $3
nokkie: folds
Uncalled bet ($3) returned to vestimokrec
vestimokrec collected $11.76 from pot
vestimokrec: doesn't show hand
*** SUMMARY ***
Total pot $12 | Rake $0.24
Board [Qs 4h 6h]
Seat 1: vestimokrec (button) (small blind) collected ($11.76)
Seat 6: nokkie (big blind) folded on the Flop


PokerStars Hand #176226191280:  Hold'em Limit ($3/$6 USD) - 2017/09/28 10:22:06 ET
Table 'Pele' 6-max Seat #6 is the button
Seat 1: vestimokrec ($195.67 in chips)
Seat 6: nokkie ($93.32 in chips)
nokkie: posts small blind $1
vestimokrec: posts big blind $3
*** HOLE CARDS ***
nokkie: raises $3 to $6
vestimokrec: raises $3 to $9
nokkie: calls $3
*** FLOP *** [Ad 9d 4d]
vestimokrec: bets $3
nokkie: folds
Uncalled bet ($3) returned to vestimokrec
vestimokrec collected $17.64 from pot
vestimokrec: doesn't show hand
*** SUMMARY ***
Total pot $18 | Rake $0.36
Board [Ad 9d 4d]
Seat 1: vestimokrec (big blind) collected ($17.64)
Seat 6: nokkie (button) (small blind) folded on the Flop


PokerStars Hand #176226202174:  Hold'em Limit ($3/$6 USD) - 2017/09/28 10:22:26 ET
Table 'Pele' 6-max Seat #6 is the button
Seat 1: vestimokrec ($210.07 in chips)
Seat 6: nokkie ($78.32 in chips)
nokkie: posts small blind $1
vestimokrec: posts big blind $3
*** HOLE CARDS ***
nokkie: raises $3 to $6
vestimokrec: calls $3
*** FLOP *** [2c 4s Ad]
vestimokrec: checks
nokkie: bets $3
vestimokrec: calls $3
*** TURN *** [2c 4s Ad] [2d]
vestimokrec: checks
nokkie: bets $6
vestimokrec: raises $6 to $12
nokkie: calls $6
*** RIVER *** [2c 4s Ad 2d] [5c]
vestimokrec: bets $6
nokkie: calls $6
*** SHOW DOWN ***
vestimokrec: shows [2s Kd] (three of a kind, Deuces)
nokkie: mucks hand
vestimokrec collected $53.50 from pot
*** SUMMARY ***
Total pot $54 | Rake $0.50
Board [2c 4s Ad 2d 5c]
Seat 1: vestimokrec (big blind) showed [2s Kd] and won ($53.50) with three of a kind, Deuces
Seat 6: nokkie (button) (small blind) mucked


PokerStars Hand #176226245527:  Hold'em Limit ($3/$6 USD) - 2017/09/28 10:23:48 ET
Table 'Pele' 6-max Seat #6 is the button
Seat 1: vestimokrec ($224.33 in chips)
Seat 6: nokkie ($62.60 in chips)
nokkie: posts small blind $1
vestimokrec: posts big blind $3
*** HOLE CARDS ***
nokkie: folds
Uncalled bet ($2) returned to vestimokrec
vestimokrec collected $2 from pot
vestimokrec: doesn't show hand
*** SUMMARY ***
Total pot $2 | Rake $0
Seat 1: vestimokrec (big blind) collected ($2)
Seat 6: nokkie (button) (small blind) folded before Flop


PokerStars Hand #176226234083:  Hold'em Limit ($3/$6 USD) - 2017/09/28 10:23:26 ET
Table 'Pele' 6-max Seat #1 is the button
Seat 1: vestimokrec ($236.33 in chips)
Seat 6: nokkie ($51.08 in chips)
vestimokrec: posts small blind $1
nokkie: posts big blind $3
*** HOLE CARDS ***
vestimokrec: raises $3 to $6
nokkie: calls $3
*** FLOP *** [7s 4c Ad]
nokkie: checks
vestimokrec: bets $3
nokkie: raises $3 to $6
vestimokrec: calls $3
*** TURN *** [7s 4c Ad] [3c]
nokkie: bets $6
vestimokrec: folds
Uncalled bet ($6) returned to nokkie
nokkie collected $23.52 from pot
nokkie: doesn't show hand
*** SUMMARY ***
Total pot $24 | Rake $0.48
Board [7s 4c Ad 3c]
Seat 1: vestimokrec (button) (small blind) folded on the Turn
Seat 6: nokkie (big blind) collected ($23.52)


PokerStars Hand #176226227320:  Hold'em Limit ($3/$6 USD) - 2017/09/28 10:23:14 ET
Table 'Pele' 6-max Seat #6 is the button
Seat 1: vestimokrec ($242.33 in chips)
Seat 6: nokkie ($45.32 in chips)
nokkie: posts small blind $1
vestimokrec: posts big blind $3
*** HOLE CARDS ***
nokkie: raises $3 to $6
vestimokrec: calls $3
*** FLOP *** [4s Jc Ah]
vestimokrec: checks
nokkie: bets $3
vestimokrec: folds
Uncalled bet ($3) returned to nokkie
nokkie collected $11.76 from pot
nokkie: doesn't show hand
*** SUMMARY ***
Total pot $12 | Rake $0.24
Board [4s Jc Ah]
Seat 1: vestimokrec (big blind) folded on the Flop
Seat 6: nokkie (button) (small blind) collected ($11.76)


PokerStars Hand #176226214590:  Hold'em Limit ($3/$6 USD) - 2017/09/28 10:22:50 ET
Table 'Pele' 6-max Seat #1 is the button
Seat 1: vestimokrec ($236.57 in chips)
Seat 6: nokkie ($51.32 in chips)
vestimokrec: posts small blind $1
nokkie: posts big blind $3
*** HOLE CARDS ***
vestimokrec: raises $3 to $6
nokkie: calls $3
*** FLOP *** [9d 4h 7c]
nokkie: checks
vestimokrec: checks
*** TURN *** [9d 4h 7c] [8c]
nokkie: checks
vestimokrec: bets $6
nokkie: folds
Uncalled bet ($6) returned to vestimokrec
vestimokrec collected $11.76 from pot
vestimokrec: doesn't show hand
*** SUMMARY ***
Total pot $12 | Rake $0.24
Board [9d 4h 7c 8c]
Seat 1: vestimokrec (button) (small blind) collected ($11.76)
Seat 6: nokkie (big blind) folded on the Turn


PokerStars Hand #176226264741:  Hold'em Limit ($3/$6 USD) - 2017/09/28 10:24:24 ET
Table 'Pele' 6-max Seat #1 is the button
Seat 1: vestimokrec ($263.59 in chips)
Seat 6: nokkie ($22.60 in chips)
vestimokrec: posts small blind $1
nokkie: posts big blind $3
*** HOLE CARDS ***
vestimokrec: raises $3 to $6
nokkie: calls $3
*** FLOP *** [9h 6d Th]
nokkie: checks
vestimokrec: bets $3
nokkie: raises $3 to $6
vestimokrec: calls $3
*** TURN *** [9h 6d Th] [Kh]
nokkie: bets $6
vestimokrec: raises $6 to $12
nokkie: calls $4.60 and is all-in
Uncalled bet ($1.40) returned to vestimokrec
*** RIVER *** [9h 6d Th Kh] [3s]
*** SHOW DOWN ***
nokkie: shows [9d 6h] (two pair, Nines and Sixes)
vestimokrec: shows [Ts 7s] (a pair of Tens)
nokkie collected $44.70 from pot
*** SUMMARY ***
Total pot $45.20 | Rake $0.50
Board [9h 6d Th Kh 3s]
Seat 1: vestimokrec (button) (small blind) showed [Ts 7s] and lost with a pair of Tens
Seat 6: nokkie (big blind) showed [9d 6h] and won ($44.70) with two pair, Nines and Sixes


PokerStars Hand #176226252892:  Hold'em Limit ($3/$6 USD) - 2017/09/28 10:24:02 ET
Table 'Pele' 6-max Seat #6 is the button
Seat 1: vestimokrec ($231.09 in chips)
Seat 6: nokkie ($55.60 in chips)
nokkie: posts small blind $1
vestimokrec: posts big blind $3
*** HOLE CARDS ***
nokkie: raises $3 to $6
vestimokrec: raises $3 to $9
nokkie: calls $3
*** FLOP *** [4c 7h 7s]
vestimokrec: bets $3
nokkie: raises $3 to $6
vestimokrec: calls $3
*** TURN *** [4c 7h 7s] [7c]
vestimokrec: checks
nokkie: bets $6
vestimokrec: raises $6 to $12
nokkie: calls $6
*** RIVER *** [4c 7h 7s 7c] [9h]
vestimokrec: bets $6
nokkie: calls $6
*** SHOW DOWN ***
vestimokrec: shows [Jd Jc] (a full house, Sevens full of Jacks)
nokkie: mucks hand
vestimokrec collected $65.50 from pot
*** SUMMARY ***
Total pot $66 | Rake $0.50
Board [4c 7h 7s 7c 9h]
Seat 1: vestimokrec (big blind) showed [Jd Jc] and won ($65.50) with a full house, Sevens full of Jacks
Seat 6: nokkie (button) (small blind) mucked


PokerStars Hand #176226276339:  Hold'em Limit ($3/$6 USD) - 2017/09/28 10:24:45 ET
Table 'Pele' 6-max Seat #6 is the button
Seat 1: vestimokrec ($240.99 in chips)
Seat 6: nokkie ($104.70 in chips)
nokkie: posts small blind $1
vestimokrec: posts big blind $3
*** HOLE CARDS ***
nokkie: folds
Uncalled bet ($2) returned to vestimokrec
vestimokrec collected $2 from pot
vestimokrec: doesn't show hand
*** SUMMARY ***
Total pot $2 | Rake $0
Seat 1: vestimokrec (big blind) collected ($2)
Seat 6: nokkie (button) (small blind) folded before Flop


PokerStars Hand #176226247845:  Hold'em Limit ($3/$6 USD) - 2017/09/28 10:23:52 ET
Table 'Pele' 6-max Seat #1 is the button
Seat 1: vestimokrec ($225.33 in chips)
Seat 6: nokkie ($61.60 in chips)
vestimokrec: posts small blind $1
nokkie: posts big blind $3
*** HOLE CARDS ***
vestimokrec: raises $3 to $6
nokkie: calls $3
*** FLOP *** [Ks Qc 2h]
nokkie: checks
vestimokrec: bets $3
nokkie: folds
Uncalled bet ($3) returned to vestimokrec
vestimokrec collected $11.76 from pot
vestimokrec: doesn't show hand
*** SUMMARY ***
Total pot $12 | Rake $0.24
Board [Ks Qc 2h]
Seat 1: vestimokrec (button) (small blind) collected ($11.76)
Seat 6: nokkie (big blind) folded on the Flop


PokerStars Hand #176226289049:  Hold'em Limit ($3/$6 USD) - 2017/09/28 10:25:09 ET
Table 'Pele' 6-max Seat #1 is the button
Seat 1: vestimokrec ($253.63 in chips)
Seat 6: nokkie ($91.70 in chips)
vestimokrec: posts small blind $1
nokkie: posts big blind $3
*** HOLE CARDS ***
vestimokrec: raises $3 to $6
nokkie: calls $3
*** FLOP *** [7c Kd 8d]
nokkie: checks
vestimokrec: bets $3
nokkie: folds
Uncalled bet ($3) returned to vestimokrec
vestimokrec collected $11.76 from pot
vestimokrec: doesn't show hand
*** SUMMARY ***
Total pot $12 | Rake $0.24
Board [7c Kd 8d]
Seat 1: vestimokrec (button) (small blind) collected ($11.76)
Seat 6: nokkie (big blind) folded on the Flop


PokerStars Hand #176226282889:  Hold'em Limit ($3/$6 USD) - 2017/09/28 10:24:58 ET
Table 'Pele' 6-max Seat #6 is the button
Seat 1: vestimokrec ($244.99 in chips)
Seat 6: nokkie ($100.70 in chips)
nokkie: posts small blind $1
vestimokrec: posts big blind $3
*** HOLE CARDS ***
nokkie: raises $3 to $6
vestimokrec: raises $3 to $9
nokkie: calls $3
*** FLOP *** [4h Qs 7h]
vestimokrec: bets $3
nokkie: folds
Uncalled bet ($3) returned to vestimokrec
vestimokrec collected $17.64 from pot
vestimokrec: doesn't show hand
*** SUMMARY ***
Total pot $18 | Rake $0.36
Board [4h Qs 7h]
Seat 1: vestimokrec (big blind) collected ($17.64)
Seat 6: nokkie (button) (small blind) folded on the Flop


PokerStars Hand #176226305212:  Hold'em Limit ($3/$6 USD) - 2017/09/28 10:25:39 ET
Table 'Pele' 6-max Seat #1 is the button
Seat 1: vestimokrec ($253.39 in chips)
Seat 6: nokkie ($91.46 in chips)
vestimokrec: posts small blind $1
nokkie: posts big blind $3
*** HOLE CARDS ***
vestimokrec: raises $3 to $6
nokkie: calls $3
*** FLOP *** [Kh Ac Qc]
nokkie: checks
vestimokrec: bets $3
nokkie: calls $3
*** TURN *** [Kh Ac Qc] [5h]
nokkie: checks
vestimokrec: checks
*** RIVER *** [Kh Ac Qc 5h] [6c]
nokkie: checks
vestimokrec: checks
*** SHOW DOWN ***
nokkie: shows [Ts 4d] (high card Ace)
vestimokrec: mucks hand
nokkie collected $17.64 from pot
*** SUMMARY ***
Total pot $18 | Rake $0.36
Board [Kh Ac Qc 5h 6c]
Seat 1: vestimokrec (button) (small blind) mucked
Seat 6: nokkie (big blind) showed [Ts 4d] and won ($17.64) with high card Ace


PokerStars Hand #176226297869:  Hold'em Limit ($3/$6 USD) - 2017/09/28 10:25:25 ET
Table 'Pele' 6-max Seat #6 is the button
Seat 1: vestimokrec ($259.39 in chips)
Seat 6: nokkie ($85.70 in chips)
nokkie: posts small blind $1
vestimokrec: posts big blind $3
*** HOLE CARDS ***
nokkie: raises $3 to $6
vestimokrec: calls $3
*** FLOP *** [6s Jh Qc]
vestimokrec: checks
nokkie: checks
*** TURN *** [6s Jh Qc] [5d]
vestimokrec: checks
nokkie: bets $6
vestimokrec: folds
Uncalled bet ($6) returned to nokkie
nokkie collected $11.76 from pot
nokkie: doesn't show hand
*** SUMMARY ***
Total pot $12 | Rake $0.24
Board [6s Jh Qc 5d]
Seat 1: vestimokrec (big blind) folded on the Turn
Seat 6: nokkie (button) (small blind) collected ($11.76)


PokerStars Hand #176226280070:  Hold'em Limit ($3/$6 USD) - 2017/09/28 10:24:52 ET
Table 'Pele' 6-max Seat #1 is the button
Seat 1: vestimokrec ($241.99 in chips)
Seat 6: nokkie ($103.70 in chips)
vestimokrec: posts small blind $1
nokkie: posts big blind $3
*** HOLE CARDS ***
vestimokrec: raises $3 to $6
nokkie: folds
Uncalled bet ($3) returned to vestimokrec
vestimokrec collected $6 from pot
vestimokrec: doesn't show hand
*** SUMMARY ***
Total pot $6 | Rake $0
Seat 1: vestimokrec (button) (small blind) collected ($6)
Seat 6: nokkie (big blind) folded before Flop


PokerStars Hand #176226337731:  Hold'em Limit ($3/$6 USD) - 2017/09/28 10:26:39 ET
Table 'Pele' 6-max Seat #6 is the button
Seat 1: vestimokrec ($268.89 in chips)
Seat 6: nokkie ($75.10 in chips)
nokkie: posts small blind $1
vestimokrec: posts big blind $3
*** HOLE CARDS ***
nokkie: folds
Uncalled bet ($2) returned to vestimokrec
vestimokrec collected $2 from pot
vestimokrec: doesn't show hand
*** SUMMARY ***
Total pot $2 | Rake $0
Seat 1: vestimokrec (big blind) collected ($2)
Seat 6: nokkie (button) (small blind) folded before Flop


PokerStars Hand #176226317411:  Hold'em Limit ($3/$6 USD) - 2017/09/28 10:26:02 ET
Table 'Pele' 6-max Seat #1 is the button
Seat 1: vestimokrec ($245.39 in chips)
Seat 6: nokkie ($99.10 in chips)
vestimokrec: posts small blind $1
nokkie: posts big blind $3
*** HOLE CARDS ***
vestimokrec: raises $3 to $6
nokkie: raises $3 to $9
vestimokrec: calls $3
*** FLOP *** [7s 2c Ts]
nokkie: bets $3
vestimokrec: calls $3
*** TURN *** [7s 2c Ts] [Kh]
nokkie: bets $6
vestimokrec: calls $6
*** RIVER *** [7s 2c Ts Kh] [Qs]
nokkie: bets $6
vestimokrec: raises $6 to $12
nokkie: folds
Uncalled bet ($6) returned to vestimokrec
vestimokrec collected $47.50 from pot
vestimokrec: doesn't show hand
*** SUMMARY ***
Total pot $48 | Rake $0.50
Board [7s 2c Ts Kh Qs]
Seat 1: vestimokrec (button) (small blind) collected ($47.50)
Seat 6: nokkie (big blind) folded on the River


PokerStars Hand #176226314618:  Hold'em Limit ($3/$6 USD) - 2017/09/28 10:25:57 ET
Table 'Pele' 6-max Seat #6 is the button
Seat 1: vestimokrec ($244.39 in chips)
Seat 6: nokkie ($100.10 in chips)
nokkie: posts small blind $1
vestimokrec: posts big blind $3
*** HOLE CARDS ***
nokkie: folds
Uncalled bet ($2) returned to vestimokrec
vestimokrec collected $2 from pot
vestimokrec: doesn't show hand
*** SUMMARY ***
Total pot $2 | Rake $0
Seat 1: vestimokrec (big blind) collected ($2)
Seat 6: nokkie (button) (small blind) folded before Flop


PokerStars Hand #176226360022:  Hold'em Limit ($3/$6 USD) - 2017/09/28 10:27:20 ET
Table 'Pele' 6-max Seat #1 is the button
Seat 1: vestimokrec ($294.39 in chips)
Seat 6: nokkie ($49.10 in chips)
vestimokrec: posts small blind $1
nokkie: posts big blind $3
*** HOLE CARDS ***
vestimokrec: raises $3 to $6
nokkie: calls $3
*** FLOP *** [Kh 4c 7d]
nokkie: checks
vestimokrec: checks
*** TURN *** [Kh 4c 7d] [6s]
nokkie: bets $6
vestimokrec: calls $6
*** RIVER *** [Kh 4c 7d 6s] [6d]
nokkie: checks
vestimokrec: bets $6
nokkie: calls $6
*** SHOW DOWN ***
vestimokrec: shows [6c Ac] (three of a kind, Sixes)
nokkie: mucks hand
vestimokrec collected $35.50 from pot
*** SUMMARY ***
Total pot $36 | Rake $0.50
Board [Kh 4c 7d 6s 6d]
Seat 1: vestimokrec (button) (small blind) showed [6c Ac] and won ($35.50) with three of a kind, Sixes
Seat 6: nokkie (big blind) mucked


PokerStars Hand #176226356743:  Hold'em Limit ($3/$6 USD) - 2017/09/28 10:27:14 ET
Table 'Pele' 6-max Seat #6 is the button
Seat 1: vestimokrec ($293.39 in chips)
Seat 6: nokkie ($50.10 in chips)
nokkie: posts small blind $1
vestimokrec: posts big blind $3
*** HOLE CARDS ***
nokkie: folds
Uncalled bet ($2) returned to vestimokrec
vestimokrec collected $2 from pot
vestimokrec: doesn't show hand
*** SUMMARY ***
Total pot $2 | Rake $0
Seat 1: vestimokrec (big blind) collected ($2)
Seat 6: nokkie (button) (small blind) folded before Flop


PokerStars Hand #176226400990:  Hold'em Limit ($3/$6 USD) - 2017/09/28 10:28:36 ET
Table 'Pele' 6-max Seat #6 is the button
Seat 1: vestimokrec ($317.47 in chips)
Seat 6: nokkie ($24.92 in chips)
nokkie: posts small blind $1
vestimokrec: posts big blind $3
*** HOLE CARDS ***
nokkie: folds
Uncalled bet ($2) returned to vestimokrec
vestimokrec collected $2 from pot
vestimokrec: doesn't show hand
*** SUMMARY ***
Total pot $2 | Rake $0
Seat 1: vestimokrec (big blind) collected ($2)
Seat 6: nokkie (button) (small blind) folded before Flop


PokerStars Hand #176226393407:  Hold'em Limit ($3/$6 USD) - 2017/09/28 10:28:22 ET
Table 'Pele' 6-max Seat #1 is the button
Seat 1: vestimokrec ($311.71 in chips)
Seat 6: nokkie ($30.92 in chips)
vestimokrec: posts small blind $1
nokkie: posts big blind $3
*** HOLE CARDS ***
vestimokrec: raises $3 to $6
nokkie: calls $3
*** FLOP *** [5s Th Qc]
nokkie: checks
vestimokrec: bets $3
nokkie: folds
Uncalled bet ($3) returned to vestimokrec
vestimokrec collected $11.76 from pot
vestimokrec: doesn't show hand
*** SUMMARY ***
Total pot $12 | Rake $0.24
Board [5s Th Qc]
Seat 1: vestimokrec (button) (small blind) collected ($11.76)
Seat 6: nokkie (big blind) folded on the Flop


PokerStars Hand #176226372453:  Hold'em Limit ($3/$6 USD) - 2017/09/28 10:27:43 ET
Table 'Pele' 6-max Seat #6 is the button
Seat 1: vestimokrec ($311.89 in chips)
Seat 6: nokkie ($31.10 in chips)
nokkie: posts small blind $1
vestimokrec: posts big blind $3
*** HOLE CARDS ***
nokkie: raises $3 to $6
vestimokrec: calls $3
*** FLOP *** [Kd Qd Ts]
vestimokrec: checks
nokkie: bets $3
vestimokrec: calls $3
*** TURN *** [Kd Qd Ts] [Jc]
vestimokrec: checks
nokkie: checks
*** RIVER *** [Kd Qd Ts Jc] [3d]
vestimokrec: checks
nokkie: checks
*** SHOW DOWN ***
vestimokrec: shows [8d Tc] (a pair of Tens)
nokkie: shows [Td 8c] (a pair of Tens)
vestimokrec collected $8.82 from pot
nokkie collected $8.82 from pot
*** SUMMARY ***
Total pot $18 | Rake $0.36
Board [Kd Qd Ts Jc 3d]
Seat 1: vestimokrec (big blind) showed [8d Tc] and won ($8.82) with a pair of Tens
Seat 6: nokkie (button) (small blind) showed [Td 8c] and won ($8.82) with a pair of Tens


PokerStars Hand #176226416739:  Hold'em Limit ($3/$6 USD) - 2017/09/28 10:29:06 ET
Table 'Pele' 6-max Seat #6 is the button
Seat 1: vestimokrec ($309.47 in chips)
Seat 6: nokkie ($32.56 in chips)
nokkie: posts small blind $1
vestimokrec: posts big blind $3
*** HOLE CARDS ***
nokkie: raises $3 to $6
vestimokrec: folds
Uncalled bet ($3) returned to nokkie
nokkie collected $6 from pot
nokkie: doesn't show hand
*** SUMMARY ***
Total pot $6 | Rake $0
Seat 1: vestimokrec (big blind) folded before Flop
Seat 6: nokkie (button) (small blind) collected ($6)


PokerStars Hand #176226426059:  Hold'em Limit ($3/$6 USD) - 2017/09/28 10:29:24 ET
Table 'Pele' 6-max Seat #6 is the button
Seat 1: vestimokrec ($309.47 in chips)
Seat 6: nokkie ($32.56 in chips)
nokkie: posts small blind $1
vestimokrec: posts big blind $3
*** HOLE CARDS ***
nokkie: raises $3 to $6
vestimokrec: calls $3
*** FLOP *** [Td Jc Qd]
vestimokrec: checks
nokkie: checks
*** TURN *** [Td Jc Qd] [3c]
vestimokrec: checks
nokkie: bets $6
vestimokrec: calls $6
*** RIVER *** [Td Jc Qd 3c] [5d]
vestimokrec: checks
nokkie: checks
*** SHOW DOWN ***
vestimokrec: shows [2h Jd] (a pair of Jacks)
nokkie: mucks hand
vestimokrec collected $23.52 from pot
*** SUMMARY ***
Total pot $24 | Rake $0.48
Board [Td Jc Qd 3c 5d]
Seat 1: vestimokrec (big blind) showed [2h Jd] and won ($23.52) with a pair of Jacks
Seat 6: nokkie (button) (small blind) mucked


PokerStars Hand #176226403284:  Hold'em Limit ($3/$6 USD) - 2017/09/28 10:28:41 ET
Table 'Pele' 6-max Seat #1 is the button
Seat 1: vestimokrec ($318.47 in chips)
Seat 6: nokkie ($23.92 in chips)
vestimokrec: posts small blind $1
nokkie: posts big blind $3
*** HOLE CARDS ***
vestimokrec: raises $3 to $6
nokkie: calls $3
*** FLOP *** [Td Ad Qc]
nokkie: checks
vestimokrec: bets $3
nokkie: calls $3
*** TURN *** [Td Ad Qc] [3c]
nokkie: checks
vestimokrec: checks
*** RIVER *** [Td Ad Qc 3c] [9c]
nokkie: checks
vestimokrec: checks
*** SHOW DOWN ***
nokkie: shows [Kh 3h] (a pair of Threes)
vestimokrec: mucks hand
nokkie collected $17.64 from pot
*** SUMMARY ***
Total pot $18 | Rake $0.36
Board [Td Ad Qc 3c 9c]
Seat 1: vestimokrec (button) (small blind) mucked
Seat 6: nokkie (big blind) showed [Kh 3h] and won ($17.64) with a pair of Threes


PokerStars Hand #176226423018:  Hold'em Limit ($3/$6 USD) - 2017/09/28 10:29:18 ET
Table 'Pele' 6-max Seat #1 is the button
Seat 1: vestimokrec ($306.47 in chips)
Seat 6: nokkie ($35.56 in chips)
vestimokrec: posts small blind $1
nokkie: posts big blind $3
*** HOLE CARDS ***
vestimokrec: raises $3 to $6
nokkie: folds
Uncalled bet ($3) returned to vestimokrec
vestimokrec collected $6 from pot
vestimokrec: doesn't show hand
*** SUMMARY ***
Total pot $6 | Rake $0
Seat 1: vestimokrec (button) (small blind) collected ($6)
Seat 6: nokkie (big blind) folded before Flop


PokerStars Hand #176226450823:  Hold'em Limit ($3/$6 USD) - 2017/09/28 10:30:10 ET
Table 'Pele' 6-max Seat #6 is the button
Seat 1: vestimokrec ($308.99 in chips)
Seat 6: nokkie ($32.08 in chips)
nokkie: posts small blind $1
vestimokrec: posts big blind $3
*** HOLE CARDS ***
nokkie: folds
Uncalled bet ($2) returned to vestimokrec
vestimokrec collected $2 from pot
vestimokrec: doesn't show hand
*** SUMMARY ***
Total pot $2 | Rake $0
Seat 1: vestimokrec (big blind) collected ($2)
Seat 6: nokkie (button) (small blind) folded before Flop


PokerStars Hand #176226437363:  Hold'em Limit ($3/$6 USD) - 2017/09/28 10:29:45 ET
Table 'Pele' 6-max Seat #1 is the button
Seat 1: vestimokrec ($320.99 in chips)
Seat 6: nokkie ($20.56 in chips)
vestimokrec: posts small blind $1
nokkie: posts big blind $3
*** HOLE CARDS ***
vestimokrec: raises $3 to $6
nokkie: calls $3
*** FLOP *** [9d 6s 2c]
nokkie: checks
vestimokrec: checks
*** TURN *** [9d 6s 2c] [Ac]
nokkie: bets $6
vestimokrec: calls $6
*** RIVER *** [9d 6s 2c Ac] [8s]
nokkie: bets $6
vestimokrec: folds
Uncalled bet ($6) returned to nokkie
nokkie collected $23.52 from pot
nokkie: doesn't show hand
*** SUMMARY ***
Total pot $24 | Rake $0.48
Board [9d 6s 2c Ac 8s]
Seat 1: vestimokrec (button) (small blind) folded on the River
Seat 6: nokkie (big blind) collected ($23.52)


PokerStars Hand #176226453247:  Hold'em Limit ($3/$6 USD) - 2017/09/28 10:30:15 ET
Table 'Pele' 6-max Seat #1 is the button
Seat 1: vestimokrec ($309.99 in chips)
Seat 6: nokkie ($31.08 in chips)
vestimokrec: posts small blind $1
nokkie: posts big blind $3
*** HOLE CARDS ***
vestimokrec: raises $3 to $6
nokkie: raises $3 to $9
vestimokrec: calls $3
*** FLOP *** [Ad Ah 8s]
nokkie: bets $3
vestimokrec: calls $3
*** TURN *** [Ad Ah 8s] [6c]
nokkie: bets $6
vestimokrec: calls $6
*** RIVER *** [Ad Ah 8s 6c] [Ks]
nokkie: bets $6
vestimokrec: raises $6 to $12
nokkie: calls $6
*** SHOW DOWN ***
vestimokrec: shows [Ac 3s] (three of a kind, Aces)
nokkie: mucks hand
vestimokrec collected $59.50 from pot
*** SUMMARY ***
Total pot $60 | Rake $0.50
Board [Ad Ah 8s 6c Ks]
Seat 1: vestimokrec (button) (small blind) showed [Ac 3s] and won ($59.50) with three of a kind, Aces
Seat 6: nokkie (big blind) mucked


PokerStars Hand #176226491588:  Hold'em Limit ($3/$6 USD) - 2017/09/28 10:31:26 ET
Table 'Pele' 6-max Seat #1 is the button
Seat 1: vestimokrec ($351.01 in chips)
Seat 6: nokkie ($49.08 in chips)
vestimokrec: posts small blind $1
nokkie: posts big blind $3
*** HOLE CARDS ***
vestimokrec: raises $3 to $6
nokkie: calls $3
*** FLOP *** [Qh 4h 7d]
nokkie: checks
vestimokrec: bets $3
nokkie: calls $3
*** TURN *** [Qh 4h 7d] [6d]
nokkie: checks
vestimokrec: checks
*** RIVER *** [Qh 4h 7d 6d] [3d]
nokkie: checks
vestimokrec: checks
*** SHOW DOWN ***
nokkie: shows [Js 4s] (a pair of Fours)
vestimokrec: mucks hand
nokkie collected $17.64 from pot
*** SUMMARY ***
Total pot $18 | Rake $0.36
Board [Qh 4h 7d 6d 3d]
Seat 1: vestimokrec (button) (small blind) mucked
Seat 6: nokkie (big blind) showed [Js 4s] and won ($17.64) with a pair of Fours


PokerStars Hand #176226476441:  Hold'em Limit ($3/$6 USD) - 2017/09/28 10:30:58 ET
Table 'Pele' 6-max Seat #6 is the button
Seat 1: vestimokrec ($339.49 in chips)
Seat 6: nokkie ($61.08 in chips)
nokkie: posts small blind $1
vestimokrec: posts big blind $3
*** HOLE CARDS ***
nokkie: raises $3 to $6
vestimokrec: calls $3
*** FLOP *** [9h 3s 4c]
vestimokrec: checks
nokkie: checks
*** TURN *** [9h 3s 4c] [Kc]
vestimokrec: checks
nokkie: bets $6
vestimokrec: raises $6 to $12
nokkie: folds
Uncalled bet ($6) returned to vestimokrec
vestimokrec collected $23.52 from pot
vestimokrec: doesn't show hand
*** SUMMARY ***
Total pot $24 | Rake $0.48
Board [9h 3s 4c Kc]
Seat 1: vestimokrec (big blind) collected ($23.52)
Seat 6: nokkie (button) (small blind) folded on the Turn


PokerStars Hand #176226515496:  Hold'em Limit ($3/$6 USD) - 2017/09/28 10:32:10 ET
Table 'Pele' 6-max Seat #6 is the button
Seat 1: vestimokrec ($356.53 in chips)
Seat 6: nokkie ($42.72 in chips)
nokkie: posts small blind $1
vestimokrec: posts big blind $3
*** HOLE CARDS ***
nokkie: raises $3 to $6
vestimokrec: calls $3
*** FLOP *** [2d Qc 9c]
vestimokrec: checks
nokkie: bets $3
vestimokrec: calls $3
*** TURN *** [2d Qc 9c] [As]
vestimokrec: checks
nokkie: bets $6
vestimokrec: calls $6
*** RIVER *** [2d Qc 9c As] [Ah]
vestimokrec: checks
nokkie: checks
*** SHOW DOWN ***
vestimokrec: shows [2s Kc] (two pair, Aces and Deuces)
nokkie: shows [9h 7s] (two pair, Aces and Nines)
nokkie collected $29.50 from pot
*** SUMMARY ***
Total pot $30 | Rake $0.50
Board [2d Qc 9c As Ah]
Seat 1: vestimokrec (big blind) showed [2s Kc] and lost with two pair, Aces and Deuces
Seat 6: nokkie (button) (small blind) showed [9h 7s] and won ($29.50) with two pair, Aces and Nines


PokerStars Hand #176226501659:  Hold'em Limit ($3/$6 USD) - 2017/09/28 10:31:44 ET
Table 'Pele' 6-max Seat #6 is the button
Seat 1: vestimokrec ($342.01 in chips)
Seat 6: nokkie ($57.72 in chips)
nokkie: posts small blind $1
vestimokrec: posts big blind $3
*** HOLE CARDS ***
nokkie: raises $3 to $6
vestimokrec: calls $3
*** FLOP *** [Js Qh 8d]
vestimokrec: checks
nokkie: checks
*** TURN *** [Js Qh 8d] [9s]
vestimokrec: checks
nokkie: bets $6
vestimokrec: calls $6
*** RIVER *** [Js Qh 8d 9s] [5h]
vestimokrec: checks
nokkie: checks
*** SHOW DOWN ***
vestimokrec: shows [4s 9c] (a pair of Nines)
nokkie: mucks hand
vestimokrec collected $23.52 from pot
*** SUMMARY ***
Total pot $24 | Rake $0.48
Board [Js Qh 8d 9s 5h]
Seat 1: vestimokrec (big blind) showed [4s 9c] and won ($23.52) with a pair of Nines
Seat 6: nokkie (button) (small blind) mucked


PokerStars Hand #176226512521:  Hold'em Limit ($3/$6 USD) - 2017/09/28 10:32:04 ET
Table 'Pele' 6-max Seat #1 is the button
Seat 1: vestimokrec ($353.53 in chips)
Seat 6: nokkie ($45.72 in chips)
vestimokrec: posts small blind $1
nokkie: posts big blind $3
*** HOLE CARDS ***
vestimokrec: raises $3 to $6
nokkie: folds
Uncalled bet ($3) returned to vestimokrec
vestimokrec collected $6 from pot
vestimokrec: doesn't show hand
*** SUMMARY ***
Total pot $6 | Rake $0
Seat 1: vestimokrec (button) (small blind) collected ($6)
Seat 6: nokkie (big blind) folded before Flop


PokerStars Hand #176226528653:  Hold'em Limit ($3/$6 USD) - 2017/09/28 10:32:34 ET
Table 'Pele' 6-max Seat #1 is the button
Seat 1: vestimokrec ($341.53 in chips)
Seat 6: nokkie ($57.22 in chips)
vestimokrec: posts small blind $1
nokkie: posts big blind $3
*** HOLE CARDS ***
vestimokrec: raises $3 to $6
nokkie: calls $3
*** FLOP *** [Qd 3h 9c]
nokkie: checks
vestimokrec: bets $3
nokkie: folds
Uncalled bet ($3) returned to vestimokrec
vestimokrec collected $11.76 from pot
vestimokrec: doesn't show hand
*** SUMMARY ***
Total pot $12 | Rake $0.24
Board [Qd 3h 9c]
Seat 1: vestimokrec (button) (small blind) collected ($11.76)
Seat 6: nokkie (big blind) folded on the Flop


PokerStars Hand #176226542193:  Hold'em Limit ($3/$6 USD) - 2017/09/28 10:32:59 ET
Table 'Pele' 6-max Seat #6 is the button
Seat 1: vestimokrec ($347.29 in chips)
Seat 6: nokkie ($51.22 in chips)
nokkie: posts small blind $1
vestimokrec: posts big blind $3
*** HOLE CARDS ***
nokkie: raises $3 to $6
vestimokrec: calls $3
*** FLOP *** [Qc Qd 2d]
vestimokrec: checks
nokkie: checks
*** TURN *** [Qc Qd 2d] [Th]
vestimokrec: checks
nokkie: bets $6
vestimokrec: calls $6
*** RIVER *** [Qc Qd 2d Th] [4h]
vestimokrec: checks
nokkie: bets $6
vestimokrec: calls $6
*** SHOW DOWN ***
nokkie: shows [8h Ts] (two pair, Queens and Tens)
vestimokrec: mucks hand
nokkie collected $35.50 from pot
*** SUMMARY ***
Total pot $36 | Rake $0.50
Board [Qc Qd 2d Th 4h]
Seat 1: vestimokrec (big blind) mucked
Seat 6: nokkie (button) (small blind) showed [8h Ts] and won ($35.50) with two pair, Queens and Tens


PokerStars Hand #176226563555:  Hold'em Limit ($3/$6 USD) - 2017/09/28 10:33:39 ET
Table 'Pele' 6-max Seat #1 is the button
Seat 1: vestimokrec ($329.29 in chips)
Seat 6: nokkie ($68.72 in chips)
vestimokrec: posts small blind $1
nokkie: posts big blind $3
*** HOLE CARDS ***
vestimokrec: raises $3 to $6
nokkie: folds
Uncalled bet ($3) returned to vestimokrec
vestimokrec collected $6 from pot
vestimokrec: doesn't show hand
*** SUMMARY ***
Total pot $6 | Rake $0
Seat 1: vestimokrec (button) (small blind) collected ($6)
Seat 6: nokkie (big blind) folded before Flop


PokerStars Hand #176226588280:  Hold'em Limit ($3/$6 USD) - 2017/09/28 10:34:24 ET
Table 'Pele' 6-max Seat #6 is the button
Seat 1: vestimokrec ($346.69 in chips)
Seat 6: nokkie ($50.72 in chips)
nokkie: posts small blind $1
vestimokrec: posts big blind $3
*** HOLE CARDS ***
nokkie: raises $3 to $6
vestimokrec: raises $3 to $9
nokkie: calls $3
*** FLOP *** [Qh 8d Kd]
vestimokrec: bets $3
nokkie: folds
Uncalled bet ($3) returned to vestimokrec
vestimokrec collected $17.64 from pot
vestimokrec: doesn't show hand
*** SUMMARY ***
Total pot $18 | Rake $0.36
Board [Qh 8d Kd]
Seat 1: vestimokrec (big blind) collected ($17.64)
Seat 6: nokkie (button) (small blind) folded on the Flop


PokerStars Hand #176226566626:  Hold'em Limit ($3/$6 USD) - 2017/09/28 10:33:44 ET
Table 'Pele' 6-max Seat #6 is the button
Seat 1: vestimokrec ($332.29 in chips)
Seat 6: nokkie ($65.72 in chips)
nokkie: posts small blind $1
vestimokrec: posts big blind $3
*** HOLE CARDS ***
nokkie: raises $3 to $6
vestimokrec: calls $3
*** FLOP *** [7c 3h 2d]
vestimokrec: checks
nokkie: bets $3
vestimokrec: calls $3
*** TURN *** [7c 3h 2d] [7d]
vestimokrec: checks
nokkie: checks
*** RIVER *** [7c 3h 2d 7d] [Ts]
vestimokrec: bets $6
nokkie: folds
Uncalled bet ($6) returned to vestimokrec
vestimokrec collected $17.64 from pot
vestimokrec: doesn't show hand
*** SUMMARY ***
Total pot $18 | Rake $0.36
Board [7c 3h 2d 7d Ts]
Seat 1: vestimokrec (big blind) collected ($17.64)
Seat 6: nokkie (button) (small blind) folded on the River


PokerStars Hand #176226582361:  Hold'em Limit ($3/$6 USD) - 2017/09/28 10:34:13 ET
Table 'Pele' 6-max Seat #1 is the button
Seat 1: vestimokrec ($340.93 in chips)
Seat 6: nokkie ($56.72 in chips)
vestimokrec: posts small blind $1
nokkie: posts big blind $3
*** HOLE CARDS ***
vestimokrec: raises $3 to $6
nokkie: calls $3
*** FLOP *** [As 4h 2c]
nokkie: checks
vestimokrec: bets $3
nokkie: folds
Uncalled bet ($3) returned to vestimokrec
vestimokrec collected $11.76 from pot
vestimokrec: doesn't show hand
*** SUMMARY ***
Total pot $12 | Rake $0.24
Board [As 4h 2c]
Seat 1: vestimokrec (button) (small blind) collected ($11.76)
Seat 6: nokkie (big blind) folded on the Flop


PokerStars Hand #176226623878:  Hold'em Limit ($3/$6 USD) - 2017/09/28 10:35:30 ET
Table 'Pele' 6-max Seat #6 is the button
Seat 1: vestimokrec ($328.33 in chips)
Seat 6: nokkie ($67.74 in chips)
nokkie: posts small blind $1
vestimokrec: posts big blind $3
*** HOLE CARDS ***
nokkie: folds
Uncalled bet ($2) returned to vestimokrec
awn94 joins the table at seat #4
vestimokrec collected $2 from pot
vestimokrec: doesn't show hand
*** SUMMARY ***
Total pot $2 | Rake $0
Seat 1: vestimokrec (big blind) collected ($2)
Seat 6: nokkie (button) (small blind) folded before Flop


PokerStars Hand #176226593536:  Hold'em Limit ($3/$6 USD) - 2017/09/28 10:34:34 ET
Table 'Pele' 6-max Seat #1 is the button
Seat 1: vestimokrec ($355.33 in chips)
Seat 6: nokkie ($41.72 in chips)
vestimokrec: posts small blind $1
nokkie: posts big blind $3
*** HOLE CARDS ***
vestimokrec: raises $3 to $6
nokkie: raises $3 to $9
vestimokrec: calls $3
*** FLOP *** [Ad 9s Kc]
nokkie: bets $3
vestimokrec: calls $3
*** TURN *** [Ad 9s Kc] [Jd]
nokkie: bets $6
vestimokrec: folds
Uncalled bet ($6) returned to nokkie
nokkie collected $23.52 from pot
nokkie: doesn't show hand
*** SUMMARY ***
Total pot $24 | Rake $0.48
Board [Ad 9s Kc Jd]
Seat 1: vestimokrec (button) (small blind) folded on the Turn
Seat 6: nokkie (big blind) collected ($23.52)


PokerStars Hand #176226618869:  Hold'em Limit ($3/$6 USD) - 2017/09/28 10:35:21 ET
Table 'Pele' 6-max Seat #1 is the button
Seat 1: vestimokrec ($325.33 in chips)
Seat 6: nokkie ($70.74 in chips)
vestimokrec: posts small blind $1
nokkie: posts big blind $3
*** HOLE CARDS ***
vestimokrec: raises $3 to $6
nokkie: folds
Uncalled bet ($3) returned to vestimokrec
vestimokrec collected $6 from pot
vestimokrec: doesn't show hand
*** SUMMARY ***
Total pot $6 | Rake $0
Seat 1: vestimokrec (button) (small blind) collected ($6)
Seat 6: nokkie (big blind) folded before Flop


PokerStars Hand #176226607970:  Hold'em Limit ($3/$6 USD) - 2017/09/28 10:35:01 ET
Table 'Pele' 6-max Seat #6 is the button
Seat 1: vestimokrec ($343.33 in chips)
Seat 6: nokkie ($53.24 in chips)
nokkie: posts small blind $1
vestimokrec: posts big blind $3
*** HOLE CARDS ***
nokkie: raises $3 to $6
vestimokrec: calls $3
*** FLOP *** [Jd Ks 2s]
vestimokrec: checks
nokkie: checks
*** TURN *** [Jd Ks 2s] [2h]
vestimokrec: bets $6
nokkie: calls $6
*** RIVER *** [Jd Ks 2s 2h] [Qs]
vestimokrec: bets $6
nokkie: calls $6
*** SHOW DOWN ***
vestimokrec: shows [8c 6d] (a pair of Deuces)
nokkie: shows [Ac 9s] (a pair of Deuces - Ace kicker)
nokkie collected $35.50 from pot
*** SUMMARY ***
Total pot $36 | Rake $0.50
Board [Jd Ks 2s 2h Qs]
Seat 1: vestimokrec (big blind) showed [8c 6d] and lost with a pair of Deuces
Seat 6: nokkie (button) (small blind) showed [Ac 9s] and won ($35.50) with a pair of Deuces


PokerStars Hand #176226711485:  Hold'em Limit ($3/$6 USD) - 2017/09/28 10:38:11 ET
Table 'Pele' 6-max Seat #6 is the button
Seat 1: vestimokrec ($322.29 in chips)
Seat 6: nokkie ($55.89 in chips)
nokkie: posts small blind $1
vestimokrec: posts big blind $3
*** HOLE CARDS ***
nokkie: folds
Uncalled bet ($2) returned to vestimokrec
vestimokrec collected $2 from pot
vestimokrec: doesn't show hand
*** SUMMARY ***
Total pot $2 | Rake $0
Seat 1: vestimokrec (big blind) collected ($2)
Seat 6: nokkie (button) (small blind) folded before Flop


PokerStars Hand #176226699837:  Hold'em Limit ($3/$6 USD) - 2017/09/28 10:37:50 ET
Table 'Pele' 6-max Seat #1 is the button
Seat 1: vestimokrec ($298.79 in chips)
Seat 6: nokkie ($79.89 in chips)
vestimokrec: posts small blind $1
awn94: is sitting out
nokkie: posts big blind $3
*** HOLE CARDS ***
vestimokrec: raises $3 to $6
nokkie: raises $3 to $9
awn94 leaves the table
vestimokrec: calls $3
*** FLOP *** [5c Kh 5h]
nokkie: bets $3
vestimokrec: calls $3
*** TURN *** [5c Kh 5h] [4d]
nokkie: bets $6
vestimokrec: calls $6
*** RIVER *** [5c Kh 5h 4d] [Js]
nokkie: checks
vestimokrec: bets $6
nokkie: calls $6
*** SHOW DOWN ***
vestimokrec: shows [Jd 5d] (a full house, Fives full of Jacks)
nokkie: mucks hand
vestimokrec collected $47.50 from pot
*** SUMMARY ***
Total pot $48 | Rake $0.50
Board [5c Kh 5h 4d Js]
Seat 1: vestimokrec (button) (small blind) showed [Jd 5d] and won ($47.50) with a full house, Fives full of Jacks
Seat 6: nokkie (big blind) mucked


PokerStars Hand #176226713945:  Hold'em Limit ($3/$6 USD) - 2017/09/28 10:38:16 ET
Table 'Pele' 6-max Seat #1 is the button
Seat 1: vestimokrec ($323.29 in chips)
Seat 6: nokkie ($54.89 in chips)
vestimokrec: posts small blind $1
nokkie: posts big blind $3
*** HOLE CARDS ***
vestimokrec: raises $3 to $6
nokkie: calls $3
*** FLOP *** [Qc As 3h]
nokkie: checks
vestimokrec: bets $3
nokkie: calls $3
*** TURN *** [Qc As 3h] [Jd]
nokkie: checks
vestimokrec: checks
*** RIVER *** [Qc As 3h Jd] [Jh]
nokkie: bets $6
vestimokrec: folds
Uncalled bet ($6) returned to nokkie
nokkie collected $17.64 from pot
nokkie: doesn't show hand
*** SUMMARY ***
Total pot $18 | Rake $0.36
Board [Qc As 3h Jd Jh]
Seat 1: vestimokrec (button) (small blind) folded on the River
Seat 6: nokkie (big blind) collected ($17.64)


PokerStars Hand #176226735228:  Hold'em Limit ($3/$6 USD) - 2017/09/28 10:38:55 ET
Table 'Pele' 6-max Seat #1 is the button
Seat 1: vestimokrec ($343.79 in chips)
Seat 6: nokkie ($33.53 in chips)
vestimokrec: posts small blind $1
nokkie: posts big blind $3
*** HOLE CARDS ***
vestimokrec: raises $3 to $6
nokkie: calls $3
*** FLOP *** [3d Kd 6d]
nokkie: checks
vestimokrec: bets $3
nokkie: folds
Uncalled bet ($3) returned to vestimokrec
vestimokrec collected $11.76 from pot
vestimokrec: doesn't show hand
*** SUMMARY ***
Total pot $12 | Rake $0.24
Board [3d Kd 6d]
Seat 1: vestimokrec (button) (small blind) collected ($11.76)
Seat 6: nokkie (big blind) folded on the Flop


PokerStars Hand #176226741025:  Hold'em Limit ($3/$6 USD) - 2017/09/28 10:39:06 ET
Table 'Pele' 6-max Seat #6 is the button
Seat 1: vestimokrec ($349.55 in chips)
Seat 6: nokkie ($27.53 in chips)
nokkie: posts small blind $1
vestimokrec: posts big blind $3
*** HOLE CARDS ***
nokkie: raises $3 to $6
vestimokrec: calls $3
*** FLOP *** [Qs 7c Ks]
vestimokrec: checks
nokkie: bets $3
vestimokrec: folds
Uncalled bet ($3) returned to nokkie
nokkie collected $11.76 from pot
nokkie: doesn't show hand
*** SUMMARY ***
Total pot $12 | Rake $0.24
Board [Qs 7c Ks]
Seat 1: vestimokrec (big blind) folded on the Flop
Seat 6: nokkie (button) (small blind) collected ($11.76)


PokerStars Hand #176226724240:  Hold'em Limit ($3/$6 USD) - 2017/09/28 10:38:35 ET
Table 'Pele' 6-max Seat #6 is the button
Seat 1: vestimokrec ($314.29 in chips)
Seat 6: nokkie ($63.53 in chips)
nokkie: posts small blind $1
vestimokrec: posts big blind $3
*** HOLE CARDS ***
nokkie: raises $3 to $6
vestimokrec: calls $3
*** FLOP *** [4s 3s 2d]
vestimokrec: checks
nokkie: bets $3
vestimokrec: raises $3 to $6
nokkie: raises $3 to $9
vestimokrec: raises $3 to $12
Betting is capped
nokkie: calls $3
*** TURN *** [4s 3s 2d] [7h]
vestimokrec: bets $6
nokkie: calls $6
*** RIVER *** [4s 3s 2d 7h] [2c]
vestimokrec: bets $6
nokkie: calls $6
*** SHOW DOWN ***
vestimokrec: shows [Ks 4h] (two pair, Fours and Deuces)
nokkie: mucks hand
vestimokrec collected $59.50 from pot
*** SUMMARY ***
Total pot $60 | Rake $0.50
Board [4s 3s 2d 7h 2c]
Seat 1: vestimokrec (big blind) showed [Ks 4h] and won ($59.50) with two pair, Fours and Deuces
Seat 6: nokkie (button) (small blind) mucked


PokerStars Hand #176226754913:  Hold'em Limit ($3/$6 USD) - 2017/09/28 10:39:31 ET
Table 'Pele' 6-max Seat #6 is the button
Seat 1: vestimokrec ($342.55 in chips)
Seat 6: nokkie ($34.29 in chips)
nokkie: posts small blind $1
vestimokrec: posts big blind $3
*** HOLE CARDS ***
nokkie: folds
Uncalled bet ($2) returned to vestimokrec
vestimokrec collected $2 from pot
vestimokrec: doesn't show hand
*** SUMMARY ***
Total pot $2 | Rake $0
Seat 1: vestimokrec (big blind) collected ($2)
Seat 6: nokkie (button) (small blind) folded before Flop


PokerStars Hand #176226750742:  Hold'em Limit ($3/$6 USD) - 2017/09/28 10:39:24 ET
Table 'Pele' 6-max Seat #1 is the button
Seat 1: vestimokrec ($343.55 in chips)
Seat 6: nokkie ($33.29 in chips)
vestimokrec: posts small blind $1
nokkie: posts big blind $3
*** HOLE CARDS ***
vestimokrec: folds
Uncalled bet ($2) returned to nokkie
nokkie collected $2 from pot
nokkie: doesn't show hand
*** SUMMARY ***
Total pot $2 | Rake $0
Seat 1: vestimokrec (button) (small blind) folded before Flop
Seat 6: nokkie (big blind) collected ($2)


PokerStars Hand #176226757266:  Hold'em Limit ($3/$6 USD) - 2017/09/28 10:39:36 ET
Table 'Pele' 6-max Seat #1 is the button
Seat 1: vestimokrec ($343.55 in chips)
Seat 6: nokkie ($33.29 in chips)
vestimokrec: posts small blind $1
nokkie: posts big blind $3
*** HOLE CARDS ***
vestimokrec: raises $3 to $6
nokkie: folds
Uncalled bet ($3) returned to vestimokrec
chebob joins the table at seat #3
vestimokrec collected $6 from pot
vestimokrec: doesn't show hand
*** SUMMARY ***
Total pot $6 | Rake $0
Seat 1: vestimokrec (button) (small blind) collected ($6)
Seat 6: nokkie (big blind) folded before Flop


PokerStars Hand #176226760829:  Hold'em Limit ($3/$6 USD) - 2017/09/28 10:39:42 ET
Table 'Pele' 6-max Seat #6 is the button
Seat 1: vestimokrec ($346.55 in chips)
Seat 6: nokkie ($30.29 in chips)
nokkie: posts small blind $1
vestimokrec: posts big blind $3
*** HOLE CARDS ***
nokkie: raises $3 to $6
vestimokrec: calls $3
*** FLOP *** [Ah 4h 5s]
vestimokrec: checks
nokkie: bets $3
vestimokrec: calls $3
*** TURN *** [Ah 4h 5s] [Jd]
vestimokrec: checks
nokkie: bets $6
vestimokrec: calls $6
*** RIVER *** [Ah 4h 5s Jd] [8s]
vestimokrec: checks
nokkie: bets $6
vestimokrec: folds
Uncalled bet ($6) returned to nokkie
nokkie collected $29.50 from pot
nokkie: doesn't show hand
*** SUMMARY ***
Total pot $30 | Rake $0.50
Board [Ah 4h 5s Jd 8s]
Seat 1: vestimokrec (big blind) folded on the River
Seat 6: nokkie (button) (small blind) collected ($29.50)


PokerStars Hand #176226876165:  Hold'em Limit ($3/$6 USD) - 2017/09/28 10:43:15 ET
Table 'Pele' 6-max Seat #1 is the button
Seat 1: vestimokrec ($341.30 in chips)
Seat 3: chebob ($73.19 in chips)
vestimokrec: posts small blind $1
awn94: is sitting out
chebob: posts big blind $3
*** HOLE CARDS ***
vestimokrec: raises $3 to $6
awn94 leaves the table
chebob: calls $3
*** FLOP *** [Js 9s Jh]
chebob: bets $3
vestimokrec: folds
Uncalled bet ($3) returned to chebob
chebob collected $11.76 from pot
*** SUMMARY ***
Total pot $12 | Rake $0.24
Board [Js 9s Jh]
Seat 1: vestimokrec (button) (small blind) folded on the Flop
Seat 3: chebob (big blind) collected ($11.76)


PokerStars Hand #176229155185:  Hold'em Limit ($3/$6 USD) - 2017/09/28 11:51:06 ET
Table 'Pele' 6-max Seat #2 is the button
Seat 2: uglyghost101 ($218.36 in chips)
Seat 3: vestimokrec ($120.48 in chips)
uglyghost101: posts small blind $1
vestimokrec: posts big blind $3
*** HOLE CARDS ***
uglyghost101: raises $3 to $6
vestimokrec: calls $3
*** FLOP *** [Qc Ad 3h]
vestimokrec: checks
uglyghost101: bets $3
vestimokrec: calls $3
*** TURN *** [Qc Ad 3h] [3c]
vestimokrec: checks
uglyghost101: bets $6
vestimokrec: raises $6 to $12
uglyghost101: folds
Uncalled bet ($6) returned to vestimokrec
vestimokrec collected $29.50 from pot
vestimokrec: doesn't show hand
*** SUMMARY ***
Total pot $30 | Rake $0.50
Board [Qc Ad 3h 3c]
Seat 2: uglyghost101 (button) (small blind) folded on the Turn
Seat 3: vestimokrec (big blind) collected ($29.50)


PokerStars Hand #176229137600:  Hold'em Limit ($3/$6 USD) - 2017/09/28 11:50:36 ET
Table 'Pele' 6-max Seat #5 is the button
Seat 2: uglyghost101 ($224.36 in chips)
Seat 5: knas4 ($101.40 in chips)
knas4: posts small blind $1
zimin10: is sitting out
uglyghost101: posts big blind $3
*** HOLE CARDS ***
zimin10 leaves the table
knas4: calls $2
uglyghost101: checks
*** FLOP *** [Ts Kc 3d]
uglyghost101: bets $3
knas4: calls $3
*** TURN *** [Ts Kc 3d] [9h]
uglyghost101: checks
knas4: bets $6
uglyghost101: folds
Uncalled bet ($6) returned to knas4
knas4 collected $11.76 from pot
knas4: doesn't show hand
*** SUMMARY ***
Total pot $12 | Rake $0.24
Board [Ts Kc 3d 9h]
Seat 2: uglyghost101 (big blind) folded on the Turn
Seat 5: knas4 (button) (small blind) collected ($11.76)


PokerStars Hand #176229925015:  Hold'em Limit ($3/$6 USD) - 2017/09/28 12:11:50 ET
Table 'Pele' 6-max Seat #5 is the button
Seat 3: vestimokrec ($77.02 in chips)
Seat 5: knas4 ($63.42 in chips)
knas4: posts small blind $1
uglyghost101: is sitting out
vestimokrec: posts big blind $3
*** HOLE CARDS ***
knas4: folds
Uncalled bet ($2) returned to vestimokrec
vestimokrec collected $2 from pot
vestimokrec: doesn't show hand
*** SUMMARY ***
Total pot $2 | Rake $0
Seat 3: vestimokrec (big blind) collected ($2)
Seat 5: knas4 (button) (small blind) folded before Flop


