PokerStars Hand #148943544780:  Hold'em Limit ($3/$6 USD) - 2016/02/17 4:26:37 ET
Table 'Pele' 6-max Seat #3 is the button
Seat 3: Bruno_ruben ($32 in chips)
Seat 4: TbIP-TbIP 88 ($99.50 in chips)
Bruno_ruben: posts small blind $1
TbIP-TbIP 88: posts big blind $3
*** HOLE CARDS ***
Bruno_ruben: raises $3 to $6
TbIP-TbIP 88: folds
Uncalled bet ($3) returned to Bruno_ruben
Bruno_ruben collected $6 from pot
Bruno_ruben: doesn't show hand
*** SUMMARY ***
Total pot $6 | Rake $0
Seat 3: Bruno_ruben (button) (small blind) collected ($6)
Seat 4: TbIP-TbIP 88 (big blind) folded before Flop


PokerStars Hand #148943542400:  Hold'em Limit ($3/$6 USD) - 2016/02/17 4:26:31 ET
Table 'Pele' 6-max Seat #4 is the button
Seat 3: Bruno_ruben ($31 in chips)
Seat 4: TbIP-TbIP 88 ($100.50 in chips)
TbIP-TbIP 88: posts small blind $1
Bruno_ruben: posts big blind $3
*** HOLE CARDS ***
TbIP-TbIP 88: folds
Uncalled bet ($2) returned to Bruno_ruben
Bruno_ruben collected $2 from pot
Bruno_ruben: doesn't show hand
*** SUMMARY ***
Total pot $2 | Rake $0
Seat 3: Bruno_ruben (big blind) collected ($2)
Seat 4: TbIP-TbIP 88 (button) (small blind) folded before Flop


PokerStars Hand #148943537202:  Hold'em Limit ($3/$6 USD) - 2016/02/17 4:26:19 ET
Table 'Pele' 6-max Seat #3 is the button
Seat 3: Bruno_ruben ($28 in chips)
Seat 4: TbIP-TbIP 88 ($103.50 in chips)
Bruno_ruben: posts small blind $1
TbIP-TbIP 88: posts big blind $3
*** HOLE CARDS ***
Bruno_ruben: raises $3 to $6
TbIP-TbIP 88: folds
Uncalled bet ($3) returned to Bruno_ruben
Bruno_ruben collected $6 from pot
Bruno_ruben: doesn't show hand
*** SUMMARY ***
Total pot $6 | Rake $0
Seat 3: Bruno_ruben (button) (small blind) collected ($6)
Seat 4: TbIP-TbIP 88 (big blind) folded before Flop


PokerStars Hand #148943557189:  Hold'em Limit ($3/$6 USD) - 2016/02/17 4:27:06 ET
Table 'Pele' 6-max Seat #3 is the button
Seat 3: Bruno_ruben ($46.52 in chips)
Seat 4: TbIP-TbIP 88 ($84.50 in chips)
Bruno_ruben: posts small blind $1
TbIP-TbIP 88: posts big blind $3
*** HOLE CARDS ***
Bruno_ruben: folds
Uncalled bet ($2) returned to TbIP-TbIP 88
TbIP-TbIP 88 collected $2 from pot
TbIP-TbIP 88: doesn't show hand
*** SUMMARY ***
Total pot $2 | Rake $0
Seat 3: Bruno_ruben (button) (small blind) folded before Flop
Seat 4: TbIP-TbIP 88 (big blind) collected ($2)


PokerStars Hand #148943547142:  Hold'em Limit ($3/$6 USD) - 2016/02/17 4:26:43 ET
Table 'Pele' 6-max Seat #4 is the button
Seat 3: Bruno_ruben ($35 in chips)
Seat 4: TbIP-TbIP 88 ($96.50 in chips)
TbIP-TbIP 88: posts small blind $1
Bruno_ruben: posts big blind $3
*** HOLE CARDS ***
TbIP-TbIP 88: raises $3 to $6
Bruno_ruben: raises $3 to $9
TbIP-TbIP 88: calls $3
*** FLOP *** [Jc Th 6s]
Bruno_ruben: checks
TbIP-TbIP 88: bets $3
Bruno_ruben: calls $3
*** TURN *** [Jc Th 6s] [As]
Thepuh888 joins the table at seat #5
Bruno_ruben: checks
TbIP-TbIP 88: checks
*** RIVER *** [Jc Th 6s As] [Jd]
Bruno_ruben: bets $6
TbIP-TbIP 88: folds
Uncalled bet ($6) returned to Bruno_ruben
Bruno_ruben collected $23.52 from pot
Bruno_ruben: doesn't show hand
*** SUMMARY ***
Total pot $24 | Rake $0.48
Board [Jc Th 6s As Jd]
Seat 3: Bruno_ruben (big blind) collected ($23.52)
Seat 4: TbIP-TbIP 88 (button) (small blind) folded on the River


