PokerStars Hand #149007243298:  Hold'em Limit ($3/$6 USD) - 2016/02/18 9:42:16 ET
Table 'Pele III' 6-max Seat #1 is the button
Seat 1: hubschi ($41.88 in chips)
Seat 4: Agrotait ($72 in chips)
hubschi: posts small blind $1
Agrotait: posts big blind $3
*** HOLE CARDS ***
hubschi: folds
Uncalled bet ($2) returned to Agrotait
Agrotait collected $2 from pot
Agrotait: doesn't show hand
*** SUMMARY ***
Total pot $2 | Rake $0
Seat 1: hubschi (button) (small blind) folded before Flop
Seat 4: Agrotait (big blind) collected ($2)


PokerStars Hand #149007237864:  Hold'em Limit ($3/$6 USD) - 2016/02/18 9:42:08 ET
Table 'Pele III' 6-max Seat #4 is the button
Seat 1: hubschi ($44.88 in chips)
Seat 4: Agrotait ($69 in chips)
Agrotait: posts small blind $1
hubschi: posts big blind $3
*** HOLE CARDS ***
Agrotait: raises $3 to $6
hubschi: folds
Uncalled bet ($3) returned to Agrotait
Agrotait collected $6 from pot
Agrotait: doesn't show hand
*** SUMMARY ***
Total pot $6 | Rake $0
Seat 1: hubschi (big blind) folded before Flop
Seat 4: Agrotait (button) (small blind) collected ($6)


PokerStars Hand #149007247481:  Hold'em Limit ($3/$6 USD) - 2016/02/18 9:42:21 ET
Table 'Pele III' 6-max Seat #4 is the button
Seat 1: hubschi ($40.88 in chips)
Seat 4: Agrotait ($73 in chips)
Agrotait: posts small blind $1
hubschi: posts big blind $3
*** HOLE CARDS ***
Agrotait: raises $3 to $6
hubschi: calls $3
*** FLOP *** [4c 5h 6d]
hubschi: checks
B_loJkl joins the table at seat #2
mishkamoya joins the table at seat #3
Agrotait: bets $3
hubschi: calls $3
*** TURN *** [4c 5h 6d] [Qd]
hubschi: checks
Agrotait: checks
*** RIVER *** [4c 5h 6d Qd] [Js]
hubschi: bets $6
Agrotait: calls $6
*** SHOW DOWN ***
hubschi: shows [Jc Ad] (a pair of Jacks)
Agrotait: mucks hand
hubschi collected $29.50 from pot
*** SUMMARY ***
Total pot $30 | Rake $0.50
Board [4c 5h 6d Qd Js]
Seat 1: hubschi (big blind) showed [Jc Ad] and won ($29.50) with a pair of Jacks
Seat 4: Agrotait (button) (small blind) mucked


PokerStars Hand #149012236024:  Hold'em Limit ($3/$6 USD) - 2016/02/18 11:25:26 ET
Table 'Pele III' 6-max Seat #4 is the button
Seat 4: Krillekruka ($435.34 in chips)
Seat 6: CatPuppy1999 ($189.01 in chips)
Krillekruka: posts small blind $1
CatPuppy1999: posts big blind $3
*** HOLE CARDS ***
Krillekruka: folds
Uncalled bet ($2) returned to CatPuppy1999
CatPuppy1999 collected $2 from pot
CatPuppy1999: doesn't show hand
*** SUMMARY ***
Total pot $2 | Rake $0
Seat 4: Krillekruka (button) (small blind) folded before Flop
Seat 6: CatPuppy1999 (big blind) collected ($2)


PokerStars Hand #149012217437:  Hold'em Limit ($3/$6 USD) - 2016/02/18 11:25:05 ET
Table 'Pele III' 6-max Seat #6 is the button
Seat 4: Krillekruka ($441.34 in chips)
Seat 6: CatPuppy1999 ($183.25 in chips)
CatPuppy1999: posts small blind $1
B_loJkl: is sitting out
krytalex: is sitting out
Krillekruka: posts big blind $3
*** HOLE CARDS ***
CatPuppy1999: raises $3 to $6
Krillekruka: calls $3
*** FLOP *** [5s 4h 4c]
krytalex leaves the table
Krillekruka: checks
CatPuppy1999: bets $3
Krillekruka: folds
Uncalled bet ($3) returned to CatPuppy1999
B_loJkl leaves the table
CatPuppy1999 collected $11.76 from pot
CatPuppy1999: doesn't show hand
*** SUMMARY ***
Total pot $12 | Rake $0.24
Board [5s 4h 4c]
Seat 4: Krillekruka (big blind) folded on the Flop
Seat 6: CatPuppy1999 (button) (small blind) collected ($11.76)


PokerStars Hand #149012272903:  Hold'em Limit ($3/$6 USD) - 2016/02/18 11:26:09 ET
Table 'Pele III' 6-max Seat #5 is the button
Seat 5: Actionni13 ($151 in chips)
Seat 6: CatPuppy1999 ($189.01 in chips)
Actionni13: posts small blind $1
CatPuppy1999: posts big blind $3
*** HOLE CARDS ***
Actionni13: raises $3 to $6
CatPuppy1999: calls $3
*** FLOP *** [9c Qh 4h]
CatPuppy1999: checks
Actionni13: checks
*** TURN *** [9c Qh 4h] [6c]
CatPuppy1999: checks
Actionni13: bets $6
CatPuppy1999: folds
Uncalled bet ($6) returned to Actionni13
Actionni13 collected $11.76 from pot
Actionni13: doesn't show hand
*** SUMMARY ***
Total pot $12 | Rake $0.24
Board [9c Qh 4h 6c]
Seat 5: Actionni13 (button) (small blind) collected ($11.76)
Seat 6: CatPuppy1999 (big blind) folded on the Turn


PokerStars Hand #149012296476:  Hold'em Limit ($3/$6 USD) - 2016/02/18 11:26:37 ET
Table 'Pele III' 6-max Seat #6 is the button
Seat 5: Actionni13 ($156.76 in chips)
Seat 6: CatPuppy1999 ($183.01 in chips)
CatPuppy1999: posts small blind $1
Actionni13: posts big blind $3
*** HOLE CARDS ***
CatPuppy1999: raises $3 to $6
Actionni13: folds
Uncalled bet ($3) returned to CatPuppy1999
CatPuppy1999 collected $6 from pot
CatPuppy1999: doesn't show hand
*** SUMMARY ***
Total pot $6 | Rake $0
Seat 5: Actionni13 (big blind) folded before Flop
Seat 6: CatPuppy1999 (button) (small blind) collected ($6)


PokerStars Hand #149012312403:  Hold'em Limit ($3/$6 USD) - 2016/02/18 11:26:56 ET
Table 'Pele III' 6-max Seat #6 is the button
Seat 5: Actionni13 ($152.76 in chips)
Seat 6: CatPuppy1999 ($187.01 in chips)
CatPuppy1999: posts small blind $1
Actionni13: posts big blind $3
*** HOLE CARDS ***
CatPuppy1999: folds
Uncalled bet ($2) returned to Actionni13
Actionni13 collected $2 from pot
Actionni13: doesn't show hand
*** SUMMARY ***
Total pot $2 | Rake $0
Seat 5: Actionni13 (big blind) collected ($2)
Seat 6: CatPuppy1999 (button) (small blind) folded before Flop


PokerStars Hand #149012308364:  Hold'em Limit ($3/$6 USD) - 2016/02/18 11:26:51 ET
Table 'Pele III' 6-max Seat #5 is the button
Seat 5: Actionni13 ($153.76 in chips)
Seat 6: CatPuppy1999 ($186.01 in chips)
Actionni13: posts small blind $1
CatPuppy1999: posts big blind $3
*** HOLE CARDS ***
Actionni13: folds
Uncalled bet ($2) returned to CatPuppy1999
CatPuppy1999 collected $2 from pot
CatPuppy1999: doesn't show hand
*** SUMMARY ***
Total pot $2 | Rake $0
Seat 5: Actionni13 (button) (small blind) folded before Flop
Seat 6: CatPuppy1999 (big blind) collected ($2)


PokerStars Hand #149012265426:  Hold'em Limit ($3/$6 USD) - 2016/02/18 11:26:01 ET
Table 'Pele III' 6-max Seat #6 is the button
Seat 5: Actionni13 ($150 in chips)
Seat 6: CatPuppy1999 ($190.01 in chips)
CatPuppy1999: posts small blind $1
Actionni13: posts big blind $3
*** HOLE CARDS ***
CatPuppy1999: folds
Uncalled bet ($2) returned to Actionni13
Actionni13 collected $2 from pot
Actionni13: doesn't show hand
*** SUMMARY ***
Total pot $2 | Rake $0
Seat 5: Actionni13 (big blind) collected ($2)
Seat 6: CatPuppy1999 (button) (small blind) folded before Flop


