PokerStars Hand #157728862060:  Hold'em Limit ($3/$6 USD) - 2016/08/25 14:20:46 ET
Table 'Pels' 6-max Seat #6 is the button
Seat 1: jackRizzar ($160.90 in chips)
Seat 6: crash19867 ($122.21 in chips)
crash19867: posts small blind $1
jackRizzar: posts big blind $3
*** HOLE CARDS ***
crash19867: folds
Uncalled bet ($2) returned to jackRizzar
jackRizzar collected $2 from pot
*** SUMMARY ***
Total pot $2 | Rake $0
Seat 1: jackRizzar (big blind) collected ($2)
Seat 6: crash19867 (button) (small blind) folded before Flop


PokerStars Hand #157729064902:  Hold'em Limit ($3/$6 USD) - 2016/08/25 14:25:33 ET
Table 'Pels' 6-max Seat #4 is the button
Seat 4: Wurst2000 ($120 in chips)
Seat 5: Humtum81 ($67 in chips)
Wurst2000: posts small blind $1
Humtum81: posts big blind $3
*** HOLE CARDS ***
Wurst2000: folds
Uncalled bet ($2) returned to Humtum81
Humtum81 collected $2 from pot
Humtum81: doesn't show hand
*** SUMMARY ***
Total pot $2 | Rake $0
Seat 4: Wurst2000 (button) (small blind) folded before Flop
Seat 5: Humtum81 (big blind) collected ($2)


PokerStars Hand #157729067785:  Hold'em Limit ($3/$6 USD) - 2016/08/25 14:25:37 ET
Table 'Pels' 6-max Seat #5 is the button
Seat 4: Wurst2000 ($119 in chips)
Seat 5: Humtum81 ($68 in chips)
Humtum81: posts small blind $1
Wurst2000: posts big blind $3
*** HOLE CARDS ***
Humtum81: folds
Uncalled bet ($2) returned to Wurst2000
Wurst2000 collected $2 from pot
Wurst2000: doesn't show hand
*** SUMMARY ***
Total pot $2 | Rake $0
Seat 4: Wurst2000 (big blind) collected ($2)
Seat 5: Humtum81 (button) (small blind) folded before Flop


PokerStars Hand #157729109018:  Hold'em Limit ($3/$6 USD) - 2016/08/25 14:26:36 ET
Table 'Pels' 6-max Seat #5 is the button
Seat 4: Wurst2000 ($88 in chips)
Seat 5: Humtum81 ($98.26 in chips)
Humtum81: posts small blind $1
Wurst2000: posts big blind $3
*** HOLE CARDS ***
Humtum81: raises $3 to $6
Wurst2000: folds
Uncalled bet ($3) returned to Humtum81
Humtum81 collected $6 from pot
Humtum81: doesn't show hand
*** SUMMARY ***
Total pot $6 | Rake $0
Seat 4: Wurst2000 (big blind) folded before Flop
Seat 5: Humtum81 (button) (small blind) collected ($6)


PokerStars Hand #157729106078:  Hold'em Limit ($3/$6 USD) - 2016/08/25 14:26:31 ET
Table 'Pels' 6-max Seat #4 is the button
Seat 4: Wurst2000 ($89 in chips)
Seat 5: Humtum81 ($97.26 in chips)
Wurst2000: posts small blind $1
Humtum81: posts big blind $3
*** HOLE CARDS ***
Wurst2000: folds
Uncalled bet ($2) returned to Humtum81
Humtum81 collected $2 from pot
Humtum81: doesn't show hand
*** SUMMARY ***
Total pot $2 | Rake $0
Seat 4: Wurst2000 (button) (small blind) folded before Flop
Seat 5: Humtum81 (big blind) collected ($2)


PokerStars Hand #157729102945:  Hold'em Limit ($3/$6 USD) - 2016/08/25 14:26:27 ET
Table 'Pels' 6-max Seat #5 is the button
Seat 4: Wurst2000 ($88 in chips)
Seat 5: Humtum81 ($98.26 in chips)
Humtum81: posts small blind $1
Wurst2000: posts big blind $3
*** HOLE CARDS ***
Humtum81: folds
Uncalled bet ($2) returned to Wurst2000
Wurst2000 collected $2 from pot
Wurst2000: doesn't show hand
*** SUMMARY ***
Total pot $2 | Rake $0
Seat 4: Wurst2000 (big blind) collected ($2)
Seat 5: Humtum81 (button) (small blind) folded before Flop


PokerStars Hand #157729099809:  Hold'em Limit ($3/$6 USD) - 2016/08/25 14:26:23 ET
Table 'Pels' 6-max Seat #4 is the button
Seat 4: Wurst2000 ($89 in chips)
Seat 5: Humtum81 ($97.26 in chips)
Wurst2000: posts small blind $1
Humtum81: posts big blind $3
*** HOLE CARDS ***
Wurst2000: folds
Uncalled bet ($2) returned to Humtum81
Humtum81 collected $2 from pot
Humtum81: doesn't show hand
*** SUMMARY ***
Total pot $2 | Rake $0
Seat 4: Wurst2000 (button) (small blind) folded before Flop
Seat 5: Humtum81 (big blind) collected ($2)


PokerStars Hand #157729096496:  Hold'em Limit ($3/$6 USD) - 2016/08/25 14:26:18 ET
Table 'Pels' 6-max Seat #5 is the button
Seat 4: Wurst2000 ($88 in chips)
Seat 5: Humtum81 ($98.26 in chips)
Humtum81: posts small blind $1
Wurst2000: posts big blind $3
*** HOLE CARDS ***
Humtum81: folds
Uncalled bet ($2) returned to Wurst2000
Wurst2000 collected $2 from pot
Wurst2000: doesn't show hand
*** SUMMARY ***
Total pot $2 | Rake $0
Seat 4: Wurst2000 (big blind) collected ($2)
Seat 5: Humtum81 (button) (small blind) folded before Flop


PokerStars Hand #157729081349:  Hold'em Limit ($3/$6 USD) - 2016/08/25 14:25:56 ET
Table 'Pels' 6-max Seat #4 is the button
Seat 4: Wurst2000 ($115 in chips)
Seat 5: Humtum81 ($71.76 in chips)
Wurst2000: posts small blind $1
Humtum81: posts big blind $3
*** HOLE CARDS ***
Wurst2000: raises $3 to $6
Humtum81: raises $3 to $9
Wurst2000: raises $3 to $12
Betting is capped
Humtum81: calls $3
*** FLOP *** [8d Jh 2s]
Humtum81: bets $3
Wurst2000: calls $3
*** TURN *** [8d Jh 2s] [9d]
Humtum81: bets $6
Wurst2000: calls $6
*** RIVER *** [8d Jh 2s 9d] [6d]
Humtum81: bets $6
Wurst2000: calls $6
*** SHOW DOWN ***
Humtum81: shows [9c Tc] (a pair of Nines)
Wurst2000: mucks hand
Humtum81 collected $53.50 from pot
*** SUMMARY ***
Total pot $54 | Rake $0.50
Board [8d Jh 2s 9d 6d]
Seat 4: Wurst2000 (button) (small blind) mucked
Seat 5: Humtum81 (big blind) showed [9c Tc] and won ($53.50) with a pair of Nines


PokerStars Hand #157729078149:  Hold'em Limit ($3/$6 USD) - 2016/08/25 14:25:52 ET
Table 'Pels' 6-max Seat #5 is the button
Seat 4: Wurst2000 ($114 in chips)
Seat 5: Humtum81 ($72.76 in chips)
Humtum81: posts small blind $1
Wurst2000: posts big blind $3
*** HOLE CARDS ***
Humtum81: folds
Uncalled bet ($2) returned to Wurst2000
Wurst2000 collected $2 from pot
Wurst2000: doesn't show hand
*** SUMMARY ***
Total pot $2 | Rake $0
Seat 4: Wurst2000 (big blind) collected ($2)
Seat 5: Humtum81 (button) (small blind) folded before Flop


PokerStars Hand #157729071029:  Hold'em Limit ($3/$6 USD) - 2016/08/25 14:25:42 ET
Table 'Pels' 6-max Seat #4 is the button
Seat 4: Wurst2000 ($120 in chips)
Seat 5: Humtum81 ($67 in chips)
Wurst2000: posts small blind $1
Humtum81: posts big blind $3
*** HOLE CARDS ***
Wurst2000: raises $3 to $6
Humtum81: calls $3
*** FLOP *** [8h 4d Ad]
Humtum81: bets $3
Wurst2000: folds
Uncalled bet ($3) returned to Humtum81
Humtum81 collected $11.76 from pot
Humtum81: doesn't show hand
*** SUMMARY ***
Total pot $12 | Rake $0.24
Board [8h 4d Ad]
Seat 4: Wurst2000 (button) (small blind) folded on the Flop
Seat 5: Humtum81 (big blind) collected ($11.76)


PokerStars Hand #157729148573:  Hold'em Limit ($3/$6 USD) - 2016/08/25 14:27:32 ET
Table 'Pels' 6-max Seat #4 is the button
Seat 4: Wurst2000 ($91.28 in chips)
Seat 5: Humtum81 ($93.78 in chips)
Wurst2000: posts small blind $1
Humtum81: posts big blind $3
*** HOLE CARDS ***
Wurst2000: folds
Uncalled bet ($2) returned to Humtum81
Humtum81 collected $2 from pot
Humtum81: doesn't show hand
*** SUMMARY ***
Total pot $2 | Rake $0
Seat 4: Wurst2000 (button) (small blind) folded before Flop
Seat 5: Humtum81 (big blind) collected ($2)


PokerStars Hand #157729145573:  Hold'em Limit ($3/$6 USD) - 2016/08/25 14:27:28 ET
Table 'Pels' 6-max Seat #5 is the button
Seat 4: Wurst2000 ($90.28 in chips)
Seat 5: Humtum81 ($94.78 in chips)
Humtum81: posts small blind $1
Wurst2000: posts big blind $3
*** HOLE CARDS ***
Humtum81: folds
Uncalled bet ($2) returned to Wurst2000
Wurst2000 collected $2 from pot
Wurst2000: doesn't show hand
*** SUMMARY ***
Total pot $2 | Rake $0
Seat 4: Wurst2000 (big blind) collected ($2)
Seat 5: Humtum81 (button) (small blind) folded before Flop


PokerStars Hand #157729136189:  Hold'em Limit ($3/$6 USD) - 2016/08/25 14:27:14 ET
Table 'Pels' 6-max Seat #4 is the button
Seat 4: Wurst2000 ($81.64 in chips)
Seat 5: Humtum81 ($103.78 in chips)
Wurst2000: posts small blind $1
Humtum81: posts big blind $3
*** HOLE CARDS ***
Wurst2000: raises $3 to $6
Humtum81: calls $3
*** FLOP *** [As Ah 5c]
Humtum81: checks
Wurst2000: bets $3
Humtum81: calls $3
*** TURN *** [As Ah 5c] [8d]
Humtum81: checks
Wurst2000: bets $6
Humtum81: folds
Uncalled bet ($6) returned to Wurst2000
Wurst2000 collected $17.64 from pot
Wurst2000: doesn't show hand
*** SUMMARY ***
Total pot $18 | Rake $0.36
Board [As Ah 5c 8d]
Seat 4: Wurst2000 (button) (small blind) collected ($17.64)
Seat 5: Humtum81 (big blind) folded on the Turn


PokerStars Hand #157729132684:  Hold'em Limit ($3/$6 USD) - 2016/08/25 14:27:09 ET
Table 'Pels' 6-max Seat #5 is the button
Seat 4: Wurst2000 ($80.64 in chips)
Seat 5: Humtum81 ($104.78 in chips)
Humtum81: posts small blind $1
Wurst2000: posts big blind $3
*** HOLE CARDS ***
Humtum81: folds
Uncalled bet ($2) returned to Wurst2000
Wurst2000 collected $2 from pot
Wurst2000: doesn't show hand
*** SUMMARY ***
Total pot $2 | Rake $0
Seat 4: Wurst2000 (big blind) collected ($2)
Seat 5: Humtum81 (button) (small blind) folded before Flop


PokerStars Hand #157729115333:  Hold'em Limit ($3/$6 USD) - 2016/08/25 14:26:45 ET
Table 'Pels' 6-max Seat #5 is the button
Seat 4: Wurst2000 ($84 in chips)
Seat 5: Humtum81 ($102.26 in chips)
Humtum81: posts small blind $1
Wurst2000: posts big blind $3
*** HOLE CARDS ***
Humtum81: raises $3 to $6
Wurst2000: raises $3 to $9
Humtum81: calls $3
*** FLOP *** [4c 5c Qc]
Wurst2000: bets $3
Humtum81: folds
Uncalled bet ($3) returned to Wurst2000
Wurst2000 collected $17.64 from pot
Wurst2000: doesn't show hand
*** SUMMARY ***
Total pot $18 | Rake $0.36
Board [4c 5c Qc]
Seat 4: Wurst2000 (big blind) collected ($17.64)
Seat 5: Humtum81 (button) (small blind) folded on the Flop


PokerStars Hand #157729122631:  Hold'em Limit ($3/$6 USD) - 2016/08/25 14:26:55 ET
Table 'Pels' 6-max Seat #4 is the button
Seat 4: Wurst2000 ($92.64 in chips)
Seat 5: Humtum81 ($93.26 in chips)
Wurst2000: posts small blind $1
Humtum81: posts big blind $3
*** HOLE CARDS ***
Wurst2000: raises $3 to $6
Humtum81: raises $3 to $9
Wurst2000: calls $3
*** FLOP *** [5s 4c 8c]
Humtum81: bets $3
Wurst2000: calls $3
*** TURN *** [5s 4c 8c] [Qc]
Humtum81: bets $6
Wurst2000: folds
Uncalled bet ($6) returned to Humtum81
Humtum81 collected $23.52 from pot
Humtum81: doesn't show hand
*** SUMMARY ***
Total pot $24 | Rake $0.48
Board [5s 4c 8c Qc]
Seat 4: Wurst2000 (button) (small blind) folded on the Turn
Seat 5: Humtum81 (big blind) collected ($23.52)


PokerStars Hand #157729112174:  Hold'em Limit ($3/$6 USD) - 2016/08/25 14:26:40 ET
Table 'Pels' 6-max Seat #4 is the button
Seat 4: Wurst2000 ($85 in chips)
Seat 5: Humtum81 ($101.26 in chips)
Wurst2000: posts small blind $1
Humtum81: posts big blind $3
*** HOLE CARDS ***
Wurst2000: folds
Uncalled bet ($2) returned to Humtum81
Humtum81 collected $2 from pot
Humtum81: doesn't show hand
*** SUMMARY ***
Total pot $2 | Rake $0
Seat 4: Wurst2000 (button) (small blind) folded before Flop
Seat 5: Humtum81 (big blind) collected ($2)


PokerStars Hand #157729162871:  Hold'em Limit ($3/$6 USD) - 2016/08/25 14:27:52 ET
Table 'Pels' 6-max Seat #4 is the button
Seat 4: Wurst2000 ($110.78 in chips)
Seat 5: Humtum81 ($73.78 in chips)
Wurst2000: posts small blind $1
Humtum81: posts big blind $3
*** HOLE CARDS ***
Wurst2000: folds
Uncalled bet ($2) returned to Humtum81
Humtum81 collected $2 from pot
Humtum81: doesn't show hand
*** SUMMARY ***
Total pot $2 | Rake $0
Seat 4: Wurst2000 (button) (small blind) folded before Flop
Seat 5: Humtum81 (big blind) collected ($2)


PokerStars Hand #157729151583:  Hold'em Limit ($3/$6 USD) - 2016/08/25 14:27:36 ET
Table 'Pels' 6-max Seat #5 is the button
Seat 4: Wurst2000 ($90.28 in chips)
Seat 5: Humtum81 ($94.78 in chips)
Humtum81: posts small blind $1
Wurst2000: posts big blind $3
*** HOLE CARDS ***
Humtum81: raises $3 to $6
Wurst2000: calls $3
*** FLOP *** [5c 9c Qs]
Wurst2000: checks
Humtum81: bets $3
Wurst2000: raises $3 to $6
Humtum81: raises $3 to $9
Wurst2000: calls $3
*** TURN *** [5c 9c Qs] [Qc]
Wurst2000: checks
Humtum81: bets $6
Wurst2000: calls $6
*** RIVER *** [5c 9c Qs Qc] [3d]
Wurst2000: checks
Humtum81: checks
*** SHOW DOWN ***
Wurst2000: shows [Ts 5s] (two pair, Queens and Fives)
Humtum81: mucks hand
Wurst2000 collected $41.50 from pot
*** SUMMARY ***
Total pot $42 | Rake $0.50
Board [5c 9c Qs Qc 3d]
Seat 4: Wurst2000 (big blind) showed [Ts 5s] and won ($41.50) with two pair, Queens and Fives
Seat 5: Humtum81 (button) (small blind) mucked


PokerStars Hand #157729165854:  Hold'em Limit ($3/$6 USD) - 2016/08/25 14:27:56 ET
Table 'Pels' 6-max Seat #5 is the button
Seat 4: Wurst2000 ($109.78 in chips)
Seat 5: Humtum81 ($74.78 in chips)
Humtum81: posts small blind $1
Wurst2000: posts big blind $3
*** HOLE CARDS ***
Humtum81: raises $3 to $6
Wurst2000: folds
Uncalled bet ($3) returned to Humtum81
Humtum81 collected $6 from pot
Humtum81: doesn't show hand
*** SUMMARY ***
Total pot $6 | Rake $0
Seat 4: Wurst2000 (big blind) folded before Flop
Seat 5: Humtum81 (button) (small blind) collected ($6)


PokerStars Hand #157729169821:  Hold'em Limit ($3/$6 USD) - 2016/08/25 14:28:02 ET
Table 'Pels' 6-max Seat #4 is the button
Seat 4: Wurst2000 ($106.78 in chips)
Seat 5: Humtum81 ($77.78 in chips)
Wurst2000: posts small blind $1
Humtum81: posts big blind $3
*** HOLE CARDS ***
Wurst2000: raises $3 to $6
Humtum81: calls $3
*** FLOP *** [4d 9d 4h]
Humtum81: checks
Wurst2000: bets $3
crash19867 leaves the table
Humtum81: calls $3
*** TURN *** [4d 9d 4h] [Ac]
Humtum81: checks
Wurst2000: bets $6
Humtum81: folds
Uncalled bet ($6) returned to Wurst2000
Wurst2000 collected $17.64 from pot
Wurst2000: doesn't show hand
*** SUMMARY ***
Total pot $18 | Rake $0.36
Board [4d 9d 4h Ac]
Seat 4: Wurst2000 (button) (small blind) collected ($17.64)
Seat 5: Humtum81 (big blind) folded on the Turn


PokerStars Hand #157729186856:  Hold'em Limit ($3/$6 USD) - 2016/08/25 14:28:26 ET
Table 'Pels' 6-max Seat #4 is the button
Seat 4: Wurst2000 ($100.42 in chips)
Seat 5: Humtum81 ($83.28 in chips)
Wurst2000: posts small blind $1
Humtum81: posts big blind $3
*** HOLE CARDS ***
Wurst2000: folds
Uncalled bet ($2) returned to Humtum81
Humtum81 collected $2 from pot
Humtum81: doesn't show hand
*** SUMMARY ***
Total pot $2 | Rake $0
Seat 4: Wurst2000 (button) (small blind) folded before Flop
Seat 5: Humtum81 (big blind) collected ($2)


PokerStars Hand #157729178249:  Hold'em Limit ($3/$6 USD) - 2016/08/25 14:28:14 ET
Table 'Pels' 6-max Seat #5 is the button
Seat 4: Wurst2000 ($115.42 in chips)
Seat 5: Humtum81 ($68.78 in chips)
Humtum81: posts small blind $1
Wurst2000: posts big blind $3
*** HOLE CARDS ***
Humtum81: raises $3 to $6
Wurst2000: calls $3
*** FLOP *** [5h 7c 7h]
Wurst2000: checks
Humtum81: bets $3
Wurst2000: calls $3
*** TURN *** [5h 7c 7h] [Kd]
Wurst2000: checks
Humtum81: bets $6
Wurst2000: calls $6
*** RIVER *** [5h 7c 7h Kd] [2d]
Wurst2000: checks
Humtum81: bets $6
Wurst2000: folds
Uncalled bet ($6) returned to Humtum81
Humtum81 collected $29.50 from pot
Humtum81: doesn't show hand
*** SUMMARY ***
Total pot $30 | Rake $0.50
Board [5h 7c 7h Kd 2d]
Seat 4: Wurst2000 (big blind) folded on the River
Seat 5: Humtum81 (button) (small blind) collected ($29.50)


PokerStars Hand #157729189868:  Hold'em Limit ($3/$6 USD) - 2016/08/25 14:28:30 ET
Table 'Pels' 6-max Seat #5 is the button
Seat 4: Wurst2000 ($99.42 in chips)
Seat 5: Humtum81 ($84.28 in chips)
Humtum81: posts small blind $1
Wurst2000: posts big blind $3
*** HOLE CARDS ***
Humtum81: raises $3 to $6
Wurst2000: calls $3
*** FLOP *** [Qh Th Tc]
Wurst2000: checks
Humtum81: bets $3
Wurst2000: folds
Uncalled bet ($3) returned to Humtum81
Humtum81 collected $11.76 from pot
Humtum81: doesn't show hand
*** SUMMARY ***
Total pot $12 | Rake $0.24
Board [Qh Th Tc]
Seat 4: Wurst2000 (big blind) folded on the Flop
Seat 5: Humtum81 (button) (small blind) collected ($11.76)


PokerStars Hand #157729205481:  Hold'em Limit ($3/$6 USD) - 2016/08/25 14:28:52 ET
Table 'Pels' 6-max Seat #5 is the button
Seat 4: Wurst2000 ($96.42 in chips)
Seat 5: Humtum81 ($87.04 in chips)
Humtum81: posts small blind $1
Wurst2000: posts big blind $3
*** HOLE CARDS ***
Humtum81: raises $3 to $6
Wurst2000: calls $3
*** FLOP *** [Th 6h Ad]
Wurst2000: checks
Humtum81: bets $3
Wurst2000: folds
Uncalled bet ($3) returned to Humtum81
Humtum81 collected $11.76 from pot
Humtum81: doesn't show hand
*** SUMMARY ***
Total pot $12 | Rake $0.24
Board [Th 6h Ad]
Seat 4: Wurst2000 (big blind) folded on the Flop
Seat 5: Humtum81 (button) (small blind) collected ($11.76)


PokerStars Hand #157729197718:  Hold'em Limit ($3/$6 USD) - 2016/08/25 14:28:41 ET
Table 'Pels' 6-max Seat #4 is the button
Seat 4: Wurst2000 ($93.42 in chips)
Seat 5: Humtum81 ($90.04 in chips)
Wurst2000: posts small blind $1
Humtum81: posts big blind $3
*** HOLE CARDS ***
Wurst2000: raises $3 to $6
Humtum81: folds
Uncalled bet ($3) returned to Wurst2000
Wurst2000 collected $6 from pot
Wurst2000: doesn't show hand
*** SUMMARY ***
Total pot $6 | Rake $0
Seat 4: Wurst2000 (button) (small blind) collected ($6)
Seat 5: Humtum81 (big blind) folded before Flop


PokerStars Hand #157729211245:  Hold'em Limit ($3/$6 USD) - 2016/08/25 14:29:00 ET
Table 'Pels' 6-max Seat #4 is the button
Seat 4: Wurst2000 ($90.42 in chips)
Seat 5: Humtum81 ($92.80 in chips)
Wurst2000: posts small blind $1
Humtum81: posts big blind $3
*** HOLE CARDS ***
Wurst2000: raises $3 to $6
Humtum81: calls $3
*** FLOP *** [7s 6h 5h]
Humtum81: checks
Wurst2000: bets $3
Humtum81: calls $3
*** TURN *** [7s 6h 5h] [2c]
Humtum81: checks
Wurst2000: bets $6
Humtum81: raises $6 to $12
Wurst2000: raises $6 to $18
Humtum81: calls $6
*** RIVER *** [7s 6h 5h 2c] [Ts]
Humtum81: checks
Wurst2000: bets $6
Humtum81: folds
Uncalled bet ($6) returned to Wurst2000
Wurst2000 collected $53.50 from pot
Wurst2000: doesn't show hand
*** SUMMARY ***
Total pot $54 | Rake $0.50
Board [7s 6h 5h 2c Ts]
Seat 4: Wurst2000 (button) (small blind) collected ($53.50)
Seat 5: Humtum81 (big blind) folded on the River


PokerStars Hand #157729226803:  Hold'em Limit ($3/$6 USD) - 2016/08/25 14:29:22 ET
Table 'Pels' 6-max Seat #5 is the button
Seat 4: Wurst2000 ($116.92 in chips)
Seat 5: Humtum81 ($65.80 in chips)
Humtum81: posts small blind $1
Wurst2000: posts big blind $3
*** HOLE CARDS ***
Humtum81: raises $3 to $6
Wurst2000: calls $3
*** FLOP *** [4c 8s Kc]
Wurst2000: checks
Humtum81: bets $3
Wurst2000: raises $3 to $6
Humtum81: calls $3
*** TURN *** [4c 8s Kc] [Js]
Wurst2000: bets $6
Humtum81: folds
Uncalled bet ($6) returned to Wurst2000
Wurst2000 collected $23.52 from pot
Wurst2000: doesn't show hand
*** SUMMARY ***
Total pot $24 | Rake $0.48
Board [4c 8s Kc Js]
Seat 4: Wurst2000 (big blind) collected ($23.52)
Seat 5: Humtum81 (button) (small blind) folded on the Turn


PokerStars Hand #157729552431:  Hold'em Limit ($3/$6 USD) - 2016/08/25 14:36:56 ET
Table 'Pels' 6-max Seat #5 is the button
Seat 4: **Geka**555 ($32 in chips)
Seat 5: crash19867 ($123.76 in chips)
crash19867: posts small blind $1
**Geka**555: posts big blind $3
*** HOLE CARDS ***
crash19867: raises $3 to $6
**Geka**555: calls $3
*** FLOP *** [7h Jc 8s]
**Geka**555: checks
crash19867: bets $3
**Geka**555: folds
Uncalled bet ($3) returned to crash19867
crash19867 collected $11.76 from pot
crash19867: doesn't show hand
*** SUMMARY ***
Total pot $12 | Rake $0.24
Board [7h Jc 8s]
Seat 4: **Geka**555 (big blind) folded on the Flop
Seat 5: crash19867 (button) (small blind) collected ($11.76)


PokerStars Hand #157729527613:  Hold'em Limit ($3/$6 USD) - 2016/08/25 14:36:22 ET
Table 'Pels' 6-max Seat #4 is the button
Seat 4: **Geka**555 ($36 in chips)
Seat 5: crash19867 ($120 in chips)
**Geka**555: posts small blind $1
crash19867: posts big blind $3
*** HOLE CARDS ***
**Geka**555: folds
Uncalled bet ($2) returned to crash19867
crash19867 collected $2 from pot
crash19867: doesn't show hand
*** SUMMARY ***
Total pot $2 | Rake $0
Seat 4: **Geka**555 (button) (small blind) folded before Flop
Seat 5: crash19867 (big blind) collected ($2)


PokerStars Hand #157729534361:  Hold'em Limit ($3/$6 USD) - 2016/08/25 14:36:31 ET
Table 'Pels' 6-max Seat #4 is the button
Seat 4: **Geka**555 ($36 in chips)
Seat 5: crash19867 ($120 in chips)
**Geka**555: posts small blind $1
crash19867: posts big blind $3
*** HOLE CARDS ***
**Geka**555: folds
Uncalled bet ($2) returned to crash19867
crash19867 collected $2 from pot
crash19867: doesn't show hand
*** SUMMARY ***
Total pot $2 | Rake $0
Seat 4: **Geka**555 (button) (small blind) folded before Flop
Seat 5: crash19867 (big blind) collected ($2)


PokerStars Hand #157729531014:  Hold'em Limit ($3/$6 USD) - 2016/08/25 14:36:26 ET
Table 'Pels' 6-max Seat #5 is the button
Seat 4: **Geka**555 ($35 in chips)
Seat 5: crash19867 ($121 in chips)
crash19867: posts small blind $1
**Geka**555: posts big blind $3
*** HOLE CARDS ***
crash19867: folds
Uncalled bet ($2) returned to **Geka**555
**Geka**555 collected $2 from pot
**Geka**555: doesn't show hand
*** SUMMARY ***
Total pot $2 | Rake $0
Seat 4: **Geka**555 (big blind) collected ($2)
Seat 5: crash19867 (button) (small blind) folded before Flop


PokerStars Hand #157729546390:  Hold'em Limit ($3/$6 USD) - 2016/08/25 14:36:47 ET
Table 'Pels' 6-max Seat #4 is the button
Seat 4: **Geka**555 ($29 in chips)
Seat 5: crash19867 ($126.76 in chips)
**Geka**555: posts small blind $1
crash19867: posts big blind $3
*** HOLE CARDS ***
**Geka**555: raises $3 to $6
crash19867: folds
Uncalled bet ($3) returned to **Geka**555
**Geka**555 collected $6 from pot
**Geka**555: doesn't show hand
*** SUMMARY ***
Total pot $6 | Rake $0
Seat 4: **Geka**555 (button) (small blind) collected ($6)
Seat 5: crash19867 (big blind) folded before Flop


PokerStars Hand #157729537851:  Hold'em Limit ($3/$6 USD) - 2016/08/25 14:36:36 ET
Table 'Pels' 6-max Seat #5 is the button
Seat 4: **Geka**555 ($35 in chips)
Seat 5: crash19867 ($121 in chips)
crash19867: posts small blind $1
**Geka**555: posts big blind $3
*** HOLE CARDS ***
crash19867: raises $3 to $6
**Geka**555: calls $3
*** FLOP *** [9s Jc 9c]
**Geka**555: checks
crash19867: bets $3
**Geka**555: folds
Uncalled bet ($3) returned to crash19867
crash19867 collected $11.76 from pot
crash19867: doesn't show hand
*** SUMMARY ***
Total pot $12 | Rake $0.24
Board [9s Jc 9c]
Seat 4: **Geka**555 (big blind) folded on the Flop
Seat 5: crash19867 (button) (small blind) collected ($11.76)


PokerStars Hand #157729561630:  Hold'em Limit ($3/$6 USD) - 2016/08/25 14:37:09 ET
Table 'Pels' 6-max Seat #4 is the button
Seat 4: **Geka**555 ($26 in chips)
Seat 5: crash19867 ($129.52 in chips)
**Geka**555: posts small blind $1
crash19867: posts big blind $3
*** HOLE CARDS ***
**Geka**555: calls $2
crash19867: checks
*** FLOP *** [7h 5c 6d]
crash19867: bets $3
Holla-eller? joins the table at seat #2
**Geka**555: folds
Uncalled bet ($3) returned to crash19867
crash19867 collected $5.88 from pot
crash19867: doesn't show hand
*** SUMMARY ***
Total pot $6 | Rake $0.12
Board [7h 5c 6d]
Seat 4: **Geka**555 (button) (small blind) folded on the Flop
Seat 5: crash19867 (big blind) collected ($5.88)


PokerStars Hand #157729624178:  Hold'em Limit ($3/$6 USD) - 2016/08/25 14:38:35 ET
Table 'Pels' 6-max Seat #2 is the button
Seat 2: Holla-eller? ($159.36 in chips)
Seat 5: crash19867 ($113.40 in chips)
Holla-eller?: posts small blind $1
AllinRamstad: is sitting out
crash19867: posts big blind $3
*** HOLE CARDS ***
Holla-eller?: folds
Uncalled bet ($2) returned to crash19867
crash19867 collected $2 from pot
crash19867: doesn't show hand
*** SUMMARY ***
Total pot $2 | Rake $0
Seat 2: Holla-eller? (button) (small blind) folded before Flop
Seat 5: crash19867 (big blind) collected ($2)


