PokerStars Hand #151557062466:  Hold'em Limit ($3/$6 USD) - 2016/04/07 6:53:45 ET
Table 'Pels III' 6-max Seat #6 is the button
Seat 2: Agrotait ($72 in chips)
Seat 6: manly70 ($93.37 in chips)
manly70: posts small blind $1
Agrotait: posts big blind $3
*** HOLE CARDS ***
manly70: raises $3 to $6
Agrotait: raises $3 to $9
manly70: calls $3
*** FLOP *** [Th Td 6c]
Agrotait: bets $3
manly70: calls $3
*** TURN *** [Th Td 6c] [2h]
Agrotait: bets $6
manly70: calls $6
*** RIVER *** [Th Td 6c 2h] [Tc]
Agrotait: bets $6
manly70: calls $6
*** SHOW DOWN ***
Agrotait: shows [Jc Jh] (a full house, Tens full of Jacks)
manly70: mucks hand
Agrotait collected $47.50 from pot
*** SUMMARY ***
Total pot $48 | Rake $0.50
Board [Th Td 6c 2h Tc]
Seat 2: Agrotait (big blind) showed [Jc Jh] and won ($47.50) with a full house, Tens full of Jacks
Seat 6: manly70 (button) (small blind) mucked


PokerStars Hand #151557082816:  Hold'em Limit ($3/$6 USD) - 2016/04/07 6:54:30 ET
Table 'Pels III' 6-max Seat #2 is the button
Seat 2: Agrotait ($99.50 in chips)
Seat 6: manly70 ($65.37 in chips)
Agrotait: posts small blind $1
manly70: posts big blind $3
*** HOLE CARDS ***
Agrotait: raises $3 to $6
manly70: calls $3
*** FLOP *** [2h Ad Th]
manly70: checks
Agrotait: bets $3
manly70: calls $3
*** TURN *** [2h Ad Th] [2s]
manly70: checks
Agrotait: checks
*** RIVER *** [2h Ad Th 2s] [8h]
manly70: checks
Agrotait: checks
*** SHOW DOWN ***
manly70: shows [9c Ks] (a pair of Deuces)
Agrotait: shows [8s Js] (two pair, Eights and Deuces)
Agrotait collected $17.64 from pot
*** SUMMARY ***
Total pot $18 | Rake $0.36
Board [2h Ad Th 2s 8h]
Seat 2: Agrotait (button) (small blind) showed [8s Js] and won ($17.64) with two pair, Eights and Deuces
Seat 6: manly70 (big blind) showed [9c Ks] and lost with a pair of Deuces


PokerStars Hand #151557079558:  Hold'em Limit ($3/$6 USD) - 2016/04/07 6:54:22 ET
Table 'Pels III' 6-max Seat #6 is the button
Seat 2: Agrotait ($98.50 in chips)
Seat 6: manly70 ($66.37 in chips)
manly70: posts small blind $1
Agrotait: posts big blind $3
*** HOLE CARDS ***
manly70: folds
Uncalled bet ($2) returned to Agrotait
Agrotait collected $2 from pot
Agrotait: doesn't show hand
*** SUMMARY ***
Total pot $2 | Rake $0
Seat 2: Agrotait (big blind) collected ($2)
Seat 6: manly70 (button) (small blind) folded before Flop


PokerStars Hand #151557072880:  Hold'em Limit ($3/$6 USD) - 2016/04/07 6:54:08 ET
Table 'Pels III' 6-max Seat #2 is the button
Seat 2: Agrotait ($95.50 in chips)
Seat 6: manly70 ($69.37 in chips)
Agrotait: posts small blind $1
manly70: posts big blind $3
*** HOLE CARDS ***
Agrotait: raises $3 to $6
manly70: folds
Uncalled bet ($3) returned to Agrotait
Agrotait collected $6 from pot
Agrotait: doesn't show hand
*** SUMMARY ***
Total pot $6 | Rake $0
Seat 2: Agrotait (button) (small blind) collected ($6)
Seat 6: manly70 (big blind) folded before Flop


PokerStars Hand #151557118228:  Hold'em Limit ($3/$6 USD) - 2016/04/07 6:55:54 ET
Table 'Pels III' 6-max Seat #6 is the button
Seat 2: Agrotait ($143.16 in chips)
Seat 6: manly70 ($20.37 in chips)
manly70: posts small blind $1
Agrotait: posts big blind $3
*** HOLE CARDS ***
manly70: raises $3 to $6
Agrotait: folds
Uncalled bet ($3) returned to manly70
manly70 collected $6 from pot
*** SUMMARY ***
Total pot $6 | Rake $0
Seat 2: Agrotait (big blind) folded before Flop
Seat 6: manly70 (button) (small blind) collected ($6)


PokerStars Hand #151557103276:  Hold'em Limit ($3/$6 USD) - 2016/04/07 6:55:16 ET
Table 'Pels III' 6-max Seat #2 is the button
Seat 2: Agrotait ($119.66 in chips)
Seat 6: manly70 ($44.37 in chips)
Agrotait: posts small blind $1
manly70: posts big blind $3
*** HOLE CARDS ***
Agrotait: raises $3 to $6
manly70: raises $3 to $9
Agrotait: calls $3
*** FLOP *** [6c Ad 5d]
manly70: bets $3
Agrotait: calls $3
*** TURN *** [6c Ad 5d] [Th]
manly70: bets $6
Agrotait: raises $6 to $12
manly70: calls $6
*** RIVER *** [6c Ad 5d Th] [6d]
manly70: checks
Agrotait: checks
*** SHOW DOWN ***
manly70: shows [Qs Kc] (a pair of Sixes)
Agrotait: shows [Ah 5c] (two pair, Aces and Sixes)
Agrotait collected $47.50 from pot
*** SUMMARY ***
Total pot $48 | Rake $0.50
Board [6c Ad 5d Th 6d]
Seat 2: Agrotait (button) (small blind) showed [Ah 5c] and won ($47.50) with two pair, Aces and Sixes
Seat 6: manly70 (big blind) showed [Qs Kc] and lost with a pair of Sixes


PokerStars Hand #151557092425:  Hold'em Limit ($3/$6 USD) - 2016/04/07 6:54:51 ET
Table 'Pels III' 6-max Seat #6 is the button
Seat 2: Agrotait ($108.14 in chips)
Seat 6: manly70 ($56.37 in chips)
manly70: posts small blind $1
Agrotait: posts big blind $3
*** HOLE CARDS ***
manly70: raises $3 to $6
Agrotait: calls $3
*** FLOP *** [5d 3c 4h]
Agrotait: checks
manly70: checks
*** TURN *** [5d 3c 4h] [Qs]
Agrotait: checks
manly70: bets $6
Agrotait: raises $6 to $12
manly70: folds
Uncalled bet ($6) returned to Agrotait
Agrotait collected $23.52 from pot
Agrotait: doesn't show hand
*** SUMMARY ***
Total pot $24 | Rake $0.48
Board [5d 3c 4h Qs]
Seat 2: Agrotait (big blind) collected ($23.52)
Seat 6: manly70 (button) (small blind) folded on the Turn


PokerStars Hand #151557133125:  Hold'em Limit ($3/$6 USD) - 2016/04/07 6:56:31 ET
Table 'Pels III' 6-max Seat #2 is the button
Seat 2: Agrotait ($123.16 in chips)
Seat 6: manly70 ($39.87 in chips)
Agrotait: posts small blind $1
manly70: posts big blind $3
*** HOLE CARDS ***
Agrotait: raises $3 to $6
manly70: calls $3
*** FLOP *** [9h 9c 2s]
manly70: checks
Agrotait: bets $3
manly70: calls $3
*** TURN *** [9h 9c 2s] [Kh]
manly70: checks
Agrotait: bets $6
manly70: folds
Uncalled bet ($6) returned to Agrotait
Agrotait collected $17.64 from pot
Agrotait: doesn't show hand
*** SUMMARY ***
Total pot $18 | Rake $0.36
Board [9h 9c 2s Kh]
Seat 2: Agrotait (button) (small blind) collected ($17.64)
Seat 6: manly70 (big blind) folded on the Turn


PokerStars Hand #151557129889:  Hold'em Limit ($3/$6 USD) - 2016/04/07 6:56:23 ET
Table 'Pels III' 6-max Seat #6 is the button
Seat 2: Agrotait ($122.16 in chips)
Seat 6: manly70 ($40.87 in chips)
manly70: posts small blind $1
Agrotait: posts big blind $3
*** HOLE CARDS ***
manly70: folds
Uncalled bet ($2) returned to Agrotait
Agrotait collected $2 from pot
Agrotait: doesn't show hand
*** SUMMARY ***
Total pot $2 | Rake $0
Seat 2: Agrotait (big blind) collected ($2)
Seat 6: manly70 (button) (small blind) folded before Flop


PokerStars Hand #151557121961:  Hold'em Limit ($3/$6 USD) - 2016/04/07 6:56:03 ET
Table 'Pels III' 6-max Seat #2 is the button
Seat 2: Agrotait ($140.16 in chips)
Seat 6: manly70 ($23.37 in chips)
Agrotait: posts small blind $1
manly70: posts big blind $3
*** HOLE CARDS ***
Agrotait: raises $3 to $6
manly70: calls $3
*** FLOP *** [7c Jc Tc]
manly70: checks
Agrotait: checks
*** TURN *** [7c Jc Tc] [6h]
manly70: bets $6
Agrotait: calls $6
*** RIVER *** [7c Jc Tc 6h] [Qc]
manly70: bets $6
Agrotait: calls $6
*** SHOW DOWN ***
manly70: shows [Kc 4h] (a flush, King high)
Agrotait: mucks hand
manly70 collected $35.50 from pot
*** SUMMARY ***
Total pot $36 | Rake $0.50
Board [7c Jc Tc 6h Qc]
Seat 2: Agrotait (button) (small blind) mucked
Seat 6: manly70 (big blind) showed [Kc 4h] and won ($35.50) with a flush, King high


PokerStars Hand #151557158088:  Hold'em Limit ($3/$6 USD) - 2016/04/07 6:57:34 ET
Table 'Pels III' 6-max Seat #2 is the button
Seat 2: Agrotait ($125.80 in chips)
Seat 6: manly70 ($36.63 in chips)
Agrotait: posts small blind $1
manly70: posts big blind $3
*** HOLE CARDS ***
Agrotait: raises $3 to $6
manly70: calls $3
*** FLOP *** [3c Qc Ad]
manly70: checks
Agrotait: bets $3
manly70: folds
Uncalled bet ($3) returned to Agrotait
Agrotait collected $11.76 from pot
Agrotait: doesn't show hand
*** SUMMARY ***
Total pot $12 | Rake $0.24
Board [3c Qc Ad]
Seat 2: Agrotait (button) (small blind) collected ($11.76)
Seat 6: manly70 (big blind) folded on the Flop


PokerStars Hand #151557155128:  Hold'em Limit ($3/$6 USD) - 2016/04/07 6:57:27 ET
Table 'Pels III' 6-max Seat #6 is the button
Seat 2: Agrotait ($124.80 in chips)
Seat 6: manly70 ($37.63 in chips)
manly70: posts small blind $1
Agrotait: posts big blind $3
*** HOLE CARDS ***
manly70: folds
Uncalled bet ($2) returned to Agrotait
Agrotait collected $2 from pot
Agrotait: doesn't show hand
*** SUMMARY ***
Total pot $2 | Rake $0
Seat 2: Agrotait (big blind) collected ($2)
Seat 6: manly70 (button) (small blind) folded before Flop


PokerStars Hand #151557152990:  Hold'em Limit ($3/$6 USD) - 2016/04/07 6:57:21 ET
Table 'Pels III' 6-max Seat #2 is the button
Seat 2: Agrotait ($125.80 in chips)
Seat 6: manly70 ($36.63 in chips)
Agrotait: posts small blind $1
manly70: posts big blind $3
*** HOLE CARDS ***
Agrotait: folds
Uncalled bet ($2) returned to manly70
manly70 collected $2 from pot
*** SUMMARY ***
Total pot $2 | Rake $0
Seat 2: Agrotait (button) (small blind) folded before Flop
Seat 6: manly70 (big blind) collected ($2)


PokerStars Hand #151557143289:  Hold'em Limit ($3/$6 USD) - 2016/04/07 6:56:57 ET
Table 'Pels III' 6-max Seat #6 is the button
Seat 2: Agrotait ($131.80 in chips)
Seat 6: manly70 ($30.87 in chips)
manly70: posts small blind $1
Agrotait: posts big blind $3
*** HOLE CARDS ***
manly70: raises $3 to $6
Agrotait: calls $3
*** FLOP *** [Jd As Qh]
Agrotait: checks
manly70: bets $3
Agrotait: folds
Uncalled bet ($3) returned to manly70
manly70 collected $11.76 from pot
*** SUMMARY ***
Total pot $12 | Rake $0.24
Board [Jd As Qh]
Seat 2: Agrotait (big blind) folded on the Flop
Seat 6: manly70 (button) (small blind) collected ($11.76)


PokerStars Hand #151557163434:  Hold'em Limit ($3/$6 USD) - 2016/04/07 6:57:48 ET
Table 'Pels III' 6-max Seat #6 is the button
Seat 2: Agrotait ($131.56 in chips)
Seat 6: manly70 ($30.63 in chips)
manly70: posts small blind $1
Agrotait: posts big blind $3
*** HOLE CARDS ***
manly70: raises $3 to $6
Agrotait: calls $3
*** FLOP *** [2s 5c Th]
Agrotait: checks
manly70: bets $3
Agrotait: calls $3
*** TURN *** [2s 5c Th] [Qh]
Agrotait: checks
manly70: bets $6
Agrotait: calls $6
*** RIVER *** [2s 5c Th Qh] [2d]
Agrotait: checks
manly70: checks
*** SHOW DOWN ***
Agrotait: shows [5d 6s] (two pair, Fives and Deuces)
manly70: shows [7h 5h] (two pair, Fives and Deuces)
Agrotait collected $14.75 from pot
manly70 collected $14.75 from pot
*** SUMMARY ***
Total pot $30 | Rake $0.50
Board [2s 5c Th Qh 2d]
Seat 2: Agrotait (big blind) showed [5d 6s] and won ($14.75) with two pair, Fives and Deuces
Seat 6: manly70 (button) (small blind) showed [7h 5h] and won ($14.75) with two pair, Fives and Deuces


PokerStars Hand #151557199151:  Hold'em Limit ($3/$6 USD) - 2016/04/07 6:59:17 ET
Table 'Pels III' 6-max Seat #6 is the button
Seat 2: Agrotait ($134.31 in chips)
Seat 6: manly70 ($27.38 in chips)
manly70: posts small blind $1
Agrotait: posts big blind $3
*** HOLE CARDS ***
manly70: raises $3 to $6
Agrotait: calls $3
*** FLOP *** [Qd Qc Tc]
Agrotait: checks
manly70: bets $3
Agrotait: folds
Uncalled bet ($3) returned to manly70
manly70 collected $11.76 from pot
*** SUMMARY ***
Total pot $12 | Rake $0.24
Board [Qd Qc Tc]
Seat 2: Agrotait (big blind) folded on the Flop
Seat 6: manly70 (button) (small blind) collected ($11.76)


PokerStars Hand #151557181962:  Hold'em Limit ($3/$6 USD) - 2016/04/07 6:58:34 ET
Table 'Pels III' 6-max Seat #2 is the button
Seat 2: Agrotait ($131.31 in chips)
Seat 6: manly70 ($30.38 in chips)
Agrotait: posts small blind $1
manly70: posts big blind $3
*** HOLE CARDS ***
Agrotait: raises $3 to $6
manly70: folds
Uncalled bet ($3) returned to Agrotait
Agrotait collected $6 from pot
Agrotait: doesn't show hand
*** SUMMARY ***
Total pot $6 | Rake $0
Seat 2: Agrotait (button) (small blind) collected ($6)
Seat 6: manly70 (big blind) folded before Flop


PokerStars Hand #151557235493:  Hold'em Limit ($3/$6 USD) - 2016/04/07 7:00:45 ET
Table 'Pels III' 6-max Seat #6 is the button
Seat 2: Agrotait ($104.31 in chips)
Seat 6: manly70 ($56.64 in chips)
manly70: posts small blind $1
Agrotait: posts big blind $3
*** HOLE CARDS ***
manly70: folds
Uncalled bet ($2) returned to Agrotait
Agrotait collected $2 from pot
Agrotait: doesn't show hand
*** SUMMARY ***
Total pot $2 | Rake $0
Seat 2: Agrotait (big blind) collected ($2)
Seat 6: manly70 (button) (small blind) folded before Flop


PokerStars Hand #151557211597:  Hold'em Limit ($3/$6 USD) - 2016/04/07 6:59:48 ET
Table 'Pels III' 6-max Seat #2 is the button
Seat 2: Agrotait ($128.31 in chips)
Seat 6: manly70 ($33.14 in chips)
Agrotait: posts small blind $1
manly70: posts big blind $3
*** HOLE CARDS ***
Agrotait: raises $3 to $6
manly70: calls $3
*** FLOP *** [4s Th 2h]
manly70: checks
Agrotait: bets $3
manly70: raises $3 to $6
Agrotait: calls $3
*** TURN *** [4s Th 2h] [As]
manly70: bets $6
Agrotait: calls $6
*** RIVER *** [4s Th 2h As] [Js]
manly70: bets $6
Agrotait: calls $6
*** SHOW DOWN ***
manly70: shows [4h Ad] (two pair, Aces and Fours)
Agrotait: mucks hand
manly70 collected $47.50 from pot
*** SUMMARY ***
Total pot $48 | Rake $0.50
Board [4s Th 2h As Js]
Seat 2: Agrotait (button) (small blind) mucked
Seat 6: manly70 (big blind) showed [4h Ad] and won ($47.50) with two pair, Aces and Fours


PokerStars Hand #151557268486:  Hold'em Limit ($3/$6 USD) - 2016/04/07 7:01:59 ET
Table 'Pels III' 6-max Seat #2 is the button
Seat 2: Agrotait ($123.57 in chips)
Seat 6: manly70 ($36.64 in chips)
Agrotait: posts small blind $1
manly70: posts big blind $3
*** HOLE CARDS ***
Agrotait: raises $3 to $6
manly70: folds
Uncalled bet ($3) returned to Agrotait
Agrotait collected $6 from pot
Agrotait: doesn't show hand
*** SUMMARY ***
Total pot $6 | Rake $0
Seat 2: Agrotait (button) (small blind) collected ($6)
Seat 6: manly70 (big blind) folded before Flop


PokerStars Hand #151557264687:  Hold'em Limit ($3/$6 USD) - 2016/04/07 7:01:51 ET
Table 'Pels III' 6-max Seat #6 is the button
Seat 2: Agrotait ($122.57 in chips)
Seat 6: manly70 ($37.64 in chips)
manly70: posts small blind $1
Agrotait: posts big blind $3
*** HOLE CARDS ***
manly70: folds
Uncalled bet ($2) returned to Agrotait
Agrotait collected $2 from pot
Agrotait: doesn't show hand
*** SUMMARY ***
Total pot $2 | Rake $0
Seat 2: Agrotait (big blind) collected ($2)
Seat 6: manly70 (button) (small blind) folded before Flop


PokerStars Hand #151557255548:  Hold'em Limit ($3/$6 USD) - 2016/04/07 7:01:31 ET
Table 'Pels III' 6-max Seat #2 is the button
Seat 2: Agrotait ($116.81 in chips)
Seat 6: manly70 ($43.64 in chips)
Agrotait: posts small blind $1
manly70: posts big blind $3
*** HOLE CARDS ***
Agrotait: raises $3 to $6
manly70: calls $3
*** FLOP *** [2s Th Qd]
manly70: checks
Agrotait: bets $3
manly70: folds
Uncalled bet ($3) returned to Agrotait
Agrotait collected $11.76 from pot
Agrotait: doesn't show hand
*** SUMMARY ***
Total pot $12 | Rake $0.24
Board [2s Th Qd]
Seat 2: Agrotait (button) (small blind) collected ($11.76)
Seat 6: manly70 (big blind) folded on the Flop


PokerStars Hand #151557250904:  Hold'em Limit ($3/$6 USD) - 2016/04/07 7:01:20 ET
Table 'Pels III' 6-max Seat #6 is the button
Seat 2: Agrotait ($119.81 in chips)
Seat 6: manly70 ($40.64 in chips)
manly70: posts small blind $1
Agrotait: posts big blind $3
*** HOLE CARDS ***
manly70: raises $3 to $6
Agrotait: folds
Uncalled bet ($3) returned to manly70
manly70 collected $6 from pot
*** SUMMARY ***
Total pot $6 | Rake $0
Seat 2: Agrotait (big blind) folded before Flop
Seat 6: manly70 (button) (small blind) collected ($6)


PokerStars Hand #151557238263:  Hold'em Limit ($3/$6 USD) - 2016/04/07 7:00:52 ET
Table 'Pels III' 6-max Seat #2 is the button
Seat 2: Agrotait ($105.31 in chips)
Seat 6: manly70 ($55.64 in chips)
Agrotait: posts small blind $1
manly70: posts big blind $3
*** HOLE CARDS ***
Agrotait: raises $3 to $6
manly70: calls $3
*** FLOP *** [7c 2d 9s]
manly70: checks
Agrotait: bets $3
manly70: calls $3
*** TURN *** [7c 2d 9s] [2h]
manly70: checks
Agrotait: bets $6
manly70: calls $6
*** RIVER *** [7c 2d 9s 2h] [7h]
manly70: checks
Agrotait: bets $6
manly70: folds
Uncalled bet ($6) returned to Agrotait
Agrotait collected $29.50 from pot
Agrotait: doesn't show hand
*** SUMMARY ***
Total pot $30 | Rake $0.50
Board [7c 2d 9s 2h 7h]
Seat 2: Agrotait (button) (small blind) collected ($29.50)
Seat 6: manly70 (big blind) folded on the River


PokerStars Hand #151557294130:  Hold'em Limit ($3/$6 USD) - 2016/04/07 7:02:56 ET
Table 'Pels III' 6-max Seat #6 is the button
Seat 2: Agrotait ($118.57 in chips)
Seat 6: manly70 ($41.28 in chips)
manly70: posts small blind $1
Agrotait: posts big blind $3
*** HOLE CARDS ***
manly70: folds
Uncalled bet ($2) returned to Agrotait
Agrotait collected $2 from pot
Agrotait: doesn't show hand
*** SUMMARY ***
Total pot $2 | Rake $0
Seat 2: Agrotait (big blind) collected ($2)
Seat 6: manly70 (button) (small blind) folded before Flop


PokerStars Hand #151557276273:  Hold'em Limit ($3/$6 USD) - 2016/04/07 7:02:16 ET
Table 'Pels III' 6-max Seat #2 is the button
Seat 2: Agrotait ($127.57 in chips)
Seat 6: manly70 ($32.64 in chips)
Agrotait: posts small blind $1
manly70: posts big blind $3
*** HOLE CARDS ***
Agrotait: raises $3 to $6
manly70: calls $3
*** FLOP *** [4d Kd 9s]
manly70: checks
Agrotait: bets $3
manly70: calls $3
*** TURN *** [4d Kd 9s] [5s]
manly70: checks
Agrotait: checks
*** RIVER *** [4d Kd 9s 5s] [Jh]
manly70: bets $6
Agrotait: folds
Uncalled bet ($6) returned to manly70
manly70 collected $17.64 from pot
*** SUMMARY ***
Total pot $18 | Rake $0.36
Board [4d Kd 9s 5s Jh]
Seat 2: Agrotait (button) (small blind) folded on the River
Seat 6: manly70 (big blind) collected ($17.64)


PokerStars Hand #151557273001:  Hold'em Limit ($3/$6 USD) - 2016/04/07 7:02:09 ET
Table 'Pels III' 6-max Seat #6 is the button
Seat 2: Agrotait ($126.57 in chips)
Seat 6: manly70 ($33.64 in chips)
manly70: posts small blind $1
Agrotait: posts big blind $3
*** HOLE CARDS ***
manly70: folds
Uncalled bet ($2) returned to Agrotait
Agrotait collected $2 from pot
Agrotait: doesn't show hand
*** SUMMARY ***
Total pot $2 | Rake $0
Seat 2: Agrotait (big blind) collected ($2)
Seat 6: manly70 (button) (small blind) folded before Flop


PokerStars Hand #151557324738:  Hold'em Limit ($3/$6 USD) - 2016/04/07 7:04:02 ET
Table 'Pels III' 6-max Seat #6 is the button
Seat 2: Agrotait ($120.33 in chips)
Seat 6: manly70 ($39.04 in chips)
manly70: posts small blind $1
Agrotait: posts big blind $3
*** HOLE CARDS ***
manly70: folds
Uncalled bet ($2) returned to Agrotait
Agrotait collected $2 from pot
Agrotait: doesn't show hand
*** SUMMARY ***
Total pot $2 | Rake $0
Seat 2: Agrotait (big blind) collected ($2)
Seat 6: manly70 (button) (small blind) folded before Flop


PokerStars Hand #151557318456:  Hold'em Limit ($3/$6 USD) - 2016/04/07 7:03:49 ET
Table 'Pels III' 6-max Seat #2 is the button
Seat 2: Agrotait ($114.57 in chips)
Seat 6: manly70 ($45.04 in chips)
Agrotait: posts small blind $1
manly70: posts big blind $3
*** HOLE CARDS ***
Agrotait: raises $3 to $6
manly70: calls $3
*** FLOP *** [Ts 4d Ad]
manly70: checks
Agrotait: bets $3
manly70: folds
Uncalled bet ($3) returned to Agrotait
Agrotait collected $11.76 from pot
Agrotait: doesn't show hand
*** SUMMARY ***
Total pot $12 | Rake $0.24
Board [Ts 4d Ad]
Seat 2: Agrotait (button) (small blind) collected ($11.76)
Seat 6: manly70 (big blind) folded on the Flop


PokerStars Hand #151557314181:  Hold'em Limit ($3/$6 USD) - 2016/04/07 7:03:39 ET
Table 'Pels III' 6-max Seat #6 is the button
Seat 2: Agrotait ($113.57 in chips)
Seat 6: manly70 ($46.04 in chips)
manly70: posts small blind $1
Agrotait: posts big blind $3
*** HOLE CARDS ***
manly70: folds
Uncalled bet ($2) returned to Agrotait
Agrotait collected $2 from pot
Agrotait: doesn't show hand
*** SUMMARY ***
Total pot $2 | Rake $0
Seat 2: Agrotait (big blind) collected ($2)
Seat 6: manly70 (button) (small blind) folded before Flop


PokerStars Hand #151557297202:  Hold'em Limit ($3/$6 USD) - 2016/04/07 7:03:02 ET
Table 'Pels III' 6-max Seat #2 is the button
Seat 2: Agrotait ($119.57 in chips)
Seat 6: manly70 ($40.28 in chips)
Agrotait: posts small blind $1
manly70: posts big blind $3
*** HOLE CARDS ***
Agrotait: raises $3 to $6
manly70: calls $3
*** FLOP *** [8c 6s Tc]
manly70: checks
Agrotait: checks
*** TURN *** [8c 6s Tc] [Qd]
manly70: bets $6
Agrotait: folds
Uncalled bet ($6) returned to manly70
manly70 collected $11.76 from pot
*** SUMMARY ***
Total pot $12 | Rake $0.24
Board [8c 6s Tc Qd]
Seat 2: Agrotait (button) (small blind) folded on the Turn
Seat 6: manly70 (big blind) collected ($11.76)


PokerStars Hand #151557346838:  Hold'em Limit ($3/$6 USD) - 2016/04/07 7:04:51 ET
Table 'Pels III' 6-max Seat #6 is the button
Seat 2: Agrotait ($94.33 in chips)
Seat 6: manly70 ($64.54 in chips)
manly70: posts small blind $1
Agrotait: posts big blind $3
*** HOLE CARDS ***
manly70: folds
Uncalled bet ($2) returned to Agrotait
Agrotait collected $2 from pot
Agrotait: doesn't show hand
*** SUMMARY ***
Total pot $2 | Rake $0
Seat 2: Agrotait (big blind) collected ($2)
Seat 6: manly70 (button) (small blind) folded before Flop


PokerStars Hand #151557327440:  Hold'em Limit ($3/$6 USD) - 2016/04/07 7:04:08 ET
Table 'Pels III' 6-max Seat #2 is the button
Seat 2: Agrotait ($121.33 in chips)
Seat 6: manly70 ($38.04 in chips)
Agrotait: posts small blind $1
manly70: posts big blind $3
*** HOLE CARDS ***
Agrotait: raises $3 to $6
manly70: calls $3
*** FLOP *** [7h Kh 6c]
manly70: checks
Agrotait: bets $3
manly70: calls $3
*** TURN *** [7h Kh 6c] [8d]
manly70: checks
Agrotait: bets $6
manly70: raises $6 to $12
Agrotait: calls $6
*** RIVER *** [7h Kh 6c 8d] [Qh]
manly70: bets $6
Agrotait: calls $6
*** SHOW DOWN ***
manly70: shows [Ks 7c] (two pair, Kings and Sevens)
Agrotait: mucks hand
manly70 collected $53.50 from pot
*** SUMMARY ***
Total pot $54 | Rake $0.50
Board [7h Kh 6c 8d Qh]
Seat 2: Agrotait (button) (small blind) mucked
Seat 6: manly70 (big blind) showed [Ks 7c] and won ($53.50) with two pair, Kings and Sevens


PokerStars Hand #151557349905:  Hold'em Limit ($3/$6 USD) - 2016/04/07 7:04:57 ET
Table 'Pels III' 6-max Seat #2 is the button
Seat 2: Agrotait ($95.33 in chips)
Seat 6: manly70 ($63.54 in chips)
Agrotait: posts small blind $1
manly70: posts big blind $3
*** HOLE CARDS ***
Agrotait: raises $3 to $6
manly70: calls $3
*** FLOP *** [Tc As 2s]
manly70: checks
Agrotait: bets $3
manly70: calls $3
*** TURN *** [Tc As 2s] [5s]
manly70: checks
Agrotait: bets $6
manly70: raises $6 to $12
Agrotait: raises $6 to $18
manly70: calls $6
*** RIVER *** [Tc As 2s 5s] [7d]
manly70: checks
Agrotait: bets $6
manly70: calls $6
*** SHOW DOWN ***
Agrotait: shows [9s 8s] (a flush, Ace high)
manly70: mucks hand
Agrotait collected $65.50 from pot
*** SUMMARY ***
Total pot $66 | Rake $0.50
Board [Tc As 2s 5s 7d]
Seat 2: Agrotait (button) (small blind) showed [9s 8s] and won ($65.50) with a flush, Ace high
Seat 6: manly70 (big blind) mucked


PokerStars Hand #151557396162:  Hold'em Limit ($3/$6 USD) - 2016/04/07 7:06:38 ET
Table 'Pels III' 6-max Seat #2 is the button
Seat 2: Agrotait ($106.83 in chips)
Seat 6: manly70 ($51.04 in chips)
Agrotait: posts small blind $1
manly70: posts big blind $3
*** HOLE CARDS ***
Agrotait: raises $3 to $6
manly70: calls $3
*** FLOP *** [5d 5h 3d]
manly70: checks
Agrotait: bets $3
manly70: calls $3
*** TURN *** [5d 5h 3d] [4c]
manly70: checks
Agrotait: checks
*** RIVER *** [5d 5h 3d 4c] [6c]
manly70: bets $6
Agrotait: raises $6 to $12
manly70: calls $6
*** SHOW DOWN ***
Agrotait: shows [Td 8c] (a pair of Fives)
manly70: shows [7h Kh] (a straight, Three to Seven)
manly70 collected $41.50 from pot
*** SUMMARY ***
Total pot $42 | Rake $0.50
Board [5d 5h 3d 4c 6c]
Seat 2: Agrotait (button) (small blind) showed [Td 8c] and lost with a pair of Fives
Seat 6: manly70 (big blind) showed [7h Kh] and won ($41.50) with a straight, Three to Seven


PokerStars Hand #151557409977:  Hold'em Limit ($3/$6 USD) - 2016/04/07 7:07:08 ET
Table 'Pels III' 6-max Seat #6 is the button
Seat 2: Agrotait ($85.83 in chips)
Seat 6: manly70 ($71.54 in chips)
manly70: posts small blind $1
Agrotait: posts big blind $3
*** HOLE CARDS ***
manly70: raises $3 to $6
Agrotait: raises $3 to $9
manly70: calls $3
*** FLOP *** [2h 7s 7d]
Agrotait: bets $3
manly70: calls $3
*** TURN *** [2h 7s 7d] [2d]
Agrotait: bets $6
baur017017 joins the table at seat #3
manly70: folds
Uncalled bet ($6) returned to Agrotait
Agrotait collected $23.52 from pot
Agrotait: doesn't show hand
*** SUMMARY ***
Total pot $24 | Rake $0.48
Board [2h 7s 7d 2d]
Seat 2: Agrotait (big blind) collected ($23.52)
Seat 6: manly70 (button) (small blind) folded on the Turn


PokerStars Hand #151557444061:  Hold'em Limit ($3/$6 USD) - 2016/04/07 7:08:22 ET
Table 'Pels III' 6-max Seat #2 is the button
Seat 2: Agrotait ($143.35 in chips)
Seat 6: manly70 ($44.54 in chips)
Agrotait: posts small blind $1
manly70: posts big blind $3
*** HOLE CARDS ***
Agrotait: raises $3 to $6
manly70: calls $3
*** FLOP *** [2c Kh Ad]
manly70: checks
Agrotait: bets $3
manly70: calls $3
*** TURN *** [2c Kh Ad] [3d]
manly70: checks
Agrotait: checks
*** RIVER *** [2c Kh Ad 3d] [As]
manly70: checks
Agrotait: bets $6
manly70: folds
Uncalled bet ($6) returned to Agrotait
Agrotait collected $17.64 from pot
Agrotait: doesn't show hand
*** SUMMARY ***
Total pot $18 | Rake $0.36
Board [2c Kh Ad 3d As]
Seat 2: Agrotait (button) (small blind) collected ($17.64)
Seat 6: manly70 (big blind) folded on the River


PokerStars Hand #151557458562:  Hold'em Limit ($3/$6 USD) - 2016/04/07 7:08:53 ET
Table 'Pels III' 6-max Seat #6 is the button
Seat 2: Agrotait ($151.99 in chips)
Seat 6: manly70 ($35.54 in chips)
manly70: posts small blind $1
Agrotait: posts big blind $3
*** HOLE CARDS ***
manly70: raises $3 to $6
Agrotait: calls $3
*** FLOP *** [4h 7s Ad]
Agrotait: checks
manly70: bets $3
Agrotait: calls $3
*** TURN *** [4h 7s Ad] [9s]
Agrotait: checks
manly70: checks
*** RIVER *** [4h 7s Ad 9s] [Td]
Agrotait: checks
manly70: bets $6
Agrotait: folds
Uncalled bet ($6) returned to manly70
manly70 collected $17.64 from pot
*** SUMMARY ***
Total pot $18 | Rake $0.36
Board [4h 7s Ad 9s Td]
Seat 2: Agrotait (big blind) folded on the River
Seat 6: manly70 (button) (small blind) collected ($17.64)


PokerStars Hand #151570777634:  Hold'em Limit ($3/$6 USD) - 2016/04/07 13:03:46 ET
Table 'Pels III' 6-max Seat #5 is the button
Seat 3: diRon1980 ($50.79 in chips)
Seat 5: Chessnok ($174.12 in chips)
Chessnok: posts small blind $1
diRon1980: posts big blind $3
*** HOLE CARDS ***
Chessnok: folds
Uncalled bet ($2) returned to diRon1980
diRon1980 collected $2 from pot
diRon1980: doesn't show hand
*** SUMMARY ***
Total pot $2 | Rake $0
Seat 3: diRon1980 (big blind) collected ($2)
Seat 5: Chessnok (button) (small blind) folded before Flop


PokerStars Hand #151570768587:  Hold'em Limit ($3/$6 USD) - 2016/04/07 13:03:35 ET
Table 'Pels III' 6-max Seat #3 is the button
Seat 3: diRon1980 ($51.79 in chips)
Seat 5: Chessnok ($173.12 in chips)
diRon1980: posts small blind $1
Chessnok: posts big blind $3
*** HOLE CARDS ***
diRon1980: folds
Uncalled bet ($2) returned to Chessnok
Chessnok collected $2 from pot
Chessnok: doesn't show hand
*** SUMMARY ***
Total pot $2 | Rake $0
Seat 3: diRon1980 (button) (small blind) folded before Flop
Seat 5: Chessnok (big blind) collected ($2)


PokerStars Hand #151570764955:  Hold'em Limit ($3/$6 USD) - 2016/04/07 13:03:31 ET
Table 'Pels III' 6-max Seat #5 is the button
Seat 3: diRon1980 ($50.79 in chips)
Seat 5: Chessnok ($174.12 in chips)
Chessnok: posts small blind $1
diRon1980: posts big blind $3
*** HOLE CARDS ***
Chessnok: folds
Uncalled bet ($2) returned to diRon1980
diRon1980 collected $2 from pot
diRon1980: doesn't show hand
*** SUMMARY ***
Total pot $2 | Rake $0
Seat 3: diRon1980 (big blind) collected ($2)
Seat 5: Chessnok (button) (small blind) folded before Flop


PokerStars Hand #151570789506:  Hold'em Limit ($3/$6 USD) - 2016/04/07 13:04:00 ET
Table 'Pels III' 6-max Seat #3 is the button
Seat 3: diRon1980 ($51.79 in chips)
Seat 5: Chessnok ($173.12 in chips)
diRon1980: posts small blind $1
Chessnok: posts big blind $3
*** HOLE CARDS ***
diRon1980: folds
Uncalled bet ($2) returned to Chessnok
Chessnok collected $2 from pot
Chessnok: doesn't show hand
*** SUMMARY ***
Total pot $2 | Rake $0
Seat 3: diRon1980 (button) (small blind) folded before Flop
Seat 5: Chessnok (big blind) collected ($2)


PokerStars Hand #151570785253:  Hold'em Limit ($3/$6 USD) - 2016/04/07 13:03:55 ET
Table 'Pels III' 6-max Seat #5 is the button
Seat 3: diRon1980 ($50.79 in chips)
Seat 5: Chessnok ($174.12 in chips)
Chessnok: posts small blind $1
diRon1980: posts big blind $3
*** HOLE CARDS ***
Chessnok: folds
Uncalled bet ($2) returned to diRon1980
diRon1980 collected $2 from pot
diRon1980: doesn't show hand
*** SUMMARY ***
Total pot $2 | Rake $0
Seat 3: diRon1980 (big blind) collected ($2)
Seat 5: Chessnok (button) (small blind) folded before Flop


PokerStars Hand #151570781070:  Hold'em Limit ($3/$6 USD) - 2016/04/07 13:03:50 ET
Table 'Pels III' 6-max Seat #3 is the button
Seat 3: diRon1980 ($51.79 in chips)
Seat 5: Chessnok ($173.12 in chips)
diRon1980: posts small blind $1
Chessnok: posts big blind $3
*** HOLE CARDS ***
diRon1980: folds
Uncalled bet ($2) returned to Chessnok
Chessnok collected $2 from pot
Chessnok: doesn't show hand
*** SUMMARY ***
Total pot $2 | Rake $0
Seat 3: diRon1980 (button) (small blind) folded before Flop
Seat 5: Chessnok (big blind) collected ($2)


PokerStars Hand #151570799564:  Hold'em Limit ($3/$6 USD) - 2016/04/07 13:04:11 ET
Table 'Pels III' 6-max Seat #5 is the button
Seat 3: diRon1980 ($50.79 in chips)
Seat 5: Chessnok ($174.12 in chips)
Chessnok: posts small blind $1
diRon1980: posts big blind $3
*** HOLE CARDS ***
Chessnok: raises $3 to $6
diRon1980: calls $3
*** FLOP *** [8c 4d 7s]
diRon1980: checks
Chessnok: bets $3
diRon1980: calls $3
*** TURN *** [8c 4d 7s] [Jc]
diRon1980: checks
Chessnok: checks
*** RIVER *** [8c 4d 7s Jc] [2h]
diRon1980: bets $6
Chessnok: calls $6
*** SHOW DOWN ***
diRon1980: shows [2c 7c] (two pair, Sevens and Deuces)
Chessnok: mucks hand
diRon1980 collected $29.50 from pot
*** SUMMARY ***
Total pot $30 | Rake $0.50
Board [8c 4d 7s Jc 2h]
Seat 3: diRon1980 (big blind) showed [2c 7c] and won ($29.50) with two pair, Sevens and Deuces
Seat 5: Chessnok (button) (small blind) mucked


PokerStars Hand #151570851087:  Hold'em Limit ($3/$6 USD) - 2016/04/07 13:05:10 ET
Table 'Pels III' 6-max Seat #5 is the button
Seat 3: diRon1980 ($68.17 in chips)
Seat 5: Chessnok ($156.12 in chips)
Chessnok: posts small blind $1
diRon1980: posts big blind $3
*** HOLE CARDS ***
Chessnok: raises $3 to $6
diRon1980: calls $3
*** FLOP *** [7s Tc 5h]
diRon1980: checks
Chessnok: bets $3
diRon1980: folds
Uncalled bet ($3) returned to Chessnok
Chessnok collected $11.76 from pot
Chessnok: doesn't show hand
*** SUMMARY ***
Total pot $12 | Rake $0.24
Board [7s Tc 5h]
Seat 3: diRon1980 (big blind) folded on the Flop
Seat 5: Chessnok (button) (small blind) collected ($11.76)


PokerStars Hand #151570831642:  Hold'em Limit ($3/$6 USD) - 2016/04/07 13:04:49 ET
Table 'Pels III' 6-max Seat #3 is the button
Seat 3: diRon1980 ($65.29 in chips)
Seat 5: Chessnok ($159.12 in chips)
diRon1980: posts small blind $1
Chessnok: posts big blind $3
*** HOLE CARDS ***
diRon1980: calls $2
Chessnok: checks
*** FLOP *** [8d Kc Jh]
Chessnok: checks
diRon1980: bets $3
Chessnok: folds
Uncalled bet ($3) returned to diRon1980
diRon1980 collected $5.88 from pot
diRon1980: doesn't show hand
*** SUMMARY ***
Total pot $6 | Rake $0.12
Board [8d Kc Jh]
Seat 3: diRon1980 (button) (small blind) collected ($5.88)
Seat 5: Chessnok (big blind) folded on the Flop


PokerStars Hand #151570929827:  Hold'em Limit ($3/$6 USD) - 2016/04/07 13:06:40 ET
Table 'Pels III' 6-max Seat #3 is the button
Seat 3: diRon1980 ($55.17 in chips)
Seat 5: Chessnok ($168.64 in chips)
diRon1980: posts small blind $1
Chessnok: posts big blind $3
*** HOLE CARDS ***
diRon1980: folds
Uncalled bet ($2) returned to Chessnok
Chessnok collected $2 from pot
Chessnok: doesn't show hand
*** SUMMARY ***
Total pot $2 | Rake $0
Seat 3: diRon1980 (button) (small blind) folded before Flop
Seat 5: Chessnok (big blind) collected ($2)


PokerStars Hand #151570898272:  Hold'em Limit ($3/$6 USD) - 2016/04/07 13:06:04 ET
Table 'Pels III' 6-max Seat #5 is the button
Seat 3: diRon1980 ($61.17 in chips)
Seat 5: Chessnok ($162.88 in chips)
Chessnok: posts small blind $1
diRon1980: posts big blind $3
*** HOLE CARDS ***
Chessnok: raises $3 to $6
diRon1980: calls $3
*** FLOP *** [Ah 7c Jh]
diRon1980: checks
Chessnok: bets $3
diRon1980: folds
Uncalled bet ($3) returned to Chessnok
Chessnok collected $11.76 from pot
Chessnok: doesn't show hand
*** SUMMARY ***
Total pot $12 | Rake $0.24
Board [Ah 7c Jh]
Seat 3: diRon1980 (big blind) folded on the Flop
Seat 5: Chessnok (button) (small blind) collected ($11.76)


PokerStars Hand #151570888050:  Hold'em Limit ($3/$6 USD) - 2016/04/07 13:05:53 ET
Table 'Pels III' 6-max Seat #3 is the button
Seat 3: diRon1980 ($62.17 in chips)
Seat 5: Chessnok ($161.88 in chips)
diRon1980: posts small blind $1
Chessnok: posts big blind $3
*** HOLE CARDS ***
diRon1980: folds
Uncalled bet ($2) returned to Chessnok
Chessnok collected $2 from pot
Chessnok: doesn't show hand
*** SUMMARY ***
Total pot $2 | Rake $0
Seat 3: diRon1980 (button) (small blind) folded before Flop
Seat 5: Chessnok (big blind) collected ($2)


PokerStars Hand #151570933899:  Hold'em Limit ($3/$6 USD) - 2016/04/07 13:06:45 ET
Table 'Pels III' 6-max Seat #5 is the button
Seat 3: diRon1980 ($54.17 in chips)
Seat 5: Chessnok ($169.64 in chips)
Chessnok: posts small blind $1
diRon1980: posts big blind $3
*** HOLE CARDS ***
Chessnok: raises $3 to $6
diRon1980: calls $3
*** FLOP *** [Ah 3d Tc]
diRon1980: checks
Chessnok: bets $3
diRon1980: calls $3
*** TURN *** [Ah 3d Tc] [3h]
diRon1980: checks
Chessnok: checks
*** RIVER *** [Ah 3d Tc 3h] [Ad]
diRon1980: checks
Chessnok: checks
*** SHOW DOWN ***
diRon1980: shows [2d 4d] (two pair, Aces and Threes)
Chessnok: shows [Qh 9d] (two pair, Aces and Threes - Queen kicker)
Chessnok collected $17.64 from pot
*** SUMMARY ***
Total pot $18 | Rake $0.36
Board [Ah 3d Tc 3h Ad]
Seat 3: diRon1980 (big blind) showed [2d 4d] and lost with two pair, Aces and Threes
Seat 5: Chessnok (button) (small blind) showed [Qh 9d] and won ($17.64) with two pair, Aces and Threes


PokerStars Hand #151570971220:  Hold'em Limit ($3/$6 USD) - 2016/04/07 13:07:28 ET
Table 'Pels III' 6-max Seat #3 is the button
Seat 3: diRon1980 ($45.17 in chips)
Seat 5: Chessnok ($178.28 in chips)
diRon1980: posts small blind $1
Chessnok: posts big blind $3
*** HOLE CARDS ***
diRon1980: calls $2
Chessnok: checks
*** FLOP *** [Kd 3s 8d]
Chessnok: checks
diRon1980: bets $3
Chessnok: folds
Uncalled bet ($3) returned to diRon1980
diRon1980 collected $5.88 from pot
diRon1980: doesn't show hand
*** SUMMARY ***
Total pot $6 | Rake $0.12
Board [Kd 3s 8d]
Seat 3: diRon1980 (button) (small blind) collected ($5.88)
Seat 5: Chessnok (big blind) folded on the Flop


PokerStars Hand #151570995769:  Hold'em Limit ($3/$6 USD) - 2016/04/07 13:07:56 ET
Table 'Pels III' 6-max Seat #5 is the button
Seat 3: diRon1980 ($48.05 in chips)
Seat 5: Chessnok ($175.28 in chips)
Chessnok: posts small blind $1
diRon1980: posts big blind $3
*** HOLE CARDS ***
Chessnok: raises $3 to $6
diRon1980: calls $3
*** FLOP *** [9h 7d 4d]
diRon1980: checks
Chessnok: bets $3
diRon1980: calls $3
*** TURN *** [9h 7d 4d] [3s]
diRon1980: checks
Chessnok: bets $6
MARIBORO8 joins the table at seat #4
diRon1980: calls $6
*** RIVER *** [9h 7d 4d 3s] [9s]
Ale4o joins the table at seat #6
diRon1980: checks
Chessnok: bets $6
diRon1980: folds
Uncalled bet ($6) returned to Chessnok
Chessnok collected $29.50 from pot
Chessnok: doesn't show hand
*** SUMMARY ***
Total pot $30 | Rake $0.50
Board [9h 7d 4d 3s 9s]
Seat 3: diRon1980 (big blind) folded on the River
Seat 5: Chessnok (button) (small blind) collected ($29.50)


