PokerStars Hand #157722383233:  Hold'em Limit ($3/$6 USD) - 2016/08/25 11:31:27 ET
Table 'Pemba' 6-max Seat #6 is the button
Seat 1: crash19867 ($92.66 in chips)
Seat 6: humlefar ($98.30 in chips)
humlefar: posts small blind $1
crash19867: posts big blind $3
*** HOLE CARDS ***
humlefar: raises $3 to $6
crash19867: calls $3
*** FLOP *** [Ac Kc Ad]
crash19867: checks
humlefar: bets $3
crash19867: folds
Uncalled bet ($3) returned to humlefar
humlefar collected $11.76 from pot
humlefar: doesn't show hand
*** SUMMARY ***
Total pot $12 | Rake $0.24
Board [Ac Kc Ad]
Seat 1: crash19867 (big blind) folded on the Flop
Seat 6: humlefar (button) (small blind) collected ($11.76)


PokerStars Hand #157722391225:  Hold'em Limit ($3/$6 USD) - 2016/08/25 11:31:40 ET
Table 'Pemba' 6-max Seat #1 is the button
Seat 1: crash19867 ($86.66 in chips)
Seat 6: humlefar ($104.06 in chips)
crash19867: posts small blind $1
humlefar: posts big blind $3
*** HOLE CARDS ***
crash19867: raises $3 to $6
humlefar: calls $3
*** FLOP *** [6s 2d 7h]
humlefar: checks
crash19867: bets $3
humlefar: calls $3
*** TURN *** [6s 2d 7h] [5d]
humlefar: checks
crash19867: checks
*** RIVER *** [6s 2d 7h 5d] [Ad]
humlefar: bets $6
crash19867: raises $6 to $12
humlefar: raises $6 to $18
crash19867: folds
Uncalled bet ($6) returned to humlefar
humlefar collected $41.50 from pot
humlefar: doesn't show hand
*** SUMMARY ***
Total pot $42 | Rake $0.50
Board [6s 2d 7h 5d Ad]
Seat 1: crash19867 (button) (small blind) folded on the River
Seat 6: humlefar (big blind) collected ($41.50)


PokerStars Hand #157722427082:  Hold'em Limit ($3/$6 USD) - 2016/08/25 11:32:40 ET
Table 'Pemba' 6-max Seat #6 is the button
Seat 1: crash19867 ($91.92 in chips)
Seat 6: humlefar ($97.56 in chips)
humlefar: posts small blind $1
crash19867: posts big blind $3
*** HOLE CARDS ***
humlefar: raises $3 to $6
crash19867: folds
Uncalled bet ($3) returned to humlefar
humlefar collected $6 from pot
humlefar: doesn't show hand
*** SUMMARY ***
Total pot $6 | Rake $0
Seat 1: crash19867 (big blind) folded before Flop
Seat 6: humlefar (button) (small blind) collected ($6)


PokerStars Hand #157722419397:  Hold'em Limit ($3/$6 USD) - 2016/08/25 11:32:28 ET
Table 'Pemba' 6-max Seat #1 is the button
Seat 1: crash19867 ($86.16 in chips)
Seat 6: humlefar ($103.56 in chips)
crash19867: posts small blind $1
humlefar: posts big blind $3
*** HOLE CARDS ***
crash19867: raises $3 to $6
humlefar: calls $3
*** FLOP *** [Qd 2c 8c]
humlefar: checks
crash19867: bets $3
humlefar: folds
Uncalled bet ($3) returned to crash19867
crash19867 collected $11.76 from pot
crash19867: doesn't show hand
*** SUMMARY ***
Total pot $12 | Rake $0.24
Board [Qd 2c 8c]
Seat 1: crash19867 (button) (small blind) collected ($11.76)
Seat 6: humlefar (big blind) folded on the Flop


PokerStars Hand #157722403008:  Hold'em Limit ($3/$6 USD) - 2016/08/25 11:32:00 ET
Table 'Pemba' 6-max Seat #6 is the button
Seat 1: crash19867 ($65.66 in chips)
Seat 6: humlefar ($124.56 in chips)
humlefar: posts small blind $1
crash19867: posts big blind $3
*** HOLE CARDS ***
humlefar: raises $3 to $6
crash19867: raises $3 to $9
humlefar: raises $3 to $12
Betting is capped
crash19867: calls $3
*** FLOP *** [3d 4h 7h]
crash19867: checks
humlefar: bets $3
crash19867: calls $3
*** TURN *** [3d 4h 7h] [Ks]
crash19867: checks
humlefar: checks
*** RIVER *** [3d 4h 7h Ks] [5h]
crash19867: bets $6
humlefar: calls $6
*** SHOW DOWN ***
crash19867: shows [Kc Qh] (a pair of Kings)
humlefar: mucks hand
crash19867 collected $41.50 from pot
*** SUMMARY ***
Total pot $42 | Rake $0.50
Board [3d 4h 7h Ks 5h]
Seat 1: crash19867 (big blind) showed [Kc Qh] and won ($41.50) with a pair of Kings
Seat 6: humlefar (button) (small blind) mucked


PokerStars Hand #157722438703:  Hold'em Limit ($3/$6 USD) - 2016/08/25 11:33:00 ET
Table 'Pemba' 6-max Seat #6 is the button
Seat 1: crash19867 ($97.56 in chips)
Seat 6: humlefar ($91.56 in chips)
humlefar: posts small blind $1
perten joins the table at seat #2
crash19867: posts big blind $3
*** HOLE CARDS ***
humlefar: raises $3 to $6
crash19867: raises $3 to $9
humlefar: calls $3
*** FLOP *** [8h Js 2d]
crash19867: bets $3
humlefar: folds
Uncalled bet ($3) returned to crash19867
crash19867 collected $17.64 from pot
crash19867: doesn't show hand
*** SUMMARY ***
Total pot $18 | Rake $0.36
Board [8h Js 2d]
Seat 1: crash19867 (big blind) collected ($17.64)
Seat 6: humlefar (button) (small blind) folded on the Flop


PokerStars Hand #157722430856:  Hold'em Limit ($3/$6 USD) - 2016/08/25 11:32:47 ET
Table 'Pemba' 6-max Seat #1 is the button
Seat 1: crash19867 ($88.92 in chips)
Seat 6: humlefar ($100.56 in chips)
nicostn joins the table at seat #4
crash19867: posts small blind $1
humlefar: posts big blind $3
*** HOLE CARDS ***
crash19867: raises $3 to $6
humlefar: calls $3
*** FLOP *** [9d 5s 3h]
humlefar: bets $3
crash19867: raises $3 to $6
humlefar: folds
Uncalled bet ($3) returned to crash19867
crash19867 collected $17.64 from pot
crash19867: doesn't show hand
*** SUMMARY ***
Total pot $18 | Rake $0.36
Board [9d 5s 3h]
Seat 1: crash19867 (button) (small blind) collected ($17.64)
Seat 6: humlefar (big blind) folded on the Flop


PokerStars Hand #157723148142:  Hold'em Limit ($3/$6 USD) - 2016/08/25 11:52:48 ET
Table 'Pemba' 6-max Seat #1 is the button
Seat 1: parnishka11 ($32.06 in chips)
Seat 5: Velbor107 ($303 in chips)
parnishka11: posts small blind $1
Velbor107: posts big blind $3
*** HOLE CARDS ***
parnishka11: raises $3 to $6
Velbor107: calls $3
*** FLOP *** [Ad Tc Js]
Velbor107: checks
parnishka11: bets $3
Velbor107: calls $3
*** TURN *** [Ad Tc Js] [3c]
Velbor107: checks
parnishka11: bets $6
Velbor107: calls $6
*** RIVER *** [Ad Tc Js 3c] [Jc]
Velbor107: checks
parnishka11: bets $6
Velbor107: calls $6
*** SHOW DOWN ***
parnishka11: shows [8h Qd] (a pair of Jacks)
Velbor107: shows [Th 9h] (two pair, Jacks and Tens)
Velbor107 collected $41.50 from pot
*** SUMMARY ***
Total pot $42 | Rake $0.50
Board [Ad Tc Js 3c Jc]
Seat 1: parnishka11 (button) (small blind) showed [8h Qd] and lost with a pair of Jacks
Seat 5: Velbor107 (big blind) showed [Th 9h] and won ($41.50) with two pair, Jacks and Tens


PokerStars Hand #157723143431:  Hold'em Limit ($3/$6 USD) - 2016/08/25 11:52:41 ET
Table 'Pemba' 6-max Seat #5 is the button
Seat 1: parnishka11 ($35.06 in chips)
Seat 5: Velbor107 ($300 in chips)
Velbor107: posts small blind $1
parnishka11: posts big blind $3
*** HOLE CARDS ***
Velbor107: raises $3 to $6
parnishka11: folds
Uncalled bet ($3) returned to Velbor107
Velbor107 collected $6 from pot
*** SUMMARY ***
Total pot $6 | Rake $0
Seat 1: parnishka11 (big blind) folded before Flop
Seat 5: Velbor107 (button) (small blind) collected ($6)


PokerStars Hand #157723138619:  Hold'em Limit ($3/$6 USD) - 2016/08/25 11:52:32 ET
Table 'Pemba' 6-max Seat #1 is the button
Seat 1: parnishka11 ($32.06 in chips)
Seat 5: Velbor107 ($303 in chips)
parnishka11: posts small blind $1
Velbor107: posts big blind $3
*** HOLE CARDS ***
parnishka11: raises $3 to $6
Velbor107: folds
Uncalled bet ($3) returned to parnishka11
parnishka11 collected $6 from pot
*** SUMMARY ***
Total pot $6 | Rake $0
Seat 1: parnishka11 (button) (small blind) collected ($6)
Seat 5: Velbor107 (big blind) folded before Flop


PokerStars Hand #157723132561:  Hold'em Limit ($3/$6 USD) - 2016/08/25 11:52:22 ET
Table 'Pemba' 6-max Seat #5 is the button
Seat 1: parnishka11 ($35.06 in chips)
Seat 5: Velbor107 ($300 in chips)
Velbor107: posts small blind $1
parnishka11: posts big blind $3
*** HOLE CARDS ***
Velbor107: raises $3 to $6
parnishka11: folds
Uncalled bet ($3) returned to Velbor107
Velbor107 collected $6 from pot
*** SUMMARY ***
Total pot $6 | Rake $0
Seat 1: parnishka11 (big blind) folded before Flop
Seat 5: Velbor107 (button) (small blind) collected ($6)


PokerStars Hand #157723170533:  Hold'em Limit ($3/$6 USD) - 2016/08/25 11:53:26 ET
Table 'Pemba' 6-max Seat #5 is the button
Seat 1: parnishka11 ($7.06 in chips)
Seat 5: Velbor107 ($327.50 in chips)
Velbor107: posts small blind $1
parnishka11: posts big blind $3
*** HOLE CARDS ***
Velbor107: raises $3 to $6
parnishka11: calls $3
*** FLOP *** [Ah Qh Jd]
parnishka11: checks
Velbor107: bets $3
parnishka11: folds
Uncalled bet ($3) returned to Velbor107
Velbor107 collected $11.76 from pot
*** SUMMARY ***
Total pot $12 | Rake $0.24
Board [Ah Qh Jd]
Seat 1: parnishka11 (big blind) folded on the Flop
Seat 5: Velbor107 (button) (small blind) collected ($11.76)


PokerStars Hand #157723162846:  Hold'em Limit ($3/$6 USD) - 2016/08/25 11:53:13 ET
Table 'Pemba' 6-max Seat #5 is the button
Seat 1: parnishka11 ($11.06 in chips)
Seat 5: Velbor107 ($323.50 in chips)
Velbor107: posts small blind $1
humlefar was removed from the table for failing to post
parnishka11: posts big blind $3
*** HOLE CARDS ***
Velbor107: raises $3 to $6
parnishka11: folds
Uncalled bet ($3) returned to Velbor107
Velbor107 collected $6 from pot
*** SUMMARY ***
Total pot $6 | Rake $0
Seat 1: parnishka11 (big blind) folded before Flop
Seat 5: Velbor107 (button) (small blind) collected ($6)


PokerStars Hand #157723166883:  Hold'em Limit ($3/$6 USD) - 2016/08/25 11:53:20 ET
Table 'Pemba' 6-max Seat #1 is the button
Seat 1: parnishka11 ($8.06 in chips)
Seat 5: Velbor107 ($326.50 in chips)
parnishka11: posts small blind $1
Velbor107: posts big blind $3
*** HOLE CARDS ***
parnishka11: folds
Uncalled bet ($2) returned to Velbor107
Velbor107 collected $2 from pot
*** SUMMARY ***
Total pot $2 | Rake $0
Seat 1: parnishka11 (button) (small blind) folded before Flop
Seat 5: Velbor107 (big blind) collected ($2)


