PokerStars Hand #145622901893:  Hold'em Limit ($3/$6 USD) - 2015/12/20 4:33:27 ET
Table 'Pemba' 6-max Seat #2 is the button
Seat 1: dye111 ($137.50 in chips)
Seat 2: kolaz03 ($73 in chips)
BuzovaPro joins the table at seat #3
kolaz03: posts small blind $1
dye111: posts big blind $3
*** HOLE CARDS ***
kolaz03: folds
Uncalled bet ($2) returned to dye111
dye111 collected $2 from pot
*** SUMMARY ***
Total pot $2 | Rake $0
Seat 1: dye111 (big blind) collected ($2)
Seat 2: kolaz03 (button) (small blind) folded before Flop


PokerStars Hand #145622900025:  Hold'em Limit ($3/$6 USD) - 2015/12/20 4:33:22 ET
Table 'Pemba' 6-max Seat #1 is the button
Seat 1: dye111 ($138.50 in chips)
Seat 2: kolaz03 ($72 in chips)
dye111: posts small blind $1
kolaz03: posts big blind $3
*** HOLE CARDS ***
dye111: folds
Uncalled bet ($2) returned to kolaz03
kolaz03 collected $2 from pot
kolaz03: doesn't show hand
*** SUMMARY ***
Total pot $2 | Rake $0
Seat 1: dye111 (button) (small blind) folded before Flop
Seat 2: kolaz03 (big blind) collected ($2)


PokerStars Hand #145622898063:  Hold'em Limit ($3/$6 USD) - 2015/12/20 4:33:17 ET
Table 'Pemba' 6-max Seat #2 is the button
Seat 1: dye111 ($137.50 in chips)
Seat 2: kolaz03 ($72 in chips)
kolaz03: posts small blind $1
dye111: posts big blind $3
*** HOLE CARDS ***
kolaz03: folds
Uncalled bet ($2) returned to dye111
dye111 collected $2 from pot
*** SUMMARY ***
Total pot $2 | Rake $0
Seat 1: dye111 (big blind) collected ($2)
Seat 2: kolaz03 (button) (small blind) folded before Flop


PokerStars Hand #145622904245:  Hold'em Limit ($3/$6 USD) - 2015/12/20 4:33:32 ET
Table 'Pemba' 6-max Seat #1 is the button
Seat 1: dye111 ($138.50 in chips)
Seat 2: kolaz03 ($72 in chips)
dye111: posts small blind $1
kolaz03: posts big blind $3
*** HOLE CARDS ***
dye111: raises $3 to $6
kolaz03: calls $3
*** FLOP *** [Th Tc Qc]
kolaz03: checks
dye111: checks
*** TURN *** [Th Tc Qc] [Kd]
scorpio04 joins the table at seat #4
kolaz03: checks
dye111: bets $6
kolaz03: calls $6
*** RIVER *** [Th Tc Qc Kd] [8s]
kolaz03: checks
dye111: checks
*** SHOW DOWN ***
kolaz03: shows [Jc Qs] (two pair, Queens and Tens)
dye111: mucks hand
kolaz03 collected $23.52 from pot
*** SUMMARY ***
Total pot $24 | Rake $0.48
Board [Th Tc Qc Kd 8s]
Seat 1: dye111 (button) (small blind) mucked
Seat 2: kolaz03 (big blind) showed [Jc Qs] and won ($23.52) with two pair, Queens and Tens


PokerStars Hand #145623005189:  Hold'em Limit ($3/$6 USD) - 2015/12/20 4:37:35 ET
Table 'Pemba' 6-max Seat #6 is the button
Seat 4: scorpio04 ($112 in chips)
Seat 6: julenchu ($177 in chips)
julenchu: posts small blind $1
BuzovaPro: is sitting out
scorpio04: posts big blind $3
*** HOLE CARDS ***
julenchu: raises $3 to $6
BuzovaPro leaves the table
scorpio04: calls $3
*** FLOP *** [Ah Tc 8c]
scorpio04: checks
julenchu: bets $3
scorpio04: folds
Uncalled bet ($3) returned to julenchu
julenchu collected $11.76 from pot
julenchu: doesn't show hand
*** SUMMARY ***
Total pot $12 | Rake $0.24
Board [Ah Tc 8c]
Seat 4: scorpio04 (big blind) folded on the Flop
Seat 6: julenchu (button) (small blind) collected ($11.76)


