PokerStars Hand #152624019305:  Hold'em Limit ($3/$6 USD) - 2016/04/29 15:59:05 ET
Table 'Pemba' 6-max Seat #2 is the button
Seat 2: tutones87 ($48.19 in chips)
Seat 4: hairy1961 ($60 in chips)
tutones87: posts small blind $1
hairy1961: posts big blind $3
*** HOLE CARDS ***
bugsbubble joins the table at seat #5
ValeryRon joins the table at seat #6
tutones87: raises $3 to $6
hairy1961: calls $3
*** FLOP *** [Kc Kh 9h]
hairy1961: checks
tutones87: bets $3
hairy1961: raises $3 to $6
kvachka1 joins the table at seat #1
tutones87: calls $3
*** TURN *** [Kc Kh 9h] [Qd]
hairy1961: bets $6
tutones87: calls $6
*** RIVER *** [Kc Kh 9h Qd] [4h]
hairy1961: bets $6
tutones87: calls $6
*** SHOW DOWN ***
hairy1961: shows [Qs 3h] (two pair, Kings and Queens)
tutones87: mucks hand
hairy1961 collected $47.50 from pot
*** SUMMARY ***
Total pot $48 | Rake $0.50
Board [Kc Kh 9h Qd 4h]
Seat 2: tutones87 (button) (small blind) mucked
Seat 4: hairy1961 (big blind) showed [Qs 3h] and won ($47.50) with two pair, Kings and Queens


