PokerStars Hand #145743305632:  Hold'em Limit ($3/$6 USD) - 2015/12/22 11:31:30 ET
Table 'Pemba' 2-max Seat #1 is the button
Seat 1: BigYelloFish ($138.52 in chips)
Seat 2: simper11 ($129.64 in chips)
BigYelloFish: posts small blind $1
simper11: posts big blind $3
*** HOLE CARDS ***
BigYelloFish: raises $3 to $6
simper11: calls $3
*** FLOP *** [Td 4s Ks]
simper11: checks
BigYelloFish: bets $3
simper11: calls $3
*** TURN *** [Td 4s Ks] [2s]
simper11: checks
BigYelloFish: checks
*** RIVER *** [Td 4s Ks 2s] [3d]
simper11: bets $6
BigYelloFish: folds
Uncalled bet ($6) returned to simper11
simper11 collected $17.64 from pot
simper11: doesn't show hand
*** SUMMARY ***
Total pot $18 | Rake $0.36
Board [Td 4s Ks 2s 3d]
Seat 1: BigYelloFish (button) (small blind) folded on the River
Seat 2: simper11 (big blind) collected ($17.64)


PokerStars Hand #145743297294:  Hold'em Limit ($3/$6 USD) - 2015/12/22 11:31:20 ET
Table 'Pemba' 2-max Seat #2 is the button
Seat 1: BigYelloFish ($147.52 in chips)
Seat 2: simper11 ($121 in chips)
simper11: posts small blind $1
BigYelloFish: posts big blind $3
*** HOLE CARDS ***
simper11: raises $3 to $6
BigYelloFish: calls $3
*** FLOP *** [8h Ad 4s]
BigYelloFish: checks
simper11: bets $3
BigYelloFish: calls $3
*** TURN *** [8h Ad 4s] [3c]
BigYelloFish: checks
simper11: bets $6
BigYelloFish: folds
Uncalled bet ($6) returned to simper11
simper11 collected $17.64 from pot
simper11: doesn't show hand
*** SUMMARY ***
Total pot $18 | Rake $0.36
Board [8h Ad 4s 3c]
Seat 1: BigYelloFish (big blind) folded on the Turn
Seat 2: simper11 (button) (small blind) collected ($17.64)


PokerStars Hand #145743293454:  Hold'em Limit ($3/$6 USD) - 2015/12/22 11:31:15 ET
Table 'Pemba' 2-max Seat #1 is the button
Seat 1: BigYelloFish ($148.52 in chips)
Seat 2: simper11 ($120 in chips)
BigYelloFish: posts small blind $1
simper11: posts big blind $3
*** HOLE CARDS ***
BigYelloFish: folds
Uncalled bet ($2) returned to simper11
simper11 collected $2 from pot
simper11: doesn't show hand
*** SUMMARY ***
Total pot $2 | Rake $0
Seat 1: BigYelloFish (button) (small blind) folded before Flop
Seat 2: simper11 (big blind) collected ($2)


PokerStars Hand #145743283217:  Hold'em Limit ($3/$6 USD) - 2015/12/22 11:31:02 ET
Table 'Pemba' 2-max Seat #2 is the button
Seat 1: BigYelloFish ($128.02 in chips)
Seat 2: simper11 ($122.52 in chips)
simper11: posts small blind $1
BigYelloFish: posts big blind $3
*** HOLE CARDS ***
simper11: raises $3 to $6
BigYelloFish: calls $3
*** FLOP *** [9h Td Th]
BigYelloFish: checks
simper11: bets $3
BigYelloFish: calls $3
*** TURN *** [9h Td Th] [Qd]
BigYelloFish: checks
simper11: bets $6
BigYelloFish: calls $6
*** RIVER *** [9h Td Th Qd] [Ks]
BigYelloFish: bets $6
simper11: calls $6
*** SHOW DOWN ***
BigYelloFish: shows [Jh 4c] (a straight, Nine to King)
simper11: mucks hand
BigYelloFish collected $41.50 from pot
*** SUMMARY ***
Total pot $42 | Rake $0.50
Board [9h Td Th Qd Ks]
Seat 1: BigYelloFish (big blind) showed [Jh 4c] and won ($41.50) with a straight, Nine to King
Seat 2: simper11 (button) (small blind) mucked


PokerStars Hand #145743355562:  Hold'em Limit ($3/$6 USD) - 2015/12/22 11:32:31 ET
Table 'Pemba' 2-max Seat #2 is the button
Seat 1: BigYelloFish ($161.16 in chips)
Seat 2: simper11 ($120 in chips)
simper11: posts small blind $1
BigYelloFish: posts big blind $3
*** HOLE CARDS ***
simper11: raises $3 to $6
BigYelloFish: calls $3
*** FLOP *** [4c 3s Qs]
BigYelloFish: checks
simper11: bets $3
BigYelloFish: raises $3 to $6
simper11: calls $3
*** TURN *** [4c 3s Qs] [6c]
BigYelloFish: bets $6
simper11: calls $6
*** RIVER *** [4c 3s Qs 6c] [7s]
BigYelloFish: bets $6
simper11: folds
Uncalled bet ($6) returned to BigYelloFish
BigYelloFish collected $35.50 from pot
BigYelloFish: doesn't show hand
*** SUMMARY ***
Total pot $36 | Rake $0.50
Board [4c 3s Qs 6c 7s]
Seat 1: BigYelloFish (big blind) collected ($35.50)
Seat 2: simper11 (button) (small blind) folded on the River


PokerStars Hand #145743329564:  Hold'em Limit ($3/$6 USD) - 2015/12/22 11:32:00 ET
Table 'Pemba' 2-max Seat #2 is the button
Seat 1: BigYelloFish ($138.02 in chips)
Seat 2: simper11 ($129.04 in chips)
simper11: posts small blind $1
BigYelloFish: posts big blind $3
*** HOLE CARDS ***
simper11: raises $3 to $6
BigYelloFish: calls $3
*** FLOP *** [Td 9h 4c]
BigYelloFish: checks
simper11: bets $3
BigYelloFish: calls $3
*** TURN *** [Td 9h 4c] [5s]
BigYelloFish: checks
simper11: checks
*** RIVER *** [Td 9h 4c 5s] [8c]
BigYelloFish: bets $6
simper11: calls $6
*** SHOW DOWN ***
BigYelloFish: shows [6d 7c] (a straight, Six to Ten)
simper11: mucks hand
BigYelloFish collected $29.50 from pot
*** SUMMARY ***
Total pot $30 | Rake $0.50
Board [Td 9h 4c 5s 8c]
Seat 1: BigYelloFish (big blind) showed [6d 7c] and won ($29.50) with a straight, Six to Ten
Seat 2: simper11 (button) (small blind) mucked


PokerStars Hand #145743319395:  Hold'em Limit ($3/$6 USD) - 2015/12/22 11:31:47 ET
Table 'Pemba' 2-max Seat #1 is the button
Seat 1: BigYelloFish ($123.52 in chips)
Seat 2: simper11 ($144.04 in chips)
BigYelloFish: posts small blind $1
simper11: posts big blind $3
*** HOLE CARDS ***
BigYelloFish: raises $3 to $6
simper11: calls $3
*** FLOP *** [Qc 2c 4c]
simper11: checks
BigYelloFish: bets $3
simper11: calls $3
*** TURN *** [Qc 2c 4c] [9s]
simper11: checks
BigYelloFish: bets $6
simper11: calls $6
*** RIVER *** [Qc 2c 4c 9s] [Ac]
simper11: checks
BigYelloFish: bets $6
simper11: folds
Uncalled bet ($6) returned to BigYelloFish
BigYelloFish collected $29.50 from pot
BigYelloFish: doesn't show hand
*** SUMMARY ***
Total pot $30 | Rake $0.50
Board [Qc 2c 4c 9s Ac]
Seat 1: BigYelloFish (button) (small blind) collected ($29.50)
Seat 2: simper11 (big blind) folded on the River


PokerStars Hand #145743314071:  Hold'em Limit ($3/$6 USD) - 2015/12/22 11:31:41 ET
Table 'Pemba' 2-max Seat #2 is the button
Seat 1: BigYelloFish ($129.52 in chips)
Seat 2: simper11 ($138.28 in chips)
simper11: posts small blind $1
BigYelloFish: posts big blind $3
*** HOLE CARDS ***
simper11: raises $3 to $6
BigYelloFish: calls $3
*** FLOP *** [6d Qh Ts]
BigYelloFish: checks
simper11: bets $3
BigYelloFish: folds
Uncalled bet ($3) returned to simper11
simper11 collected $11.76 from pot
simper11: doesn't show hand
*** SUMMARY ***
Total pot $12 | Rake $0.24
Board [6d Qh Ts]
Seat 1: BigYelloFish (big blind) folded on the Flop
Seat 2: simper11 (button) (small blind) collected ($11.76)


PokerStars Hand #145743365288:  Hold'em Limit ($3/$6 USD) - 2015/12/22 11:32:43 ET
Table 'Pemba' 2-max Seat #1 is the button
Seat 1: BigYelloFish ($178.66 in chips)
Seat 2: simper11 ($120 in chips)
BigYelloFish: posts small blind $1
simper11: posts big blind $3
*** HOLE CARDS ***
BigYelloFish: raises $3 to $6
simper11: calls $3
*** FLOP *** [4d 9s 9h]
simper11: checks
BigYelloFish: bets $3
simper11: calls $3
*** TURN *** [4d 9s 9h] [7h]
simper11: checks
BigYelloFish: checks
*** RIVER *** [4d 9s 9h 7h] [7c]
simper11: checks
BigYelloFish: bets $6
simper11: folds
Uncalled bet ($6) returned to BigYelloFish
BigYelloFish collected $17.64 from pot
BigYelloFish: doesn't show hand
*** SUMMARY ***
Total pot $18 | Rake $0.36
Board [4d 9s 9h 7h 7c]
Seat 1: BigYelloFish (button) (small blind) collected ($17.64)
Seat 2: simper11 (big blind) folded on the River


