PokerStars Hand #172768386824:  Hold'em Limit ($3/$6 USD) - 2017/07/08 13:26:45 ET
Table 'Pemba II' 6-max Seat #2 is the button
Seat 2: dobber888 ($56 in chips)
Seat 4: MTails ($124 in chips)
dobber888: posts small blind $1
MTails: posts big blind $3
*** HOLE CARDS ***
dobber888: raises $3 to $6
MTails: calls $3
*** FLOP *** [2c Ad Ks]
MTails: checks
dobber888: bets $3
MTails: folds
Uncalled bet ($3) returned to dobber888
dobber888 collected $11.76 from pot
dobber888: doesn't show hand
*** SUMMARY ***
Total pot $12 | Rake $0.24
Board [2c Ad Ks]
Seat 2: dobber888 (button) (small blind) collected ($11.76)
Seat 4: MTails (big blind) folded on the Flop


PokerStars Hand #172768381025:  Hold'em Limit ($3/$6 USD) - 2017/07/08 13:26:37 ET
Table 'Pemba II' 6-max Seat #4 is the button
Seat 2: dobber888 ($59 in chips)
Seat 4: MTails ($121 in chips)
MTails: posts small blind $1
dobber888: posts big blind $3
*** HOLE CARDS ***
MTails: raises $3 to $6
dobber888: folds
Uncalled bet ($3) returned to MTails
MTails collected $6 from pot
*** SUMMARY ***
Total pot $6 | Rake $0
Seat 2: dobber888 (big blind) folded before Flop
Seat 4: MTails (button) (small blind) collected ($6)


PokerStars Hand #172768373507:  Hold'em Limit ($3/$6 USD) - 2017/07/08 13:26:26 ET
Table 'Pemba II' 6-max Seat #2 is the button
Seat 2: dobber888 ($60 in chips)
Seat 4: MTails ($120 in chips)
dobber888: posts small blind $1
MTails: posts big blind $3
*** HOLE CARDS ***
dobber888: folds
Uncalled bet ($2) returned to MTails
MTails collected $2 from pot
*** SUMMARY ***
Total pot $2 | Rake $0
Seat 2: dobber888 (button) (small blind) folded before Flop
Seat 4: MTails (big blind) collected ($2)


PokerStars Hand #172768425982:  Hold'em Limit ($3/$6 USD) - 2017/07/08 13:27:41 ET
Table 'Pemba II' 6-max Seat #4 is the button
Seat 2: dobber888 ($61.52 in chips)
Seat 4: MTails ($117.76 in chips)
MTails: posts small blind $1
dobber888: posts big blind $3
*** HOLE CARDS ***
MTails: raises $3 to $6
dobber888: raises $3 to $9
MTails: calls $3
*** FLOP *** [Jd As Qs]
dobber888: bets $3
MTails: calls $3
*** TURN *** [Jd As Qs] [Ks]
dobber888: checks
MTails: bets $6
dobber888: folds
Uncalled bet ($6) returned to MTails
MTails collected $23.52 from pot
*** SUMMARY ***
Total pot $24 | Rake $0.48
Board [Jd As Qs Ks]
Seat 2: dobber888 (big blind) folded on the Turn
Seat 4: MTails (button) (small blind) collected ($23.52)


PokerStars Hand #172768416189:  Hold'em Limit ($3/$6 USD) - 2017/07/08 13:27:27 ET
Table 'Pemba II' 6-max Seat #2 is the button
Seat 2: dobber888 ($55.76 in chips)
Seat 4: MTails ($123.76 in chips)
dobber888: posts small blind $1
MTails: posts big blind $3
*** HOLE CARDS ***
dobber888: raises $3 to $6
MTails: calls $3
*** FLOP *** [As Jc Ad]
MTails: checks
dobber888: bets $3
MTails: folds
Uncalled bet ($3) returned to dobber888
dobber888 collected $11.76 from pot
dobber888: doesn't show hand
*** SUMMARY ***
Total pot $12 | Rake $0.24
Board [As Jc Ad]
Seat 2: dobber888 (button) (small blind) collected ($11.76)
Seat 4: MTails (big blind) folded on the Flop


PokerStars Hand #172768396873:  Hold'em Limit ($3/$6 USD) - 2017/07/08 13:26:59 ET
Table 'Pemba II' 6-max Seat #4 is the button
Seat 2: dobber888 ($61.76 in chips)
Seat 4: MTails ($118 in chips)
MTails: posts small blind $1
dobber888: posts big blind $3
*** HOLE CARDS ***
MTails: raises $3 to $6
dobber888: calls $3
*** FLOP *** [7h As 7s]
dobber888: checks
MTails: checks
*** TURN *** [7h As 7s] [Td]
dobber888: checks
MTails: checks
*** RIVER *** [7h As 7s Td] [Jd]
dobber888: checks
MTails: bets $6
dobber888: folds
Uncalled bet ($6) returned to MTails
MTails collected $11.76 from pot
*** SUMMARY ***
Total pot $12 | Rake $0.24
Board [7h As 7s Td Jd]
Seat 2: dobber888 (big blind) folded on the River
Seat 4: MTails (button) (small blind) collected ($11.76)


PokerStars Hand #172768479175:  Hold'em Limit ($3/$6 USD) - 2017/07/08 13:28:57 ET
Table 'Pemba II' 6-max Seat #2 is the button
Seat 2: dobber888 ($56.04 in chips)
Seat 4: MTails ($122.28 in chips)
dobber888: posts small blind $1
MTails: posts big blind $3
*** HOLE CARDS ***
dobber888: folds
Uncalled bet ($2) returned to MTails
MTails collected $2 from pot
*** SUMMARY ***
Total pot $2 | Rake $0
Seat 2: dobber888 (button) (small blind) folded before Flop
Seat 4: MTails (big blind) collected ($2)


PokerStars Hand #172768475734:  Hold'em Limit ($3/$6 USD) - 2017/07/08 13:28:52 ET
Table 'Pemba II' 6-max Seat #4 is the button
Seat 2: dobber888 ($55.04 in chips)
Seat 4: MTails ($123.28 in chips)
MTails: posts small blind $1
dobber888: posts big blind $3
*** HOLE CARDS ***
MTails: folds
Uncalled bet ($2) returned to dobber888
dobber888 collected $2 from pot
dobber888: doesn't show hand
*** SUMMARY ***
Total pot $2 | Rake $0
Seat 2: dobber888 (big blind) collected ($2)
Seat 4: MTails (button) (small blind) folded before Flop


PokerStars Hand #172768472026:  Hold'em Limit ($3/$6 USD) - 2017/07/08 13:28:47 ET
Table 'Pemba II' 6-max Seat #2 is the button
Seat 2: dobber888 ($56.04 in chips)
Seat 4: MTails ($122.28 in chips)
dobber888: posts small blind $1
MTails: posts big blind $3
*** HOLE CARDS ***
dobber888: folds
Uncalled bet ($2) returned to MTails
MTails collected $2 from pot
*** SUMMARY ***
Total pot $2 | Rake $0
Seat 2: dobber888 (button) (small blind) folded before Flop
Seat 4: MTails (big blind) collected ($2)


PokerStars Hand #172768460324:  Hold'em Limit ($3/$6 USD) - 2017/07/08 13:28:30 ET
Table 'Pemba II' 6-max Seat #4 is the button
Seat 2: dobber888 ($44.52 in chips)
Seat 4: MTails ($134.28 in chips)
MTails: posts small blind $1
dobber888: posts big blind $3
*** HOLE CARDS ***
MTails: raises $3 to $6
dobber888: raises $3 to $9
MTails: calls $3
*** FLOP *** [Th 9d 8c]
dobber888: bets $3
MTails: calls $3
*** TURN *** [Th 9d 8c] [Ad]
dobber888: bets $6
MTails: folds
Uncalled bet ($6) returned to dobber888
dobber888 collected $23.52 from pot
dobber888: doesn't show hand
*** SUMMARY ***
Total pot $24 | Rake $0.48
Board [Th 9d 8c Ad]
Seat 2: dobber888 (big blind) collected ($23.52)
Seat 4: MTails (button) (small blind) folded on the Turn


PokerStars Hand #172768456659:  Hold'em Limit ($3/$6 USD) - 2017/07/08 13:28:25 ET
Table 'Pemba II' 6-max Seat #2 is the button
Seat 2: dobber888 ($45.52 in chips)
Seat 4: MTails ($133.28 in chips)
dobber888: posts small blind $1
MTails: posts big blind $3
*** HOLE CARDS ***
dobber888: folds
Uncalled bet ($2) returned to MTails
MTails collected $2 from pot
*** SUMMARY ***
Total pot $2 | Rake $0
Seat 2: dobber888 (button) (small blind) folded before Flop
Seat 4: MTails (big blind) collected ($2)


PokerStars Hand #172768452063:  Hold'em Limit ($3/$6 USD) - 2017/07/08 13:28:18 ET
Table 'Pemba II' 6-max Seat #4 is the button
Seat 2: dobber888 ($48.52 in chips)
Seat 4: MTails ($130.28 in chips)
MTails: posts small blind $1
dobber888: posts big blind $3
*** HOLE CARDS ***
MTails: raises $3 to $6
dobber888: folds
Uncalled bet ($3) returned to MTails
MTails collected $6 from pot
*** SUMMARY ***
Total pot $6 | Rake $0
Seat 2: dobber888 (big blind) folded before Flop
Seat 4: MTails (button) (small blind) collected ($6)


PokerStars Hand #172768448448:  Hold'em Limit ($3/$6 USD) - 2017/07/08 13:28:13 ET
Table 'Pemba II' 6-max Seat #2 is the button
Seat 2: dobber888 ($49.52 in chips)
Seat 4: MTails ($129.28 in chips)
dobber888: posts small blind $1
MTails: posts big blind $3
*** HOLE CARDS ***
dobber888: folds
Uncalled bet ($2) returned to MTails
MTails collected $2 from pot
*** SUMMARY ***
Total pot $2 | Rake $0
Seat 2: dobber888 (button) (small blind) folded before Flop
Seat 4: MTails (big blind) collected ($2)


PokerStars Hand #172768500025:  Hold'em Limit ($3/$6 USD) - 2017/07/08 13:29:27 ET
Table 'Pemba II' 6-max Seat #4 is the button
Seat 2: dobber888 ($42.04 in chips)
Seat 4: MTails ($135.80 in chips)
MTails: posts small blind $1
dobber888: posts big blind $3
*** HOLE CARDS ***
MTails: raises $3 to $6
dobber888: raises $3 to $9
MTails: calls $3
*** FLOP *** [Kc 3h Th]
dobber888: bets $3
MTails: raises $3 to $6
dobber888: raises $3 to $9
sussie118 joins the table at seat #1
MTails: calls $3
*** TURN *** [Kc 3h Th] [Qs]
dobber888: bets $6
MTails: raises $6 to $12
dobber888: calls $6
*** RIVER *** [Kc 3h Th Qs] [Jc]
dobber888: bets $6
MTails: calls $6
*** SHOW DOWN ***
dobber888: shows [Ks Ah] (a straight, Ten to Ace)
MTails: mucks hand
dobber888 collected $71.50 from pot
*** SUMMARY ***
Total pot $72 | Rake $0.50
Board [Kc 3h Th Qs Jc]
Seat 2: dobber888 (big blind) showed [Ks Ah] and won ($71.50) with a straight, Ten to Ace
Seat 4: MTails (button) (small blind) mucked


PokerStars Hand #172768496196:  Hold'em Limit ($3/$6 USD) - 2017/07/08 13:29:21 ET
Table 'Pemba II' 6-max Seat #2 is the button
Seat 2: dobber888 ($43.04 in chips)
Seat 4: MTails ($134.80 in chips)
dobber888: posts small blind $1
MTails: posts big blind $3
*** HOLE CARDS ***
dobber888: folds
Uncalled bet ($2) returned to MTails
MTails collected $2 from pot
*** SUMMARY ***
Total pot $2 | Rake $0
Seat 2: dobber888 (button) (small blind) folded before Flop
Seat 4: MTails (big blind) collected ($2)


PokerStars Hand #172768482703:  Hold'em Limit ($3/$6 USD) - 2017/07/08 13:29:02 ET
Table 'Pemba II' 6-max Seat #4 is the button
Seat 2: dobber888 ($55.04 in chips)
Seat 4: MTails ($123.28 in chips)
MTails: posts small blind $1
dobber888: posts big blind $3
*** HOLE CARDS ***
MTails: raises $3 to $6
dobber888: calls $3
*** FLOP *** [4s 9d 7h]
dobber888: bets $3
MTails: raises $3 to $6
dobber888: calls $3
*** TURN *** [4s 9d 7h] [Tc]
dobber888: checks
MTails: bets $6
dobber888: folds
Uncalled bet ($6) returned to MTails
MTails collected $23.52 from pot
MTails: doesn't show hand
*** SUMMARY ***
Total pot $24 | Rake $0.48
Board [4s 9d 7h Tc]
Seat 2: dobber888 (big blind) folded on the Turn
Seat 4: MTails (button) (small blind) collected ($23.52)


PokerStars Hand #172768521488:  Hold'em Limit ($3/$6 USD) - 2017/07/08 13:29:51 ET
Table 'Pemba II' 6-max Seat #2 is the button
Seat 2: dobber888 ($77.54 in chips)
Seat 4: MTails ($99.80 in chips)
dobber888: posts small blind $1
MTails: posts big blind $3
*** HOLE CARDS ***
dobber888: raises $3 to $6
MTails: calls $3
*** FLOP *** [Kc 9h Kd]
MTails: checks
dobber888: bets $3
MTails: calls $3
*** TURN *** [Kc 9h Kd] [8h]
MTails: checks
dobber888: bets $6
MTails: calls $6
*** RIVER *** [Kc 9h Kd 8h] [9d]
MTails: checks
dobber888: bets $6
MTails: calls $6
*** SHOW DOWN ***
dobber888: shows [Kh Th] (a full house, Kings full of Nines)
MTails: mucks hand
dobber888 collected $41.50 from pot
*** SUMMARY ***
Total pot $42 | Rake $0.50
Board [Kc 9h Kd 8h 9d]
Seat 2: dobber888 (button) (small blind) showed [Kh Th] and won ($41.50) with a full house, Kings full of Nines
Seat 4: MTails (big blind) mucked


PokerStars Hand #172772000150:  Hold'em Limit ($3/$6 USD) - 2017/07/08 14:51:19 ET
Table 'Pemba II' 6-max Seat #6 is the button
Seat 4: tedros404 ($160.07 in chips)
Seat 6: kusznak ($327.03 in chips)
kusznak: posts small blind $1
masterblstr8: is sitting out
tedros404: posts big blind $3
*** HOLE CARDS ***
kusznak: raises $3 to $6
masterblstr8 leaves the table
tedros404: calls $3
*** FLOP *** [Ks Qc Kh]
tedros404: bets $3
kusznak: folds
Uncalled bet ($3) returned to tedros404
tedros404 collected $11.76 from pot
tedros404: doesn't show hand
*** SUMMARY ***
Total pot $12 | Rake $0.24
Board [Ks Qc Kh]
Seat 4: tedros404 (big blind) collected ($11.76)
Seat 6: kusznak (button) (small blind) folded on the Flop


PokerStars Hand #172772011661:  Hold'em Limit ($3/$6 USD) - 2017/07/08 14:51:35 ET
Table 'Pemba II' 6-max Seat #4 is the button
Seat 4: tedros404 ($165.83 in chips)
Seat 6: kusznak ($321.03 in chips)
tedros404: posts small blind $1
kusznak: posts big blind $3
*** HOLE CARDS ***
tedros404: calls $2
kusznak: raises $3 to $6
tedros404: calls $3
*** FLOP *** [8h 4d 6h]
kusznak: bets $3
tedros404: raises $3 to $6
kusznak: calls $3
*** TURN *** [8h 4d 6h] [5h]
kusznak: checks
tedros404: bets $6
kusznak: folds
Uncalled bet ($6) returned to tedros404
tedros404 collected $23.52 from pot
tedros404: doesn't show hand
*** SUMMARY ***
Total pot $24 | Rake $0.48
Board [8h 4d 6h 5h]
Seat 4: tedros404 (button) (small blind) collected ($23.52)
Seat 6: kusznak (big blind) folded on the Turn


