PokerStars Hand #155639244807:  Hold'em Limit ($3/$6 USD) - 2016/07/06 12:54:40 ET
Table 'Peneleos III' 6-max Seat #3 is the button
Seat 3: EZB2002 ($99 in chips)
Seat 6: SmellyToes4u ($76.50 in chips)
EZB2002: posts small blind $1
SmellyToes4u: posts big blind $3
*** HOLE CARDS ***
EZB2002: folds
Uncalled bet ($2) returned to SmellyToes4u
SmellyToes4u collected $2 from pot
SmellyToes4u: doesn't show hand
*** SUMMARY ***
Total pot $2 | Rake $0
Seat 3: EZB2002 (button) (small blind) folded before Flop
Seat 6: SmellyToes4u (big blind) collected ($2)


PokerStars Hand #155639226664:  Hold'em Limit ($3/$6 USD) - 2016/07/06 12:54:13 ET
Table 'Peneleos III' 6-max Seat #6 is the button
Seat 3: EZB2002 ($120 in chips)
Seat 6: SmellyToes4u ($56 in chips)
SmellyToes4u: posts small blind $1
EZB2002: posts big blind $3
*** HOLE CARDS ***
SmellyToes4u: raises $3 to $6
EZB2002: calls $3
*** FLOP *** [3d Ks 7h]
EZB2002: checks
SmellyToes4u: bets $3
EZB2002: calls $3
*** TURN *** [3d Ks 7h] [Qc]
EZB2002: checks
SmellyToes4u: bets $6
EZB2002: calls $6
*** RIVER *** [3d Ks 7h Qc] [6c]
EZB2002: checks
SmellyToes4u: bets $6
EZB2002: calls $6
*** SHOW DOWN ***
SmellyToes4u: shows [5h Kd] (a pair of Kings)
EZB2002: mucks hand
SmellyToes4u collected $41.50 from pot
*** SUMMARY ***
Total pot $42 | Rake $0.50
Board [3d Ks 7h Qc 6c]
Seat 3: EZB2002 (big blind) mucked
Seat 6: SmellyToes4u (button) (small blind) showed [5h Kd] and won ($41.50) with a pair of Kings


PokerStars Hand #155639267600:  Hold'em Limit ($3/$6 USD) - 2016/07/06 12:55:17 ET
Table 'Peneleos III' 6-max Seat #3 is the button
Seat 3: EZB2002 ($99 in chips)
Seat 6: SmellyToes4u ($76.50 in chips)
EZB2002: posts small blind $1
SmellyToes4u: posts big blind $3
*** HOLE CARDS ***
EZB2002: raises $3 to $6
SmellyToes4u: raises $3 to $9
EZB2002: calls $3
*** FLOP *** [Qh 4c 5s]
SmellyToes4u: bets $3
EZB2002: calls $3
*** TURN *** [Qh 4c 5s] [6d]
SmellyToes4u: bets $6
EZB2002: calls $6
*** RIVER *** [Qh 4c 5s 6d] [Td]
SmellyToes4u: bets $6
EZB2002: folds
Uncalled bet ($6) returned to SmellyToes4u
SmellyToes4u collected $35.50 from pot
SmellyToes4u: doesn't show hand
*** SUMMARY ***
Total pot $36 | Rake $0.50
Board [Qh 4c 5s 6d Td]
Seat 3: EZB2002 (button) (small blind) folded on the River
Seat 6: SmellyToes4u (big blind) collected ($35.50)


PokerStars Hand #155639265128:  Hold'em Limit ($3/$6 USD) - 2016/07/06 12:55:12 ET
Table 'Peneleos III' 6-max Seat #6 is the button
Seat 3: EZB2002 ($98 in chips)
Seat 6: SmellyToes4u ($77.50 in chips)
SmellyToes4u: posts small blind $1
EZB2002: posts big blind $3
*** HOLE CARDS ***
SmellyToes4u: folds
Uncalled bet ($2) returned to EZB2002
EZB2002 collected $2 from pot
EZB2002: doesn't show hand
*** SUMMARY ***
Total pot $2 | Rake $0
Seat 3: EZB2002 (big blind) collected ($2)
Seat 6: SmellyToes4u (button) (small blind) folded before Flop


PokerStars Hand #155639262387:  Hold'em Limit ($3/$6 USD) - 2016/07/06 12:55:07 ET
Table 'Peneleos III' 6-max Seat #3 is the button
Seat 3: EZB2002 ($99 in chips)
Seat 6: SmellyToes4u ($76.50 in chips)
EZB2002: posts small blind $1
SmellyToes4u: posts big blind $3
*** HOLE CARDS ***
EZB2002: folds
Uncalled bet ($2) returned to SmellyToes4u
SmellyToes4u collected $2 from pot
SmellyToes4u: doesn't show hand
*** SUMMARY ***
Total pot $2 | Rake $0
Seat 3: EZB2002 (button) (small blind) folded before Flop
Seat 6: SmellyToes4u (big blind) collected ($2)


PokerStars Hand #155639258695:  Hold'em Limit ($3/$6 USD) - 2016/07/06 12:55:01 ET
Table 'Peneleos III' 6-max Seat #6 is the button
Seat 3: EZB2002 ($102 in chips)
Seat 6: SmellyToes4u ($73.50 in chips)
SmellyToes4u: posts small blind $1
EZB2002: posts big blind $3
*** HOLE CARDS ***
SmellyToes4u: raises $3 to $6
EZB2002: folds
Uncalled bet ($3) returned to SmellyToes4u
SmellyToes4u collected $6 from pot
SmellyToes4u: doesn't show hand
*** SUMMARY ***
Total pot $6 | Rake $0
Seat 3: EZB2002 (big blind) folded before Flop
Seat 6: SmellyToes4u (button) (small blind) collected ($6)


PokerStars Hand #155639253410:  Hold'em Limit ($3/$6 USD) - 2016/07/06 12:54:53 ET
Table 'Peneleos III' 6-max Seat #3 is the button
Seat 3: EZB2002 ($99 in chips)
Seat 6: SmellyToes4u ($76.50 in chips)
EZB2002: posts small blind $1
SmellyToes4u: posts big blind $3
*** HOLE CARDS ***
EZB2002: raises $3 to $6
SmellyToes4u: folds
Uncalled bet ($3) returned to EZB2002
EZB2002 collected $6 from pot
EZB2002: doesn't show hand
*** SUMMARY ***
Total pot $6 | Rake $0
Seat 3: EZB2002 (button) (small blind) collected ($6)
Seat 6: SmellyToes4u (big blind) folded before Flop


PokerStars Hand #155639248957:  Hold'em Limit ($3/$6 USD) - 2016/07/06 12:54:49 ET
Table 'Peneleos III' 6-max Seat #6 is the button
Seat 3: EZB2002 ($98 in chips)
Seat 6: SmellyToes4u ($77.50 in chips)
SmellyToes4u: posts small blind $1
EZB2002: posts big blind $3
*** HOLE CARDS ***
SmellyToes4u: folds
Uncalled bet ($2) returned to EZB2002
EZB2002 collected $2 from pot
EZB2002: doesn't show hand
*** SUMMARY ***
Total pot $2 | Rake $0
Seat 3: EZB2002 (big blind) collected ($2)
Seat 6: SmellyToes4u (button) (small blind) folded before Flop


PokerStars Hand #155639295145:  Hold'em Limit ($3/$6 USD) - 2016/07/06 12:56:09 ET
Table 'Peneleos III' 6-max Seat #3 is the button
Seat 3: EZB2002 ($95.50 in chips)
Seat 6: SmellyToes4u ($79 in chips)
EZB2002: posts small blind $1
SmellyToes4u: posts big blind $3
*** HOLE CARDS ***
EZB2002: raises $3 to $6
SmellyToes4u: raises $3 to $9
EZB2002: calls $3
*** FLOP *** [Th Tc 5d]
SmellyToes4u: bets $3
EZB2002: calls $3
*** TURN *** [Th Tc 5d] [7c]
SmellyToes4u: bets $6
EZB2002: calls $6
*** RIVER *** [Th Tc 5d 7c] [6d]
SmellyToes4u: checks
EZB2002: bets $6
SmellyToes4u: calls $6
*** SHOW DOWN ***
EZB2002: shows [Td 8s] (three of a kind, Tens)
SmellyToes4u: mucks hand
EZB2002 collected $47.50 from pot
*** SUMMARY ***
Total pot $48 | Rake $0.50
Board [Th Tc 5d 7c 6d]
Seat 3: EZB2002 (button) (small blind) showed [Td 8s] and won ($47.50) with three of a kind, Tens
Seat 6: SmellyToes4u (big blind) mucked


PokerStars Hand #155639281381:  Hold'em Limit ($3/$6 USD) - 2016/07/06 12:55:43 ET
Table 'Peneleos III' 6-max Seat #6 is the button
Seat 3: EZB2002 ($81 in chips)
Seat 6: SmellyToes4u ($94 in chips)
SmellyToes4u: posts small blind $1
EZB2002: posts big blind $3
*** HOLE CARDS ***
SmellyToes4u: raises $3 to $6
EZB2002: calls $3
*** FLOP *** [Js 2h 6c]
EZB2002: checks
SmellyToes4u: bets $3
EZB2002: calls $3
*** TURN *** [Js 2h 6c] [Ah]
EZB2002: checks
SmellyToes4u: bets $6
EZB2002: raises $6 to $12
SmellyToes4u: folds
Uncalled bet ($6) returned to EZB2002
EZB2002 collected $29.50 from pot
EZB2002: doesn't show hand
*** SUMMARY ***
Total pot $30 | Rake $0.50
Board [Js 2h 6c Ah]
Seat 3: EZB2002 (big blind) collected ($29.50)
Seat 6: SmellyToes4u (button) (small blind) folded on the Turn


PokerStars Hand #155639313066:  Hold'em Limit ($3/$6 USD) - 2016/07/06 12:56:43 ET
Table 'Peneleos III' 6-max Seat #6 is the button
Seat 3: EZB2002 ($119 in chips)
Seat 6: SmellyToes4u ($56 in chips)
SmellyToes4u: posts small blind $1
EZB2002: posts big blind $3
*** HOLE CARDS ***
SmellyToes4u: raises $3 to $6
iholdout joins the table at seat #2
EZB2002: calls $3
*** FLOP *** [3s 8c 5c]
EZB2002: checks
SmellyToes4u: bets $3
EZB2002: raises $3 to $6
vestimokrec joins the table at seat #4
SmellyToes4u: calls $3
*** TURN *** [3s 8c 5c] [8h]
EZB2002: bets $6
SmellyToes4u: folds
Uncalled bet ($6) returned to EZB2002
EZB2002 collected $23.52 from pot
EZB2002: doesn't show hand
*** SUMMARY ***
Total pot $24 | Rake $0.48
Board [3s 8c 5c 8h]
Seat 3: EZB2002 (big blind) collected ($23.52)
Seat 6: SmellyToes4u (button) (small blind) folded on the Turn


PokerStars Hand #155639434330:  Hold'em Limit ($3/$6 USD) - 2016/07/06 13:00:28 ET
Table 'Peneleos III' 6-max Seat #2 is the button
Seat 2: iholdout ($57 in chips)
Seat 5: lockwoodlad ($127.61 in chips)
iholdout: posts small blind $1
lockwoodlad: posts big blind $3
*** HOLE CARDS ***
iholdout: raises $3 to $6
lockwoodlad: calls $3
*** FLOP *** [As 2h 7c]
lockwoodlad: checks
iholdout: bets $3
lockwoodlad: raises $3 to $6
iholdout: calls $3
*** TURN *** [As 2h 7c] [Js]
lockwoodlad: bets $6
iholdout: raises $6 to $12
lockwoodlad: raises $6 to $18
iholdout: calls $6
*** RIVER *** [As 2h 7c Js] [Jc]
lockwoodlad: bets $6
iholdout: folds
Uncalled bet ($6) returned to lockwoodlad
lockwoodlad collected $59.50 from pot
lockwoodlad: doesn't show hand
*** SUMMARY ***
Total pot $60 | Rake $0.50
Board [As 2h 7c Js Jc]
Seat 2: iholdout (button) (small blind) folded on the River
Seat 5: lockwoodlad (big blind) collected ($59.50)


PokerStars Hand #155639476629:  Hold'em Limit ($3/$6 USD) - 2016/07/06 13:01:37 ET
Table 'Peneleos III' 6-max Seat #2 is the button
Seat 2: iholdout ($63 in chips)
Seat 5: lockwoodlad ($180.37 in chips)
iholdout: posts small blind $1
lockwoodlad: posts big blind $3
*** HOLE CARDS ***
iholdout: folds
Uncalled bet ($2) returned to lockwoodlad
lockwoodlad collected $2 from pot
lockwoodlad: doesn't show hand
*** SUMMARY ***
Total pot $2 | Rake $0
Seat 2: iholdout (button) (small blind) folded before Flop
Seat 5: lockwoodlad (big blind) collected ($2)


PokerStars Hand #155639472138:  Hold'em Limit ($3/$6 USD) - 2016/07/06 13:01:30 ET
Table 'Peneleos III' 6-max Seat #5 is the button
Seat 2: iholdout ($66 in chips)
Seat 5: lockwoodlad ($177.37 in chips)
lockwoodlad: posts small blind $1
iholdout: posts big blind $3
*** HOLE CARDS ***
lockwoodlad: raises $3 to $6
iholdout: folds
Uncalled bet ($3) returned to lockwoodlad
lockwoodlad collected $6 from pot
lockwoodlad: doesn't show hand
*** SUMMARY ***
Total pot $6 | Rake $0
Seat 2: iholdout (big blind) folded before Flop
Seat 5: lockwoodlad (button) (small blind) collected ($6)


PokerStars Hand #155639454315:  Hold'em Limit ($3/$6 USD) - 2016/07/06 13:01:00 ET
Table 'Peneleos III' 6-max Seat #2 is the button
Seat 2: iholdout ($21 in chips)
Seat 5: lockwoodlad ($162.87 in chips)
iholdout: posts small blind $1
lockwoodlad: posts big blind $3
*** HOLE CARDS ***
iholdout: raises $3 to $6
lockwoodlad: calls $3
*** FLOP *** [8d Qh 9h]
lockwoodlad: checks
iholdout: bets $3
lockwoodlad: calls $3
*** TURN *** [8d Qh 9h] [Td]
lockwoodlad: checks
iholdout: bets $6
lockwoodlad: calls $6
*** RIVER *** [8d Qh 9h Td] [Kc]
lockwoodlad: checks
iholdout: checks
*** SHOW DOWN ***
lockwoodlad: shows [4c Kd] (a pair of Kings)
iholdout: mucks hand
lockwoodlad collected $29.50 from pot
*** SUMMARY ***
Total pot $30 | Rake $0.50
Board [8d Qh 9h Td Kc]
Seat 2: iholdout (button) (small blind) mucked
Seat 5: lockwoodlad (big blind) showed [4c Kd] and won ($29.50) with a pair of Kings


PokerStars Hand #155639446426:  Hold'em Limit ($3/$6 USD) - 2016/07/06 13:00:50 ET
Table 'Peneleos III' 6-max Seat #5 is the button
Seat 2: iholdout ($27 in chips)
Seat 5: lockwoodlad ($157.11 in chips)
lockwoodlad: posts small blind $1
iholdout: posts big blind $3
*** HOLE CARDS ***
lockwoodlad: raises $3 to $6
iholdout: calls $3
*** FLOP *** [4s Ad 9d]
iholdout: checks
lockwoodlad: bets $3
iholdout: folds
Uncalled bet ($3) returned to lockwoodlad
lockwoodlad collected $11.76 from pot
lockwoodlad: doesn't show hand
*** SUMMARY ***
Total pot $12 | Rake $0.24
Board [4s Ad 9d]
Seat 2: iholdout (big blind) folded on the Flop
Seat 5: lockwoodlad (button) (small blind) collected ($11.76)


PokerStars Hand #155639489176:  Hold'em Limit ($3/$6 USD) - 2016/07/06 13:01:57 ET
Table 'Peneleos III' 6-max Seat #2 is the button
Seat 2: iholdout ($63 in chips)
Seat 5: lockwoodlad ($180.37 in chips)
iholdout: posts small blind $1
lockwoodlad: posts big blind $3
*** HOLE CARDS ***
iholdout: raises $3 to $6
lockwoodlad: calls $3
*** FLOP *** [Ks 8s 4c]
lockwoodlad: checks
iholdout: bets $3
lockwoodlad: calls $3
*** TURN *** [Ks 8s 4c] [2d]
lockwoodlad: checks
iholdout: bets $6
lockwoodlad: folds
Uncalled bet ($6) returned to iholdout
iholdout collected $17.64 from pot
iholdout: doesn't show hand
*** SUMMARY ***
Total pot $18 | Rake $0.36
Board [Ks 8s 4c 2d]
Seat 2: iholdout (button) (small blind) collected ($17.64)
Seat 5: lockwoodlad (big blind) folded on the Turn


PokerStars Hand #155639479766:  Hold'em Limit ($3/$6 USD) - 2016/07/06 13:01:42 ET
Table 'Peneleos III' 6-max Seat #5 is the button
Seat 2: iholdout ($62 in chips)
Seat 5: lockwoodlad ($181.37 in chips)
lockwoodlad: posts small blind $1
iholdout: posts big blind $3
*** HOLE CARDS ***
lockwoodlad: folds
Uncalled bet ($2) returned to iholdout
iholdout collected $2 from pot
iholdout: doesn't show hand
*** SUMMARY ***
Total pot $2 | Rake $0
Seat 2: iholdout (big blind) collected ($2)
Seat 5: lockwoodlad (button) (small blind) folded before Flop


PokerStars Hand #155639510326:  Hold'em Limit ($3/$6 USD) - 2016/07/06 13:02:30 ET
Table 'Peneleos III' 6-max Seat #5 is the button
Seat 2: iholdout ($71.64 in chips)
Seat 5: lockwoodlad ($171.37 in chips)
lockwoodlad: posts small blind $1
iholdout: posts big blind $3
*** HOLE CARDS ***
lockwoodlad: raises $3 to $6
iholdout: calls $3
*** FLOP *** [Th Ts Qh]
iholdout: checks
lockwoodlad: bets $3
iholdout: calls $3
*** TURN *** [Th Ts Qh] [Qd]
iholdout: checks
lockwoodlad: bets $6
iholdout: raises $6 to $12
lockwoodlad: calls $6
*** RIVER *** [Th Ts Qh Qd] [Js]
iholdout: checks
lockwoodlad: checks
*** SHOW DOWN ***
iholdout: shows [Ah 8c] (two pair, Queens and Tens)
lockwoodlad: mucks hand
iholdout collected $41.50 from pot
*** SUMMARY ***
Total pot $42 | Rake $0.50
Board [Th Ts Qh Qd Js]
Seat 2: iholdout (big blind) showed [Ah 8c] and won ($41.50) with two pair, Queens and Tens
Seat 5: lockwoodlad (button) (small blind) mucked


PokerStars Hand #155639582758:  Hold'em Limit ($3/$6 USD) - 2016/07/06 13:04:19 ET
Table 'Peneleos III' 6-max Seat #2 is the button
Seat 2: iholdout ($108.64 in chips)
Seat 5: lockwoodlad ($133.13 in chips)
iholdout: posts small blind $1
lockwoodlad: posts big blind $3
*** HOLE CARDS ***
iholdout: raises $3 to $6
lockwoodlad: raises $3 to $9
iholdout: calls $3
*** FLOP *** [9h 8s Qd]
lockwoodlad: bets $3
iholdout: calls $3
*** TURN *** [9h 8s Qd] [8d]
lockwoodlad: bets $6
iholdout: calls $6
*** RIVER *** [9h 8s Qd 8d] [Kc]
lockwoodlad: bets $6
iholdout: calls $6
*** SHOW DOWN ***
lockwoodlad: shows [Ac Kh] (two pair, Kings and Eights)
iholdout: mucks hand
lockwoodlad collected $47.50 from pot
*** SUMMARY ***
Total pot $48 | Rake $0.50
Board [9h 8s Qd 8d Kc]
Seat 2: iholdout (button) (small blind) mucked
Seat 5: lockwoodlad (big blind) showed [Ac Kh] and won ($47.50) with two pair, Kings and Eights


PokerStars Hand #155639577736:  Hold'em Limit ($3/$6 USD) - 2016/07/06 13:04:11 ET
Table 'Peneleos III' 6-max Seat #5 is the button
Seat 2: iholdout ($111.64 in chips)
Seat 5: lockwoodlad ($130.13 in chips)
lockwoodlad: posts small blind $1
iholdout: posts big blind $3
*** HOLE CARDS ***
lockwoodlad: raises $3 to $6
iholdout: folds
Uncalled bet ($3) returned to lockwoodlad
lockwoodlad collected $6 from pot
lockwoodlad: doesn't show hand
*** SUMMARY ***
Total pot $6 | Rake $0
Seat 2: iholdout (big blind) folded before Flop
Seat 5: lockwoodlad (button) (small blind) collected ($6)


PokerStars Hand #155639573953:  Hold'em Limit ($3/$6 USD) - 2016/07/06 13:04:05 ET
Table 'Peneleos III' 6-max Seat #2 is the button
Seat 2: iholdout ($112.64 in chips)
Seat 5: lockwoodlad ($129.13 in chips)
iholdout: posts small blind $1
lockwoodlad: posts big blind $3
*** HOLE CARDS ***
iholdout: folds
Uncalled bet ($2) returned to lockwoodlad
lockwoodlad collected $2 from pot
lockwoodlad: doesn't show hand
*** SUMMARY ***
Total pot $2 | Rake $0
Seat 2: iholdout (button) (small blind) folded before Flop
Seat 5: lockwoodlad (big blind) collected ($2)


PokerStars Hand #155639567913:  Hold'em Limit ($3/$6 USD) - 2016/07/06 13:03:56 ET
Table 'Peneleos III' 6-max Seat #5 is the button
Seat 2: iholdout ($118.64 in chips)
Seat 5: lockwoodlad ($123.37 in chips)
lockwoodlad: posts small blind $1
iholdout: posts big blind $3
*** HOLE CARDS ***
lockwoodlad: raises $3 to $6
iholdout: calls $3
*** FLOP *** [5c Qc Tc]
iholdout: checks
lockwoodlad: bets $3
iholdout: folds
Uncalled bet ($3) returned to lockwoodlad
lockwoodlad collected $11.76 from pot
lockwoodlad: doesn't show hand
*** SUMMARY ***
Total pot $12 | Rake $0.24
Board [5c Qc Tc]
Seat 2: iholdout (big blind) folded on the Flop
Seat 5: lockwoodlad (button) (small blind) collected ($11.76)


PokerStars Hand #155639539801:  Hold'em Limit ($3/$6 USD) - 2016/07/06 13:03:14 ET
Table 'Peneleos III' 6-max Seat #2 is the button
Seat 2: iholdout ($92.14 in chips)
Seat 5: lockwoodlad ($150.37 in chips)
iholdout: posts small blind $1
lockwoodlad: posts big blind $3
*** HOLE CARDS ***
iholdout: raises $3 to $6
lockwoodlad: calls $3
*** FLOP *** [Ts 7s Qd]
lockwoodlad: bets $3
iholdout: raises $3 to $6
lockwoodlad: raises $3 to $9
iholdout: calls $3
*** TURN *** [Ts 7s Qd] [5c]
lockwoodlad: checks
iholdout: bets $6
lockwoodlad: calls $6
*** RIVER *** [Ts 7s Qd 5c] [2h]
lockwoodlad: checks
iholdout: bets $6
lockwoodlad: calls $6
*** SHOW DOWN ***
iholdout: shows [4s Qh] (a pair of Queens)
lockwoodlad: mucks hand
iholdout collected $53.50 from pot
*** SUMMARY ***
Total pot $54 | Rake $0.50
Board [Ts 7s Qd 5c 2h]
Seat 2: iholdout (button) (small blind) showed [4s Qh] and won ($53.50) with a pair of Queens
Seat 5: lockwoodlad (big blind) mucked


PokerStars Hand #155639632773:  Hold'em Limit ($3/$6 USD) - 2016/07/06 13:05:31 ET
Table 'Peneleos III' 6-max Seat #5 is the button
Seat 2: iholdout ($63.40 in chips)
Seat 5: lockwoodlad ($177.13 in chips)
lockwoodlad: posts small blind $1
iholdout: posts big blind $3
*** HOLE CARDS ***
lockwoodlad: raises $3 to $6
iholdout: folds
Uncalled bet ($3) returned to lockwoodlad
lockwoodlad collected $6 from pot
lockwoodlad: doesn't show hand
*** SUMMARY ***
Total pot $6 | Rake $0
Seat 2: iholdout (big blind) folded before Flop
Seat 5: lockwoodlad (button) (small blind) collected ($6)


PokerStars Hand #155639616098:  Hold'em Limit ($3/$6 USD) - 2016/07/06 13:05:07 ET
Table 'Peneleos III' 6-max Seat #2 is the button
Seat 2: iholdout ($57.64 in chips)
Seat 5: lockwoodlad ($183.13 in chips)
iholdout: posts small blind $1
lockwoodlad: posts big blind $3
*** HOLE CARDS ***
iholdout: raises $3 to $6
lockwoodlad: calls $3
*** FLOP *** [7d 8s Js]
lockwoodlad: checks
Chessnok joins the table at seat #3
iholdout said, "wtf?"
iholdout said, "your terrible"
iholdout: bets $3
lockwoodlad: folds
Uncalled bet ($3) returned to iholdout
iholdout collected $11.76 from pot
iholdout: doesn't show hand
*** SUMMARY ***
Total pot $12 | Rake $0.24
Board [7d 8s Js]
Seat 2: iholdout (button) (small blind) collected ($11.76)
Seat 5: lockwoodlad (big blind) folded on the Flop


PokerStars Hand #155639594498:  Hold'em Limit ($3/$6 USD) - 2016/07/06 13:04:36 ET
Table 'Peneleos III' 6-max Seat #5 is the button
Seat 2: iholdout ($84.64 in chips)
Seat 5: lockwoodlad ($156.63 in chips)
lockwoodlad: posts small blind $1
iholdout: posts big blind $3
*** HOLE CARDS ***
lockwoodlad: raises $3 to $6
iholdout: raises $3 to $9
lockwoodlad: raises $3 to $12
Betting is capped
iholdout: calls $3
*** FLOP *** [9s 4d 4s]
iholdout: checks
lockwoodlad: bets $3
iholdout: calls $3
*** TURN *** [9s 4d 4s] [7d]
iholdout: checks
lockwoodlad: bets $6
iholdout: calls $6
*** RIVER *** [9s 4d 4s 7d] [Kd]
iholdout: checks
lockwoodlad: bets $6
iholdout: calls $6
*** SHOW DOWN ***
lockwoodlad: shows [3d Jd] (a flush, King high)
iholdout: mucks hand
lockwoodlad collected $53.50 from pot
*** SUMMARY ***
Total pot $54 | Rake $0.50
Board [9s 4d 4s 7d Kd]
Seat 2: iholdout (big blind) mucked
Seat 5: lockwoodlad (button) (small blind) showed [3d Jd] and won ($53.50) with a flush, King high


