PokerStars Hand #174189969017:  Hold'em Limit ($3/$6 USD) - 2017/08/11 5:43:58 ET
Table 'Peneleos II' 6-max Seat #4 is the button
Seat 1: aremom4e ($128.64 in chips)
Seat 4: VolkovDmitri ($120 in chips)
VolkovDmitri: posts small blind $1
aremom4e: posts big blind $3
*** HOLE CARDS ***
VolkovDmitri: raises $3 to $6
aremom4e: calls $3
*** FLOP *** [Qh 5s Js]
aremom4e: checks
VolkovDmitri: bets $3
aremom4e: folds
Uncalled bet ($3) returned to VolkovDmitri
VolkovDmitri collected $11.76 from pot
VolkovDmitri: doesn't show hand
*** SUMMARY ***
Total pot $12 | Rake $0.24
Board [Qh 5s Js]
Seat 1: aremom4e (big blind) folded on the Flop
Seat 4: VolkovDmitri (button) (small blind) collected ($11.76)


PokerStars Hand #174189958183:  Hold'em Limit ($3/$6 USD) - 2017/08/11 5:43:26 ET
Table 'Peneleos II' 6-max Seat #1 is the button
Seat 1: aremom4e ($120 in chips)
Seat 4: VolkovDmitri ($120 in chips)
aremom4e: posts small blind $1
VolkovDmitri: posts big blind $3
*** HOLE CARDS ***
aremom4e: raises $3 to $6
VolkovDmitri: calls $3
*** FLOP *** [5s Js Ks]
VolkovDmitri: checks
aremom4e: bets $3
VolkovDmitri: calls $3
*** TURN *** [5s Js Ks] [Qc]
VolkovDmitri: checks
aremom4e: checks
*** RIVER *** [5s Js Ks Qc] [7s]
VolkovDmitri: checks
aremom4e: checks
*** SHOW DOWN ***
VolkovDmitri: shows [5c 9d] (a pair of Fives)
aremom4e: shows [2s Ac] (a flush, King high)
aremom4e collected $17.64 from pot
*** SUMMARY ***
Total pot $18 | Rake $0.36
Board [5s Js Ks Qc 7s]
Seat 1: aremom4e (button) (small blind) showed [2s Ac] and won ($17.64) with a flush, King high
Seat 4: VolkovDmitri (big blind) showed [5c 9d] and lost with a pair of Fives


PokerStars Hand #174189976691:  Hold'em Limit ($3/$6 USD) - 2017/08/11 5:44:20 ET
Table 'Peneleos II' 6-max Seat #1 is the button
Seat 1: aremom4e ($122.64 in chips)
Seat 4: VolkovDmitri ($125.76 in chips)
aremom4e: posts small blind $1
VolkovDmitri: posts big blind $3
*** HOLE CARDS ***
aremom4e: raises $3 to $6
VolkovDmitri: calls $3
*** FLOP *** [Ad Ts 2d]
VolkovDmitri: checks
aremom4e: bets $3
VolkovDmitri: folds
Uncalled bet ($3) returned to aremom4e
aremom4e collected $11.76 from pot
aremom4e: doesn't show hand
*** SUMMARY ***
Total pot $12 | Rake $0.24
Board [Ad Ts 2d]
Seat 1: aremom4e (button) (small blind) collected ($11.76)
Seat 4: VolkovDmitri (big blind) folded on the Flop


PokerStars Hand #174189985346:  Hold'em Limit ($3/$6 USD) - 2017/08/11 5:44:45 ET
Table 'Peneleos II' 6-max Seat #4 is the button
Seat 1: aremom4e ($128.40 in chips)
Seat 4: VolkovDmitri ($120 in chips)
VolkovDmitri: posts small blind $1
aremom4e: posts big blind $3
*** HOLE CARDS ***
VolkovDmitri: raises $3 to $6
aremom4e: folds
Uncalled bet ($3) returned to VolkovDmitri
VolkovDmitri collected $6 from pot
VolkovDmitri: doesn't show hand
*** SUMMARY ***
Total pot $6 | Rake $0
Seat 1: aremom4e (big blind) folded before Flop
Seat 4: VolkovDmitri (button) (small blind) collected ($6)


PokerStars Hand #174189995527:  Hold'em Limit ($3/$6 USD) - 2017/08/11 5:45:14 ET
Table 'Peneleos II' 6-max Seat #4 is the button
Seat 1: aremom4e ($119.40 in chips)
Seat 4: VolkovDmitri ($128.76 in chips)
VolkovDmitri: posts small blind $1
aremom4e: posts big blind $3
*** HOLE CARDS ***
VolkovDmitri: raises $3 to $6
aremom4e: calls $3
*** FLOP *** [3h 8d 3c]
aremom4e: checks
manon889 joins the table at seat #3
krossguard joins the table at seat #2
VolkovDmitri: bets $3
aremom4e: calls $3
*** TURN *** [3h 8d 3c] [Qd]
aremom4e: checks
VolkovDmitri: bets $6
aremom4e: raises $6 to $12
VolkovDmitri: calls $6
*** RIVER *** [3h 8d 3c Qd] [Ac]
aremom4e: bets $6
VolkovDmitri: calls $6
*** SHOW DOWN ***
aremom4e: shows [3d 6d] (three of a kind, Threes)
VolkovDmitri: mucks hand
aremom4e collected $53.50 from pot
*** SUMMARY ***
Total pot $54 | Rake $0.50
Board [3h 8d 3c Qd Ac]
Seat 1: aremom4e (big blind) showed [3d 6d] and won ($53.50) with three of a kind, Threes
Seat 4: VolkovDmitri (button) (small blind) mucked


PokerStars Hand #174191157511:  Hold'em Limit ($3/$6 USD) - 2017/08/11 6:38:40 ET
Table 'Peneleos II' 6-max Seat #5 is the button
Seat 4: VolkovDmitri ($436.84 in chips)
Seat 5: banita51 ($68.17 in chips)
banita51: posts small blind $1
VolkovDmitri: posts big blind $3
*** HOLE CARDS ***
banita51: raises $3 to $6
VolkovDmitri: calls $3
*** FLOP *** [3s Td 4s]
VolkovDmitri: checks
banita51: bets $3
VolkovDmitri: raises $3 to $6
banita51: calls $3
*** TURN *** [3s Td 4s] [Ts]
VolkovDmitri: bets $6
banita51: calls $6
*** RIVER *** [3s Td 4s Ts] [2h]
VolkovDmitri: bets $6
banita51: calls $6
*** SHOW DOWN ***
VolkovDmitri: shows [7h 9s] (a pair of Tens)
banita51: shows [Jh Jd] (two pair, Jacks and Tens)
banita51 collected $47.50 from pot
*** SUMMARY ***
Total pot $48 | Rake $0.50
Board [3s Td 4s Ts 2h]
Seat 4: VolkovDmitri (big blind) showed [7h 9s] and lost with a pair of Tens
Seat 5: banita51 (button) (small blind) showed [Jh Jd] and won ($47.50) with two pair, Jacks and Tens


PokerStars Hand #174191193378:  Hold'em Limit ($3/$6 USD) - 2017/08/11 6:40:14 ET
Table 'Peneleos II' 6-max Seat #5 is the button
Seat 4: VolkovDmitri ($397.84 in chips)
Seat 5: banita51 ($106.17 in chips)
banita51: posts small blind $1
VolkovDmitri: posts big blind $3
*** HOLE CARDS ***
banita51: folds
Uncalled bet ($2) returned to VolkovDmitri
VolkovDmitri collected $2 from pot
VolkovDmitri: doesn't show hand
*** SUMMARY ***
Total pot $2 | Rake $0
Seat 4: VolkovDmitri (big blind) collected ($2)
Seat 5: banita51 (button) (small blind) folded before Flop


PokerStars Hand #174191172276:  Hold'em Limit ($3/$6 USD) - 2017/08/11 6:39:19 ET
Table 'Peneleos II' 6-max Seat #4 is the button
Seat 4: VolkovDmitri ($412.84 in chips)
Seat 5: banita51 ($91.67 in chips)
VolkovDmitri: posts small blind $1
banita51: posts big blind $3
*** HOLE CARDS ***
VolkovDmitri: raises $3 to $6
protriin leaves the table
banita51: calls $3
*** FLOP *** [Ts 3s 6s]
banita51: bets $3
VolkovDmitri: calls $3
*** TURN *** [Ts 3s 6s] [Ad]
banita51: bets $6
VolkovDmitri: calls $6
*** RIVER *** [Ts 3s 6s Ad] [Qs]
banita51: checks
VolkovDmitri: checks
*** SHOW DOWN ***
banita51: shows [Ac Jd] (a pair of Aces)
VolkovDmitri: mucks hand
banita51 collected $29.50 from pot
*** SUMMARY ***
Total pot $30 | Rake $0.50
Board [Ts 3s 6s Ad Qs]
Seat 4: VolkovDmitri (button) (small blind) mucked
Seat 5: banita51 (big blind) showed [Ac Jd] and won ($29.50) with a pair of Aces


PokerStars Hand #174191196530:  Hold'em Limit ($3/$6 USD) - 2017/08/11 6:40:22 ET
Table 'Peneleos II' 6-max Seat #4 is the button
Seat 4: VolkovDmitri ($398.84 in chips)
Seat 5: banita51 ($105.17 in chips)
VolkovDmitri: posts small blind $1
banita51: posts big blind $3
*** HOLE CARDS ***
VolkovDmitri: raises $3 to $6
banita51: calls $3
*** FLOP *** [2d 6h 5s]
banita51: bets $3
VolkovDmitri: calls $3
*** TURN *** [2d 6h 5s] [8s]
banita51: bets $6
VolkovDmitri: calls $6
*** RIVER *** [2d 6h 5s 8s] [Th]
banita51: bets $6
VolkovDmitri: calls $6
*** SHOW DOWN ***
banita51: shows [Ts 7h] (a pair of Tens)
VolkovDmitri: mucks hand
banita51 collected $41.50 from pot
*** SUMMARY ***
Total pot $42 | Rake $0.50
Board [2d 6h 5s 8s Th]
Seat 4: VolkovDmitri (button) (small blind) mucked
Seat 5: banita51 (big blind) showed [Ts 7h] and won ($41.50) with a pair of Tens


PokerStars Hand #174191213826:  Hold'em Limit ($3/$6 USD) - 2017/08/11 6:41:07 ET
Table 'Peneleos II' 6-max Seat #5 is the button
Seat 4: VolkovDmitri ($372.84 in chips)
Seat 5: banita51 ($130.43 in chips)
banita51: posts small blind $1
VolkovDmitri: posts big blind $3
*** HOLE CARDS ***
banita51: raises $3 to $6
VolkovDmitri: folds
Uncalled bet ($3) returned to banita51
banita51 collected $6 from pot
*** SUMMARY ***
Total pot $6 | Rake $0
Seat 4: VolkovDmitri (big blind) folded before Flop
Seat 5: banita51 (button) (small blind) collected ($6)


PokerStars Hand #174191206906:  Hold'em Limit ($3/$6 USD) - 2017/08/11 6:40:49 ET
Table 'Peneleos II' 6-max Seat #5 is the button
Seat 4: VolkovDmitri ($377.84 in chips)
Seat 5: banita51 ($125.67 in chips)
banita51: posts small blind $1
VolkovDmitri: posts big blind $3
*** HOLE CARDS ***
banita51: folds
Uncalled bet ($2) returned to VolkovDmitri
VolkovDmitri collected $2 from pot
VolkovDmitri: doesn't show hand
*** SUMMARY ***
Total pot $2 | Rake $0
Seat 4: VolkovDmitri (big blind) collected ($2)
Seat 5: banita51 (button) (small blind) folded before Flop


PokerStars Hand #174191209077:  Hold'em Limit ($3/$6 USD) - 2017/08/11 6:40:55 ET
Table 'Peneleos II' 6-max Seat #4 is the button
Seat 4: VolkovDmitri ($378.84 in chips)
Seat 5: banita51 ($124.67 in chips)
VolkovDmitri: posts small blind $1
banita51: posts big blind $3
*** HOLE CARDS ***
VolkovDmitri: raises $3 to $6
banita51: calls $3
*** FLOP *** [8h 3h 7d]
banita51: bets $3
VolkovDmitri: folds
Uncalled bet ($3) returned to banita51
banita51 collected $11.76 from pot
*** SUMMARY ***
Total pot $12 | Rake $0.24
Board [8h 3h 7d]
Seat 4: VolkovDmitri (button) (small blind) folded on the Flop
Seat 5: banita51 (big blind) collected ($11.76)


PokerStars Hand #174191218409:  Hold'em Limit ($3/$6 USD) - 2017/08/11 6:41:19 ET
Table 'Peneleos II' 6-max Seat #4 is the button
Seat 4: VolkovDmitri ($369.84 in chips)
Seat 5: banita51 ($133.43 in chips)
VolkovDmitri: posts small blind $1
banita51: posts big blind $3
*** HOLE CARDS ***
VolkovDmitri: raises $3 to $6
banita51: raises $3 to $9
VolkovDmitri: calls $3
*** FLOP *** [Qs 7s Jd]
banita51: bets $3
VolkovDmitri: folds
Uncalled bet ($3) returned to banita51
banita51 collected $17.64 from pot
*** SUMMARY ***
Total pot $18 | Rake $0.36
Board [Qs 7s Jd]
Seat 4: VolkovDmitri (button) (small blind) folded on the Flop
Seat 5: banita51 (big blind) collected ($17.64)


PokerStars Hand #174191237869:  Hold'em Limit ($3/$6 USD) - 2017/08/11 6:42:09 ET
Table 'Peneleos II' 6-max Seat #4 is the button
Seat 4: VolkovDmitri ($354.84 in chips)
Seat 5: banita51 ($147.83 in chips)
VolkovDmitri: posts small blind $1
banita51: posts big blind $3
*** HOLE CARDS ***
VolkovDmitri: raises $3 to $6
aremom4e joins the table at seat #1
krossguard joins the table at seat #2
banita51: calls $3
*** FLOP *** [Th 2d Ac]
banita51: checks
VolkovDmitri: bets $3
banita51: folds
Uncalled bet ($3) returned to VolkovDmitri
VolkovDmitri collected $11.76 from pot
VolkovDmitri: doesn't show hand
*** SUMMARY ***
Total pot $12 | Rake $0.24
Board [Th 2d Ac]
Seat 4: VolkovDmitri (button) (small blind) collected ($11.76)
Seat 5: banita51 (big blind) folded on the Flop


PokerStars Hand #174191229647:  Hold'em Limit ($3/$6 USD) - 2017/08/11 6:41:48 ET
Table 'Peneleos II' 6-max Seat #5 is the button
Seat 4: VolkovDmitri ($360.84 in chips)
Seat 5: banita51 ($142.07 in chips)
banita51: posts small blind $1
VolkovDmitri: posts big blind $3
*** HOLE CARDS ***
banita51: raises $3 to $6
VolkovDmitri: calls $3
*** FLOP *** [6d 6c 2d]
VolkovDmitri: checks
banita51: bets $3
VolkovDmitri: folds
Uncalled bet ($3) returned to banita51
banita51 collected $11.76 from pot
*** SUMMARY ***
Total pot $12 | Rake $0.24
Board [6d 6c 2d]
Seat 4: VolkovDmitri (big blind) folded on the Flop
Seat 5: banita51 (button) (small blind) collected ($11.76)


