PokerStars Hand #156889446367:  Hold'em Limit ($3/$6 USD) - 2016/08/05 7:48:56 ET
Table 'Peneleos' 6-max Seat #3 is the button
Seat 3: Alnikon ($59.11 in chips)
Seat 4: Agrotait ($72 in chips)
Alnikon: posts small blind $1
Agrotait: posts big blind $3
*** HOLE CARDS ***
Alnikon: calls $2
Agrotait: checks
*** FLOP *** [5s Qc Jd]
Agrotait: bets $3
Alnikon: calls $3
*** TURN *** [5s Qc Jd] [7h]
Agrotait: checks
Alnikon: bets $6
Kit Liem joins the table at seat #1
Agrotait: folds
Uncalled bet ($6) returned to Alnikon
Alnikon collected $11.76 from pot
Alnikon: doesn't show hand
*** SUMMARY ***
Total pot $12 | Rake $0.24
Board [5s Qc Jd 7h]
Seat 3: Alnikon (button) (small blind) collected ($11.76)
Seat 4: Agrotait (big blind) folded on the Turn


PokerStars Hand #156889501620:  Hold'em Limit ($3/$6 USD) - 2016/08/05 7:51:01 ET
Table 'Peneleos' 6-max Seat #1 is the button
Seat 1: Kit Liem ($111 in chips)
Seat 4: Agrotait ($83.19 in chips)
Kit Liem: posts small blind $1
Alnikon: is sitting out
Alnikon leaves the table
Agrotait: posts big blind $3
*** HOLE CARDS ***
Kit Liem: folds
Uncalled bet ($2) returned to Agrotait
Agrotait collected $2 from pot
Agrotait: doesn't show hand
*** SUMMARY ***
Total pot $2 | Rake $0
Seat 1: Kit Liem (button) (small blind) folded before Flop
Seat 4: Agrotait (big blind) collected ($2)


PokerStars Hand #156889504961:  Hold'em Limit ($3/$6 USD) - 2016/08/05 7:51:09 ET
Table 'Peneleos' 6-max Seat #4 is the button
Seat 1: Kit Liem ($110 in chips)
Seat 4: Agrotait ($84.19 in chips)
Agrotait: posts small blind $1
Kit Liem: posts big blind $3
*** HOLE CARDS ***
Agrotait: raises $3 to $6
Kit Liem: calls $3
*** FLOP *** [Qh 6c 8c]
Kit Liem: checks
Agrotait: bets $3
Kit Liem: calls $3
*** TURN *** [Qh 6c 8c] [7h]
Kit Liem: checks
Agrotait: checks
*** RIVER *** [Qh 6c 8c 7h] [3s]
Kit Liem: bets $6
Agrotait: calls $6
*** SHOW DOWN ***
Kit Liem: shows [7s Ac] (a pair of Sevens)
Agrotait: mucks hand
Kit Liem collected $29.50 from pot
*** SUMMARY ***
Total pot $30 | Rake $0.50
Board [Qh 6c 8c 7h 3s]
Seat 1: Kit Liem (big blind) showed [7s Ac] and won ($29.50) with a pair of Sevens
Seat 4: Agrotait (button) (small blind) mucked


