PokerStars Hand #152498089618:  Hold'em Limit ($3/$6 USD) - 2016/04/26 19:46:19 ET
Table 'Peneleos II' 6-max Seat #2 is the button
Seat 2: haagsemocro1 ($120 in chips)
Seat 4: BuzovaPro ($72 in chips)
haagsemocro1: posts small blind $1
BuzovaPro: posts big blind $3
*** HOLE CARDS ***
haagsemocro1: calls $2
BuzovaPro: checks
*** FLOP *** [As Qc Kh]
BuzovaPro: checks
haagsemocro1: bets $3
BuzovaPro: folds
Uncalled bet ($3) returned to haagsemocro1
haagsemocro1 collected $5.88 from pot
haagsemocro1: doesn't show hand
*** SUMMARY ***
Total pot $6 | Rake $0.12
Board [As Qc Kh]
Seat 2: haagsemocro1 (button) (small blind) collected ($5.88)
Seat 4: BuzovaPro (big blind) folded on the Flop


PokerStars Hand #152498099976:  Hold'em Limit ($3/$6 USD) - 2016/04/26 19:46:38 ET
Table 'Peneleos II' 6-max Seat #4 is the button
Seat 2: haagsemocro1 ($122.88 in chips)
Seat 4: BuzovaPro ($72 in chips)
BuzovaPro: posts small blind $1
haagsemocro1: posts big blind $3
*** HOLE CARDS ***
BuzovaPro: raises $3 to $6
haagsemocro1: raises $3 to $9
BuzovaPro: calls $3
*** FLOP *** [Qs 3s 7s]
haagsemocro1: checks
BuzovaPro: checks
*** TURN *** [Qs 3s 7s] [6d]
haagsemocro1: bets $6
BuzovaPro: calls $6
*** RIVER *** [Qs 3s 7s 6d] [4d]
haagsemocro1: checks
BuzovaPro: bets $6
haagsemocro1: calls $6
*** SHOW DOWN ***
BuzovaPro: shows [6h 7c] (two pair, Sevens and Sixes)
haagsemocro1: mucks hand
BuzovaPro collected $41.50 from pot
*** SUMMARY ***
Total pot $42 | Rake $0.50
Board [Qs 3s 7s 6d 4d]
Seat 2: haagsemocro1 (big blind) mucked
Seat 4: BuzovaPro (button) (small blind) showed [6h 7c] and won ($41.50) with two pair, Sevens and Sixes


PokerStars Hand #152498145044:  Hold'em Limit ($3/$6 USD) - 2016/04/26 19:48:03 ET
Table 'Peneleos II' 6-max Seat #2 is the button
Seat 2: haagsemocro1 ($92.52 in chips)
Seat 4: BuzovaPro ($101 in chips)
haagsemocro1: posts small blind $1
BuzovaPro: posts big blind $3
*** HOLE CARDS ***
haagsemocro1: raises $3 to $6
BuzovaPro: raises $3 to $9
haagsemocro1: calls $3
*** FLOP *** [9h Th 4s]
BuzovaPro: bets $3
haagsemocro1: calls $3
*** TURN *** [9h Th 4s] [8h]
BuzovaPro: bets $6
haagsemocro1: folds
Uncalled bet ($6) returned to BuzovaPro
BuzovaPro collected $23.52 from pot
BuzovaPro: doesn't show hand
*** SUMMARY ***
Total pot $24 | Rake $0.48
Board [9h Th 4s 8h]
Seat 2: haagsemocro1 (button) (small blind) folded on the Turn
Seat 4: BuzovaPro (big blind) collected ($23.52)


PokerStars Hand #152498133586:  Hold'em Limit ($3/$6 USD) - 2016/04/26 19:47:41 ET
Table 'Peneleos II' 6-max Seat #4 is the button
Seat 2: haagsemocro1 ($110.52 in chips)
Seat 4: BuzovaPro ($83.50 in chips)
BuzovaPro: posts small blind $1
haagsemocro1: posts big blind $3
*** HOLE CARDS ***
BuzovaPro: raises $3 to $6
haagsemocro1: calls $3
*** FLOP *** [4d 3h 7h]
haagsemocro1: checks
BuzovaPro: checks
*** TURN *** [4d 3h 7h] [3s]
haagsemocro1: bets $6
BuzovaPro: calls $6
*** RIVER *** [4d 3h 7h 3s] [4c]
haagsemocro1: bets $6
BuzovaPro: calls $6
*** SHOW DOWN ***
haagsemocro1: shows [Jc 6d] (two pair, Fours and Threes)
BuzovaPro: shows [2s Ah] (two pair, Fours and Threes - Ace kicker)
BuzovaPro collected $35.50 from pot
*** SUMMARY ***
Total pot $36 | Rake $0.50
Board [4d 3h 7h 3s 4c]
Seat 2: haagsemocro1 (big blind) showed [Jc 6d] and lost with two pair, Fours and Threes
Seat 4: BuzovaPro (button) (small blind) showed [2s Ah] and won ($35.50) with two pair, Fours and Threes


PokerStars Hand #152498112382:  Hold'em Limit ($3/$6 USD) - 2016/04/26 19:47:01 ET
Table 'Peneleos II' 6-max Seat #2 is the button
Seat 2: haagsemocro1 ($101.88 in chips)
Seat 4: BuzovaPro ($92.50 in chips)
haagsemocro1: posts small blind $1
BuzovaPro: posts big blind $3
*** HOLE CARDS ***
haagsemocro1: raises $3 to $6
BuzovaPro: calls $3
*** FLOP *** [3c 3s 5h]
BuzovaPro: checks
haagsemocro1: bets $3
BuzovaPro: calls $3
*** TURN *** [3c 3s 5h] [4c]
BuzovaPro: checks
haagsemocro1: checks
*** RIVER *** [3c 3s 5h 4c] [2d]
BuzovaPro: checks
haagsemocro1: bets $6
BuzovaPro: folds
Uncalled bet ($6) returned to haagsemocro1
haagsemocro1 collected $17.64 from pot
haagsemocro1: doesn't show hand
*** SUMMARY ***
Total pot $18 | Rake $0.36
Board [3c 3s 5h 4c 2d]
Seat 2: haagsemocro1 (button) (small blind) collected ($17.64)
Seat 4: BuzovaPro (big blind) folded on the River


PokerStars Hand #152498178453:  Hold'em Limit ($3/$6 USD) - 2016/04/26 19:49:05 ET
Table 'Peneleos II' 6-max Seat #4 is the button
Seat 2: haagsemocro1 ($52.52 in chips)
Seat 4: BuzovaPro ($140.02 in chips)
BuzovaPro: posts small blind $1
haagsemocro1: posts big blind $3
*** HOLE CARDS ***
BuzovaPro: raises $3 to $6
haagsemocro1: raises $3 to $9
BuzovaPro: calls $3
*** FLOP *** [9h 6d Js]
haagsemocro1: checks
BuzovaPro: checks
*** TURN *** [9h 6d Js] [As]
haagsemocro1: bets $6
BuzovaPro: calls $6
*** RIVER *** [9h 6d Js As] [Qs]
haagsemocro1: checks
BuzovaPro: bets $6
haagsemocro1: calls $6
*** SHOW DOWN ***
BuzovaPro: shows [Kh Td] (a straight, Ten to Ace)
haagsemocro1: mucks hand
BuzovaPro collected $41.50 from pot
*** SUMMARY ***
Total pot $42 | Rake $0.50
Board [9h 6d Js As Qs]
Seat 2: haagsemocro1 (big blind) mucked
Seat 4: BuzovaPro (button) (small blind) showed [Kh Td] and won ($41.50) with a straight, Ten to Ace


PokerStars Hand #152498175862:  Hold'em Limit ($3/$6 USD) - 2016/04/26 19:49:00 ET
Table 'Peneleos II' 6-max Seat #2 is the button
Seat 2: haagsemocro1 ($53.52 in chips)
Seat 4: BuzovaPro ($139.02 in chips)
haagsemocro1: posts small blind $1
BuzovaPro: posts big blind $3
*** HOLE CARDS ***
haagsemocro1: folds
Uncalled bet ($2) returned to BuzovaPro
BuzovaPro collected $2 from pot
BuzovaPro: doesn't show hand
*** SUMMARY ***
Total pot $2 | Rake $0
Seat 2: haagsemocro1 (button) (small blind) folded before Flop
Seat 4: BuzovaPro (big blind) collected ($2)


PokerStars Hand #152498158343:  Hold'em Limit ($3/$6 USD) - 2016/04/26 19:48:28 ET
Table 'Peneleos II' 6-max Seat #4 is the button
Seat 2: haagsemocro1 ($80.52 in chips)
Seat 4: BuzovaPro ($112.52 in chips)
BuzovaPro: posts small blind $1
haagsemocro1: posts big blind $3
*** HOLE CARDS ***
BuzovaPro: raises $3 to $6
haagsemocro1: calls $3
*** FLOP *** [Qs 6s 5d]
haagsemocro1: checks
BuzovaPro: bets $3
haagsemocro1: calls $3
*** TURN *** [Qs 6s 5d] [4s]
haagsemocro1: bets $6
BuzovaPro: calls $6
*** RIVER *** [Qs 6s 5d 4s] [Jd]
haagsemocro1: bets $6
BuzovaPro: raises $6 to $12
haagsemocro1: calls $6
*** SHOW DOWN ***
BuzovaPro: shows [7c 8d] (a straight, Four to Eight)
haagsemocro1: mucks hand
BuzovaPro collected $53.50 from pot
*** SUMMARY ***
Total pot $54 | Rake $0.50
Board [Qs 6s 5d 4s Jd]
Seat 2: haagsemocro1 (big blind) mucked
Seat 4: BuzovaPro (button) (small blind) showed [7c 8d] and won ($53.50) with a straight, Four to Eight


PokerStars Hand #152498206320:  Hold'em Limit ($3/$6 USD) - 2016/04/26 19:49:57 ET
Table 'Peneleos II' 6-max Seat #2 is the button
Seat 2: haagsemocro1 ($38.28 in chips)
Seat 4: BuzovaPro ($153.52 in chips)
haagsemocro1: posts small blind $1
BuzovaPro: posts big blind $3
*** HOLE CARDS ***
haagsemocro1: raises $3 to $6
BuzovaPro: raises $3 to $9
haagsemocro1: calls $3
*** FLOP *** [Kh 5c 2h]
BuzovaPro: bets $3
haagsemocro1: calls $3
*** TURN *** [Kh 5c 2h] [Jd]
BuzovaPro: bets $6
haagsemocro1: calls $6
*** RIVER *** [Kh 5c 2h Jd] [Js]
BuzovaPro: bets $6
haagsemocro1: calls $6
*** SHOW DOWN ***
BuzovaPro: shows [9s 8s] (a pair of Jacks)
haagsemocro1: shows [2s Tc] (two pair, Jacks and Deuces)
haagsemocro1 collected $47.50 from pot
*** SUMMARY ***
Total pot $48 | Rake $0.50
Board [Kh 5c 2h Jd Js]
Seat 2: haagsemocro1 (button) (small blind) showed [2s Tc] and won ($47.50) with two pair, Jacks and Deuces
Seat 4: BuzovaPro (big blind) showed [9s 8s] and lost with a pair of Jacks


PokerStars Hand #152498199608:  Hold'em Limit ($3/$6 USD) - 2016/04/26 19:49:44 ET
Table 'Peneleos II' 6-max Seat #4 is the button
Seat 2: haagsemocro1 ($37.28 in chips)
Seat 4: BuzovaPro ($154.52 in chips)
BuzovaPro: posts small blind $1
haagsemocro1: posts big blind $3
*** HOLE CARDS ***
BuzovaPro: folds
Uncalled bet ($2) returned to haagsemocro1
haagsemocro1 collected $2 from pot
haagsemocro1: doesn't show hand
*** SUMMARY ***
Total pot $2 | Rake $0
Seat 2: haagsemocro1 (big blind) collected ($2)
Seat 4: BuzovaPro (button) (small blind) folded before Flop


PokerStars Hand #152498190091:  Hold'em Limit ($3/$6 USD) - 2016/04/26 19:49:27 ET
Table 'Peneleos II' 6-max Seat #2 is the button
Seat 2: haagsemocro1 ($31.52 in chips)
Seat 4: BuzovaPro ($160.52 in chips)
haagsemocro1: posts small blind $1
BuzovaPro: posts big blind $3
*** HOLE CARDS ***
haagsemocro1: raises $3 to $6
BuzovaPro: calls $3
*** FLOP *** [Ad Ac 7s]
BuzovaPro: checks
haagsemocro1: bets $3
BuzovaPro: folds
Uncalled bet ($3) returned to haagsemocro1
haagsemocro1 collected $11.76 from pot
haagsemocro1: doesn't show hand
*** SUMMARY ***
Total pot $12 | Rake $0.24
Board [Ad Ac 7s]
Seat 2: haagsemocro1 (button) (small blind) collected ($11.76)
Seat 4: BuzovaPro (big blind) folded on the Flop


PokerStars Hand #152498249063:  Hold'em Limit ($3/$6 USD) - 2016/04/26 19:51:17 ET
Table 'Peneleos II' 6-max Seat #4 is the button
Seat 2: haagsemocro1 ($55.66 in chips)
Seat 4: BuzovaPro ($135.16 in chips)
BuzovaPro: posts small blind $1
haagsemocro1: posts big blind $3
*** HOLE CARDS ***
BuzovaPro: raises $3 to $6
haagsemocro1: calls $3
*** FLOP *** [Jh 8h 2s]
haagsemocro1: checks
BuzovaPro: checks
*** TURN *** [Jh 8h 2s] [9h]
haagsemocro1: bets $6
BuzovaPro: calls $6
*** RIVER *** [Jh 8h 2s 9h] [6c]
haagsemocro1: bets $6
BuzovaPro: raises $6 to $12
haagsemocro1: calls $6
*** SHOW DOWN ***
BuzovaPro: shows [6s 8c] (two pair, Eights and Sixes)
haagsemocro1: mucks hand
BuzovaPro collected $47.50 from pot
*** SUMMARY ***
Total pot $48 | Rake $0.50
Board [Jh 8h 2s 9h 6c]
Seat 2: haagsemocro1 (big blind) mucked
Seat 4: BuzovaPro (button) (small blind) showed [6s 8c] and won ($47.50) with two pair, Eights and Sixes


PokerStars Hand #152498239276:  Hold'em Limit ($3/$6 USD) - 2016/04/26 19:50:59 ET
Table 'Peneleos II' 6-max Seat #2 is the button
Seat 2: haagsemocro1 ($52.78 in chips)
Seat 4: BuzovaPro ($138.16 in chips)
haagsemocro1: posts small blind $1
BuzovaPro: posts big blind $3
*** HOLE CARDS ***
haagsemocro1: calls $2
BuzovaPro: checks
*** FLOP *** [Jc Kh 2c]
BuzovaPro: checks
haagsemocro1: bets $3
BuzovaPro: folds
Uncalled bet ($3) returned to haagsemocro1
haagsemocro1 collected $5.88 from pot
haagsemocro1: doesn't show hand
*** SUMMARY ***
Total pot $6 | Rake $0.12
Board [Jc Kh 2c]
Seat 2: haagsemocro1 (button) (small blind) collected ($5.88)
Seat 4: BuzovaPro (big blind) folded on the Flop


PokerStars Hand #152498226854:  Hold'em Limit ($3/$6 USD) - 2016/04/26 19:50:35 ET
Table 'Peneleos II' 6-max Seat #4 is the button
Seat 2: haagsemocro1 ($61.78 in chips)
Seat 4: BuzovaPro ($129.52 in chips)
BuzovaPro: posts small blind $1
haagsemocro1: posts big blind $3
*** HOLE CARDS ***
BuzovaPro: raises $3 to $6
haagsemocro1: calls $3
*** FLOP *** [4c As 6d]
haagsemocro1: checks
BuzovaPro: bets $3
haagsemocro1: calls $3
*** TURN *** [4c As 6d] [7c]
haagsemocro1: checks
BuzovaPro: bets $6
haagsemocro1: folds
Uncalled bet ($6) returned to BuzovaPro
BuzovaPro collected $17.64 from pot
BuzovaPro: doesn't show hand
*** SUMMARY ***
Total pot $18 | Rake $0.36
Board [4c As 6d 7c]
Seat 2: haagsemocro1 (big blind) folded on the Turn
Seat 4: BuzovaPro (button) (small blind) collected ($17.64)


PokerStars Hand #152498265880:  Hold'em Limit ($3/$6 USD) - 2016/04/26 19:51:48 ET
Table 'Peneleos II' 6-max Seat #2 is the button
Seat 2: haagsemocro1 ($35.66 in chips)
Seat 4: BuzovaPro ($154.66 in chips)
haagsemocro1: posts small blind $1
BuzovaPro: posts big blind $3
*** HOLE CARDS ***
haagsemocro1: raises $3 to $6
BuzovaPro: calls $3
*** FLOP *** [Ts Qh 3h]
BuzovaPro: checks
haagsemocro1: bets $3
BuzovaPro: calls $3
*** TURN *** [Ts Qh 3h] [5d]
BuzovaPro: checks
haagsemocro1: bets $6
BuzovaPro: calls $6
*** RIVER *** [Ts Qh 3h 5d] [5s]
BuzovaPro: checks
haagsemocro1: bets $6
BuzovaPro: calls $6
*** SHOW DOWN ***
haagsemocro1: shows [Qc 7c] (two pair, Queens and Fives)
BuzovaPro: mucks hand
haagsemocro1 collected $41.50 from pot
*** SUMMARY ***
Total pot $42 | Rake $0.50
Board [Ts Qh 3h 5d 5s]
Seat 2: haagsemocro1 (button) (small blind) showed [Qc 7c] and won ($41.50) with two pair, Queens and Fives
Seat 4: BuzovaPro (big blind) mucked


PokerStars Hand #152498262028:  Hold'em Limit ($3/$6 USD) - 2016/04/26 19:51:41 ET
Table 'Peneleos II' 6-max Seat #4 is the button
Seat 2: haagsemocro1 ($34.66 in chips)
Seat 4: BuzovaPro ($155.66 in chips)
BuzovaPro: posts small blind $1
haagsemocro1: posts big blind $3
*** HOLE CARDS ***
BuzovaPro: folds
Uncalled bet ($2) returned to haagsemocro1
haagsemocro1 collected $2 from pot
haagsemocro1: doesn't show hand
*** SUMMARY ***
Total pot $2 | Rake $0
Seat 2: haagsemocro1 (big blind) collected ($2)
Seat 4: BuzovaPro (button) (small blind) folded before Flop


PokerStars Hand #152498258213:  Hold'em Limit ($3/$6 USD) - 2016/04/26 19:51:34 ET
Table 'Peneleos II' 6-max Seat #2 is the button
Seat 2: haagsemocro1 ($31.66 in chips)
Seat 4: BuzovaPro ($158.66 in chips)
haagsemocro1: posts small blind $1
BuzovaPro: posts big blind $3
*** HOLE CARDS ***
haagsemocro1: raises $3 to $6
BuzovaPro: folds
Uncalled bet ($3) returned to haagsemocro1
haagsemocro1 collected $6 from pot
haagsemocro1: doesn't show hand
*** SUMMARY ***
Total pot $6 | Rake $0
Seat 2: haagsemocro1 (button) (small blind) collected ($6)
Seat 4: BuzovaPro (big blind) folded before Flop


PokerStars Hand #152498314963:  Hold'em Limit ($3/$6 USD) - 2016/04/26 19:53:14 ET
Table 'Peneleos II' 6-max Seat #4 is the button
Seat 2: haagsemocro1 ($82.42 in chips)
Seat 4: BuzovaPro ($106.66 in chips)
BuzovaPro: posts small blind $1
haagsemocro1: posts big blind $3
*** HOLE CARDS ***
BuzovaPro: raises $3 to $6
haagsemocro1: calls $3
*** FLOP *** [5h Qc 3s]
haagsemocro1: checks
BuzovaPro: bets $3
haagsemocro1: calls $3
*** TURN *** [5h Qc 3s] [Td]
haagsemocro1: checks
BuzovaPro: bets $6
haagsemocro1: calls $6
*** RIVER *** [5h Qc 3s Td] [Ks]
haagsemocro1: checks
BuzovaPro: checks
*** SHOW DOWN ***
haagsemocro1: shows [Ts 7s] (a pair of Tens)
BuzovaPro: mucks hand
haagsemocro1 collected $29.50 from pot
*** SUMMARY ***
Total pot $30 | Rake $0.50
Board [5h Qc 3s Td Ks]
Seat 2: haagsemocro1 (big blind) showed [Ts 7s] and won ($29.50) with a pair of Tens
Seat 4: BuzovaPro (button) (small blind) mucked


PokerStars Hand #152498305111:  Hold'em Limit ($3/$6 USD) - 2016/04/26 19:52:55 ET
Table 'Peneleos II' 6-max Seat #2 is the button
Seat 2: haagsemocro1 ($76.66 in chips)
Seat 4: BuzovaPro ($112.66 in chips)
haagsemocro1: posts small blind $1
BuzovaPro: posts big blind $3
*** HOLE CARDS ***
haagsemocro1: raises $3 to $6
BuzovaPro: calls $3
*** FLOP *** [Ah Ad 9d]
BuzovaPro: checks
haagsemocro1: bets $3
BuzovaPro: folds
Uncalled bet ($3) returned to haagsemocro1
haagsemocro1 collected $11.76 from pot
haagsemocro1: doesn't show hand
*** SUMMARY ***
Total pot $12 | Rake $0.24
Board [Ah Ad 9d]
Seat 2: haagsemocro1 (button) (small blind) collected ($11.76)
Seat 4: BuzovaPro (big blind) folded on the Flop


PokerStars Hand #152498289491:  Hold'em Limit ($3/$6 USD) - 2016/04/26 19:52:25 ET
Table 'Peneleos II' 6-max Seat #4 is the button
Seat 2: haagsemocro1 ($56.16 in chips)
Seat 4: BuzovaPro ($133.66 in chips)
BuzovaPro: posts small blind $1
haagsemocro1: posts big blind $3
*** HOLE CARDS ***
BuzovaPro: raises $3 to $6
haagsemocro1: calls $3
*** FLOP *** [9d 7s 3h]
haagsemocro1: bets $3
BuzovaPro: calls $3
*** TURN *** [9d 7s 3h] [4s]
haagsemocro1: bets $6
BuzovaPro: calls $6
*** RIVER *** [9d 7s 3h 4s] [5c]
haagsemocro1: bets $6
BuzovaPro: calls $6
*** SHOW DOWN ***
haagsemocro1: shows [5h 3c] (two pair, Fives and Threes)
BuzovaPro: mucks hand
haagsemocro1 collected $41.50 from pot
*** SUMMARY ***
Total pot $42 | Rake $0.50
Board [9d 7s 3h 4s 5c]
Seat 2: haagsemocro1 (big blind) showed [5h 3c] and won ($41.50) with two pair, Fives and Threes
Seat 4: BuzovaPro (button) (small blind) mucked


PokerStars Hand #152498346547:  Hold'em Limit ($3/$6 USD) - 2016/04/26 19:54:13 ET
Table 'Peneleos II' 6-max Seat #2 is the button
Seat 2: haagsemocro1 ($81.92 in chips)
Seat 4: BuzovaPro ($106.06 in chips)
haagsemocro1: posts small blind $1
BuzovaPro: posts big blind $3
*** HOLE CARDS ***
haagsemocro1: raises $3 to $6
BuzovaPro: calls $3
*** FLOP *** [5c Kd 5h]
BuzovaPro: checks
haagsemocro1: bets $3
BuzovaPro: folds
Uncalled bet ($3) returned to haagsemocro1
haagsemocro1 collected $11.76 from pot
haagsemocro1: doesn't show hand
*** SUMMARY ***
Total pot $12 | Rake $0.24
Board [5c Kd 5h]
Seat 2: haagsemocro1 (button) (small blind) collected ($11.76)
Seat 4: BuzovaPro (big blind) folded on the Flop


PokerStars Hand #152498338552:  Hold'em Limit ($3/$6 USD) - 2016/04/26 19:53:58 ET
Table 'Peneleos II' 6-max Seat #4 is the button
Seat 2: haagsemocro1 ($87.92 in chips)
Seat 4: BuzovaPro ($100.30 in chips)
BuzovaPro: posts small blind $1
haagsemocro1: posts big blind $3
*** HOLE CARDS ***
BuzovaPro: raises $3 to $6
haagsemocro1: calls $3
*** FLOP *** [Jh 4c Ah]
haagsemocro1: checks
BuzovaPro: bets $3
haagsemocro1: folds
Uncalled bet ($3) returned to BuzovaPro
BuzovaPro collected $11.76 from pot
BuzovaPro: doesn't show hand
*** SUMMARY ***
Total pot $12 | Rake $0.24
Board [Jh 4c Ah]
Seat 2: haagsemocro1 (big blind) folded on the Flop
Seat 4: BuzovaPro (button) (small blind) collected ($11.76)


PokerStars Hand #152498329107:  Hold'em Limit ($3/$6 USD) - 2016/04/26 19:53:40 ET
Table 'Peneleos II' 6-max Seat #2 is the button
Seat 2: haagsemocro1 ($96.92 in chips)
Seat 4: BuzovaPro ($91.66 in chips)
haagsemocro1: posts small blind $1
BuzovaPro: posts big blind $3
*** HOLE CARDS ***
haagsemocro1: raises $3 to $6
BuzovaPro: calls $3
*** FLOP *** [Th 2d Js]
BuzovaPro: checks
haagsemocro1: bets $3
BuzovaPro: calls $3
*** TURN *** [Th 2d Js] [9s]
BuzovaPro: checks
haagsemocro1: checks
*** RIVER *** [Th 2d Js 9s] [5c]
BuzovaPro: bets $6
haagsemocro1: folds
Uncalled bet ($6) returned to BuzovaPro
BuzovaPro collected $17.64 from pot
BuzovaPro: doesn't show hand
*** SUMMARY ***
Total pot $18 | Rake $0.36
Board [Th 2d Js 9s 5c]
Seat 2: haagsemocro1 (button) (small blind) folded on the River
Seat 4: BuzovaPro (big blind) collected ($17.64)


PokerStars Hand #152498376261:  Hold'em Limit ($3/$6 USD) - 2016/04/26 19:55:10 ET
Table 'Peneleos II' 6-max Seat #2 is the button
Seat 2: haagsemocro1 ($54.68 in chips)
Seat 4: BuzovaPro ($132.56 in chips)
haagsemocro1: posts small blind $1
BuzovaPro: posts big blind $3
*** HOLE CARDS ***
haagsemocro1: raises $3 to $6
BuzovaPro: calls $3
*** FLOP *** [Ad 9h 7d]
BuzovaPro: checks
haagsemocro1: checks
*** TURN *** [Ad 9h 7d] [8c]
BuzovaPro: bets $6
haagsemocro1: folds
Uncalled bet ($6) returned to BuzovaPro
BuzovaPro collected $11.76 from pot
BuzovaPro: doesn't show hand
*** SUMMARY ***
Total pot $12 | Rake $0.24
Board [Ad 9h 7d 8c]
Seat 2: haagsemocro1 (button) (small blind) folded on the Turn
Seat 4: BuzovaPro (big blind) collected ($11.76)


PokerStars Hand #152498357353:  Hold'em Limit ($3/$6 USD) - 2016/04/26 19:54:34 ET
Table 'Peneleos II' 6-max Seat #4 is the button
Seat 2: haagsemocro1 ($87.68 in chips)
Seat 4: BuzovaPro ($100.06 in chips)
BuzovaPro: posts small blind $1
haagsemocro1: posts big blind $3
*** HOLE CARDS ***
BuzovaPro: raises $3 to $6
haagsemocro1: calls $3
*** FLOP *** [3c 6c 4s]
haagsemocro1: checks
BuzovaPro: bets $3
haagsemocro1: calls $3
*** TURN *** [3c 6c 4s] [Qc]
haagsemocro1: checks
BuzovaPro: bets $6
haagsemocro1: raises $6 to $12
BuzovaPro: calls $6
*** RIVER *** [3c 6c 4s Qc] [2d]
haagsemocro1: bets $6
BuzovaPro: raises $6 to $12
haagsemocro1: calls $6
*** SHOW DOWN ***
BuzovaPro: shows [Ac Jc] (a flush, Ace high)
haagsemocro1: mucks hand
BuzovaPro collected $65.50 from pot
*** SUMMARY ***
Total pot $66 | Rake $0.50
Board [3c 6c 4s Qc 2d]
Seat 2: haagsemocro1 (big blind) mucked
Seat 4: BuzovaPro (button) (small blind) showed [Ac Jc] and won ($65.50) with a flush, Ace high


PokerStars Hand #152498405454:  Hold'em Limit ($3/$6 USD) - 2016/04/26 19:56:17 ET
Table 'Peneleos II' 6-max Seat #2 is the button
Seat 2: haagsemocro1 ($70.18 in chips)
Seat 4: BuzovaPro ($116.08 in chips)
haagsemocro1: posts small blind $1
BuzovaPro: posts big blind $3
*** HOLE CARDS ***
haagsemocro1: calls $2
BuzovaPro: raises $3 to $6
haagsemocro1: calls $3
*** FLOP *** [Qd 8s Qs]
BuzovaPro: bets $3
haagsemocro1: calls $3
*** TURN *** [Qd 8s Qs] [Kc]
BuzovaPro: checks
haagsemocro1: checks
*** RIVER *** [Qd 8s Qs Kc] [3s]
BuzovaPro: checks
haagsemocro1: bets $6
BuzovaPro: calls $6
*** SHOW DOWN ***
haagsemocro1: shows [9d 7h] (a pair of Queens)
BuzovaPro: shows [As 2h] (a pair of Queens - Ace kicker)
BuzovaPro collected $29.50 from pot
*** SUMMARY ***
Total pot $30 | Rake $0.50
Board [Qd 8s Qs Kc 3s]
Seat 2: haagsemocro1 (button) (small blind) showed [9d 7h] and lost with a pair of Queens
Seat 4: BuzovaPro (big blind) showed [As 2h] and won ($29.50) with a pair of Queens


PokerStars Hand #152498403411:  Hold'em Limit ($3/$6 USD) - 2016/04/26 19:56:12 ET
Table 'Peneleos II' 6-max Seat #4 is the button
Seat 2: haagsemocro1 ($69.18 in chips)
Seat 4: BuzovaPro ($117.08 in chips)
BuzovaPro: posts small blind $1
haagsemocro1: posts big blind $3
*** HOLE CARDS ***
BuzovaPro: folds
Uncalled bet ($2) returned to haagsemocro1
haagsemocro1 collected $2 from pot
haagsemocro1: doesn't show hand
*** SUMMARY ***
Total pot $2 | Rake $0
Seat 2: haagsemocro1 (big blind) collected ($2)
Seat 4: BuzovaPro (button) (small blind) folded before Flop


PokerStars Hand #152498390051:  Hold'em Limit ($3/$6 USD) - 2016/04/26 19:55:41 ET
Table 'Peneleos II' 6-max Seat #2 is the button
Seat 2: haagsemocro1 ($42.68 in chips)
Seat 4: BuzovaPro ($144.08 in chips)
haagsemocro1: posts small blind $1
BuzovaPro: posts big blind $3
*** HOLE CARDS ***
haagsemocro1: raises $3 to $6
BuzovaPro: calls $3
*** FLOP *** [Ks Tc Ad]
BuzovaPro: checks
haagsemocro1: bets $3
BuzovaPro: calls $3
*** TURN *** [Ks Tc Ad] [6d]
BuzovaPro: checks
haagsemocro1: bets $6
BuzovaPro: raises $6 to $12
haagsemocro1: calls $6
*** RIVER *** [Ks Tc Ad 6d] [Qd]
BuzovaPro: bets $6
haagsemocro1: calls $6
*** SHOW DOWN ***
BuzovaPro: shows [6s Td] (two pair, Tens and Sixes)
haagsemocro1: shows [Kd Qs] (two pair, Kings and Queens)
haagsemocro1 collected $53.50 from pot
*** SUMMARY ***
Total pot $54 | Rake $0.50
Board [Ks Tc Ad 6d Qd]
Seat 2: haagsemocro1 (button) (small blind) showed [Kd Qs] and won ($53.50) with two pair, Kings and Queens
Seat 4: BuzovaPro (big blind) showed [6s Td] and lost with two pair, Tens and Sixes


PokerStars Hand #152498383832:  Hold'em Limit ($3/$6 USD) - 2016/04/26 19:55:27 ET
Table 'Peneleos II' 6-max Seat #4 is the button
Seat 2: haagsemocro1 ($48.68 in chips)
Seat 4: BuzovaPro ($138.32 in chips)
BuzovaPro: posts small blind $1
haagsemocro1: posts big blind $3
*** HOLE CARDS ***
BuzovaPro: raises $3 to $6
haagsemocro1: calls $3
*** FLOP *** [9s 9d Jh]
haagsemocro1: checks
BuzovaPro: bets $3
haagsemocro1: folds
Uncalled bet ($3) returned to BuzovaPro
BuzovaPro collected $11.76 from pot
BuzovaPro: doesn't show hand
*** SUMMARY ***
Total pot $12 | Rake $0.24
Board [9s 9d Jh]
Seat 2: haagsemocro1 (big blind) folded on the Flop
Seat 4: BuzovaPro (button) (small blind) collected ($11.76)


PokerStars Hand #152498433744:  Hold'em Limit ($3/$6 USD) - 2016/04/26 19:57:22 ET
Table 'Peneleos II' 6-max Seat #4 is the button
Seat 2: haagsemocro1 ($67.70 in chips)
Seat 4: BuzovaPro ($117.58 in chips)
BuzovaPro: posts small blind $1
haagsemocro1: posts big blind $3
*** HOLE CARDS ***
BuzovaPro: raises $3 to $6
haagsemocro1: calls $3
*** FLOP *** [8s 7c Qd]
haagsemocro1: checks
BuzovaPro: bets $3
haagsemocro1: folds
Uncalled bet ($3) returned to BuzovaPro
BuzovaPro collected $11.76 from pot
BuzovaPro: doesn't show hand
*** SUMMARY ***
Total pot $12 | Rake $0.24
Board [8s 7c Qd]
Seat 2: haagsemocro1 (big blind) folded on the Flop
Seat 4: BuzovaPro (button) (small blind) collected ($11.76)


PokerStars Hand #152498417694:  Hold'em Limit ($3/$6 USD) - 2016/04/26 19:56:45 ET
Table 'Peneleos II' 6-max Seat #2 is the button
Seat 2: haagsemocro1 ($56.18 in chips)
Seat 4: BuzovaPro ($129.58 in chips)
haagsemocro1: posts small blind $1
BuzovaPro: posts big blind $3
*** HOLE CARDS ***
haagsemocro1: raises $3 to $6
BuzovaPro: calls $3
*** FLOP *** [Ad 2s Qh]
BuzovaPro: checks
haagsemocro1: checks
*** TURN *** [Ad 2s Qh] [Kd]
BuzovaPro: bets $6
haagsemocro1: calls $6
*** RIVER *** [Ad 2s Qh Kd] [8h]
BuzovaPro: checks
haagsemocro1: bets $6
BuzovaPro: folds
Uncalled bet ($6) returned to haagsemocro1
haagsemocro1 collected $23.52 from pot
haagsemocro1: doesn't show hand
*** SUMMARY ***
Total pot $24 | Rake $0.48
Board [Ad 2s Qh Kd 8h]
Seat 2: haagsemocro1 (button) (small blind) collected ($23.52)
Seat 4: BuzovaPro (big blind) folded on the River


PokerStars Hand #152498415096:  Hold'em Limit ($3/$6 USD) - 2016/04/26 19:56:39 ET
Table 'Peneleos II' 6-max Seat #4 is the button
Seat 2: haagsemocro1 ($55.18 in chips)
Seat 4: BuzovaPro ($130.58 in chips)
BuzovaPro: posts small blind $1
haagsemocro1: posts big blind $3
*** HOLE CARDS ***
BuzovaPro: folds
Uncalled bet ($2) returned to haagsemocro1
haagsemocro1 collected $2 from pot
haagsemocro1: doesn't show hand
*** SUMMARY ***
Total pot $2 | Rake $0
Seat 2: haagsemocro1 (big blind) collected ($2)
Seat 4: BuzovaPro (button) (small blind) folded before Flop


PokerStars Hand #152498452622:  Hold'em Limit ($3/$6 USD) - 2016/04/26 19:58:06 ET
Table 'Peneleos II' 6-max Seat #4 is the button
Seat 2: haagsemocro1 ($67.46 in chips)
Seat 4: BuzovaPro ($117.34 in chips)
BuzovaPro: posts small blind $1
haagsemocro1: posts big blind $3
*** HOLE CARDS ***
BuzovaPro: raises $3 to $6
haagsemocro1: raises $3 to $9
BuzovaPro: calls $3
*** FLOP *** [Jc 4h 3s]
haagsemocro1: bets $3
BuzovaPro: calls $3
*** TURN *** [Jc 4h 3s] [2d]
haagsemocro1: checks
BuzovaPro: checks
*** RIVER *** [Jc 4h 3s 2d] [7c]
haagsemocro1: checks
BuzovaPro: bets $6
haagsemocro1: calls $6
*** SHOW DOWN ***
BuzovaPro: shows [7h 6s] (a pair of Sevens)
haagsemocro1: mucks hand
BuzovaPro collected $35.50 from pot
*** SUMMARY ***
Total pot $36 | Rake $0.50
Board [Jc 4h 3s 2d 7c]
Seat 2: haagsemocro1 (big blind) mucked
Seat 4: BuzovaPro (button) (small blind) showed [7h 6s] and won ($35.50) with a pair of Sevens


PokerStars Hand #152498439385:  Hold'em Limit ($3/$6 USD) - 2016/04/26 19:57:35 ET
Table 'Peneleos II' 6-max Seat #2 is the button
Seat 2: haagsemocro1 ($61.70 in chips)
Seat 4: BuzovaPro ($123.34 in chips)
haagsemocro1: posts small blind $1
BuzovaPro: posts big blind $3
*** HOLE CARDS ***
haagsemocro1: raises $3 to $6
BuzovaPro: calls $3
*** FLOP *** [Tc Qh 4c]
BuzovaPro: checks
haagsemocro1: bets $3
BuzovaPro: folds
Uncalled bet ($3) returned to haagsemocro1
haagsemocro1 collected $11.76 from pot
haagsemocro1: doesn't show hand
*** SUMMARY ***
Total pot $12 | Rake $0.24
Board [Tc Qh 4c]
Seat 2: haagsemocro1 (button) (small blind) collected ($11.76)
Seat 4: BuzovaPro (big blind) folded on the Flop


PokerStars Hand #152498486954:  Hold'em Limit ($3/$6 USD) - 2016/04/26 19:59:25 ET
Table 'Peneleos II' 6-max Seat #4 is the button
Seat 2: haagsemocro1 ($81.72 in chips)
Seat 4: BuzovaPro ($101.48 in chips)
BuzovaPro: posts small blind $1
haagsemocro1: posts big blind $3
*** HOLE CARDS ***
BuzovaPro: folds
Uncalled bet ($2) returned to haagsemocro1
haagsemocro1 collected $2 from pot
haagsemocro1: doesn't show hand
*** SUMMARY ***
Total pot $2 | Rake $0
Seat 2: haagsemocro1 (big blind) collected ($2)
Seat 4: BuzovaPro (button) (small blind) folded before Flop


PokerStars Hand #152498478575:  Hold'em Limit ($3/$6 USD) - 2016/04/26 19:59:05 ET
Table 'Peneleos II' 6-max Seat #2 is the button
Seat 2: haagsemocro1 ($46.22 in chips)
Seat 4: BuzovaPro ($137.48 in chips)
haagsemocro1: posts small blind $1
BuzovaPro: posts big blind $3
*** HOLE CARDS ***
haagsemocro1: raises $3 to $6
BuzovaPro: raises $3 to $9
haagsemocro1: calls $3
*** FLOP *** [Jh 5h 8c]
BuzovaPro: bets $3
haagsemocro1: raises $3 to $6
BuzovaPro: raises $3 to $9
haagsemocro1: calls $3
*** TURN *** [Jh 5h 8c] [9h]
BuzovaPro: bets $6
haagsemocro1: calls $6
*** RIVER *** [Jh 5h 8c 9h] [2h]
BuzovaPro: bets $6
haagsemocro1: raises $6 to $12
BuzovaPro: calls $6
*** SHOW DOWN ***
haagsemocro1: shows [Jc Ah] (a flush, Ace high)
BuzovaPro: mucks hand
haagsemocro1 collected $71.50 from pot
*** SUMMARY ***
Total pot $72 | Rake $0.50
Board [Jh 5h 8c 9h 2h]
Seat 2: haagsemocro1 (button) (small blind) showed [Jc Ah] and won ($71.50) with a flush, Ace high
Seat 4: BuzovaPro (big blind) mucked


PokerStars Hand #152498469823:  Hold'em Limit ($3/$6 USD) - 2016/04/26 19:58:46 ET
Table 'Peneleos II' 6-max Seat #4 is the button
Seat 2: haagsemocro1 ($55.22 in chips)
Seat 4: BuzovaPro ($128.84 in chips)
BuzovaPro: posts small blind $1
haagsemocro1: posts big blind $3
*** HOLE CARDS ***
BuzovaPro: raises $3 to $6
haagsemocro1: calls $3
*** FLOP *** [8h Th Kh]
haagsemocro1: checks
BuzovaPro: bets $3
haagsemocro1: calls $3
*** TURN *** [8h Th Kh] [2s]
haagsemocro1: checks
BuzovaPro: checks
*** RIVER *** [8h Th Kh 2s] [8d]
haagsemocro1: checks
BuzovaPro: bets $6
haagsemocro1: folds
Uncalled bet ($6) returned to BuzovaPro
BuzovaPro collected $17.64 from pot
BuzovaPro: doesn't show hand
*** SUMMARY ***
Total pot $18 | Rake $0.36
Board [8h Th Kh 2s 8d]
Seat 2: haagsemocro1 (big blind) folded on the River
Seat 4: BuzovaPro (button) (small blind) collected ($17.64)


PokerStars Hand #152498461973:  Hold'em Limit ($3/$6 USD) - 2016/04/26 19:58:28 ET
Table 'Peneleos II' 6-max Seat #2 is the button
Seat 2: haagsemocro1 ($49.46 in chips)
Seat 4: BuzovaPro ($134.84 in chips)
haagsemocro1: posts small blind $1
BuzovaPro: posts big blind $3
*** HOLE CARDS ***
haagsemocro1: raises $3 to $6
BuzovaPro: calls $3
*** FLOP *** [5c Ah Js]
BuzovaPro: checks
haagsemocro1: checks
*** TURN *** [5c Ah Js] [3d]
BuzovaPro: checks
haagsemocro1: bets $6
BuzovaPro: folds
Uncalled bet ($6) returned to haagsemocro1
haagsemocro1 collected $11.76 from pot
haagsemocro1: doesn't show hand
*** SUMMARY ***
Total pot $12 | Rake $0.24
Board [5c Ah Js 3d]
Seat 2: haagsemocro1 (button) (small blind) collected ($11.76)
Seat 4: BuzovaPro (big blind) folded on the Turn


