PokerStars Hand #163952492537:  Hold'em Limit ($3/$6 USD) - 2017/01/03 2:14:27 ET
Table 'Peneleos' 6-max Seat #3 is the button
Seat 1: LifeisagameX ($96.33 in chips)
Seat 3: Lucylove12 ($21.42 in chips)
Lucylove12: posts small blind $1
LifeisagameX: posts big blind $3
*** HOLE CARDS ***
Lucylove12: raises $3 to $6
LifeisagameX: folds
Uncalled bet ($3) returned to Lucylove12
Lucylove12 collected $6 from pot
Lucylove12: doesn't show hand
*** SUMMARY ***
Total pot $6 | Rake $0
Seat 1: LifeisagameX (big blind) folded before Flop
Seat 3: Lucylove12 (button) (small blind) collected ($6)


PokerStars Hand #163952481466:  Hold'em Limit ($3/$6 USD) - 2017/01/03 2:13:45 ET
Table 'Peneleos' 6-max Seat #1 is the button
Seat 1: LifeisagameX ($107.26 in chips)
Seat 3: Lucylove12 ($10.93 in chips)
LifeisagameX: posts small blind $1
Lucylove12: posts big blind $3
*** HOLE CARDS ***
LifeisagameX: raises $3 to $6
Lucylove12: raises $3 to $9
LifeisagameX: calls $3
*** FLOP *** [8s 3h 3s]
Lucylove12: bets $1.93 and is all-in
LifeisagameX: calls $1.93
*** TURN *** [8s 3h 3s] [Kd]
*** RIVER *** [8s 3h 3s Kd] [Qh]
*** SHOW DOWN ***
Lucylove12: shows [Ks 7s] (two pair, Kings and Threes)
LifeisagameX: shows [Ah 9h] (a pair of Threes)
Lucylove12 collected $21.42 from pot
*** SUMMARY ***
Total pot $21.86 | Rake $0.44
Board [8s 3h 3s Kd Qh]
Seat 1: LifeisagameX (button) (small blind) showed [Ah 9h] and lost with a pair of Threes
Seat 3: Lucylove12 (big blind) showed [Ks 7s] and won ($21.42) with two pair, Kings and Threes


PokerStars Hand #163952464802:  Hold'em Limit ($3/$6 USD) - 2017/01/03 2:12:41 ET
Table 'Peneleos' 6-max Seat #3 is the button
Seat 1: LifeisagameX ($101.50 in chips)
Seat 3: Lucylove12 ($16.93 in chips)
Lucylove12: posts small blind $1
LifeisagameX: posts big blind $3
*** HOLE CARDS ***
Lucylove12: raises $3 to $6
LifeisagameX: calls $3
*** FLOP *** [8s 2h 2s]
LifeisagameX: checks
Lucylove12: checks
*** TURN *** [8s 2h 2s] [4c]
LifeisagameX: bets $6
Lucylove12: folds
Uncalled bet ($6) returned to LifeisagameX
LifeisagameX collected $11.76 from pot
LifeisagameX: doesn't show hand
*** SUMMARY ***
Total pot $12 | Rake $0.24
Board [8s 2h 2s 4c]
Seat 1: LifeisagameX (big blind) collected ($11.76)
Seat 3: Lucylove12 (button) (small blind) folded on the Turn


PokerStars Hand #163952494206:  Hold'em Limit ($3/$6 USD) - 2017/01/03 2:14:34 ET
Table 'Peneleos' 6-max Seat #1 is the button
Seat 1: LifeisagameX ($93.33 in chips)
Seat 3: Lucylove12 ($24.42 in chips)
LifeisagameX: posts small blind $1
Lucylove12: posts big blind $3
*** HOLE CARDS ***
LifeisagameX: raises $3 to $6
Lucylove12: calls $3
*** FLOP *** [9s 3h 6s]
Lucylove12: checks
LifeisagameX: checks
*** TURN *** [9s 3h 6s] [2s]
Lucylove12: bets $6
LifeisagameX: raises $6 to $12
Lucylove12: calls $6
*** RIVER *** [9s 3h 6s 2s] [3d]
Lucylove12: checks
LifeisagameX: bets $6
Lucylove12: calls $6
*** SHOW DOWN ***
LifeisagameX: shows [7s 5d] (a pair of Threes)
Lucylove12: shows [9c 7d] (two pair, Nines and Threes)
Lucylove12 collected $47.50 from pot
*** SUMMARY ***
Total pot $48 | Rake $0.50
Board [9s 3h 6s 2s 3d]
Seat 1: LifeisagameX (button) (small blind) showed [7s 5d] and lost with a pair of Threes
Seat 3: Lucylove12 (big blind) showed [9c 7d] and won ($47.50) with two pair, Nines and Threes


PokerStars Hand #163952507197:  Hold'em Limit ($3/$6 USD) - 2017/01/03 2:15:23 ET
Table 'Peneleos' 6-max Seat #3 is the button
Seat 1: LifeisagameX ($84 in chips)
Seat 3: Lucylove12 ($47.92 in chips)
Lucylove12: posts small blind $1
LifeisagameX: posts big blind $3
*** HOLE CARDS ***
Lucylove12: calls $2
MontrealCans joins the table at seat #5
LifeisagameX: raises $3 to $6
Lucylove12: calls $3
*** FLOP *** [Ks Td 6h]
LifeisagameX: bets $3
Lucylove12: folds
Uncalled bet ($3) returned to LifeisagameX
LifeisagameX collected $11.76 from pot
LifeisagameX: doesn't show hand
*** SUMMARY ***
Total pot $12 | Rake $0.24
Board [Ks Td 6h]
Seat 1: LifeisagameX (big blind) collected ($11.76)
Seat 3: Lucylove12 (button) (small blind) folded on the Flop


PokerStars Hand #163952510828:  Hold'em Limit ($3/$6 USD) - 2017/01/03 2:15:37 ET
Table 'Peneleos' 6-max Seat #1 is the button
Seat 1: LifeisagameX ($89.76 in chips)
Seat 3: Lucylove12 ($41.92 in chips)
LifeisagameX: posts small blind $1
Lucylove12: posts big blind $3
*** HOLE CARDS ***
Agrotait joins the table at seat #6
LifeisagameX: raises $3 to $6
Lucylove12: calls $3
*** FLOP *** [5s 7h Ah]
Lucylove12: checks
LifeisagameX: bets $3
Lucylove12: folds
Uncalled bet ($3) returned to LifeisagameX
LifeisagameX collected $11.76 from pot
LifeisagameX: doesn't show hand
*** SUMMARY ***
Total pot $12 | Rake $0.24
Board [5s 7h Ah]
Seat 1: LifeisagameX (button) (small blind) collected ($11.76)
Seat 3: Lucylove12 (big blind) folded on the Flop


PokerStars Hand #163952627333:  Hold'em Limit ($3/$6 USD) - 2017/01/03 2:22:58 ET
Table 'Peneleos' 6-max Seat #4 is the button
Seat 4: manly70 ($122.53 in chips)
Seat 6: Agrotait ($103.86 in chips)
kungsbjörn will be allowed to play after the button
manly70: posts small blind $1
Agrotait: posts big blind $3
*** HOLE CARDS ***
kungsbjörn leaves the table
manly70: raises $3 to $6
Agrotait: calls $3
*** FLOP *** [Qh 4h 9s]
Agrotait: checks
manly70: bets $3
Agrotait: raises $3 to $6
manly70: calls $3
*** TURN *** [Qh 4h 9s] [Ac]
Agrotait: checks
manly70: bets $6
Agrotait: calls $6
*** RIVER *** [Qh 4h 9s Ac] [2s]
Agrotait: checks
manly70: checks
*** SHOW DOWN ***
Agrotait: shows [6h Qs] (a pair of Queens)
manly70: shows [Qc 7s] (a pair of Queens - Ace+Nine+Seven kicker)
manly70 collected $35.50 from pot
*** SUMMARY ***
Total pot $36 | Rake $0.50
Board [Qh 4h 9s Ac 2s]
Seat 4: manly70 (button) (small blind) showed [Qc 7s] and won ($35.50) with a pair of Queens
Seat 6: Agrotait (big blind) showed [6h Qs] and lost with a pair of Queens


PokerStars Hand #163952638169:  Hold'em Limit ($3/$6 USD) - 2017/01/03 2:23:38 ET
Table 'Peneleos' 6-max Seat #6 is the button
Seat 4: manly70 ($140.03 in chips)
Seat 6: Agrotait ($85.86 in chips)
Agrotait: posts small blind $1
manly70: posts big blind $3
*** HOLE CARDS ***
Agrotait: raises $3 to $6
manly70: calls $3
*** FLOP *** [4s Jd 7c]
manly70: checks
Agrotait: bets $3
manly70: calls $3
*** TURN *** [4s Jd 7c] [Th]
sugarnom13 joins the table at seat #2
manly70: checks
kungsbjörn joins the table at seat #1
Agrotait: bets $6
manly70: calls $6
*** RIVER *** [4s Jd 7c Th] [Ah]
manly70: bets $6
Agrotait: folds
Uncalled bet ($6) returned to manly70
manly70 collected $29.50 from pot
*** SUMMARY ***
Total pot $30 | Rake $0.50
Board [4s Jd 7c Th Ah]
Seat 4: manly70 (big blind) collected ($29.50)
Seat 6: Agrotait (button) (small blind) folded on the River


PokerStars Hand #163952655400:  Hold'em Limit ($3/$6 USD) - 2017/01/03 2:24:43 ET
Table 'Peneleos' 6-max Seat #4 is the button
Seat 4: manly70 ($154.53 in chips)
Seat 6: Agrotait ($70.86 in chips)
manly70: posts small blind $1
Agrotait: posts big blind $3
*** HOLE CARDS ***
Lucylove12 is disconnected
manly70: raises $3 to $6
Agrotait: raises $3 to $9
manly70: calls $3
*** FLOP *** [2s 6h 6d]
Agrotait: bets $3
manly70: calls $3
*** TURN *** [2s 6h 6d] [Qc]
Agrotait: bets $6
manly70: folds
Uncalled bet ($6) returned to Agrotait
Agrotait collected $23.52 from pot
Agrotait: doesn't show hand
*** SUMMARY ***
Total pot $24 | Rake $0.48
Board [2s 6h 6d Qc]
Seat 4: manly70 (button) (small blind) folded on the Turn
Seat 6: Agrotait (big blind) collected ($23.52)


PokerStars Hand #163956912915:  Hold'em Limit ($3/$6 USD) - 2017/01/03 5:50:43 ET
Table 'Peneleos' 6-max Seat #4 is the button
Seat 3: StrayMoth72 ($347.59 in chips)
Seat 4: sismos404 ($192.22 in chips)
sismos404: posts small blind $1
StrayMoth72: posts big blind $3
*** HOLE CARDS ***
sismos404: raises $3 to $6
StrayMoth72: calls $3
*** FLOP *** [Ad Qs 3d]
StrayMoth72: checks
sismos404: bets $3
StrayMoth72: folds
Uncalled bet ($3) returned to sismos404
sismos404 collected $11.76 from pot
*** SUMMARY ***
Total pot $12 | Rake $0.24
Board [Ad Qs 3d]
Seat 3: StrayMoth72 (big blind) folded on the Flop
Seat 4: sismos404 (button) (small blind) collected ($11.76)


PokerStars Hand #163956919330:  Hold'em Limit ($3/$6 USD) - 2017/01/03 5:50:57 ET
Table 'Peneleos' 6-max Seat #3 is the button
Seat 3: StrayMoth72 ($341.59 in chips)
Seat 4: sismos404 ($197.98 in chips)
StrayMoth72: posts small blind $1
sismos404: posts big blind $3
*** HOLE CARDS ***
StrayMoth72: raises $3 to $6
sismos404: calls $3
*** FLOP *** [As 7c 7s]
sismos404: checks
StrayMoth72: bets $3
sismos404: folds
Uncalled bet ($3) returned to StrayMoth72
StrayMoth72 collected $11.76 from pot
StrayMoth72: doesn't show hand
*** SUMMARY ***
Total pot $12 | Rake $0.24
Board [As 7c 7s]
Seat 3: StrayMoth72 (button) (small blind) collected ($11.76)
Seat 4: sismos404 (big blind) folded on the Flop


