PokerStars Hand #149937243422:  Hold'em Limit ($3/$6 USD) - 2016/03/06 13:09:31 ET
Table 'Penelope' 6-max Seat #6 is the button
Seat 5: JayEm82 ($132 in chips)
Seat 6: SmellyToes4u ($249.20 in chips)
SmellyToes4u: posts small blind $1
mateuniooo30: is sitting out
JayEm82: posts big blind $3
*** HOLE CARDS ***
SmellyToes4u: folds
Uncalled bet ($2) returned to JayEm82
JayEm82 collected $2 from pot
JayEm82: doesn't show hand
*** SUMMARY ***
Total pot $2 | Rake $0
Seat 5: JayEm82 (big blind) collected ($2)
Seat 6: SmellyToes4u (button) (small blind) folded before Flop


PokerStars Hand #149937250611:  Hold'em Limit ($3/$6 USD) - 2016/03/06 13:09:38 ET
Table 'Penelope' 6-max Seat #5 is the button
Seat 5: JayEm82 ($133 in chips)
Seat 6: SmellyToes4u ($248.20 in chips)
JayEm82: posts small blind $1
SmellyToes4u: posts big blind $3
*** HOLE CARDS ***
JayEm82: raises $3 to $6
SmellyToes4u: calls $3
*** FLOP *** [2s Qh 2h]
SmellyToes4u: checks
JayEm82: bets $3
SmellyToes4u: folds
Uncalled bet ($3) returned to JayEm82
JayEm82 collected $11.76 from pot
JayEm82: doesn't show hand
*** SUMMARY ***
Total pot $12 | Rake $0.24
Board [2s Qh 2h]
Seat 5: JayEm82 (button) (small blind) collected ($11.76)
Seat 6: SmellyToes4u (big blind) folded on the Flop


PokerStars Hand #149937329134:  Hold'em Limit ($3/$6 USD) - 2016/03/06 13:10:51 ET
Table 'Penelope' 6-max Seat #6 is the button
Seat 5: JayEm82 ($152.26 in chips)
Seat 6: SmellyToes4u ($228.20 in chips)
SmellyToes4u: posts small blind $1
JayEm82: posts big blind $3
*** HOLE CARDS ***
SmellyToes4u: raises $3 to $6
JayEm82: folds
Uncalled bet ($3) returned to SmellyToes4u
SmellyToes4u collected $6 from pot
SmellyToes4u: doesn't show hand
*** SUMMARY ***
Total pot $6 | Rake $0
Seat 5: JayEm82 (big blind) folded before Flop
Seat 6: SmellyToes4u (button) (small blind) collected ($6)


PokerStars Hand #149937314387:  Hold'em Limit ($3/$6 USD) - 2016/03/06 13:10:37 ET
Table 'Penelope' 6-max Seat #5 is the button
Seat 5: JayEm82 ($153.26 in chips)
Seat 6: SmellyToes4u ($227.20 in chips)
JayEm82: posts small blind $1
SmellyToes4u: posts big blind $3
*** HOLE CARDS ***
JayEm82: folds
Uncalled bet ($2) returned to SmellyToes4u
SmellyToes4u collected $2 from pot
SmellyToes4u: doesn't show hand
*** SUMMARY ***
Total pot $2 | Rake $0
Seat 5: JayEm82 (button) (small blind) folded before Flop
Seat 6: SmellyToes4u (big blind) collected ($2)


PokerStars Hand #149937263782:  Hold'em Limit ($3/$6 USD) - 2016/03/06 13:09:50 ET
Table 'Penelope' 6-max Seat #6 is the button
Seat 5: JayEm82 ($138.76 in chips)
Seat 6: SmellyToes4u ($242.20 in chips)
SmellyToes4u: posts small blind $1
JayEm82: posts big blind $3
*** HOLE CARDS ***
SmellyToes4u: raises $3 to $6
JayEm82: calls $3
*** FLOP *** [4h Jc Js]
JayEm82: bets $3
mateuniooo30 leaves the table
SmellyToes4u: calls $3
*** TURN *** [4h Jc Js] [9h]
JayEm82: checks
SmellyToes4u: bets $6
JayEm82: calls $6
*** RIVER *** [4h Jc Js 9h] [5h]
JayEm82: checks
SmellyToes4u: checks
*** SHOW DOWN ***
JayEm82: shows [8c Ah] (a pair of Jacks)
SmellyToes4u: mucks hand
JayEm82 collected $29.50 from pot
*** SUMMARY ***
Total pot $30 | Rake $0.50
Board [4h Jc Js 9h 5h]
Seat 5: JayEm82 (big blind) showed [8c Ah] and won ($29.50) with a pair of Jacks
Seat 6: SmellyToes4u (button) (small blind) mucked


PokerStars Hand #149937388558:  Hold'em Limit ($3/$6 USD) - 2016/03/06 13:11:46 ET
Table 'Penelope' 6-max Seat #6 is the button
Seat 5: JayEm82 ($125.26 in chips)
Seat 6: SmellyToes4u ($254.70 in chips)
SmellyToes4u: posts small blind $1
JayEm82: posts big blind $3
*** HOLE CARDS ***
SmellyToes4u: raises $3 to $6
JayEm82: folds
Uncalled bet ($3) returned to SmellyToes4u
SmellyToes4u collected $6 from pot
SmellyToes4u: doesn't show hand
*** SUMMARY ***
Total pot $6 | Rake $0
Seat 5: JayEm82 (big blind) folded before Flop
Seat 6: SmellyToes4u (button) (small blind) collected ($6)


PokerStars Hand #149937344957:  Hold'em Limit ($3/$6 USD) - 2016/03/06 13:11:06 ET
Table 'Penelope' 6-max Seat #5 is the button
Seat 5: JayEm82 ($149.26 in chips)
Seat 6: SmellyToes4u ($231.20 in chips)
JayEm82: posts small blind $1
SmellyToes4u: posts big blind $3
*** HOLE CARDS ***
JayEm82: raises $3 to $6
SmellyToes4u: raises $3 to $9
JayEm82: raises $3 to $12
Betting is capped
SmellyToes4u: calls $3
*** FLOP *** [8d Js 4s]
SmellyToes4u: checks
JayEm82: bets $3
SmellyToes4u: raises $3 to $6
JayEm82: calls $3
*** TURN *** [8d Js 4s] [7h]
SmellyToes4u: bets $6
JayEm82: calls $6
*** RIVER *** [8d Js 4s 7h] [Kh]
SmellyToes4u: bets $6
JayEm82: folds
Uncalled bet ($6) returned to SmellyToes4u
SmellyToes4u collected $47.50 from pot
SmellyToes4u: doesn't show hand
*** SUMMARY ***
Total pot $48 | Rake $0.50
Board [8d Js 4s 7h Kh]
Seat 5: JayEm82 (button) (small blind) folded on the River
Seat 6: SmellyToes4u (big blind) collected ($47.50)


PokerStars Hand #149937398131:  Hold'em Limit ($3/$6 USD) - 2016/03/06 13:11:55 ET
Table 'Penelope' 6-max Seat #5 is the button
Seat 5: JayEm82 ($122.26 in chips)
Seat 6: SmellyToes4u ($257.70 in chips)
JayEm82: posts small blind $1
SmellyToes4u: posts big blind $3
*** HOLE CARDS ***
JayEm82: raises $3 to $6
SmellyToes4u: calls $3
*** FLOP *** [3s 4d Ac]
SmellyToes4u: checks
JayEm82: bets $3
SmellyToes4u: folds
Uncalled bet ($3) returned to JayEm82
JayEm82 collected $11.76 from pot
JayEm82: doesn't show hand
*** SUMMARY ***
Total pot $12 | Rake $0.24
Board [3s 4d Ac]
Seat 5: JayEm82 (button) (small blind) collected ($11.76)
Seat 6: SmellyToes4u (big blind) folded on the Flop


PokerStars Hand #149937448836:  Hold'em Limit ($3/$6 USD) - 2016/03/06 13:12:42 ET
Table 'Penelope' 6-max Seat #6 is the button
Seat 5: JayEm82 ($138.54 in chips)
Seat 6: SmellyToes4u ($240.70 in chips)
SmellyToes4u: posts small blind $1
JayEm82: posts big blind $3
*** HOLE CARDS ***
SmellyToes4u: folds
Uncalled bet ($2) returned to JayEm82
JayEm82 collected $2 from pot
JayEm82: doesn't show hand
*** SUMMARY ***
Total pot $2 | Rake $0
Seat 5: JayEm82 (big blind) collected ($2)
Seat 6: SmellyToes4u (button) (small blind) folded before Flop


PokerStars Hand #149937444364:  Hold'em Limit ($3/$6 USD) - 2016/03/06 13:12:38 ET
Table 'Penelope' 6-max Seat #5 is the button
Seat 5: JayEm82 ($139.54 in chips)
Seat 6: SmellyToes4u ($239.70 in chips)
JayEm82: posts small blind $1
SmellyToes4u: posts big blind $3
*** HOLE CARDS ***
JayEm82: folds
Uncalled bet ($2) returned to SmellyToes4u
SmellyToes4u collected $2 from pot
SmellyToes4u: doesn't show hand
*** SUMMARY ***
Total pot $2 | Rake $0
Seat 5: JayEm82 (button) (small blind) folded before Flop
Seat 6: SmellyToes4u (big blind) collected ($2)


PokerStars Hand #149937416178:  Hold'em Limit ($3/$6 USD) - 2016/03/06 13:12:11 ET
Table 'Penelope' 6-max Seat #6 is the button
Seat 5: JayEm82 ($128.02 in chips)
Seat 6: SmellyToes4u ($251.70 in chips)
SmellyToes4u: posts small blind $1
JayEm82: posts big blind $3
*** HOLE CARDS ***
SmellyToes4u: raises $3 to $6
JayEm82: raises $3 to $9
SmellyToes4u: calls $3
*** FLOP *** [7d Qs 2s]
JayEm82: bets $3
SmellyToes4u: calls $3
*** TURN *** [7d Qs 2s] [3h]
JayEm82: bets $6
SmellyToes4u: folds
Uncalled bet ($6) returned to JayEm82
JayEm82 collected $23.52 from pot
JayEm82: doesn't show hand
*** SUMMARY ***
Total pot $24 | Rake $0.48
Board [7d Qs 2s 3h]
Seat 5: JayEm82 (big blind) collected ($23.52)
Seat 6: SmellyToes4u (button) (small blind) folded on the Turn


PokerStars Hand #149937455943:  Hold'em Limit ($3/$6 USD) - 2016/03/06 13:12:48 ET
Table 'Penelope' 6-max Seat #5 is the button
Seat 5: JayEm82 ($139.54 in chips)
Seat 6: SmellyToes4u ($239.70 in chips)
JayEm82: posts small blind $1
SmellyToes4u: posts big blind $3
*** HOLE CARDS ***
JayEm82: raises $3 to $6
SmellyToes4u: calls $3
*** FLOP *** [Th Qc Qd]
SmellyToes4u: checks
JayEm82: bets $3
SmellyToes4u: folds
Uncalled bet ($3) returned to JayEm82
JayEm82 collected $11.76 from pot
JayEm82: doesn't show hand
*** SUMMARY ***
Total pot $12 | Rake $0.24
Board [Th Qc Qd]
Seat 5: JayEm82 (button) (small blind) collected ($11.76)
Seat 6: SmellyToes4u (big blind) folded on the Flop


PokerStars Hand #149937498306:  Hold'em Limit ($3/$6 USD) - 2016/03/06 13:13:28 ET
Table 'Penelope' 6-max Seat #6 is the button
Seat 5: JayEm82 ($145.30 in chips)
Seat 6: SmellyToes4u ($233.70 in chips)
SmellyToes4u: posts small blind $1
JayEm82: posts big blind $3
*** HOLE CARDS ***
SmellyToes4u: raises $3 to $6
JayEm82: calls $3
*** FLOP *** [8d 8c 7d]
JayEm82: checks
SmellyToes4u: bets $3
JayEm82: calls $3
*** TURN *** [8d 8c 7d] [Kd]
JayEm82: bets $6
SmellyToes4u: folds
Uncalled bet ($6) returned to JayEm82
JayEm82 collected $17.64 from pot
JayEm82: doesn't show hand
*** SUMMARY ***
Total pot $18 | Rake $0.36
Board [8d 8c 7d Kd]
Seat 5: JayEm82 (big blind) collected ($17.64)
Seat 6: SmellyToes4u (button) (small blind) folded on the Turn


PokerStars Hand #149937588465:  Hold'em Limit ($3/$6 USD) - 2016/03/06 13:14:54 ET
Table 'Penelope' 6-max Seat #6 is the button
Seat 5: JayEm82 ($173.44 in chips)
Seat 6: SmellyToes4u ($204.70 in chips)
SmellyToes4u: posts small blind $1
JayEm82: posts big blind $3
*** HOLE CARDS ***
SmellyToes4u: folds
Uncalled bet ($2) returned to JayEm82
JayEm82 collected $2 from pot
JayEm82: doesn't show hand
*** SUMMARY ***
Total pot $2 | Rake $0
Seat 5: JayEm82 (big blind) collected ($2)
Seat 6: SmellyToes4u (button) (small blind) folded before Flop


PokerStars Hand #149937583842:  Hold'em Limit ($3/$6 USD) - 2016/03/06 13:14:49 ET
Table 'Penelope' 6-max Seat #5 is the button
Seat 5: JayEm82 ($174.44 in chips)
Seat 6: SmellyToes4u ($203.70 in chips)
JayEm82: posts small blind $1
SmellyToes4u: posts big blind $3
*** HOLE CARDS ***
JayEm82: folds
Uncalled bet ($2) returned to SmellyToes4u
SmellyToes4u collected $2 from pot
SmellyToes4u: doesn't show hand
*** SUMMARY ***
Total pot $2 | Rake $0
Seat 5: JayEm82 (button) (small blind) folded before Flop
Seat 6: SmellyToes4u (big blind) collected ($2)


PokerStars Hand #149937535083:  Hold'em Limit ($3/$6 USD) - 2016/03/06 13:14:02 ET
Table 'Penelope' 6-max Seat #5 is the button
Seat 5: JayEm82 ($153.94 in chips)
Seat 6: SmellyToes4u ($224.70 in chips)
JayEm82: posts small blind $1
SmellyToes4u: posts big blind $3
*** HOLE CARDS ***
JayEm82: raises $3 to $6
SmellyToes4u: raises $3 to $9
JayEm82: calls $3
*** FLOP *** [Ac 3s Td]
SmellyToes4u: bets $3
JayEm82: calls $3
*** TURN *** [Ac 3s Td] [Qh]
SmellyToes4u: bets $6
JayEm82: calls $6
*** RIVER *** [Ac 3s Td Qh] [2d]
SmellyToes4u: bets $6
JayEm82: calls $6
*** SHOW DOWN ***
SmellyToes4u: shows [8d Jd] (high card Ace)
JayEm82: shows [Qc Js] (a pair of Queens)
JayEm82 collected $47.50 from pot
*** SUMMARY ***
Total pot $48 | Rake $0.50
Board [Ac 3s Td Qh 2d]
Seat 5: JayEm82 (button) (small blind) showed [Qc Js] and won ($47.50) with a pair of Queens
Seat 6: SmellyToes4u (big blind) showed [8d Jd] and lost with high card Ace


PokerStars Hand #149937576671:  Hold'em Limit ($3/$6 USD) - 2016/03/06 13:14:43 ET
Table 'Penelope' 6-max Seat #6 is the button
Seat 5: JayEm82 ($177.44 in chips)
Seat 6: SmellyToes4u ($200.70 in chips)
SmellyToes4u: posts small blind $1
JayEm82: posts big blind $3
*** HOLE CARDS ***
SmellyToes4u: raises $3 to $6
JayEm82: folds
Uncalled bet ($3) returned to SmellyToes4u
SmellyToes4u collected $6 from pot
SmellyToes4u: doesn't show hand
*** SUMMARY ***
Total pot $6 | Rake $0
Seat 5: JayEm82 (big blind) folded before Flop
Seat 6: SmellyToes4u (button) (small blind) collected ($6)


PokerStars Hand #149937619877:  Hold'em Limit ($3/$6 USD) - 2016/03/06 13:15:23 ET
Table 'Penelope' 6-max Seat #6 is the button
Seat 5: JayEm82 ($177.44 in chips)
Seat 6: SmellyToes4u ($200.70 in chips)
SmellyToes4u: posts small blind $1
JayEm82: posts big blind $3
*** HOLE CARDS ***
SmellyToes4u: folds
Uncalled bet ($2) returned to JayEm82
JayEm82 collected $2 from pot
JayEm82: doesn't show hand
*** SUMMARY ***
Total pot $2 | Rake $0
Seat 5: JayEm82 (big blind) collected ($2)
Seat 6: SmellyToes4u (button) (small blind) folded before Flop


PokerStars Hand #149937627562:  Hold'em Limit ($3/$6 USD) - 2016/03/06 13:15:30 ET
Table 'Penelope' 6-max Seat #5 is the button
Seat 5: JayEm82 ($178.44 in chips)
Seat 6: SmellyToes4u ($199.70 in chips)
JayEm82: posts small blind $1
SmellyToes4u: posts big blind $3
*** HOLE CARDS ***
JayEm82: raises $3 to $6
SmellyToes4u: calls $3
*** FLOP *** [4c 9h Kh]
SmellyToes4u: checks
JayEm82: bets $3
SmellyToes4u: raises $3 to $6
JayEm82: folds
Uncalled bet ($3) returned to SmellyToes4u
SmellyToes4u collected $17.64 from pot
SmellyToes4u: doesn't show hand
*** SUMMARY ***
Total pot $18 | Rake $0.36
Board [4c 9h Kh]
Seat 5: JayEm82 (button) (small blind) folded on the Flop
Seat 6: SmellyToes4u (big blind) collected ($17.64)


PokerStars Hand #149937598879:  Hold'em Limit ($3/$6 USD) - 2016/03/06 13:15:03 ET
Table 'Penelope' 6-max Seat #5 is the button
Seat 5: JayEm82 ($174.44 in chips)
Seat 6: SmellyToes4u ($203.70 in chips)
JayEm82: posts small blind $1
SmellyToes4u: posts big blind $3
*** HOLE CARDS ***
JayEm82: raises $3 to $6
SmellyToes4u: folds
Uncalled bet ($3) returned to JayEm82
JayEm82 collected $6 from pot
JayEm82: doesn't show hand
*** SUMMARY ***
Total pot $6 | Rake $0
Seat 5: JayEm82 (button) (small blind) collected ($6)
Seat 6: SmellyToes4u (big blind) folded before Flop


PokerStars Hand #149937615579:  Hold'em Limit ($3/$6 USD) - 2016/03/06 13:15:19 ET
Table 'Penelope' 6-max Seat #5 is the button
Seat 5: JayEm82 ($178.44 in chips)
Seat 6: SmellyToes4u ($199.70 in chips)
JayEm82: posts small blind $1
SmellyToes4u: posts big blind $3
*** HOLE CARDS ***
JayEm82: folds
Uncalled bet ($2) returned to SmellyToes4u
SmellyToes4u collected $2 from pot
SmellyToes4u: doesn't show hand
*** SUMMARY ***
Total pot $2 | Rake $0
Seat 5: JayEm82 (button) (small blind) folded before Flop
Seat 6: SmellyToes4u (big blind) collected ($2)


PokerStars Hand #149937607511:  Hold'em Limit ($3/$6 USD) - 2016/03/06 13:15:11 ET
Table 'Penelope' 6-max Seat #6 is the button
Seat 5: JayEm82 ($177.44 in chips)
Seat 6: SmellyToes4u ($200.70 in chips)
SmellyToes4u: posts small blind $1
JayEm82: posts big blind $3
*** HOLE CARDS ***
SmellyToes4u: folds
Uncalled bet ($2) returned to JayEm82
JayEm82 collected $2 from pot
JayEm82: doesn't show hand
*** SUMMARY ***
Total pot $2 | Rake $0
Seat 5: JayEm82 (big blind) collected ($2)
Seat 6: SmellyToes4u (button) (small blind) folded before Flop


PokerStars Hand #149937652354:  Hold'em Limit ($3/$6 USD) - 2016/03/06 13:15:53 ET
Table 'Penelope' 6-max Seat #6 is the button
Seat 5: JayEm82 ($169.44 in chips)
Seat 6: SmellyToes4u ($208.34 in chips)
SmellyToes4u: posts small blind $1
JayEm82: posts big blind $3
*** HOLE CARDS ***
SmellyToes4u: folds
Uncalled bet ($2) returned to JayEm82
JayEm82 collected $2 from pot
JayEm82: doesn't show hand
*** SUMMARY ***
Total pot $2 | Rake $0
Seat 5: JayEm82 (big blind) collected ($2)
Seat 6: SmellyToes4u (button) (small blind) folded before Flop


PokerStars Hand #149937672797:  Hold'em Limit ($3/$6 USD) - 2016/03/06 13:16:12 ET
Table 'Penelope' 6-max Seat #6 is the button
Seat 5: JayEm82 ($169.44 in chips)
Seat 6: SmellyToes4u ($208.34 in chips)
SmellyToes4u: posts small blind $1
JayEm82: posts big blind $3
*** HOLE CARDS ***
SmellyToes4u: raises $3 to $6
JayEm82: calls $3
*** FLOP *** [5s 5h 9h]
JayEm82: checks
SmellyToes4u: bets $3
JayEm82: folds
Uncalled bet ($3) returned to SmellyToes4u
SmellyToes4u collected $11.76 from pot
SmellyToes4u: doesn't show hand
*** SUMMARY ***
Total pot $12 | Rake $0.24
Board [5s 5h 9h]
Seat 5: JayEm82 (big blind) folded on the Flop
Seat 6: SmellyToes4u (button) (small blind) collected ($11.76)


PokerStars Hand #149937662605:  Hold'em Limit ($3/$6 USD) - 2016/03/06 13:16:03 ET
Table 'Penelope' 6-max Seat #5 is the button
Seat 5: JayEm82 ($170.44 in chips)
Seat 6: SmellyToes4u ($207.34 in chips)
JayEm82: posts small blind $1
SmellyToes4u: posts big blind $3
*** HOLE CARDS ***
JayEm82: folds
Uncalled bet ($2) returned to SmellyToes4u
SmellyToes4u collected $2 from pot
SmellyToes4u: doesn't show hand
*** SUMMARY ***
Total pot $2 | Rake $0
Seat 5: JayEm82 (button) (small blind) folded before Flop
Seat 6: SmellyToes4u (big blind) collected ($2)


PokerStars Hand #149937704624:  Hold'em Limit ($3/$6 USD) - 2016/03/06 13:16:42 ET
Table 'Penelope' 6-max Seat #5 is the button
Seat 5: JayEm82 ($163.44 in chips)
Seat 6: SmellyToes4u ($214.10 in chips)
JayEm82: posts small blind $1
SmellyToes4u: posts big blind $3
*** HOLE CARDS ***
JayEm82: raises $3 to $6
SmellyToes4u: calls $3
*** FLOP *** [4c Qd 8s]
SmellyToes4u: checks
JayEm82: checks
*** TURN *** [4c Qd 8s] [8d]
SmellyToes4u: bets $6
JayEm82: raises $6 to $12
SmellyToes4u: raises $6 to $18
JayEm82: calls $6
*** RIVER *** [4c Qd 8s 8d] [Th]
SmellyToes4u: bets $6
JayEm82: raises $6 to $12
SmellyToes4u: calls $6
*** SHOW DOWN ***
JayEm82: shows [Jc 8c] (three of a kind, Eights)
SmellyToes4u: mucks hand
JayEm82 collected $71.50 from pot
*** SUMMARY ***
Total pot $72 | Rake $0.50
Board [4c Qd 8s 8d Th]
Seat 5: JayEm82 (button) (small blind) showed [Jc 8c] and won ($71.50) with three of a kind, Eights
Seat 6: SmellyToes4u (big blind) mucked


PokerStars Hand #149937768392:  Hold'em Limit ($3/$6 USD) - 2016/03/06 13:17:41 ET
Table 'Penelope' 6-max Seat #6 is the button
Seat 5: JayEm82 ($194.94 in chips)
Seat 6: SmellyToes4u ($182.10 in chips)
SmellyToes4u: posts small blind $1
JayEm82: posts big blind $3
*** HOLE CARDS ***
SmellyToes4u: folds
Uncalled bet ($2) returned to JayEm82
JayEm82 collected $2 from pot
JayEm82: doesn't show hand
*** SUMMARY ***
Total pot $2 | Rake $0
Seat 5: JayEm82 (big blind) collected ($2)
Seat 6: SmellyToes4u (button) (small blind) folded before Flop


PokerStars Hand #149937763980:  Hold'em Limit ($3/$6 USD) - 2016/03/06 13:17:37 ET
Table 'Penelope' 6-max Seat #5 is the button
Seat 5: JayEm82 ($195.94 in chips)
Seat 6: SmellyToes4u ($181.10 in chips)
JayEm82: posts small blind $1
SmellyToes4u: posts big blind $3
*** HOLE CARDS ***
JayEm82: folds
Uncalled bet ($2) returned to SmellyToes4u
SmellyToes4u collected $2 from pot
SmellyToes4u: doesn't show hand
*** SUMMARY ***
Total pot $2 | Rake $0
Seat 5: JayEm82 (button) (small blind) folded before Flop
Seat 6: SmellyToes4u (big blind) collected ($2)


PokerStars Hand #149937756216:  Hold'em Limit ($3/$6 USD) - 2016/03/06 13:17:30 ET
Table 'Penelope' 6-max Seat #6 is the button
Seat 5: JayEm82 ($198.94 in chips)
Seat 6: SmellyToes4u ($178.10 in chips)
SmellyToes4u: posts small blind $1
JayEm82: posts big blind $3
*** HOLE CARDS ***
SmellyToes4u: raises $3 to $6
JayEm82: folds
Uncalled bet ($3) returned to SmellyToes4u
SmellyToes4u collected $6 from pot
SmellyToes4u: doesn't show hand
*** SUMMARY ***
Total pot $6 | Rake $0
Seat 5: JayEm82 (big blind) folded before Flop
Seat 6: SmellyToes4u (button) (small blind) collected ($6)


PokerStars Hand #149937777739:  Hold'em Limit ($3/$6 USD) - 2016/03/06 13:17:50 ET
Table 'Penelope' 6-max Seat #5 is the button
Seat 5: JayEm82 ($195.94 in chips)
Seat 6: SmellyToes4u ($181.10 in chips)
JayEm82: posts small blind $1
SmellyToes4u: posts big blind $3
*** HOLE CARDS ***
JayEm82: raises $3 to $6
SmellyToes4u: calls $3
*** FLOP *** [3h Kd Tc]
SmellyToes4u: checks
JayEm82: bets $3
SmellyToes4u: raises $3 to $6
JayEm82: folds
Uncalled bet ($3) returned to SmellyToes4u
SmellyToes4u collected $17.64 from pot
SmellyToes4u: doesn't show hand
*** SUMMARY ***
Total pot $18 | Rake $0.36
Board [3h Kd Tc]
Seat 5: JayEm82 (button) (small blind) folded on the Flop
Seat 6: SmellyToes4u (big blind) collected ($17.64)


PokerStars Hand #149937847901:  Hold'em Limit ($3/$6 USD) - 2016/03/06 13:18:55 ET
Table 'Penelope' 6-max Seat #5 is the button
Seat 5: JayEm82 ($171.94 in chips)
Seat 6: SmellyToes4u ($204.24 in chips)
JayEm82: posts small blind $1
SmellyToes4u: posts big blind $3
*** HOLE CARDS ***
JayEm82: folds
Uncalled bet ($2) returned to SmellyToes4u
SmellyToes4u collected $2 from pot
SmellyToes4u: doesn't show hand
*** SUMMARY ***
Total pot $2 | Rake $0
Seat 5: JayEm82 (button) (small blind) folded before Flop
Seat 6: SmellyToes4u (big blind) collected ($2)


PokerStars Hand #149937816249:  Hold'em Limit ($3/$6 USD) - 2016/03/06 13:18:26 ET
Table 'Penelope' 6-max Seat #6 is the button
Seat 5: JayEm82 ($186.94 in chips)
Seat 6: SmellyToes4u ($189.74 in chips)
SmellyToes4u: posts small blind $1
JayEm82: posts big blind $3
*** HOLE CARDS ***
SmellyToes4u: raises $3 to $6
JayEm82: calls $3
*** FLOP *** [9h Ah 4s]
JayEm82: checks
SmellyToes4u: bets $3
JayEm82: calls $3
*** TURN *** [9h Ah 4s] [3s]
JayEm82: checks
SmellyToes4u: bets $6
JayEm82: calls $6
*** RIVER *** [9h Ah 4s 3s] [Jc]
JayEm82: checks
SmellyToes4u: bets $6
JayEm82: folds
Uncalled bet ($6) returned to SmellyToes4u
SmellyToes4u collected $29.50 from pot
SmellyToes4u: doesn't show hand
*** SUMMARY ***
Total pot $30 | Rake $0.50
Board [9h Ah 4s 3s Jc]
Seat 5: JayEm82 (big blind) folded on the River
Seat 6: SmellyToes4u (button) (small blind) collected ($29.50)


PokerStars Hand #149937852245:  Hold'em Limit ($3/$6 USD) - 2016/03/06 13:18:59 ET
Table 'Penelope' 6-max Seat #6 is the button
Seat 5: JayEm82 ($170.94 in chips)
Seat 6: SmellyToes4u ($205.24 in chips)
SmellyToes4u: posts small blind $1
JayEm82: posts big blind $3
*** HOLE CARDS ***
SmellyToes4u: raises $3 to $6
JayEm82: calls $3
*** FLOP *** [As 2d 6c]
JayEm82: checks
SmellyToes4u: bets $3
JayEm82: calls $3
*** TURN *** [As 2d 6c] [9c]
JayEm82: checks
SmellyToes4u: checks
*** RIVER *** [As 2d 6c 9c] [2c]
JayEm82: bets $6
SmellyToes4u: folds
Uncalled bet ($6) returned to JayEm82
JayEm82 collected $17.64 from pot
JayEm82: doesn't show hand
*** SUMMARY ***
Total pot $18 | Rake $0.36
Board [As 2d 6c 9c 2c]
Seat 5: JayEm82 (big blind) collected ($17.64)
Seat 6: SmellyToes4u (button) (small blind) folded on the River


PokerStars Hand #149937953949:  Hold'em Limit ($3/$6 USD) - 2016/03/06 13:20:35 ET
Table 'Penelope' 6-max Seat #5 is the button
Seat 5: JayEm82 ($206.08 in chips)
Seat 6: SmellyToes4u ($169.24 in chips)
JayEm82: posts small blind $1
SmellyToes4u: posts big blind $3
*** HOLE CARDS ***
JayEm82: folds
Uncalled bet ($2) returned to SmellyToes4u
SmellyToes4u collected $2 from pot
SmellyToes4u: doesn't show hand
*** SUMMARY ***
Total pot $2 | Rake $0
Seat 5: JayEm82 (button) (small blind) folded before Flop
Seat 6: SmellyToes4u (big blind) collected ($2)


PokerStars Hand #149937943917:  Hold'em Limit ($3/$6 USD) - 2016/03/06 13:20:26 ET
Table 'Penelope' 6-max Seat #6 is the button
Seat 5: JayEm82 ($209.08 in chips)
Seat 6: SmellyToes4u ($166.24 in chips)
SmellyToes4u: posts small blind $1
JayEm82: posts big blind $3
*** HOLE CARDS ***
SmellyToes4u: raises $3 to $6
JayEm82: folds
Uncalled bet ($3) returned to SmellyToes4u
SmellyToes4u collected $6 from pot
SmellyToes4u: doesn't show hand
*** SUMMARY ***
Total pot $6 | Rake $0
Seat 5: JayEm82 (big blind) folded before Flop
Seat 6: SmellyToes4u (button) (small blind) collected ($6)


PokerStars Hand #149937910545:  Hold'em Limit ($3/$6 USD) - 2016/03/06 13:19:54 ET
Table 'Penelope' 6-max Seat #5 is the button
Seat 5: JayEm82 ($179.58 in chips)
Seat 6: SmellyToes4u ($196.24 in chips)
JayEm82: posts small blind $1
SmellyToes4u: posts big blind $3
*** HOLE CARDS ***
JayEm82: raises $3 to $6
SmellyToes4u: raises $3 to $9
JayEm82: calls $3
*** FLOP *** [Ts 2s 6s]
SmellyToes4u: bets $3
JayEm82: calls $3
*** TURN *** [Ts 2s 6s] [Js]
SmellyToes4u: bets $6
JayEm82: calls $6
*** RIVER *** [Ts 2s 6s Js] [Td]
SmellyToes4u: bets $6
JayEm82: raises $6 to $12
SmellyToes4u: calls $6
*** SHOW DOWN ***
JayEm82: shows [As 9h] (a flush, Ace high)
SmellyToes4u: mucks hand
JayEm82 collected $59.50 from pot
*** SUMMARY ***
Total pot $60 | Rake $0.50
Board [Ts 2s 6s Js Td]
Seat 5: JayEm82 (button) (small blind) showed [As 9h] and won ($59.50) with a flush, Ace high
Seat 6: SmellyToes4u (big blind) mucked


PokerStars Hand #149937962331:  Hold'em Limit ($3/$6 USD) - 2016/03/06 13:20:43 ET
Table 'Penelope' 6-max Seat #6 is the button
Seat 5: JayEm82 ($205.08 in chips)
Seat 6: SmellyToes4u ($170.24 in chips)
SmellyToes4u: posts small blind $1
JayEm82: posts big blind $3
*** HOLE CARDS ***
SmellyToes4u: folds
Uncalled bet ($2) returned to JayEm82
JayEm82 collected $2 from pot
JayEm82: doesn't show hand
*** SUMMARY ***
Total pot $2 | Rake $0
Seat 5: JayEm82 (big blind) collected ($2)
Seat 6: SmellyToes4u (button) (small blind) folded before Flop


PokerStars Hand #149937971797:  Hold'em Limit ($3/$6 USD) - 2016/03/06 13:20:52 ET
Table 'Penelope' 6-max Seat #5 is the button
Seat 5: JayEm82 ($206.08 in chips)
Seat 6: SmellyToes4u ($169.24 in chips)
JayEm82: posts small blind $1
SmellyToes4u: posts big blind $3
*** HOLE CARDS ***
JayEm82: folds
Uncalled bet ($2) returned to SmellyToes4u
SmellyToes4u collected $2 from pot
SmellyToes4u: doesn't show hand
*** SUMMARY ***
Total pot $2 | Rake $0
Seat 5: JayEm82 (button) (small blind) folded before Flop
Seat 6: SmellyToes4u (big blind) collected ($2)


PokerStars Hand #149937998066:  Hold'em Limit ($3/$6 USD) - 2016/03/06 13:21:16 ET
Table 'Penelope' 6-max Seat #5 is the button
Seat 5: JayEm82 ($199.08 in chips)
Seat 6: SmellyToes4u ($176 in chips)
JayEm82: posts small blind $1
SmellyToes4u: posts big blind $3
*** HOLE CARDS ***
JayEm82: folds
Uncalled bet ($2) returned to SmellyToes4u
SmellyToes4u collected $2 from pot
SmellyToes4u: doesn't show hand
*** SUMMARY ***
Total pot $2 | Rake $0
Seat 5: JayEm82 (button) (small blind) folded before Flop
Seat 6: SmellyToes4u (big blind) collected ($2)


PokerStars Hand #149937979571:  Hold'em Limit ($3/$6 USD) - 2016/03/06 13:20:59 ET
Table 'Penelope' 6-max Seat #6 is the button
Seat 5: JayEm82 ($205.08 in chips)
Seat 6: SmellyToes4u ($170.24 in chips)
SmellyToes4u: posts small blind $1
JayEm82: posts big blind $3
*** HOLE CARDS ***
SmellyToes4u: raises $3 to $6
JayEm82: calls $3
*** FLOP *** [7h 7c Ad]
chip_diddler joins the table at seat #1
JayEm82: checks
SmellyToes4u: bets $3
JayEm82: folds
Uncalled bet ($3) returned to SmellyToes4u
SmellyToes4u collected $11.76 from pot
SmellyToes4u: doesn't show hand
*** SUMMARY ***
Total pot $12 | Rake $0.24
Board [7h 7c Ad]
Seat 5: JayEm82 (big blind) folded on the Flop
Seat 6: SmellyToes4u (button) (small blind) collected ($11.76)


PokerStars Hand #149938783291:  Hold'em Limit ($3/$6 USD) - 2016/03/06 13:33:38 ET
Table 'Penelope' 6-max Seat #6 is the button
Seat 5: JayEm82 ($303.99 in chips)
Seat 6: SmellyToes4u ($145.46 in chips)
SmellyToes4u: posts small blind $1
JayEm82: posts big blind $3
*** HOLE CARDS ***
SmellyToes4u: raises $3 to $6
JayEm82: calls $3
*** FLOP *** [9c 9h 4d]
JayEm82: checks
SmellyToes4u: bets $3
JayEm82: calls $3
*** TURN *** [9c 9h 4d] [4c]
JayEm82: checks
SmellyToes4u: bets $6
JayEm82: calls $6
*** RIVER *** [9c 9h 4d 4c] [7h]
JayEm82: checks
SmellyToes4u: checks
*** SHOW DOWN ***
JayEm82: shows [Kc 7s] (two pair, Nines and Sevens)
SmellyToes4u: mucks hand
JayEm82 collected $29.50 from pot
*** SUMMARY ***
Total pot $30 | Rake $0.50
Board [9c 9h 4d 4c 7h]
Seat 5: JayEm82 (big blind) showed [Kc 7s] and won ($29.50) with two pair, Nines and Sevens
Seat 6: SmellyToes4u (button) (small blind) mucked


PokerStars Hand #149938836800:  Hold'em Limit ($3/$6 USD) - 2016/03/06 13:34:28 ET
Table 'Penelope' 6-max Seat #5 is the button
Seat 5: JayEm82 ($318.49 in chips)
Seat 6: SmellyToes4u ($130.46 in chips)
JayEm82: posts small blind $1
SmellyToes4u: posts big blind $3
*** HOLE CARDS ***
JayEm82: folds
Uncalled bet ($2) returned to SmellyToes4u
SmellyToes4u collected $2 from pot
SmellyToes4u: doesn't show hand
*** SUMMARY ***
Total pot $2 | Rake $0
Seat 5: JayEm82 (button) (small blind) folded before Flop
Seat 6: SmellyToes4u (big blind) collected ($2)


PokerStars Hand #149938871970:  Hold'em Limit ($3/$6 USD) - 2016/03/06 13:35:00 ET
Table 'Penelope' 6-max Seat #5 is the button
Seat 5: JayEm82 ($343.99 in chips)
Seat 6: SmellyToes4u ($104.46 in chips)
JayEm82: posts small blind $1
SmellyToes4u: posts big blind $3
*** HOLE CARDS ***
JayEm82: folds
Uncalled bet ($2) returned to SmellyToes4u
SmellyToes4u collected $2 from pot
SmellyToes4u: doesn't show hand
*** SUMMARY ***
Total pot $2 | Rake $0
Seat 5: JayEm82 (button) (small blind) folded before Flop
Seat 6: SmellyToes4u (big blind) collected ($2)


PokerStars Hand #149938841110:  Hold'em Limit ($3/$6 USD) - 2016/03/06 13:34:32 ET
Table 'Penelope' 6-max Seat #6 is the button
Seat 5: JayEm82 ($317.49 in chips)
Seat 6: SmellyToes4u ($131.46 in chips)
SmellyToes4u: posts small blind $1
JayEm82: posts big blind $3
*** HOLE CARDS ***
SmellyToes4u: raises $3 to $6
JayEm82: calls $3
*** FLOP *** [2h 7s 7c]
JayEm82: checks
SmellyToes4u: bets $3
JayEm82: calls $3
*** TURN *** [2h 7s 7c] [3c]
JayEm82: bets $6
SmellyToes4u: raises $6 to $12
JayEm82: calls $6
*** RIVER *** [2h 7s 7c 3c] [4d]
JayEm82: checks
SmellyToes4u: bets $6
JayEm82: calls $6
*** SHOW DOWN ***
SmellyToes4u: shows [8d Td] (a pair of Sevens)
JayEm82: shows [3d As] (two pair, Sevens and Threes)
JayEm82 collected $53.50 from pot
*** SUMMARY ***
Total pot $54 | Rake $0.50
Board [2h 7s 7c 3c 4d]
Seat 5: JayEm82 (big blind) showed [3d As] and won ($53.50) with two pair, Sevens and Threes
Seat 6: SmellyToes4u (button) (small blind) showed [8d Td] and lost with a pair of Sevens


PokerStars Hand #149938930694:  Hold'em Limit ($3/$6 USD) - 2016/03/06 13:35:54 ET
Table 'Penelope' 6-max Seat #5 is the button
Seat 5: JayEm82 ($346.75 in chips)
Seat 6: SmellyToes4u ($101.46 in chips)
JayEm82: posts small blind $1
SmellyToes4u: posts big blind $3
*** HOLE CARDS ***
JayEm82: folds
Uncalled bet ($2) returned to SmellyToes4u
SmellyToes4u collected $2 from pot
SmellyToes4u: doesn't show hand
*** SUMMARY ***
Total pot $2 | Rake $0
Seat 5: JayEm82 (button) (small blind) folded before Flop
Seat 6: SmellyToes4u (big blind) collected ($2)


PokerStars Hand #149938925512:  Hold'em Limit ($3/$6 USD) - 2016/03/06 13:35:49 ET
Table 'Penelope' 6-max Seat #6 is the button
Seat 5: JayEm82 ($345.75 in chips)
Seat 6: SmellyToes4u ($102.46 in chips)
SmellyToes4u: posts small blind $1
JayEm82: posts big blind $3
*** HOLE CARDS ***
SmellyToes4u: folds
Uncalled bet ($2) returned to JayEm82
JayEm82 collected $2 from pot
JayEm82: doesn't show hand
*** SUMMARY ***
Total pot $2 | Rake $0
Seat 5: JayEm82 (big blind) collected ($2)
Seat 6: SmellyToes4u (button) (small blind) folded before Flop


PokerStars Hand #149938907022:  Hold'em Limit ($3/$6 USD) - 2016/03/06 13:35:32 ET
Table 'Penelope' 6-max Seat #5 is the button
Seat 5: JayEm82 ($339.99 in chips)
Seat 6: SmellyToes4u ($108.46 in chips)
JayEm82: posts small blind $1
SmellyToes4u: posts big blind $3
*** HOLE CARDS ***
JayEm82: raises $3 to $6
SmellyToes4u: calls $3
*** FLOP *** [8c 9h 4s]
SmellyToes4u: checks
JayEm82: bets $3
SmellyToes4u: folds
Uncalled bet ($3) returned to JayEm82
JayEm82 collected $11.76 from pot
JayEm82: doesn't show hand
*** SUMMARY ***
Total pot $12 | Rake $0.24
Board [8c 9h 4s]
Seat 5: JayEm82 (button) (small blind) collected ($11.76)
Seat 6: SmellyToes4u (big blind) folded on the Flop


PokerStars Hand #149938899607:  Hold'em Limit ($3/$6 USD) - 2016/03/06 13:35:25 ET
Table 'Penelope' 6-max Seat #6 is the button
Seat 5: JayEm82 ($338.99 in chips)
Seat 6: SmellyToes4u ($109.46 in chips)
SmellyToes4u: posts small blind $1
JayEm82: posts big blind $3
*** HOLE CARDS ***
SmellyToes4u: folds
Uncalled bet ($2) returned to JayEm82
JayEm82 collected $2 from pot
JayEm82: doesn't show hand
*** SUMMARY ***
Total pot $2 | Rake $0
Seat 5: JayEm82 (big blind) collected ($2)
Seat 6: SmellyToes4u (button) (small blind) folded before Flop


PokerStars Hand #149938935216:  Hold'em Limit ($3/$6 USD) - 2016/03/06 13:35:58 ET
Table 'Penelope' 6-max Seat #6 is the button
Seat 5: JayEm82 ($345.75 in chips)
Seat 6: SmellyToes4u ($102.46 in chips)
SmellyToes4u: posts small blind $1
JayEm82: posts big blind $3
*** HOLE CARDS ***
SmellyToes4u: folds
Uncalled bet ($2) returned to JayEm82
JayEm82 collected $2 from pot
JayEm82: doesn't show hand
*** SUMMARY ***
Total pot $2 | Rake $0
Seat 5: JayEm82 (big blind) collected ($2)
Seat 6: SmellyToes4u (button) (small blind) folded before Flop


PokerStars Hand #149938876749:  Hold'em Limit ($3/$6 USD) - 2016/03/06 13:35:04 ET
Table 'Penelope' 6-max Seat #6 is the button
Seat 5: JayEm82 ($342.99 in chips)
Seat 6: SmellyToes4u ($105.46 in chips)
SmellyToes4u: posts small blind $1
JayEm82: posts big blind $3
*** HOLE CARDS ***
SmellyToes4u: raises $3 to $6
JayEm82: folds
Uncalled bet ($3) returned to SmellyToes4u
SmellyToes4u collected $6 from pot
SmellyToes4u: doesn't show hand
*** SUMMARY ***
Total pot $6 | Rake $0
Seat 5: JayEm82 (big blind) folded before Flop
Seat 6: SmellyToes4u (button) (small blind) collected ($6)


PokerStars Hand #149938886777:  Hold'em Limit ($3/$6 USD) - 2016/03/06 13:35:14 ET
Table 'Penelope' 6-max Seat #5 is the button
Seat 5: JayEm82 ($339.99 in chips)
Seat 6: SmellyToes4u ($108.46 in chips)
JayEm82: posts small blind $1
SmellyToes4u: posts big blind $3
*** HOLE CARDS ***
JayEm82: folds
Uncalled bet ($2) returned to SmellyToes4u
SmellyToes4u collected $2 from pot
SmellyToes4u: doesn't show hand
*** SUMMARY ***
Total pot $2 | Rake $0
Seat 5: JayEm82 (button) (small blind) folded before Flop
Seat 6: SmellyToes4u (big blind) collected ($2)


PokerStars Hand #149938959456:  Hold'em Limit ($3/$6 USD) - 2016/03/06 13:36:20 ET
Table 'Penelope' 6-max Seat #6 is the button
Seat 5: JayEm82 ($352.51 in chips)
Seat 6: SmellyToes4u ($95.46 in chips)
SmellyToes4u: posts small blind $1
JayEm82: posts big blind $3
*** HOLE CARDS ***
SmellyToes4u: raises $3 to $6
JayEm82: folds
Uncalled bet ($3) returned to SmellyToes4u
SmellyToes4u collected $6 from pot
SmellyToes4u: doesn't show hand
*** SUMMARY ***
Total pot $6 | Rake $0
Seat 5: JayEm82 (big blind) folded before Flop
Seat 6: SmellyToes4u (button) (small blind) collected ($6)


PokerStars Hand #149938975756:  Hold'em Limit ($3/$6 USD) - 2016/03/06 13:36:35 ET
Table 'Penelope' 6-max Seat #5 is the button
Seat 5: JayEm82 ($349.51 in chips)
Seat 6: SmellyToes4u ($98.46 in chips)
JayEm82: posts small blind $1
SmellyToes4u: posts big blind $3
*** HOLE CARDS ***
JayEm82: folds
Uncalled bet ($2) returned to SmellyToes4u
SmellyToes4u collected $2 from pot
SmellyToes4u: doesn't show hand
*** SUMMARY ***
Total pot $2 | Rake $0
Seat 5: JayEm82 (button) (small blind) folded before Flop
Seat 6: SmellyToes4u (big blind) collected ($2)


PokerStars Hand #149938939886:  Hold'em Limit ($3/$6 USD) - 2016/03/06 13:36:02 ET
Table 'Penelope' 6-max Seat #5 is the button
Seat 5: JayEm82 ($346.75 in chips)
Seat 6: SmellyToes4u ($101.46 in chips)
JayEm82: posts small blind $1
SmellyToes4u: posts big blind $3
*** HOLE CARDS ***
JayEm82: raises $3 to $6
SmellyToes4u: calls $3
*** FLOP *** [Qc 6c 2c]
SmellyToes4u: checks
JayEm82: bets $3
SmellyToes4u: folds
Uncalled bet ($3) returned to JayEm82
JayEm82 collected $11.76 from pot
JayEm82: doesn't show hand
*** SUMMARY ***
Total pot $12 | Rake $0.24
Board [Qc 6c 2c]
Seat 5: JayEm82 (button) (small blind) collected ($11.76)
Seat 6: SmellyToes4u (big blind) folded on the Flop


PokerStars Hand #149938982189:  Hold'em Limit ($3/$6 USD) - 2016/03/06 13:36:41 ET
Table 'Penelope' 6-max Seat #6 is the button
Seat 5: JayEm82 ($348.51 in chips)
Seat 6: SmellyToes4u ($99.46 in chips)
SmellyToes4u: posts small blind $1
JayEm82: posts big blind $3
*** HOLE CARDS ***
SmellyToes4u: raises $3 to $6
JayEm82: calls $3
*** FLOP *** [8h 6d 3d]
JayEm82: checks
SmellyToes4u: bets $3
JayEm82: calls $3
*** TURN *** [8h 6d 3d] [4s]
JayEm82: checks
SmellyToes4u: bets $6
JayEm82: calls $6
*** RIVER *** [8h 6d 3d 4s] [Ah]
JayEm82: checks
SmellyToes4u: bets $6
JayEm82: calls $6
*** SHOW DOWN ***
SmellyToes4u: shows [7c 6s] (a pair of Sixes)
JayEm82: shows [Qs As] (a pair of Aces)
JayEm82 collected $41.50 from pot
*** SUMMARY ***
Total pot $42 | Rake $0.50
Board [8h 6d 3d 4s Ah]
Seat 5: JayEm82 (big blind) showed [Qs As] and won ($41.50) with a pair of Aces
Seat 6: SmellyToes4u (button) (small blind) showed [7c 6s] and lost with a pair of Sixes


PokerStars Hand #149939029775:  Hold'em Limit ($3/$6 USD) - 2016/03/06 13:37:25 ET
Table 'Penelope' 6-max Seat #5 is the button
Seat 5: JayEm82 ($369.01 in chips)
Seat 6: SmellyToes4u ($78.46 in chips)
JayEm82: posts small blind $1
SmellyToes4u: posts big blind $3
*** HOLE CARDS ***
JayEm82: raises $3 to $6
SmellyToes4u: calls $3
*** FLOP *** [Qd 2s Kc]
SmellyToes4u: checks
JayEm82: checks
*** TURN *** [Qd 2s Kc] [4d]
SmellyToes4u: checks
JayEm82: bets $6
SmellyToes4u: folds
Uncalled bet ($6) returned to JayEm82
JayEm82 collected $11.76 from pot
JayEm82: doesn't show hand
*** SUMMARY ***
Total pot $12 | Rake $0.24
Board [Qd 2s Kc 4d]
Seat 5: JayEm82 (button) (small blind) collected ($11.76)
Seat 6: SmellyToes4u (big blind) folded on the Turn


PokerStars Hand #149939062100:  Hold'em Limit ($3/$6 USD) - 2016/03/06 13:37:55 ET
Table 'Penelope' 6-max Seat #6 is the button
Seat 5: JayEm82 ($374.77 in chips)
Seat 6: SmellyToes4u ($72.46 in chips)
SmellyToes4u: posts small blind $1
JayEm82: posts big blind $3
*** HOLE CARDS ***
SmellyToes4u: raises $3 to $6
JayEm82: folds
Uncalled bet ($3) returned to SmellyToes4u
SmellyToes4u collected $6 from pot
SmellyToes4u: doesn't show hand
*** SUMMARY ***
Total pot $6 | Rake $0
Seat 5: JayEm82 (big blind) folded before Flop
Seat 6: SmellyToes4u (button) (small blind) collected ($6)


PokerStars Hand #149939104759:  Hold'em Limit ($3/$6 USD) - 2016/03/06 13:38:34 ET
Table 'Penelope' 6-max Seat #5 is the button
Seat 5: JayEm82 ($359.77 in chips)
Seat 6: SmellyToes4u ($87.10 in chips)
JayEm82: posts small blind $1
SmellyToes4u: posts big blind $3
*** HOLE CARDS ***
JayEm82: raises $3 to $6
SmellyToes4u: calls $3
*** FLOP *** [Kd Jc 7d]
SmellyToes4u: checks
JayEm82: bets $3
SmellyToes4u: folds
Uncalled bet ($3) returned to JayEm82
JayEm82 collected $11.76 from pot
JayEm82: doesn't show hand
*** SUMMARY ***
Total pot $12 | Rake $0.24
Board [Kd Jc 7d]
Seat 5: JayEm82 (button) (small blind) collected ($11.76)
Seat 6: SmellyToes4u (big blind) folded on the Flop


PokerStars Hand #149939095682:  Hold'em Limit ($3/$6 USD) - 2016/03/06 13:38:26 ET
Table 'Penelope' 6-max Seat #6 is the button
Seat 5: JayEm82 ($362.77 in chips)
Seat 6: SmellyToes4u ($84.10 in chips)
SmellyToes4u: posts small blind $1
JayEm82: posts big blind $3
*** HOLE CARDS ***
SmellyToes4u: raises $3 to $6
JayEm82: folds
Uncalled bet ($3) returned to SmellyToes4u
SmellyToes4u collected $6 from pot
SmellyToes4u: doesn't show hand
*** SUMMARY ***
Total pot $6 | Rake $0
Seat 5: JayEm82 (big blind) folded before Flop
Seat 6: SmellyToes4u (button) (small blind) collected ($6)


PokerStars Hand #149939072826:  Hold'em Limit ($3/$6 USD) - 2016/03/06 13:38:04 ET
Table 'Penelope' 6-max Seat #5 is the button
Seat 5: JayEm82 ($371.77 in chips)
Seat 6: SmellyToes4u ($75.46 in chips)
JayEm82: posts small blind $1
SmellyToes4u: posts big blind $3
*** HOLE CARDS ***
JayEm82: raises $3 to $6
SmellyToes4u: raises $3 to $9
JayEm82: calls $3
*** FLOP *** [Ts Ah 7s]
SmellyToes4u: bets $3
JayEm82: folds
Uncalled bet ($3) returned to SmellyToes4u
SmellyToes4u collected $17.64 from pot
SmellyToes4u: doesn't show hand
*** SUMMARY ***
Total pot $18 | Rake $0.36
Board [Ts Ah 7s]
Seat 5: JayEm82 (button) (small blind) folded on the Flop
Seat 6: SmellyToes4u (big blind) collected ($17.64)


PokerStars Hand #149939177992:  Hold'em Limit ($3/$6 USD) - 2016/03/06 13:39:42 ET
Table 'Penelope' 6-max Seat #6 is the button
Seat 5: JayEm82 ($353.53 in chips)
Seat 6: SmellyToes4u ($92.60 in chips)
SmellyToes4u: posts small blind $1
JayEm82: posts big blind $3
*** HOLE CARDS ***
SmellyToes4u: raises $3 to $6
JayEm82: folds
Uncalled bet ($3) returned to SmellyToes4u
SmellyToes4u collected $6 from pot
SmellyToes4u: doesn't show hand
*** SUMMARY ***
Total pot $6 | Rake $0
Seat 5: JayEm82 (big blind) folded before Flop
Seat 6: SmellyToes4u (button) (small blind) collected ($6)


PokerStars Hand #149939123332:  Hold'em Limit ($3/$6 USD) - 2016/03/06 13:38:51 ET
Table 'Penelope' 6-max Seat #6 is the button
Seat 5: JayEm82 ($365.53 in chips)
Seat 6: SmellyToes4u ($81.10 in chips)
SmellyToes4u: posts small blind $1
JayEm82: posts big blind $3
*** HOLE CARDS ***
SmellyToes4u: raises $3 to $6
JayEm82: calls $3
*** FLOP *** [Js 6h Jh]
JayEm82: checks
SmellyToes4u: bets $3
JayEm82: calls $3
*** TURN *** [Js 6h Jh] [Qs]
JayEm82: checks
SmellyToes4u: bets $6
JayEm82: calls $6
*** RIVER *** [Js 6h Jh Qs] [Tc]
JayEm82: checks
SmellyToes4u: bets $6
JayEm82: folds
Uncalled bet ($6) returned to SmellyToes4u
SmellyToes4u collected $29.50 from pot
SmellyToes4u: doesn't show hand
*** SUMMARY ***
Total pot $30 | Rake $0.50
Board [Js 6h Jh Qs Tc]
Seat 5: JayEm82 (big blind) folded on the River
Seat 6: SmellyToes4u (button) (small blind) collected ($29.50)


PokerStars Hand #149939185002:  Hold'em Limit ($3/$6 USD) - 2016/03/06 13:39:48 ET
Table 'Penelope' 6-max Seat #5 is the button
Seat 5: JayEm82 ($350.53 in chips)
Seat 6: SmellyToes4u ($95.60 in chips)
JayEm82: posts small blind $1
SmellyToes4u: posts big blind $3
*** HOLE CARDS ***
JayEm82: raises $3 to $6
SmellyToes4u: calls $3
*** FLOP *** [3s 2h 2d]
SmellyToes4u: checks
JayEm82: bets $3
SmellyToes4u: raises $3 to $6
JayEm82: calls $3
*** TURN *** [3s 2h 2d] [Th]
SmellyToes4u: bets $6
JayEm82: calls $6
*** RIVER *** [3s 2h 2d Th] [Kc]
SmellyToes4u: checks
JayEm82: bets $6
SmellyToes4u: folds
Uncalled bet ($6) returned to JayEm82
JayEm82 collected $35.50 from pot
JayEm82: doesn't show hand
*** SUMMARY ***
Total pot $36 | Rake $0.50
Board [3s 2h 2d Th Kc]
Seat 5: JayEm82 (button) (small blind) collected ($35.50)
Seat 6: SmellyToes4u (big blind) folded on the River


PokerStars Hand #149939229952:  Hold'em Limit ($3/$6 USD) - 2016/03/06 13:40:30 ET
Table 'Penelope' 6-max Seat #6 is the button
Seat 5: JayEm82 ($368.03 in chips)
Seat 6: SmellyToes4u ($77.60 in chips)
SmellyToes4u: posts small blind $1
JayEm82: posts big blind $3
*** HOLE CARDS ***
SmellyToes4u: folds
Uncalled bet ($2) returned to JayEm82
JayEm82 collected $2 from pot
JayEm82: doesn't show hand
*** SUMMARY ***
Total pot $2 | Rake $0
Seat 5: JayEm82 (big blind) collected ($2)
Seat 6: SmellyToes4u (button) (small blind) folded before Flop


PokerStars Hand #149939307823:  Hold'em Limit ($3/$6 USD) - 2016/03/06 13:41:42 ET
Table 'Penelope' 6-max Seat #6 is the button
Seat 5: JayEm82 ($357.03 in chips)
Seat 6: SmellyToes4u ($88.12 in chips)
SmellyToes4u: posts small blind $1
JayEm82: posts big blind $3
*** HOLE CARDS ***
Korish9506 joins the table at seat #3
SmellyToes4u: raises $3 to $6
JayEm82: folds
Uncalled bet ($3) returned to SmellyToes4u
SmellyToes4u collected $6 from pot
SmellyToes4u: doesn't show hand
*** SUMMARY ***
Total pot $6 | Rake $0
Seat 5: JayEm82 (big blind) folded before Flop
Seat 6: SmellyToes4u (button) (small blind) collected ($6)


PokerStars Hand #149939249235:  Hold'em Limit ($3/$6 USD) - 2016/03/06 13:40:48 ET
Table 'Penelope' 6-max Seat #5 is the button
Seat 5: JayEm82 ($369.03 in chips)
Seat 6: SmellyToes4u ($76.60 in chips)
JayEm82: posts small blind $1
SmellyToes4u: posts big blind $3
*** HOLE CARDS ***
JayEm82: raises $3 to $6
SmellyToes4u: raises $3 to $9
JayEm82: calls $3
*** FLOP *** [5s Kc Ts]
SmellyToes4u: bets $3
JayEm82: calls $3
*** TURN *** [5s Kc Ts] [Ad]
SmellyToes4u: checks
JayEm82: checks
*** RIVER *** [5s Kc Ts Ad] [3s]
SmellyToes4u: bets $6
JayEm82: folds
Uncalled bet ($6) returned to SmellyToes4u
SmellyToes4u collected $23.52 from pot
SmellyToes4u: doesn't show hand
*** SUMMARY ***
Total pot $24 | Rake $0.48
Board [5s Kc Ts Ad 3s]
Seat 5: JayEm82 (button) (small blind) folded on the River
Seat 6: SmellyToes4u (big blind) collected ($23.52)


PokerStars Hand #149939316596:  Hold'em Limit ($3/$6 USD) - 2016/03/06 13:41:50 ET
Table 'Penelope' 6-max Seat #5 is the button
Seat 5: JayEm82 ($354.03 in chips)
Seat 6: SmellyToes4u ($91.12 in chips)
JayEm82: posts small blind $1
SmellyToes4u: posts big blind $3
*** HOLE CARDS ***
JayEm82: raises $3 to $6
SmellyToes4u: calls $3
*** FLOP *** [6s Qc 6c]
SmellyToes4u: bets $3
JayEm82: calls $3
*** TURN *** [6s Qc 6c] [Qs]
SmellyToes4u: bets $6
JayEm82: calls $6
*** RIVER *** [6s Qc 6c Qs] [Td]
SmellyToes4u: bets $6
JayEm82: calls $6
*** SHOW DOWN ***
SmellyToes4u: shows [As 3c] (two pair, Queens and Sixes)
JayEm82: shows [9s Ah] (two pair, Queens and Sixes)
SmellyToes4u collected $20.75 from pot
JayEm82 collected $20.75 from pot
*** SUMMARY ***
Total pot $42 | Rake $0.50
Board [6s Qc 6c Qs Td]
Seat 5: JayEm82 (button) (small blind) showed [9s Ah] and won ($20.75) with two pair, Queens and Sixes
Seat 6: SmellyToes4u (big blind) showed [As 3c] and won ($20.75) with two pair, Queens and Sixes


PokerStars Hand #149941266959:  Hold'em Limit ($3/$6 USD) - 2016/03/06 14:13:32 ET
Table 'Penelope' 6-max Seat #1 is the button
Seat 1: Hadart ($105.61 in chips)
Seat 3: Grieserix ($120 in chips)
Hadart: posts small blind $1
ZinZar: is sitting out
ZinZar leaves the table
Grieserix: posts big blind $3
*** HOLE CARDS ***
Hadart: folds
Uncalled bet ($2) returned to Grieserix
Grieserix collected $2 from pot
*** SUMMARY ***
Total pot $2 | Rake $0
Seat 1: Hadart (button) (small blind) folded before Flop
Seat 3: Grieserix (big blind) collected ($2)


