PokerStars Hand #171074307161:  Hold'em Limit ($3/$6 USD) - 2017/05/29 12:37:33 ET
Table 'Peneleos' 10-max Seat #10 is the button
Seat 1: scorpio04 ($150 in chips)
Seat 10: sim5sim5 ($73 in chips)
sim5sim5: posts small blind $1
scorpio04: posts big blind $3
*** HOLE CARDS ***
sim5sim5: raises $3 to $6
scorpio04: calls $3
*** FLOP *** [Qc 4s 7s]
scorpio04: checks
sim5sim5: bets $3
scorpio04: calls $3
*** TURN *** [Qc 4s 7s] [Qh]
scorpio04: checks
sim5sim5: bets $6
scorpio04: folds
Uncalled bet ($6) returned to sim5sim5
sim5sim5 collected $17.64 from pot
sim5sim5: doesn't show hand
*** SUMMARY ***
Total pot $18 | Rake $0.36
Board [Qc 4s 7s Qh]
Seat 1: scorpio04 (big blind) folded on the Turn
Seat 10: sim5sim5 (button) (small blind) collected ($17.64)


PokerStars Hand #171074342743:  Hold'em Limit ($3/$6 USD) - 2017/05/29 12:38:24 ET
Table 'Peneleos' 10-max Seat #1 is the button
Seat 1: scorpio04 ($150 in chips)
Seat 10: sim5sim5 ($81.64 in chips)
scorpio04: posts small blind $1
sim5sim5: posts big blind $3
*** HOLE CARDS ***
scorpio04: raises $3 to $6
sim5sim5: folds
Uncalled bet ($3) returned to scorpio04
scorpio04 collected $6 from pot
scorpio04: doesn't show hand
*** SUMMARY ***
Total pot $6 | Rake $0
Seat 1: scorpio04 (button) (small blind) collected ($6)
Seat 10: sim5sim5 (big blind) folded before Flop


PokerStars Hand #171074350921:  Hold'em Limit ($3/$6 USD) - 2017/05/29 12:38:36 ET
Table 'Peneleos' 10-max Seat #10 is the button
Seat 1: scorpio04 ($153 in chips)
Seat 10: sim5sim5 ($78.64 in chips)
sim5sim5: posts small blind $1
scorpio04: posts big blind $3
*** HOLE CARDS ***
sim5sim5: folds
Uncalled bet ($2) returned to scorpio04
scorpio04 collected $2 from pot
scorpio04: doesn't show hand
*** SUMMARY ***
Total pot $2 | Rake $0
Seat 1: scorpio04 (big blind) collected ($2)
Seat 10: sim5sim5 (button) (small blind) folded before Flop


