PokerStars Hand #169298898268:  Hold'em Limit ($3/$6 USD) - 2017/04/20 7:01:27 ET
Table 'Penelope II' 6-max Seat #1 is the button
Seat 1: apx0surry9 ($111.19 in chips)
Seat 4: Agrotait ($72 in chips)
apx0surry9: posts small blind $1
Agrotait: posts big blind $3
*** HOLE CARDS ***
HAL9QQQ joins the table at seat #2
Solist62119 joins the table at seat #6
apx0surry9: folds
Uncalled bet ($2) returned to Agrotait
Agrotait collected $2 from pot
Agrotait: doesn't show hand
*** SUMMARY ***
Total pot $2 | Rake $0
Seat 1: apx0surry9 (button) (small blind) folded before Flop
Seat 4: Agrotait (big blind) collected ($2)


PokerStars Hand #169299014859:  Hold'em Limit ($3/$6 USD) - 2017/04/20 7:05:44 ET
Table 'Penelope II' 6-max Seat #6 is the button
Seat 4: Agrotait ($122.12 in chips)
Seat 6: Solist62119 ($53.26 in chips)
GBgentle will be allowed to play after the button
Solist62119: posts small blind $1
HAL9QQQ: is sitting out
Agrotait: posts big blind $3
*** HOLE CARDS ***
Solist62119: raises $3 to $6
IGORE4EK265 joins the table at seat #3
Agrotait: calls $3
*** FLOP *** [Qh 9d 8d]
Agrotait: checks
Solist62119: bets $3
Agrotait: calls $3
*** TURN *** [Qh 9d 8d] [Tc]
Agrotait: checks
Solist62119: bets $6
Agrotait: folds
Uncalled bet ($6) returned to Solist62119
Solist62119 collected $17.64 from pot
*** SUMMARY ***
Total pot $18 | Rake $0.36
Board [Qh 9d 8d Tc]
Seat 4: Agrotait (big blind) folded on the Turn
Seat 6: Solist62119 (button) (small blind) collected ($17.64)


PokerStars Hand #169300360559:  Hold'em Limit ($3/$6 USD) - 2017/04/20 7:53:27 ET
Table 'Penelope II' 6-max Seat #2 is the button
Seat 2: Bedard ($72.28 in chips)
Seat 3: iraten8 ($120 in chips)
Bedard: posts small blind $1
iraten8: posts big blind $3
*** HOLE CARDS ***
Bedard: folds
Uncalled bet ($2) returned to iraten8
iraten8 collected $2 from pot
*** SUMMARY ***
Total pot $2 | Rake $0
Seat 2: Bedard (button) (small blind) folded before Flop
Seat 3: iraten8 (big blind) collected ($2)


