PokerStars Hand #149978233984:  Hold'em Limit ($3/$6 USD) - 2016/03/07 8:37:54 ET
Table 'Peneleos III' 6-max Seat #5 is the button
Seat 3: Newheadpoker ($150.76 in chips)
Seat 5: Psynto ($94.40 in chips)
Psynto: posts small blind $1
Newheadpoker: posts big blind $3
*** HOLE CARDS ***
Psynto: raises $3 to $6
Newheadpoker: calls $3
*** FLOP *** [Qs 2s 7c]
Newheadpoker: checks
Psynto: bets $3
Newheadpoker: calls $3
*** TURN *** [Qs 2s 7c] [3h]
Newheadpoker: checks
Psynto: bets $6
Newheadpoker: folds
Uncalled bet ($6) returned to Psynto
Psynto collected $17.64 from pot
Psynto: doesn't show hand
*** SUMMARY ***
Total pot $18 | Rake $0.36
Board [Qs 2s 7c 3h]
Seat 3: Newheadpoker (big blind) folded on the Turn
Seat 5: Psynto (button) (small blind) collected ($17.64)


PokerStars Hand #149978242100:  Hold'em Limit ($3/$6 USD) - 2016/03/07 8:38:08 ET
Table 'Peneleos III' 6-max Seat #3 is the button
Seat 3: Newheadpoker ($141.76 in chips)
Seat 5: Psynto ($103.04 in chips)
Newheadpoker: posts small blind $1
Psynto: posts big blind $3
*** HOLE CARDS ***
Newheadpoker: raises $3 to $6
Psynto: calls $3
*** FLOP *** [Qc Jc Js]
Psynto: checks
Newheadpoker: bets $3
Psynto: calls $3
*** TURN *** [Qc Jc Js] [Ts]
Psynto: checks
Newheadpoker: checks
*** RIVER *** [Qc Jc Js Ts] [7c]
Psynto: bets $6
Newheadpoker: folds
Uncalled bet ($6) returned to Psynto
Psynto collected $17.64 from pot
Psynto: doesn't show hand
*** SUMMARY ***
Total pot $18 | Rake $0.36
Board [Qc Jc Js Ts 7c]
Seat 3: Newheadpoker (button) (small blind) folded on the River
Seat 5: Psynto (big blind) collected ($17.64)


PokerStars Hand #149978223292:  Hold'em Limit ($3/$6 USD) - 2016/03/07 8:37:37 ET
Table 'Peneleos III' 6-max Seat #3 is the button
Seat 3: Newheadpoker ($115.26 in chips)
Seat 5: Psynto ($130.40 in chips)
Newheadpoker: posts small blind $1
Psynto: posts big blind $3
*** HOLE CARDS ***
Newheadpoker: raises $3 to $6
Psynto: raises $3 to $9
Newheadpoker: calls $3
*** FLOP *** [7c 8h Ad]
Psynto: bets $3
Newheadpoker: calls $3
*** TURN *** [7c 8h Ad] [9h]
Psynto: bets $6
Newheadpoker: raises $6 to $12
Psynto: raises $6 to $18
Newheadpoker: raises $6 to $24
Betting is capped
Psynto: calls $6
*** RIVER *** [7c 8h Ad 9h] [As]
Psynto: checks
Newheadpoker: checks
*** SHOW DOWN ***
Psynto: shows [Kc Jd] (a pair of Aces)
Newheadpoker: shows [9d 8c] (two pair, Aces and Nines)
Newheadpoker collected $71.50 from pot
*** SUMMARY ***
Total pot $72 | Rake $0.50
Board [7c 8h Ad 9h As]
Seat 3: Newheadpoker (button) (small blind) showed [9d 8c] and won ($71.50) with two pair, Aces and Nines
Seat 5: Psynto (big blind) showed [Kc Jd] and lost with a pair of Aces


PokerStars Hand #149978220165:  Hold'em Limit ($3/$6 USD) - 2016/03/07 8:37:32 ET
Table 'Peneleos III' 6-max Seat #5 is the button
Seat 3: Newheadpoker ($118.26 in chips)
Seat 5: Psynto ($127.40 in chips)
Psynto: posts small blind $1
Newheadpoker: posts big blind $3
*** HOLE CARDS ***
Psynto: raises $3 to $6
Newheadpoker: folds
Uncalled bet ($3) returned to Psynto
Psynto collected $6 from pot
Psynto: doesn't show hand
*** SUMMARY ***
Total pot $6 | Rake $0
Seat 3: Newheadpoker (big blind) folded before Flop
Seat 5: Psynto (button) (small blind) collected ($6)


PokerStars Hand #149978208779:  Hold'em Limit ($3/$6 USD) - 2016/03/07 8:37:13 ET
Table 'Peneleos III' 6-max Seat #3 is the button
Seat 3: Newheadpoker ($94.76 in chips)
Seat 5: Psynto ($151.40 in chips)
Newheadpoker: posts small blind $1
Psynto: posts big blind $3
*** HOLE CARDS ***
Newheadpoker: raises $3 to $6
Psynto: raises $3 to $9
Newheadpoker: raises $3 to $12
Betting is capped
Psynto: calls $3
*** FLOP *** [8h Kh 5d]
Psynto: checks
Newheadpoker: checks
*** TURN *** [8h Kh 5d] [4s]
Psynto: bets $6
Newheadpoker: calls $6
*** RIVER *** [8h Kh 5d 4s] [7s]
Psynto: bets $6
Newheadpoker: raises $6 to $12
Psynto: folds
Uncalled bet ($6) returned to Newheadpoker
Newheadpoker collected $47.50 from pot
Newheadpoker: doesn't show hand
*** SUMMARY ***
Total pot $48 | Rake $0.50
Board [8h Kh 5d 4s 7s]
Seat 3: Newheadpoker (button) (small blind) collected ($47.50)
Seat 5: Psynto (big blind) folded on the River


PokerStars Hand #149978277848:  Hold'em Limit ($3/$6 USD) - 2016/03/07 8:39:06 ET
Table 'Peneleos III' 6-max Seat #5 is the button
Seat 3: Newheadpoker ($125.52 in chips)
Seat 5: Psynto ($118.20 in chips)
Psynto: posts small blind $1
Newheadpoker: posts big blind $3
*** HOLE CARDS ***
Psynto: raises $3 to $6
Newheadpoker: calls $3
*** FLOP *** [6c 5c Kd]
Newheadpoker: bets $3
Psynto: raises $3 to $6
Newheadpoker: calls $3
*** TURN *** [6c 5c Kd] [Jc]
Newheadpoker: checks
Psynto: bets $6
Newheadpoker: folds
Uncalled bet ($6) returned to Psynto
Psynto collected $23.52 from pot
Psynto: doesn't show hand
*** SUMMARY ***
Total pot $24 | Rake $0.48
Board [6c 5c Kd Jc]
Seat 3: Newheadpoker (big blind) folded on the Turn
Seat 5: Psynto (button) (small blind) collected ($23.52)


PokerStars Hand #149978274669:  Hold'em Limit ($3/$6 USD) - 2016/03/07 8:39:01 ET
Table 'Peneleos III' 6-max Seat #3 is the button
Seat 3: Newheadpoker ($126.52 in chips)
Seat 5: Psynto ($117.20 in chips)
Newheadpoker: posts small blind $1
Psynto: posts big blind $3
*** HOLE CARDS ***
Newheadpoker: folds
Uncalled bet ($2) returned to Psynto
Psynto collected $2 from pot
Psynto: doesn't show hand
*** SUMMARY ***
Total pot $2 | Rake $0
Seat 3: Newheadpoker (button) (small blind) folded before Flop
Seat 5: Psynto (big blind) collected ($2)


PokerStars Hand #149978261788:  Hold'em Limit ($3/$6 USD) - 2016/03/07 8:38:40 ET
Table 'Peneleos III' 6-max Seat #3 is the button
Seat 3: Newheadpoker ($126.76 in chips)
Seat 5: Psynto ($117.44 in chips)
Newheadpoker: posts small blind $1
Psynto: posts big blind $3
*** HOLE CARDS ***
Newheadpoker: raises $3 to $6
Psynto: calls $3
*** FLOP *** [8h 6d Qd]
Psynto: checks
Newheadpoker: checks
*** TURN *** [8h 6d Qd] [Jd]
Psynto: checks
Newheadpoker: bets $6
Psynto: folds
Uncalled bet ($6) returned to Newheadpoker
Newheadpoker collected $11.76 from pot
Newheadpoker: doesn't show hand
*** SUMMARY ***
Total pot $12 | Rake $0.24
Board [8h 6d Qd Jd]
Seat 3: Newheadpoker (button) (small blind) collected ($11.76)
Seat 5: Psynto (big blind) folded on the Turn


PokerStars Hand #149978253084:  Hold'em Limit ($3/$6 USD) - 2016/03/07 8:38:26 ET
Table 'Peneleos III' 6-max Seat #5 is the button
Seat 3: Newheadpoker ($132.76 in chips)
Seat 5: Psynto ($111.68 in chips)
Psynto: posts small blind $1
Newheadpoker: posts big blind $3
*** HOLE CARDS ***
Psynto: raises $3 to $6
Newheadpoker: calls $3
*** FLOP *** [Qh 3s 6h]
Newheadpoker: checks
Psynto: checks
*** TURN *** [Qh 3s 6h] [9c]
Newheadpoker: checks
Psynto: bets $6
Newheadpoker: folds
Uncalled bet ($6) returned to Psynto
Psynto collected $11.76 from pot
Psynto: doesn't show hand
*** SUMMARY ***
Total pot $12 | Rake $0.24
Board [Qh 3s 6h 9c]
Seat 3: Newheadpoker (big blind) folded on the Turn
Seat 5: Psynto (button) (small blind) collected ($11.76)


PokerStars Hand #149978268996:  Hold'em Limit ($3/$6 USD) - 2016/03/07 8:38:52 ET
Table 'Peneleos III' 6-max Seat #5 is the button
Seat 3: Newheadpoker ($132.52 in chips)
Seat 5: Psynto ($111.44 in chips)
Psynto: posts small blind $1
Newheadpoker: posts big blind $3
*** HOLE CARDS ***
Psynto: raises $3 to $6
Newheadpoker: calls $3
*** FLOP *** [9d 3c Ks]
Newheadpoker: checks
Psynto: bets $3
Newheadpoker: folds
Uncalled bet ($3) returned to Psynto
Psynto collected $11.76 from pot
Psynto: doesn't show hand
*** SUMMARY ***
Total pot $12 | Rake $0.24
Board [9d 3c Ks]
Seat 3: Newheadpoker (big blind) folded on the Flop
Seat 5: Psynto (button) (small blind) collected ($11.76)


PokerStars Hand #149978298764:  Hold'em Limit ($3/$6 USD) - 2016/03/07 8:39:41 ET
Table 'Peneleos III' 6-max Seat #5 is the button
Seat 3: Newheadpoker ($137.02 in chips)
Seat 5: Psynto ($105.72 in chips)
Psynto: posts small blind $1
Newheadpoker: posts big blind $3
*** HOLE CARDS ***
Psynto: raises $3 to $6
Newheadpoker: calls $3
*** FLOP *** [3h 9s Td]
Newheadpoker: bets $3
Psynto: calls $3
*** TURN *** [3h 9s Td] [Jc]
Newheadpoker: checks
Psynto: bets $6
Newheadpoker: calls $6
*** RIVER *** [3h 9s Td Jc] [4c]
Newheadpoker: checks
Psynto: bets $6
Newheadpoker: calls $6
*** SHOW DOWN ***
Psynto: shows [Js 7d] (a pair of Jacks)
Newheadpoker: mucks hand
Psynto collected $41.50 from pot
*** SUMMARY ***
Total pot $42 | Rake $0.50
Board [3h 9s Td Jc 4c]
Seat 3: Newheadpoker (big blind) mucked
Seat 5: Psynto (button) (small blind) showed [Js 7d] and won ($41.50) with a pair of Jacks


PokerStars Hand #149978320977:  Hold'em Limit ($3/$6 USD) - 2016/03/07 8:40:17 ET
Table 'Peneleos III' 6-max Seat #5 is the button
Seat 3: Newheadpoker ($121.78 in chips)
Seat 5: Psynto ($120.22 in chips)
Psynto: posts small blind $1
Newheadpoker: posts big blind $3
*** HOLE CARDS ***
Psynto: raises $3 to $6
Newheadpoker: folds
Uncalled bet ($3) returned to Psynto
Psynto collected $6 from pot
Psynto: doesn't show hand
*** SUMMARY ***
Total pot $6 | Rake $0
Seat 3: Newheadpoker (big blind) folded before Flop
Seat 5: Psynto (button) (small blind) collected ($6)


PokerStars Hand #149978313590:  Hold'em Limit ($3/$6 USD) - 2016/03/07 8:40:05 ET
Table 'Peneleos III' 6-max Seat #3 is the button
Seat 3: Newheadpoker ($116.02 in chips)
Seat 5: Psynto ($126.22 in chips)
Newheadpoker: posts small blind $1
Psynto: posts big blind $3
*** HOLE CARDS ***
Newheadpoker: raises $3 to $6
Psynto: calls $3
*** FLOP *** [Kh Jh 6c]
Psynto: checks
Newheadpoker: bets $3
Psynto: folds
Uncalled bet ($3) returned to Newheadpoker
Newheadpoker collected $11.76 from pot
Newheadpoker: doesn't show hand
*** SUMMARY ***
Total pot $12 | Rake $0.24
Board [Kh Jh 6c]
Seat 3: Newheadpoker (button) (small blind) collected ($11.76)
Seat 5: Psynto (big blind) folded on the Flop


PokerStars Hand #149978286805:  Hold'em Limit ($3/$6 USD) - 2016/03/07 8:39:21 ET
Table 'Peneleos III' 6-max Seat #3 is the button
Seat 3: Newheadpoker ($113.52 in chips)
Seat 5: Psynto ($129.72 in chips)
Newheadpoker: posts small blind $1
Psynto: posts big blind $3
*** HOLE CARDS ***
Newheadpoker: raises $3 to $6
Psynto: calls $3
*** FLOP *** [3h Ks 6s]
Psynto: checks
Newheadpoker: bets $3
Psynto: raises $3 to $6
Newheadpoker: calls $3
*** TURN *** [3h Ks 6s] [5c]
Psynto: bets $6
Newheadpoker: calls $6
*** RIVER *** [3h Ks 6s 5c] [Ad]
Psynto: checks
Newheadpoker: bets $6
Psynto: calls $6
*** SHOW DOWN ***
Newheadpoker: shows [Ah 9d] (a pair of Aces)
Psynto: mucks hand
Newheadpoker collected $47.50 from pot
*** SUMMARY ***
Total pot $48 | Rake $0.50
Board [3h Ks 6s 5c Ad]
Seat 3: Newheadpoker (button) (small blind) showed [Ah 9d] and won ($47.50) with a pair of Aces
Seat 5: Psynto (big blind) mucked


PokerStars Hand #149978325444:  Hold'em Limit ($3/$6 USD) - 2016/03/07 8:40:24 ET
Table 'Peneleos III' 6-max Seat #3 is the button
Seat 3: Newheadpoker ($118.78 in chips)
Seat 5: Psynto ($123.22 in chips)
Newheadpoker: posts small blind $1
Psynto: posts big blind $3
*** HOLE CARDS ***
Newheadpoker: raises $3 to $6
Psynto: calls $3
*** FLOP *** [3h Js 5c]
Psynto: checks
Newheadpoker: bets $3
Psynto: folds
Uncalled bet ($3) returned to Newheadpoker
Newheadpoker collected $11.76 from pot
Newheadpoker: doesn't show hand
*** SUMMARY ***
Total pot $12 | Rake $0.24
Board [3h Js 5c]
Seat 3: Newheadpoker (button) (small blind) collected ($11.76)
Seat 5: Psynto (big blind) folded on the Flop


PokerStars Hand #149978341980:  Hold'em Limit ($3/$6 USD) - 2016/03/07 8:40:51 ET
Table 'Peneleos III' 6-max Seat #3 is the button
Seat 3: Newheadpoker ($142.04 in chips)
Seat 5: Psynto ($99.22 in chips)
Newheadpoker: posts small blind $1
Psynto: posts big blind $3
*** HOLE CARDS ***
Newheadpoker: raises $3 to $6
Psynto: raises $3 to $9
Newheadpoker: calls $3
*** FLOP *** [4s Qd 4d]
Psynto: bets $3
Newheadpoker: calls $3
*** TURN *** [4s Qd 4d] [8h]
Psynto: checks
Newheadpoker: checks
*** RIVER *** [4s Qd 4d 8h] [5s]
Psynto: checks
Newheadpoker: checks
*** SHOW DOWN ***
Psynto: shows [Kc Jh] (a pair of Fours)
Newheadpoker: mucks hand
Psynto collected $23.52 from pot
*** SUMMARY ***
Total pot $24 | Rake $0.48
Board [4s Qd 4d 8h 5s]
Seat 3: Newheadpoker (button) (small blind) mucked
Seat 5: Psynto (big blind) showed [Kc Jh] and won ($23.52) with a pair of Fours


PokerStars Hand #149978331798:  Hold'em Limit ($3/$6 USD) - 2016/03/07 8:40:35 ET
Table 'Peneleos III' 6-max Seat #5 is the button
Seat 3: Newheadpoker ($124.54 in chips)
Seat 5: Psynto ($117.22 in chips)
Psynto: posts small blind $1
Newheadpoker: posts big blind $3
*** HOLE CARDS ***
Psynto: raises $3 to $6
Newheadpoker: calls $3
*** FLOP *** [4h 6h Qd]
Newheadpoker: checks
Psynto: bets $3
Newheadpoker: raises $3 to $6
Psynto: calls $3
*** TURN *** [4h 6h Qd] [7d]
Newheadpoker: bets $6
Psynto: calls $6
*** RIVER *** [4h 6h Qd 7d] [9d]
Newheadpoker: checks
Psynto: checks
*** SHOW DOWN ***
Newheadpoker: shows [6s 8h] (a pair of Sixes)
Psynto: mucks hand
Newheadpoker collected $35.50 from pot
*** SUMMARY ***
Total pot $36 | Rake $0.50
Board [4h 6h Qd 7d 9d]
Seat 3: Newheadpoker (big blind) showed [6s 8h] and won ($35.50) with a pair of Sixes
Seat 5: Psynto (button) (small blind) mucked


PokerStars Hand #149978374906:  Hold'em Limit ($3/$6 USD) - 2016/03/07 8:41:45 ET
Table 'Peneleos III' 6-max Seat #5 is the button
Seat 3: Newheadpoker ($109.04 in chips)
Seat 5: Psynto ($131.24 in chips)
Psynto: posts small blind $1
Newheadpoker: posts big blind $3
*** HOLE CARDS ***
Psynto: raises $3 to $6
Newheadpoker: calls $3
*** FLOP *** [2h Td Ah]
Newheadpoker: checks
Psynto: bets $3
Newheadpoker: raises $3 to $6
Psynto: calls $3
*** TURN *** [2h Td Ah] [Kd]
Newheadpoker: bets $6
Psynto: calls $6
*** RIVER *** [2h Td Ah Kd] [8d]
Newheadpoker: checks
Psynto: bets $6
Newheadpoker: calls $6
*** SHOW DOWN ***
Psynto: shows [7h Ac] (a pair of Aces)
Newheadpoker: mucks hand
Psynto collected $47.50 from pot
*** SUMMARY ***
Total pot $48 | Rake $0.50
Board [2h Td Ah Kd 8d]
Seat 3: Newheadpoker (big blind) mucked
Seat 5: Psynto (button) (small blind) showed [7h Ac] and won ($47.50) with a pair of Aces


PokerStars Hand #149978371877:  Hold'em Limit ($3/$6 USD) - 2016/03/07 8:41:40 ET
Table 'Peneleos III' 6-max Seat #3 is the button
Seat 3: Newheadpoker ($110.04 in chips)
Seat 5: Psynto ($130.24 in chips)
Newheadpoker: posts small blind $1
Psynto: posts big blind $3
*** HOLE CARDS ***
Newheadpoker: folds
Uncalled bet ($2) returned to Psynto
Psynto collected $2 from pot
Psynto: doesn't show hand
*** SUMMARY ***
Total pot $2 | Rake $0
Seat 3: Newheadpoker (button) (small blind) folded before Flop
Seat 5: Psynto (big blind) collected ($2)


PokerStars Hand #149978369131:  Hold'em Limit ($3/$6 USD) - 2016/03/07 8:41:36 ET
Table 'Peneleos III' 6-max Seat #5 is the button
Seat 3: Newheadpoker ($109.04 in chips)
Seat 5: Psynto ($131.24 in chips)
Psynto: posts small blind $1
Newheadpoker: posts big blind $3
*** HOLE CARDS ***
Psynto: folds
Uncalled bet ($2) returned to Newheadpoker
Newheadpoker collected $2 from pot
Newheadpoker: doesn't show hand
*** SUMMARY ***
Total pot $2 | Rake $0
Seat 3: Newheadpoker (big blind) collected ($2)
Seat 5: Psynto (button) (small blind) folded before Flop


PokerStars Hand #149978396756:  Hold'em Limit ($3/$6 USD) - 2016/03/07 8:42:21 ET
Table 'Peneleos III' 6-max Seat #5 is the button
Seat 3: Newheadpoker ($99.54 in chips)
Seat 5: Psynto ($139.74 in chips)
Psynto: posts small blind $1
Newheadpoker: posts big blind $3
*** HOLE CARDS ***
Psynto: raises $3 to $6
Newheadpoker: folds
Uncalled bet ($3) returned to Psynto
Psynto collected $6 from pot
Psynto: doesn't show hand
*** SUMMARY ***
Total pot $6 | Rake $0
Seat 3: Newheadpoker (big blind) folded before Flop
Seat 5: Psynto (button) (small blind) collected ($6)


PokerStars Hand #149978387458:  Hold'em Limit ($3/$6 USD) - 2016/03/07 8:42:06 ET
Table 'Peneleos III' 6-max Seat #3 is the button
Seat 3: Newheadpoker ($85.04 in chips)
Seat 5: Psynto ($154.74 in chips)
Newheadpoker: posts small blind $1
Psynto: posts big blind $3
*** HOLE CARDS ***
Newheadpoker: raises $3 to $6
Psynto: calls $3
*** FLOP *** [Ts 6h 7h]
Psynto: checks
Newheadpoker: bets $3
Psynto: calls $3
*** TURN *** [Ts 6h 7h] [Js]
Psynto: checks
Newheadpoker: bets $6
Psynto: calls $6
*** RIVER *** [Ts 6h 7h Js] [Ah]
Psynto: checks
Newheadpoker: bets $6
Psynto: folds
Uncalled bet ($6) returned to Newheadpoker
Newheadpoker collected $29.50 from pot
Newheadpoker: doesn't show hand
*** SUMMARY ***
Total pot $30 | Rake $0.50
Board [Ts 6h 7h Js Ah]
Seat 3: Newheadpoker (button) (small blind) collected ($29.50)
Seat 5: Psynto (big blind) folded on the River


PokerStars Hand #149978365552:  Hold'em Limit ($3/$6 USD) - 2016/03/07 8:41:30 ET
Table 'Peneleos III' 6-max Seat #3 is the button
Seat 3: Newheadpoker ($106.04 in chips)
Seat 5: Psynto ($134.24 in chips)
Newheadpoker: posts small blind $1
Psynto: posts big blind $3
*** HOLE CARDS ***
Newheadpoker: raises $3 to $6
Psynto: folds
Uncalled bet ($3) returned to Newheadpoker
Newheadpoker collected $6 from pot
Newheadpoker: doesn't show hand
*** SUMMARY ***
Total pot $6 | Rake $0
Seat 3: Newheadpoker (button) (small blind) collected ($6)
Seat 5: Psynto (big blind) folded before Flop


PokerStars Hand #149978352805:  Hold'em Limit ($3/$6 USD) - 2016/03/07 8:41:09 ET
Table 'Peneleos III' 6-max Seat #5 is the button
Seat 3: Newheadpoker ($130.04 in chips)
Seat 5: Psynto ($110.74 in chips)
Psynto: posts small blind $1
Newheadpoker: posts big blind $3
*** HOLE CARDS ***
Psynto: raises $3 to $6
Newheadpoker: raises $3 to $9
Psynto: calls $3
*** FLOP *** [9s Ah 5h]
Newheadpoker: bets $3
Psynto: calls $3
*** TURN *** [9s Ah 5h] [3d]
Newheadpoker: bets $6
Psynto: calls $6
*** RIVER *** [9s Ah 5h 3d] [9c]
Newheadpoker: bets $6
Psynto: raises $6 to $12
Newheadpoker: folds
Uncalled bet ($6) returned to Psynto
Psynto collected $47.50 from pot
Psynto: doesn't show hand
*** SUMMARY ***
Total pot $48 | Rake $0.50
Board [9s Ah 5h 3d 9c]
Seat 3: Newheadpoker (big blind) folded on the River
Seat 5: Psynto (button) (small blind) collected ($47.50)


PokerStars Hand #149978415433:  Hold'em Limit ($3/$6 USD) - 2016/03/07 8:42:51 ET
Table 'Peneleos III' 6-max Seat #3 is the button
Seat 3: Newheadpoker ($110.94 in chips)
Seat 5: Psynto ($127.74 in chips)
Newheadpoker: posts small blind $1
Psynto: posts big blind $3
*** HOLE CARDS ***
Newheadpoker: raises $3 to $6
Psynto: calls $3
*** FLOP *** [9s 7d 5s]
Psynto: checks
Newheadpoker: checks
*** TURN *** [9s 7d 5s] [Ah]
Psynto: checks
Newheadpoker: bets $6
Psynto: folds
Uncalled bet ($6) returned to Newheadpoker
Newheadpoker collected $11.76 from pot
Newheadpoker: doesn't show hand
*** SUMMARY ***
Total pot $12 | Rake $0.24
Board [9s 7d 5s Ah]
Seat 3: Newheadpoker (button) (small blind) collected ($11.76)
Seat 5: Psynto (big blind) folded on the Turn


PokerStars Hand #149978406347:  Hold'em Limit ($3/$6 USD) - 2016/03/07 8:42:37 ET
Table 'Peneleos III' 6-max Seat #5 is the button
Seat 3: Newheadpoker ($102.30 in chips)
Seat 5: Psynto ($136.74 in chips)
Psynto: posts small blind $1
Newheadpoker: posts big blind $3
*** HOLE CARDS ***
Psynto: raises $3 to $6
Newheadpoker: raises $3 to $9
Psynto: calls $3
*** FLOP *** [6s Jd 8c]
Newheadpoker: bets $3
Psynto: folds
Uncalled bet ($3) returned to Newheadpoker
Newheadpoker collected $17.64 from pot
Newheadpoker: doesn't show hand
*** SUMMARY ***
Total pot $18 | Rake $0.36
Board [6s Jd 8c]
Seat 3: Newheadpoker (big blind) collected ($17.64)
Seat 5: Psynto (button) (small blind) folded on the Flop


PokerStars Hand #149978400043:  Hold'em Limit ($3/$6 USD) - 2016/03/07 8:42:26 ET
Table 'Peneleos III' 6-max Seat #3 is the button
Seat 3: Newheadpoker ($96.54 in chips)
Seat 5: Psynto ($142.74 in chips)
Newheadpoker: posts small blind $1
Psynto: posts big blind $3
*** HOLE CARDS ***
Newheadpoker: raises $3 to $6
Psynto: calls $3
*** FLOP *** [Tc 3d Td]
Psynto: checks
Newheadpoker: bets $3
Psynto: folds
Uncalled bet ($3) returned to Newheadpoker
Newheadpoker collected $11.76 from pot
Newheadpoker: doesn't show hand
*** SUMMARY ***
Total pot $12 | Rake $0.24
Board [Tc 3d Td]
Seat 3: Newheadpoker (button) (small blind) collected ($11.76)
Seat 5: Psynto (big blind) folded on the Flop


PokerStars Hand #149978437274:  Hold'em Limit ($3/$6 USD) - 2016/03/07 8:43:27 ET
Table 'Peneleos III' 6-max Seat #3 is the button
Seat 3: Newheadpoker ($89.70 in chips)
Seat 5: Psynto ($148.24 in chips)
Newheadpoker: posts small blind $1
Psynto: posts big blind $3
*** HOLE CARDS ***
Newheadpoker: raises $3 to $6
Psynto: calls $3
*** FLOP *** [8c As Jh]
Psynto: checks
Newheadpoker: bets $3
Psynto: folds
Uncalled bet ($3) returned to Newheadpoker
Newheadpoker collected $11.76 from pot
Newheadpoker: doesn't show hand
*** SUMMARY ***
Total pot $12 | Rake $0.24
Board [8c As Jh]
Seat 3: Newheadpoker (button) (small blind) collected ($11.76)
Seat 5: Psynto (big blind) folded on the Flop


PokerStars Hand #149978457969:  Hold'em Limit ($3/$6 USD) - 2016/03/07 8:44:00 ET
Table 'Peneleos III' 6-max Seat #3 is the button
Seat 3: Newheadpoker ($83.46 in chips)
Seat 5: Psynto ($153.76 in chips)
Newheadpoker: posts small blind $1
Psynto: posts big blind $3
*** HOLE CARDS ***
Newheadpoker: folds
Uncalled bet ($2) returned to Psynto
Psynto collected $2 from pot
Psynto: doesn't show hand
*** SUMMARY ***
Total pot $2 | Rake $0
Seat 3: Newheadpoker (button) (small blind) folded before Flop
Seat 5: Psynto (big blind) collected ($2)


PokerStars Hand #149978446452:  Hold'em Limit ($3/$6 USD) - 2016/03/07 8:43:42 ET
Table 'Peneleos III' 6-max Seat #5 is the button
Seat 3: Newheadpoker ($95.46 in chips)
Seat 5: Psynto ($142.24 in chips)
Psynto: posts small blind $1
Newheadpoker: posts big blind $3
*** HOLE CARDS ***
Psynto: raises $3 to $6
Newheadpoker: raises $3 to $9
Psynto: calls $3
*** FLOP *** [Qd 4d 6h]
Newheadpoker: bets $3
Psynto: calls $3
*** TURN *** [Qd 4d 6h] [2h]
Newheadpoker: checks
Psynto: bets $6
Newheadpoker: folds
Uncalled bet ($6) returned to Psynto
Psynto collected $23.52 from pot
Psynto: doesn't show hand
*** SUMMARY ***
Total pot $24 | Rake $0.48
Board [Qd 4d 6h 2h]
Seat 3: Newheadpoker (big blind) folded on the Turn
Seat 5: Psynto (button) (small blind) collected ($23.52)


PokerStars Hand #149978422278:  Hold'em Limit ($3/$6 USD) - 2016/03/07 8:43:02 ET
Table 'Peneleos III' 6-max Seat #5 is the button
Seat 3: Newheadpoker ($116.70 in chips)
Seat 5: Psynto ($121.74 in chips)
Psynto: posts small blind $1
Newheadpoker: posts big blind $3
*** HOLE CARDS ***
Psynto: raises $3 to $6
Newheadpoker: raises $3 to $9
Psynto: calls $3
*** FLOP *** [4c Tc Js]
Newheadpoker: bets $3
Psynto: raises $3 to $6
Newheadpoker: calls $3
*** TURN *** [4c Tc Js] [5c]
Newheadpoker: checks
Psynto: bets $6
Newheadpoker: calls $6
*** RIVER *** [4c Tc Js 5c] [5d]
Newheadpoker: checks
Psynto: bets $6
Newheadpoker: calls $6
*** SHOW DOWN ***
Psynto: shows [Ts 7s] (two pair, Tens and Fives)
Newheadpoker: mucks hand
Psynto collected $53.50 from pot
*** SUMMARY ***
Total pot $54 | Rake $0.50
Board [4c Tc Js 5c 5d]
Seat 3: Newheadpoker (big blind) mucked
Seat 5: Psynto (button) (small blind) showed [Ts 7s] and won ($53.50) with two pair, Tens and Fives


PokerStars Hand #149978477710:  Hold'em Limit ($3/$6 USD) - 2016/03/07 8:44:34 ET
Table 'Peneleos III' 6-max Seat #5 is the button
Seat 3: Newheadpoker ($96.96 in chips)
Seat 5: Psynto ($139.52 in chips)
Psynto: posts small blind $1
Newheadpoker: posts big blind $3
*** HOLE CARDS ***
Psynto: raises $3 to $6
Newheadpoker: calls $3
*** FLOP *** [Kc 2s 8h]
Newheadpoker: checks
Psynto: bets $3
Newheadpoker: calls $3
*** TURN *** [Kc 2s 8h] [2c]
Newheadpoker: checks
Psynto: bets $6
Newheadpoker: raises $6 to $12
Psynto: calls $6
*** RIVER *** [Kc 2s 8h 2c] [9s]
Newheadpoker: bets $6
Psynto: calls $6
*** SHOW DOWN ***
Newheadpoker: shows [Kd 4s] (two pair, Kings and Deuces)
Psynto: shows [Kh Jh] (two pair, Kings and Deuces - Jack kicker)
Psynto collected $53.50 from pot
*** SUMMARY ***
Total pot $54 | Rake $0.50
Board [Kc 2s 8h 2c 9s]
Seat 3: Newheadpoker (big blind) showed [Kd 4s] and lost with two pair, Kings and Deuces
Seat 5: Psynto (button) (small blind) showed [Kh Jh] and won ($53.50) with two pair, Kings and Deuces


PokerStars Hand #149978491835:  Hold'em Limit ($3/$6 USD) - 2016/03/07 8:44:57 ET
Table 'Peneleos III' 6-max Seat #5 is the button
Seat 3: Newheadpoker ($68.96 in chips)
Seat 5: Psynto ($167.02 in chips)
Psynto: posts small blind $1
Newheadpoker: posts big blind $3
*** HOLE CARDS ***
Psynto: folds
Uncalled bet ($2) returned to Newheadpoker
Newheadpoker collected $2 from pot
Newheadpoker: doesn't show hand
*** SUMMARY ***
Total pot $2 | Rake $0
Seat 3: Newheadpoker (big blind) collected ($2)
Seat 5: Psynto (button) (small blind) folded before Flop


PokerStars Hand #149978488636:  Hold'em Limit ($3/$6 USD) - 2016/03/07 8:44:52 ET
Table 'Peneleos III' 6-max Seat #3 is the button
Seat 3: Newheadpoker ($69.96 in chips)
Seat 5: Psynto ($166.02 in chips)
Newheadpoker: posts small blind $1
Psynto: posts big blind $3
*** HOLE CARDS ***
Newheadpoker: folds
Uncalled bet ($2) returned to Psynto
Psynto collected $2 from pot
Psynto: doesn't show hand
*** SUMMARY ***
Total pot $2 | Rake $0
Seat 3: Newheadpoker (button) (small blind) folded before Flop
Seat 5: Psynto (big blind) collected ($2)


PokerStars Hand #149978466687:  Hold'em Limit ($3/$6 USD) - 2016/03/07 8:44:15 ET
Table 'Peneleos III' 6-max Seat #3 is the button
Seat 3: Newheadpoker ($76.46 in chips)
Seat 5: Psynto ($160.52 in chips)
Newheadpoker: posts small blind $1
Psynto: posts big blind $3
*** HOLE CARDS ***
Newheadpoker: raises $3 to $6
Psynto: calls $3
*** FLOP *** [Js Td 5h]
Psynto: checks
Newheadpoker: bets $3
Psynto: raises $3 to $6
Newheadpoker: raises $3 to $9
Psynto: calls $3
*** TURN *** [Js Td 5h] [Jc]
Psynto: checks
Newheadpoker: checks
*** RIVER *** [Js Td 5h Jc] [3h]
Psynto: bets $6
Newheadpoker: calls $6
*** SHOW DOWN ***
Psynto: shows [9d Ks] (a pair of Jacks)
Newheadpoker: shows [5d 4d] (two pair, Jacks and Fives)
Newheadpoker collected $41.50 from pot
*** SUMMARY ***
Total pot $42 | Rake $0.50
Board [Js Td 5h Jc 3h]
Seat 3: Newheadpoker (button) (small blind) showed [5d 4d] and won ($41.50) with two pair, Jacks and Fives
Seat 5: Psynto (big blind) showed [9d Ks] and lost with a pair of Jacks


PokerStars Hand #149978507765:  Hold'em Limit ($3/$6 USD) - 2016/03/07 8:45:23 ET
Table 'Peneleos III' 6-max Seat #5 is the button
Seat 3: Newheadpoker ($57.96 in chips)
Seat 5: Psynto ($177.54 in chips)
Psynto: posts small blind $1
Newheadpoker: posts big blind $3
*** HOLE CARDS ***
Psynto: raises $3 to $6
Newheadpoker: raises $3 to $9
Psynto: calls $3
*** FLOP *** [9d 3h Ah]
Newheadpoker: bets $3
Psynto: calls $3
*** TURN *** [9d 3h Ah] [9s]
Newheadpoker: bets $6
Psynto: raises $6 to $12
Newheadpoker: raises $6 to $18
Psynto: calls $6
*** RIVER *** [9d 3h Ah 9s] [7s]
Newheadpoker: checks
Psynto: bets $6
Newheadpoker: folds
Uncalled bet ($6) returned to Psynto
Psynto collected $59.50 from pot
Psynto: doesn't show hand
*** SUMMARY ***
Total pot $60 | Rake $0.50
Board [9d 3h Ah 9s 7s]
Seat 3: Newheadpoker (big blind) folded on the River
Seat 5: Psynto (button) (small blind) collected ($59.50)


PokerStars Hand #149978526385:  Hold'em Limit ($3/$6 USD) - 2016/03/07 8:45:53 ET
Table 'Peneleos III' 6-max Seat #3 is the button
Seat 3: Newheadpoker ($27.96 in chips)
Seat 5: Psynto ($207.04 in chips)
Newheadpoker: posts small blind $1
Psynto: posts big blind $3
*** HOLE CARDS ***
Newheadpoker: raises $3 to $6
Psynto: calls $3
*** FLOP *** [6h Qs 9h]
Psynto: checks
Poo Chana joins the table at seat #2
Newheadpoker: bets $3
Psynto: calls $3
*** TURN *** [6h Qs 9h] [Qd]
Psynto: checks
Newheadpoker: checks
*** RIVER *** [6h Qs 9h Qd] [8c]
Psynto: bets $6
Newheadpoker: folds
Uncalled bet ($6) returned to Psynto
Psynto collected $17.64 from pot
Psynto: doesn't show hand
*** SUMMARY ***
Total pot $18 | Rake $0.36
Board [6h Qs 9h Qd 8c]
Seat 3: Newheadpoker (button) (small blind) folded on the River
Seat 5: Psynto (big blind) collected ($17.64)


