PokerStars Hand #154460088120:  Hold'em Limit ($3/$6 USD) - 2016/06/08 10:24:34 ET
Table 'Peneleos' 6-max Seat #5 is the button
Seat 1: Vincenzo Vs ($127.96 in chips)
Seat 5: krossguard ($123.66 in chips)
krossguard: posts small blind $1
Vincenzo Vs: posts big blind $3
*** HOLE CARDS ***
krossguard: raises $3 to $6
Vincenzo Vs: folds
Uncalled bet ($3) returned to krossguard
tamnt10549 joins the table at seat #3
krossguard collected $6 from pot
krossguard: doesn't show hand
*** SUMMARY ***
Total pot $6 | Rake $0
Seat 1: Vincenzo Vs (big blind) folded before Flop
Seat 5: krossguard (button) (small blind) collected ($6)


PokerStars Hand #154460085073:  Hold'em Limit ($3/$6 USD) - 2016/06/08 10:24:29 ET
Table 'Peneleos' 6-max Seat #1 is the button
Seat 1: Vincenzo Vs ($128.96 in chips)
Seat 5: krossguard ($122.66 in chips)
Vincenzo Vs: posts small blind $1
B_loJkl: is sitting out
krossguard: posts big blind $3
*** HOLE CARDS ***
Vincenzo Vs: folds
Uncalled bet ($2) returned to krossguard
krossguard collected $2 from pot
krossguard: doesn't show hand
*** SUMMARY ***
Total pot $2 | Rake $0
Seat 1: Vincenzo Vs (button) (small blind) folded before Flop
Seat 5: krossguard (big blind) collected ($2)


PokerStars Hand #154462071236:  Hold'em Limit ($3/$6 USD) - 2016/06/08 11:20:02 ET
Table 'Peneleos' 6-max Seat #2 is the button
Seat 2: lelala ($22.98 in chips)
Seat 5: tomte999 ($89.19 in chips)
lelala: posts small blind $1
B_loJkl: is sitting out
tomte999: posts big blind $3
*** HOLE CARDS ***
B_loJkl leaves the table
lelala: folds
Uncalled bet ($2) returned to tomte999
tomte999 collected $2 from pot
tomte999: doesn't show hand
lelala leaves the table
*** SUMMARY ***
Total pot $2 | Rake $0
Seat 2: lelala (button) (small blind) folded before Flop
Seat 5: tomte999 (big blind) collected ($2)


