PokerStars Hand #154035298466:  Hold'em Limit ($3/$6 USD) - 2016/05/30 1:37:06 ET
Table 'Penelope' 6-max Seat #3 is the button
Seat 2: buddhasway ($111.16 in chips)
Seat 3: LifeisagameX ($23 in chips)
LifeisagameX: posts small blind $1
buddhasway: posts big blind $3
*** HOLE CARDS ***
LifeisagameX: raises $3 to $6
buddhasway: calls $3
*** FLOP *** [Td 2s Tc]
buddhasway: checks
LifeisagameX: bets $3
buddhasway: folds
Uncalled bet ($3) returned to LifeisagameX
LifeisagameX collected $11.76 from pot
LifeisagameX: doesn't show hand
*** SUMMARY ***
Total pot $12 | Rake $0.24
Board [Td 2s Tc]
Seat 2: buddhasway (big blind) folded on the Flop
Seat 3: LifeisagameX (button) (small blind) collected ($11.76)


PokerStars Hand #154035293870:  Hold'em Limit ($3/$6 USD) - 2016/05/30 1:36:45 ET
Table 'Penelope' 6-max Seat #2 is the button
Seat 2: buddhasway ($105.40 in chips)
Seat 3: LifeisagameX ($29 in chips)
buddhasway: posts small blind $1
LifeisagameX: posts big blind $3
*** HOLE CARDS ***
buddhasway: raises $3 to $6
LifeisagameX: calls $3
*** FLOP *** [As 4d Qd]
LifeisagameX: checks
buddhasway: bets $3
LifeisagameX: folds
Uncalled bet ($3) returned to buddhasway
buddhasway collected $11.76 from pot
buddhasway: doesn't show hand
*** SUMMARY ***
Total pot $12 | Rake $0.24
Board [As 4d Qd]
Seat 2: buddhasway (button) (small blind) collected ($11.76)
Seat 3: LifeisagameX (big blind) folded on the Flop


PokerStars Hand #154035304425:  Hold'em Limit ($3/$6 USD) - 2016/05/30 1:37:31 ET
Table 'Penelope' 6-max Seat #2 is the button
Seat 2: buddhasway ($105.16 in chips)
Seat 3: LifeisagameX ($28.76 in chips)
buddhasway: posts small blind $1
LifeisagameX: posts big blind $3
*** HOLE CARDS ***
buddhasway: raises $3 to $6
LifeisagameX: calls $3
*** FLOP *** [5c Tc 6s]
LifeisagameX: checks
buddhasway: bets $3
LifeisagameX: folds
Uncalled bet ($3) returned to buddhasway
buddhasway collected $11.76 from pot
buddhasway: doesn't show hand
*** SUMMARY ***
Total pot $12 | Rake $0.24
Board [5c Tc 6s]
Seat 2: buddhasway (button) (small blind) collected ($11.76)
Seat 3: LifeisagameX (big blind) folded on the Flop


PokerStars Hand #154035318348:  Hold'em Limit ($3/$6 USD) - 2016/05/30 1:38:31 ET
Table 'Penelope' 6-max Seat #3 is the button
Seat 2: buddhasway ($110.92 in chips)
Seat 3: LifeisagameX ($22.76 in chips)
LifeisagameX: posts small blind $1
buddhasway: posts big blind $3
*** HOLE CARDS ***
LifeisagameX: raises $3 to $6
buddhasway: raises $3 to $9
LifeisagameX: calls $3
*** FLOP *** [3s 9c 8h]
buddhasway: bets $3
LifeisagameX: calls $3
*** TURN *** [3s 9c 8h] [5c]
buddhasway: bets $6
LifeisagameX: raises $4.76 to $10.76 and is all-in
buddhasway: calls $4.76
*** RIVER *** [3s 9c 8h 5c] [Th]
*** SHOW DOWN ***
buddhasway: shows [Qc Qh] (a pair of Queens)
LifeisagameX: shows [Ah 9d] (a pair of Nines)
buddhasway collected $45.02 from pot
*** SUMMARY ***
Total pot $45.52 | Rake $0.50
Board [3s 9c 8h 5c Th]
Seat 2: buddhasway (big blind) showed [Qc Qh] and won ($45.02) with a pair of Queens
Seat 3: LifeisagameX (button) (small blind) showed [Ah 9d] and lost with a pair of Nines


PokerStars Hand #154035336003:  Hold'em Limit ($3/$6 USD) - 2016/05/30 1:39:20 ET
Table 'Penelope' 6-max Seat #2 is the button
Seat 2: buddhasway ($133.18 in chips)
Seat 3: LifeisagameX ($60 in chips)
buddhasway: posts small blind $1
LifeisagameX: posts big blind $3
*** HOLE CARDS ***
buddhasway: raises $3 to $6
LifeisagameX: calls $3
*** FLOP *** [8d 7c 5h]
LifeisagameX: checks
buddhasway: bets $3
LifeisagameX: calls $3
*** TURN *** [8d 7c 5h] [Tc]
LifeisagameX: checks
buddhasway: bets $6
LifeisagameX: folds
Uncalled bet ($6) returned to buddhasway
buddhasway collected $17.64 from pot
buddhasway: doesn't show hand
*** SUMMARY ***
Total pot $18 | Rake $0.36
Board [8d 7c 5h Tc]
Seat 2: buddhasway (button) (small blind) collected ($17.64)
Seat 3: LifeisagameX (big blind) folded on the Turn


PokerStars Hand #154035354764:  Hold'em Limit ($3/$6 USD) - 2016/05/30 1:40:41 ET
Table 'Penelope' 6-max Seat #2 is the button
Seat 2: buddhasway ($162.32 in chips)
Seat 3: LifeisagameX ($30 in chips)
buddhasway: posts small blind $1
LifeisagameX: posts big blind $3
*** HOLE CARDS ***
buddhasway: folds
Uncalled bet ($2) returned to LifeisagameX
LifeisagameX collected $2 from pot
LifeisagameX: doesn't show hand
*** SUMMARY ***
Total pot $2 | Rake $0
Seat 2: buddhasway (button) (small blind) folded before Flop
Seat 3: LifeisagameX (big blind) collected ($2)


PokerStars Hand #154035344535:  Hold'em Limit ($3/$6 USD) - 2016/05/30 1:39:57 ET
Table 'Penelope' 6-max Seat #3 is the button
Seat 2: buddhasway ($141.82 in chips)
Seat 3: LifeisagameX ($51 in chips)
LifeisagameX: posts small blind $1
buddhasway: posts big blind $3
*** HOLE CARDS ***
LifeisagameX: raises $3 to $6
buddhasway: calls $3
*** FLOP *** [2h 5s 4s]
buddhasway: checks
LifeisagameX: bets $3
buddhasway: calls $3
*** TURN *** [2h 5s 4s] [8d]
buddhasway: checks
LifeisagameX: bets $6
buddhasway: calls $6
*** RIVER *** [2h 5s 4s 8d] [4d]
buddhasway: checks
LifeisagameX: bets $6
buddhasway: calls $6
*** SHOW DOWN ***
LifeisagameX: shows [Ts 6h] (a pair of Fours)
buddhasway: shows [7s Kd] (a pair of Fours - King kicker)
buddhasway collected $41.50 from pot
*** SUMMARY ***
Total pot $42 | Rake $0.50
Board [2h 5s 4s 8d 4d]
Seat 2: buddhasway (big blind) showed [7s Kd] and won ($41.50) with a pair of Fours
Seat 3: LifeisagameX (button) (small blind) showed [Ts 6h] and lost with a pair of Fours


PokerStars Hand #154035379338:  Hold'em Limit ($3/$6 USD) - 2016/05/30 1:42:28 ET
Table 'Penelope' 6-max Seat #2 is the button
Seat 2: buddhasway ($165.82 in chips)
Seat 3: LifeisagameX ($49.97 in chips)
buddhasway: posts small blind $1
LifeisagameX: posts big blind $3
*** HOLE CARDS ***
buddhasway: folds
Uncalled bet ($2) returned to LifeisagameX
LifeisagameX collected $2 from pot
LifeisagameX: doesn't show hand
*** SUMMARY ***
Total pot $2 | Rake $0
Seat 2: buddhasway (button) (small blind) folded before Flop
Seat 3: LifeisagameX (big blind) collected ($2)


PokerStars Hand #154035369442:  Hold'em Limit ($3/$6 USD) - 2016/05/30 1:41:45 ET
Table 'Penelope' 6-max Seat #3 is the button
Seat 2: buddhasway ($151.32 in chips)
Seat 3: LifeisagameX ($64.97 in chips)
LifeisagameX: posts small blind $1
buddhasway: posts big blind $3
*** HOLE CARDS ***
LifeisagameX: raises $3 to $6
buddhasway: calls $3
*** FLOP *** [2h 9s 3d]
buddhasway: checks
LifeisagameX: bets $3
buddhasway: calls $3
*** TURN *** [2h 9s 3d] [8h]
buddhasway: checks
LifeisagameX: checks
*** RIVER *** [2h 9s 3d 8h] [4s]
buddhasway: bets $6
LifeisagameX: calls $6
*** SHOW DOWN ***
buddhasway: shows [Ah 8c] (a pair of Eights)
LifeisagameX: mucks hand
buddhasway collected $29.50 from pot
*** SUMMARY ***
Total pot $30 | Rake $0.50
Board [2h 9s 3d 8h 4s]
Seat 2: buddhasway (big blind) showed [Ah 8c] and won ($29.50) with a pair of Eights
Seat 3: LifeisagameX (button) (small blind) mucked


PokerStars Hand #154035368129:  Hold'em Limit ($3/$6 USD) - 2016/05/30 1:41:39 ET
Table 'Penelope' 6-max Seat #2 is the button
Seat 2: buddhasway ($152.32 in chips)
Seat 3: LifeisagameX ($63.97 in chips)
buddhasway: posts small blind $1
LifeisagameX: posts big blind $3
*** HOLE CARDS ***
buddhasway: folds
Uncalled bet ($2) returned to LifeisagameX
LifeisagameX collected $2 from pot
LifeisagameX: doesn't show hand
*** SUMMARY ***
Total pot $2 | Rake $0
Seat 2: buddhasway (button) (small blind) folded before Flop
Seat 3: LifeisagameX (big blind) collected ($2)


PokerStars Hand #154035357920:  Hold'em Limit ($3/$6 USD) - 2016/05/30 1:40:55 ET
Table 'Penelope' 6-max Seat #3 is the button
Seat 2: buddhasway ($161.32 in chips)
Seat 3: LifeisagameX ($55.33 in chips)
LifeisagameX: posts small blind $1
buddhasway: posts big blind $3
*** HOLE CARDS ***
LifeisagameX: raises $3 to $6
buddhasway: calls $3
*** FLOP *** [4h 8c 9d]
buddhasway: checks
LifeisagameX: bets $3
buddhasway: calls $3
*** TURN *** [4h 8c 9d] [9c]
buddhasway: checks
LifeisagameX: checks
*** RIVER *** [4h 8c 9d 9c] [9h]
buddhasway: checks
LifeisagameX: bets $6
buddhasway: folds
Uncalled bet ($6) returned to LifeisagameX
LifeisagameX collected $17.64 from pot
LifeisagameX: doesn't show hand
*** SUMMARY ***
Total pot $18 | Rake $0.36
Board [4h 8c 9d 9c 9h]
Seat 2: buddhasway (big blind) folded on the River
Seat 3: LifeisagameX (button) (small blind) collected ($17.64)


PokerStars Hand #154035381230:  Hold'em Limit ($3/$6 USD) - 2016/05/30 1:42:37 ET
Table 'Penelope' 6-max Seat #3 is the button
Seat 2: buddhasway ($164.82 in chips)
Seat 3: LifeisagameX ($50.97 in chips)
LifeisagameX: posts small blind $1
buddhasway: posts big blind $3
*** HOLE CARDS ***
LifeisagameX: raises $3 to $6
buddhasway: folds
Uncalled bet ($3) returned to LifeisagameX
LifeisagameX collected $6 from pot
LifeisagameX: doesn't show hand
*** SUMMARY ***
Total pot $6 | Rake $0
Seat 2: buddhasway (big blind) folded before Flop
Seat 3: LifeisagameX (button) (small blind) collected ($6)


PokerStars Hand #154035396001:  Hold'em Limit ($3/$6 USD) - 2016/05/30 1:43:41 ET
Table 'Penelope' 6-max Seat #3 is the button
Seat 2: buddhasway ($146.82 in chips)
Seat 3: LifeisagameX ($68.47 in chips)
LifeisagameX: posts small blind $1
buddhasway: posts big blind $3
*** HOLE CARDS ***
LifeisagameX: raises $3 to $6
buddhasway: calls $3
*** FLOP *** [Qc 3h Js]
buddhasway: checks
LifeisagameX: bets $3
buddhasway: calls $3
*** TURN *** [Qc 3h Js] [7c]
Musa828 joins the table at seat #4
buddhasway: checks
LifeisagameX: bets $6
buddhasway: calls $6
*** RIVER *** [Qc 3h Js 7c] [5h]
buddhasway: checks
LifeisagameX: bets $6
buddhasway: calls $6
*** SHOW DOWN ***
LifeisagameX: shows [Jc Kc] (a pair of Jacks)
buddhasway: mucks hand
LifeisagameX collected $41.50 from pot
*** SUMMARY ***
Total pot $42 | Rake $0.50
Board [Qc 3h Js 7c 5h]
Seat 2: buddhasway (big blind) mucked
Seat 3: LifeisagameX (button) (small blind) showed [Jc Kc] and won ($41.50) with a pair of Jacks


PokerStars Hand #154035402298:  Hold'em Limit ($3/$6 USD) - 2016/05/30 1:44:08 ET
Table 'Penelope' 6-max Seat #2 is the button
Seat 2: buddhasway ($125.82 in chips)
Seat 3: LifeisagameX ($88.97 in chips)
buddhasway: posts small blind $1
LifeisagameX: posts big blind $3
*** HOLE CARDS ***
buddhasway: raises $3 to $6
LifeisagameX: folds
Uncalled bet ($3) returned to buddhasway
buddhasway collected $6 from pot
buddhasway: doesn't show hand
*** SUMMARY ***
Total pot $6 | Rake $0
Seat 2: buddhasway (button) (small blind) collected ($6)
Seat 3: LifeisagameX (big blind) folded before Flop


PokerStars Hand #154035385285:  Hold'em Limit ($3/$6 USD) - 2016/05/30 1:42:54 ET
Table 'Penelope' 6-max Seat #2 is the button
Seat 2: buddhasway ($161.82 in chips)
Seat 3: LifeisagameX ($53.97 in chips)
buddhasway: posts small blind $1
LifeisagameX: posts big blind $3
*** HOLE CARDS ***
buddhasway: raises $3 to $6
LifeisagameX: calls $3
*** FLOP *** [Jh 3h 3d]
LifeisagameX: checks
buddhasway: bets $3
LifeisagameX: calls $3
*** TURN *** [Jh 3h 3d] [2s]
LifeisagameX: checks
buddhasway: bets $6
LifeisagameX: calls $6
*** RIVER *** [Jh 3h 3d 2s] [Jd]
LifeisagameX: checks
buddhasway: checks
*** SHOW DOWN ***
LifeisagameX: shows [Ks 9d] (two pair, Jacks and Threes)
buddhasway: mucks hand
LifeisagameX collected $29.50 from pot
*** SUMMARY ***
Total pot $30 | Rake $0.50
Board [Jh 3h 3d 2s Jd]
Seat 2: buddhasway (button) (small blind) mucked
Seat 3: LifeisagameX (big blind) showed [Ks 9d] and won ($29.50) with two pair, Jacks and Threes


PokerStars Hand #154035411393:  Hold'em Limit ($3/$6 USD) - 2016/05/30 1:44:48 ET
Table 'Penelope' 6-max Seat #4 is the button
Seat 2: buddhasway ($101.82 in chips)
Seat 4: Musa828 ($115.69 in chips)
Musa828: posts small blind $1
buddhasway: posts big blind $3
*** HOLE CARDS ***
ABATAPP joins the table at seat #3
Musa828: folds
Uncalled bet ($2) returned to buddhasway
buddhasway collected $2 from pot
buddhasway: doesn't show hand
*** SUMMARY ***
Total pot $2 | Rake $0
Seat 2: buddhasway (big blind) collected ($2)
Seat 4: Musa828 (button) (small blind) folded before Flop


PokerStars Hand #154036221722:  Hold'em Limit ($3/$6 USD) - 2016/05/30 2:42:30 ET
Table 'Penelope' 6-max Seat #2 is the button
Seat 2: liolilove ($108.63 in chips)
Seat 6: PrayFTR ($123.99 in chips)
liolilove: posts small blind $1
PrayFTR: posts big blind $3
*** HOLE CARDS ***
liolilove: raises $3 to $6
PrayFTR: folds
Uncalled bet ($3) returned to liolilove
liolilove collected $6 from pot
liolilove: doesn't show hand
*** SUMMARY ***
Total pot $6 | Rake $0
Seat 2: liolilove (button) (small blind) collected ($6)
Seat 6: PrayFTR (big blind) folded before Flop


PokerStars Hand #154036227799:  Hold'em Limit ($3/$6 USD) - 2016/05/30 2:42:55 ET
Table 'Penelope' 6-max Seat #2 is the button
Seat 2: liolilove ($108.63 in chips)
Seat 6: PrayFTR ($123.99 in chips)
liolilove: posts small blind $1
PrayFTR: posts big blind $3
*** HOLE CARDS ***
liolilove: raises $3 to $6
PrayFTR: calls $3
*** FLOP *** [2s Td 7d]
PrayFTR: checks
liolilove: checks
*** TURN *** [2s Td 7d] [4d]
PrayFTR: bets $6
liolilove: calls $6
*** RIVER *** [2s Td 7d 4d] [9c]
PrayFTR: checks
liolilove: checks
*** SHOW DOWN ***
PrayFTR: shows [Qc 2c] (a pair of Deuces)
liolilove: mucks hand
PrayFTR collected $23.52 from pot
*** SUMMARY ***
Total pot $24 | Rake $0.48
Board [2s Td 7d 4d 9c]
Seat 2: liolilove (button) (small blind) mucked
Seat 6: PrayFTR (big blind) showed [Qc 2c] and won ($23.52) with a pair of Deuces


PokerStars Hand #154036223006:  Hold'em Limit ($3/$6 USD) - 2016/05/30 2:42:35 ET
Table 'Penelope' 6-max Seat #6 is the button
Seat 2: liolilove ($111.63 in chips)
Seat 6: PrayFTR ($120.99 in chips)
PrayFTR: posts small blind $1
liolilove: posts big blind $3
*** HOLE CARDS ***
PrayFTR: raises $3 to $6
liolilove: folds
Uncalled bet ($3) returned to PrayFTR
PrayFTR collected $6 from pot
PrayFTR: doesn't show hand
*** SUMMARY ***
Total pot $6 | Rake $0
Seat 2: liolilove (big blind) folded before Flop
Seat 6: PrayFTR (button) (small blind) collected ($6)


PokerStars Hand #154036234580:  Hold'em Limit ($3/$6 USD) - 2016/05/30 2:43:22 ET
Table 'Penelope' 6-max Seat #6 is the button
Seat 2: liolilove ($96.63 in chips)
Seat 6: PrayFTR ($135.51 in chips)
PrayFTR: posts small blind $1
liolilove: posts big blind $3
*** HOLE CARDS ***
PrayFTR: raises $3 to $6
liolilove: calls $3
*** FLOP *** [9d Jh As]
liolilove: checks
PrayFTR: bets $3
liolilove: folds
Uncalled bet ($3) returned to PrayFTR
PrayFTR collected $11.76 from pot
PrayFTR: doesn't show hand
*** SUMMARY ***
Total pot $12 | Rake $0.24
Board [9d Jh As]
Seat 2: liolilove (big blind) folded on the Flop
Seat 6: PrayFTR (button) (small blind) collected ($11.76)


PokerStars Hand #154036252874:  Hold'em Limit ($3/$6 USD) - 2016/05/30 2:44:37 ET
Table 'Penelope' 6-max Seat #6 is the button
Seat 2: liolilove ($99.13 in chips)
Seat 6: PrayFTR ($131.67 in chips)
PrayFTR: posts small blind $1
liolilove: posts big blind $3
*** HOLE CARDS ***
PrayFTR: folds
Uncalled bet ($2) returned to liolilove
liolilove collected $2 from pot
liolilove: doesn't show hand
*** SUMMARY ***
Total pot $2 | Rake $0
Seat 2: liolilove (big blind) collected ($2)
Seat 6: PrayFTR (button) (small blind) folded before Flop


PokerStars Hand #154036250204:  Hold'em Limit ($3/$6 USD) - 2016/05/30 2:44:27 ET
Table 'Penelope' 6-max Seat #2 is the button
Seat 2: liolilove ($108.13 in chips)
Seat 6: PrayFTR ($123.03 in chips)
liolilove: posts small blind $1
PrayFTR: posts big blind $3
*** HOLE CARDS ***
liolilove: raises $3 to $6
PrayFTR: raises $3 to $9
liolilove: calls $3
*** FLOP *** [Jh Jc 9d]
PrayFTR: bets $3
liolilove: folds
Uncalled bet ($3) returned to PrayFTR
PrayFTR collected $17.64 from pot
PrayFTR: doesn't show hand
*** SUMMARY ***
Total pot $18 | Rake $0.36
Board [Jh Jc 9d]
Seat 2: liolilove (button) (small blind) folded on the Flop
Seat 6: PrayFTR (big blind) collected ($17.64)


PokerStars Hand #154036244674:  Hold'em Limit ($3/$6 USD) - 2016/05/30 2:44:04 ET
Table 'Penelope' 6-max Seat #6 is the button
Seat 2: liolilove ($114.13 in chips)
Seat 6: PrayFTR ($117.27 in chips)
PrayFTR: posts small blind $1
liolilove: posts big blind $3
*** HOLE CARDS ***
PrayFTR: raises $3 to $6
liolilove: calls $3
*** FLOP *** [3c Jc 4h]
liolilove: checks
PrayFTR: bets $3
liolilove: folds
Uncalled bet ($3) returned to PrayFTR
PrayFTR collected $11.76 from pot
PrayFTR: doesn't show hand
*** SUMMARY ***
Total pot $12 | Rake $0.24
Board [3c Jc 4h]
Seat 2: liolilove (big blind) folded on the Flop
Seat 6: PrayFTR (button) (small blind) collected ($11.76)


PokerStars Hand #154036237351:  Hold'em Limit ($3/$6 USD) - 2016/05/30 2:43:34 ET
Table 'Penelope' 6-max Seat #2 is the button
Seat 2: liolilove ($90.63 in chips)
Seat 6: PrayFTR ($141.27 in chips)
liolilove: posts small blind $1
PrayFTR: posts big blind $3
*** HOLE CARDS ***
liolilove: raises $3 to $6
PrayFTR: calls $3
*** FLOP *** [2d 9h 6c]
PrayFTR: checks
liolilove: bets $3
PrayFTR: raises $3 to $6
liolilove: calls $3
*** TURN *** [2d 9h 6c] [8d]
PrayFTR: bets $6
liolilove: calls $6
*** RIVER *** [2d 9h 6c 8d] [Jd]
PrayFTR: bets $6
liolilove: calls $6
*** SHOW DOWN ***
PrayFTR: shows [8c Th] (a pair of Eights)
liolilove: shows [7d 9s] (a pair of Nines)
liolilove collected $47.50 from pot
*** SUMMARY ***
Total pot $48 | Rake $0.50
Board [2d 9h 6c 8d Jd]
Seat 2: liolilove (button) (small blind) showed [7d 9s] and won ($47.50) with a pair of Nines
Seat 6: PrayFTR (big blind) showed [8c Th] and lost with a pair of Eights


PokerStars Hand #154036257591:  Hold'em Limit ($3/$6 USD) - 2016/05/30 2:44:56 ET
Table 'Penelope' 6-max Seat #2 is the button
Seat 2: liolilove ($104.13 in chips)
Seat 6: PrayFTR ($126.67 in chips)
liolilove: posts small blind $1
PrayFTR: posts big blind $3
*** HOLE CARDS ***
liolilove: folds
Uncalled bet ($2) returned to PrayFTR
PrayFTR collected $2 from pot
PrayFTR: doesn't show hand
*** SUMMARY ***
Total pot $2 | Rake $0
Seat 2: liolilove (button) (small blind) folded before Flop
Seat 6: PrayFTR (big blind) collected ($2)


PokerStars Hand #154036256426:  Hold'em Limit ($3/$6 USD) - 2016/05/30 2:44:52 ET
Table 'Penelope' 6-max Seat #6 is the button
Seat 2: liolilove ($103.13 in chips)
Seat 6: PrayFTR ($127.67 in chips)
PrayFTR: posts small blind $1
liolilove: posts big blind $3
*** HOLE CARDS ***
PrayFTR: folds
Uncalled bet ($2) returned to liolilove
liolilove collected $2 from pot
liolilove: doesn't show hand
*** SUMMARY ***
Total pot $2 | Rake $0
Seat 2: liolilove (big blind) collected ($2)
Seat 6: PrayFTR (button) (small blind) folded before Flop


PokerStars Hand #154036254690:  Hold'em Limit ($3/$6 USD) - 2016/05/30 2:44:45 ET
Table 'Penelope' 6-max Seat #2 is the button
Seat 2: liolilove ($100.13 in chips)
Seat 6: PrayFTR ($130.67 in chips)
liolilove: posts small blind $1
PrayFTR: posts big blind $3
*** HOLE CARDS ***
liolilove: raises $3 to $6
PrayFTR: folds
Uncalled bet ($3) returned to liolilove
liolilove collected $6 from pot
liolilove: doesn't show hand
*** SUMMARY ***
Total pot $6 | Rake $0
Seat 2: liolilove (button) (small blind) collected ($6)
Seat 6: PrayFTR (big blind) folded before Flop


PokerStars Hand #154036258769:  Hold'em Limit ($3/$6 USD) - 2016/05/30 2:45:01 ET
Table 'Penelope' 6-max Seat #6 is the button
Seat 2: liolilove ($103.13 in chips)
Seat 6: PrayFTR ($127.67 in chips)
PrayFTR: posts small blind $1
liolilove: posts big blind $3
*** HOLE CARDS ***
PrayFTR: raises $3 to $6
liolilove: calls $3
*** FLOP *** [3d 6c 8s]
liolilove: checks
PrayFTR: bets $3
liolilove: raises $3 to $6
PrayFTR: calls $3
*** TURN *** [3d 6c 8s] [8h]
liolilove: bets $6
PrayFTR: folds
Uncalled bet ($6) returned to liolilove
liolilove collected $23.52 from pot
liolilove: doesn't show hand
*** SUMMARY ***
Total pot $24 | Rake $0.48
Board [3d 6c 8s 8h]
Seat 2: liolilove (big blind) collected ($23.52)
Seat 6: PrayFTR (button) (small blind) folded on the Turn


PokerStars Hand #154036303820:  Hold'em Limit ($3/$6 USD) - 2016/05/30 2:48:03 ET
Table 'Penelope' 6-max Seat #2 is the button
Seat 2: liolilove ($131.39 in chips)
Seat 6: PrayFTR ($138.32 in chips)
liolilove: posts small blind $1
PrayFTR: posts big blind $3
*** HOLE CARDS ***
liolilove: raises $3 to $6
PrayFTR: calls $3
*** FLOP *** [Qs 6d As]
PrayFTR: checks
liolilove: bets $3
PrayFTR: raises $3 to $6
liolilove: raises $3 to $9
PrayFTR: folds
Uncalled bet ($3) returned to liolilove
liolilove collected $23.52 from pot
liolilove: doesn't show hand
*** SUMMARY ***
Total pot $24 | Rake $0.48
Board [Qs 6d As]
Seat 2: liolilove (button) (small blind) collected ($23.52)
Seat 6: PrayFTR (big blind) folded on the Flop


PokerStars Hand #154036311704:  Hold'em Limit ($3/$6 USD) - 2016/05/30 2:48:35 ET
Table 'Penelope' 6-max Seat #6 is the button
Seat 2: liolilove ($142.91 in chips)
Seat 6: PrayFTR ($126.32 in chips)
PrayFTR: posts small blind $1
liolilove: posts big blind $3
*** HOLE CARDS ***
PrayFTR: raises $3 to $6
liolilove: folds
Uncalled bet ($3) returned to PrayFTR
PrayFTR collected $6 from pot
PrayFTR: doesn't show hand
*** SUMMARY ***
Total pot $6 | Rake $0
Seat 2: liolilove (big blind) folded before Flop
Seat 6: PrayFTR (button) (small blind) collected ($6)


PokerStars Hand #154036332232:  Hold'em Limit ($3/$6 USD) - 2016/05/30 2:49:57 ET
Table 'Penelope' 6-max Seat #6 is the button
Seat 4: szwhite ($64.41 in chips)
Seat 6: PrayFTR ($126.93 in chips)
ABATAPP will be allowed to play after the button
PrayFTR: posts small blind $1
szwhite: posts big blind $3
*** HOLE CARDS ***
PrayFTR: raises $3 to $6
liolilove joins the table at seat #1
szwhite: folds
Uncalled bet ($3) returned to PrayFTR
PrayFTR collected $6 from pot
PrayFTR: doesn't show hand
*** SUMMARY ***
Total pot $6 | Rake $0
Seat 4: szwhite (big blind) folded before Flop
Seat 6: PrayFTR (button) (small blind) collected ($6)


PokerStars Hand #154036858027:  Hold'em Limit ($3/$6 USD) - 2016/05/30 3:24:20 ET
Table 'Penelope' 6-max Seat #2 is the button
Seat 2: Garuda Black ($148.25 in chips)
Seat 5: ABATAPP ($178.54 in chips)
Garuda Black: posts small blind $1
szwhite: is sitting out
ABATAPP: posts big blind $3
*** HOLE CARDS ***
Garuda Black: folds
Uncalled bet ($2) returned to ABATAPP
ABATAPP collected $2 from pot
ABATAPP: doesn't show hand
*** SUMMARY ***
Total pot $2 | Rake $0
Seat 2: Garuda Black (button) (small blind) folded before Flop
Seat 5: ABATAPP (big blind) collected ($2)


