PokerStars Hand #167589219371:  Hold'em Limit ($3/$6 USD) - 2017/03/14 16:14:09 ET
Table 'Peneleos' 6-max Seat #6 is the button
Seat 3: winwinner69 ($30.26 in chips)
Seat 6: ToDaFelt ($120 in chips)
ToDaFelt: posts small blind $1
winwinner69: posts big blind $3
*** HOLE CARDS ***
ToDaFelt: raises $3 to $6
winwinner69: calls $3
*** FLOP *** [2s Td Kc]
winwinner69: checks
ToDaFelt: bets $3
winwinner69: calls $3
*** TURN *** [2s Td Kc] [3s]
winwinner69: checks
ToDaFelt: checks
*** RIVER *** [2s Td Kc 3s] [3d]
winwinner69: bets $6
ToDaFelt: raises $6 to $12
winwinner69: raises $6 to $18
ToDaFelt: folds
Uncalled bet ($6) returned to winwinner69
winwinner69 collected $41.50 from pot
winwinner69: doesn't show hand
krossguard joins the table at seat #4
*** SUMMARY ***
Total pot $42 | Rake $0.50
Board [2s Td Kc 3s 3d]
Seat 3: winwinner69 (big blind) collected ($41.50)
Seat 6: ToDaFelt (button) (small blind) folded on the River


PokerStars Hand #167593585761:  Hold'em Limit ($3/$6 USD) - 2017/03/14 17:38:59 ET
Table 'Peneleos' 6-max Seat #1 is the button
Seat 1: Fabulous108 ($202.82 in chips)
Seat 5: Chessnok ($137.09 in chips)
Fabulous108: posts small blind $1
Chessnok: posts big blind $3
*** HOLE CARDS ***
Fabulous108: folds
Uncalled bet ($2) returned to Chessnok
Chessnok collected $2 from pot
Chessnok: doesn't show hand
*** SUMMARY ***
Total pot $2 | Rake $0
Seat 1: Fabulous108 (button) (small blind) folded before Flop
Seat 5: Chessnok (big blind) collected ($2)


