PokerStars Hand #168633981300:  Hold'em Limit ($3/$6 USD) - 2017/04/05 18:52:45 ET
Table 'Peneleos II' 6-max Seat #6 is the button
Seat 3: sienvan ($13 in chips)
Seat 6: ToDaFelt ($136.28 in chips)
ToDaFelt: posts small blind $1
sienvan: posts big blind $3
*** HOLE CARDS ***
ToDaFelt: folds
Uncalled bet ($2) returned to sienvan
sienvan collected $2 from pot
sienvan: doesn't show hand
*** SUMMARY ***
Total pot $2 | Rake $0
Seat 3: sienvan (big blind) collected ($2)
Seat 6: ToDaFelt (button) (small blind) folded before Flop


PokerStars Hand #168633968198:  Hold'em Limit ($3/$6 USD) - 2017/04/05 18:52:25 ET
Table 'Peneleos II' 6-max Seat #3 is the button
Seat 3: sienvan ($19 in chips)
Seat 6: ToDaFelt ($130.52 in chips)
sienvan: posts small blind $1
ToDaFelt: posts big blind $3
*** HOLE CARDS ***
sienvan: raises $3 to $6
ToDaFelt: calls $3
*** FLOP *** [5s Qc 7s]
ToDaFelt: checks
sienvan: checks
*** TURN *** [5s Qc 7s] [8h]
ToDaFelt: bets $6
sienvan: folds
Uncalled bet ($6) returned to ToDaFelt
ToDaFelt collected $11.76 from pot
ToDaFelt: doesn't show hand
*** SUMMARY ***
Total pot $12 | Rake $0.24
Board [5s Qc 7s 8h]
Seat 3: sienvan (button) (small blind) folded on the Turn
Seat 6: ToDaFelt (big blind) collected ($11.76)


PokerStars Hand #168633955183:  Hold'em Limit ($3/$6 USD) - 2017/04/05 18:52:06 ET
Table 'Peneleos II' 6-max Seat #6 is the button
Seat 3: sienvan ($25 in chips)
Seat 6: ToDaFelt ($124.76 in chips)
ToDaFelt: posts small blind $1
sienvan: posts big blind $3
*** HOLE CARDS ***
ToDaFelt: raises $3 to $6
sienvan: calls $3
*** FLOP *** [7c Qh Jd]
sienvan: checks
ToDaFelt: bets $3
sienvan: folds
Uncalled bet ($3) returned to ToDaFelt
ToDaFelt collected $11.76 from pot
ToDaFelt: doesn't show hand
*** SUMMARY ***
Total pot $12 | Rake $0.24
Board [7c Qh Jd]
Seat 3: sienvan (big blind) folded on the Flop
Seat 6: ToDaFelt (button) (small blind) collected ($11.76)


PokerStars Hand #168633941536:  Hold'em Limit ($3/$6 USD) - 2017/04/05 18:51:45 ET
Table 'Peneleos II' 6-max Seat #3 is the button
Seat 3: sienvan ($31 in chips)
Seat 6: ToDaFelt ($119 in chips)
sienvan: posts small blind $1
ToDaFelt: posts big blind $3
*** HOLE CARDS ***
sienvan: raises $3 to $6
ToDaFelt: calls $3
*** FLOP *** [4h Td Ts]
ToDaFelt: checks
sienvan: checks
*** TURN *** [4h Td Ts] [Qs]
ToDaFelt: bets $6
sienvan: folds
Uncalled bet ($6) returned to ToDaFelt
ToDaFelt collected $11.76 from pot
ToDaFelt: doesn't show hand
*** SUMMARY ***
Total pot $12 | Rake $0.24
Board [4h Td Ts Qs]
Seat 3: sienvan (button) (small blind) folded on the Turn
Seat 6: ToDaFelt (big blind) collected ($11.76)


PokerStars Hand #168633989534:  Hold'em Limit ($3/$6 USD) - 2017/04/05 18:52:58 ET
Table 'Peneleos II' 6-max Seat #6 is the button
Seat 3: sienvan ($13 in chips)
Seat 6: ToDaFelt ($136.28 in chips)
ToDaFelt: posts small blind $1
sienvan: posts big blind $3
*** HOLE CARDS ***
ToDaFelt: raises $3 to $6
sienvan: raises $3 to $9
ToDaFelt: calls $3
*** FLOP *** [3h 2s 8c]
sienvan: bets $3
ToDaFelt: raises $3 to $6
sienvan: calls $1 and is all-in
Uncalled bet ($2) returned to ToDaFelt
*** TURN *** [3h 2s 8c] [8h]
*** RIVER *** [3h 2s 8c 8h] [5d]
*** SHOW DOWN ***
sienvan: shows [Ad Qs] (a pair of Eights)
ToDaFelt: shows [6d 2d] (two pair, Eights and Deuces)
ToDaFelt collected $25.50 from pot
*** SUMMARY ***
Total pot $26 | Rake $0.50
Board [3h 2s 8c 8h 5d]
Seat 3: sienvan (big blind) showed [Ad Qs] and lost with a pair of Eights
Seat 6: ToDaFelt (button) (small blind) showed [6d 2d] and won ($25.50) with two pair, Eights and Deuces


PokerStars Hand #168633986582:  Hold'em Limit ($3/$6 USD) - 2017/04/05 18:52:53 ET
Table 'Peneleos II' 6-max Seat #3 is the button
Seat 3: sienvan ($14 in chips)
Seat 6: ToDaFelt ($135.28 in chips)
sienvan: posts small blind $1
ToDaFelt: posts big blind $3
*** HOLE CARDS ***
sienvan: folds
Uncalled bet ($2) returned to ToDaFelt
ToDaFelt collected $2 from pot
ToDaFelt: doesn't show hand
*** SUMMARY ***
Total pot $2 | Rake $0
Seat 3: sienvan (button) (small blind) folded before Flop
Seat 6: ToDaFelt (big blind) collected ($2)


PokerStars Hand #168634046286:  Hold'em Limit ($3/$6 USD) - 2017/04/05 18:54:25 ET
Table 'Peneleos II' 6-max Seat #6 is the button
Seat 3: sienvan ($14 in chips)
Seat 6: ToDaFelt ($164.18 in chips)
ToDaFelt: posts small blind $1
sienvan: posts big blind $3
*** HOLE CARDS ***
ToDaFelt: raises $3 to $6
sienvan: calls $3
*** FLOP *** [5h 7c Kh]
sienvan: bets $3
ToDaFelt: calls $3
*** TURN *** [5h 7c Kh] [Js]
sienvan: bets $5 and is all-in
ToDaFelt: calls $5
*** RIVER *** [5h 7c Kh Js] [2c]
*** SHOW DOWN ***
sienvan: shows [Kd 3d] (a pair of Kings)
ToDaFelt: shows [5c 4h] (a pair of Fives)
sienvan collected $27.50 from pot
*** SUMMARY ***
Total pot $28 | Rake $0.50
Board [5h 7c Kh Js 2c]
Seat 3: sienvan (big blind) showed [Kd 3d] and won ($27.50) with a pair of Kings
Seat 6: ToDaFelt (button) (small blind) showed [5c 4h] and lost with a pair of Fives


PokerStars Hand #168634043338:  Hold'em Limit ($3/$6 USD) - 2017/04/05 18:54:20 ET
Table 'Peneleos II' 6-max Seat #3 is the button
Seat 3: sienvan ($15 in chips)
Seat 6: ToDaFelt ($163.18 in chips)
sienvan: posts small blind $1
ToDaFelt: posts big blind $3
*** HOLE CARDS ***
sienvan: folds
Uncalled bet ($2) returned to ToDaFelt
ToDaFelt collected $2 from pot
ToDaFelt: doesn't show hand
*** SUMMARY ***
Total pot $2 | Rake $0
Seat 3: sienvan (button) (small blind) folded before Flop
Seat 6: ToDaFelt (big blind) collected ($2)


PokerStars Hand #168634032023:  Hold'em Limit ($3/$6 USD) - 2017/04/05 18:54:03 ET
Table 'Peneleos II' 6-max Seat #6 is the button
Seat 3: sienvan ($21 in chips)
Seat 6: ToDaFelt ($157.42 in chips)
ToDaFelt: posts small blind $1
sienvan: posts big blind $3
*** HOLE CARDS ***
ToDaFelt: raises $3 to $6
sienvan: calls $3
*** FLOP *** [Qh Ad 5h]
sienvan: checks
ToDaFelt: bets $3
sienvan: folds
Uncalled bet ($3) returned to ToDaFelt
ToDaFelt collected $11.76 from pot
ToDaFelt: doesn't show hand
*** SUMMARY ***
Total pot $12 | Rake $0.24
Board [Qh Ad 5h]
Seat 3: sienvan (big blind) folded on the Flop
Seat 6: ToDaFelt (button) (small blind) collected ($11.76)


PokerStars Hand #168634016613:  Hold'em Limit ($3/$6 USD) - 2017/04/05 18:53:39 ET
Table 'Peneleos II' 6-max Seat #3 is the button
Seat 3: sienvan ($30 in chips)
Seat 6: ToDaFelt ($148.78 in chips)
sienvan: posts small blind $1
ToDaFelt: posts big blind $3
*** HOLE CARDS ***
sienvan: calls $2
ToDaFelt: checks
*** FLOP *** [Jc 2h 8d]
ToDaFelt: checks
sienvan: checks
*** TURN *** [Jc 2h 8d] [9s]
ToDaFelt: bets $6
sienvan: calls $6
*** RIVER *** [Jc 2h 8d 9s] [4c]
ToDaFelt: bets $6
sienvan: folds
Uncalled bet ($6) returned to ToDaFelt
ToDaFelt collected $17.64 from pot
ToDaFelt: doesn't show hand
*** SUMMARY ***
Total pot $18 | Rake $0.36
Board [Jc 2h 8d 9s 4c]
Seat 3: sienvan (button) (small blind) folded on the River
Seat 6: ToDaFelt (big blind) collected ($17.64)


PokerStars Hand #168634069145:  Hold'em Limit ($3/$6 USD) - 2017/04/05 18:55:00 ET
Table 'Peneleos II' 6-max Seat #6 is the button
Seat 3: sienvan ($21.50 in chips)
Seat 6: ToDaFelt ($155.94 in chips)
ToDaFelt: posts small blind $1
sienvan: posts big blind $3
*** HOLE CARDS ***
ToDaFelt: raises $3 to $6
sienvan: folds
Uncalled bet ($3) returned to ToDaFelt
B_loJkl joins the table at seat #4
ToDaFelt collected $6 from pot
ToDaFelt: doesn't show hand
*** SUMMARY ***
Total pot $6 | Rake $0
Seat 3: sienvan (big blind) folded before Flop
Seat 6: ToDaFelt (button) (small blind) collected ($6)


PokerStars Hand #168634058979:  Hold'em Limit ($3/$6 USD) - 2017/04/05 18:54:44 ET
Table 'Peneleos II' 6-max Seat #3 is the button
Seat 3: sienvan ($27.50 in chips)
Seat 6: ToDaFelt ($150.18 in chips)
sienvan: posts small blind $1
ToDaFelt: posts big blind $3
*** HOLE CARDS ***
sienvan: calls $2
ToDaFelt: raises $3 to $6
sienvan: calls $3
*** FLOP *** [Qc Ah Kc]
ToDaFelt: bets $3
sienvan: folds
Uncalled bet ($3) returned to ToDaFelt
ToDaFelt collected $11.76 from pot
ToDaFelt: doesn't show hand
*** SUMMARY ***
Total pot $12 | Rake $0.24
Board [Qc Ah Kc]
Seat 3: sienvan (button) (small blind) folded on the Flop
Seat 6: ToDaFelt (big blind) collected ($11.76)


PokerStars Hand #168634310810:  Hold'em Limit ($3/$6 USD) - 2017/04/05 19:02:07 ET
Table 'Peneleos II' 6-max Seat #6 is the button
Seat 3: sienvan ($29 in chips)
Seat 6: ToDaFelt ($187.72 in chips)
ToDaFelt: posts small blind $1
sienvan: posts big blind $3
*** HOLE CARDS ***
ToDaFelt: raises $3 to $6
sienvan: raises $3 to $9
ToDaFelt: calls $3
*** FLOP *** [Ah 3c Qd]
sienvan: bets $3
ToDaFelt: calls $3
*** TURN *** [Ah 3c Qd] [2h]
sienvan: bets $6
ToDaFelt: calls $6
*** RIVER *** [Ah 3c Qd 2h] [5d]
sienvan: bets $6
ToDaFelt: calls $6
*** SHOW DOWN ***
sienvan: shows [Ac 6c] (a pair of Aces)
ToDaFelt: mucks hand
sienvan collected $47.50 from pot
*** SUMMARY ***
Total pot $48 | Rake $0.50
Board [Ah 3c Qd 2h 5d]
Seat 3: sienvan (big blind) showed [Ac 6c] and won ($47.50) with a pair of Aces
Seat 6: ToDaFelt (button) (small blind) mucked


PokerStars Hand #168634305537:  Hold'em Limit ($3/$6 USD) - 2017/04/05 19:01:59 ET
Table 'Peneleos II' 6-max Seat #3 is the button
Seat 3: sienvan ($30 in chips)
Seat 6: ToDaFelt ($186.72 in chips)
sienvan: posts small blind $1
B_loJkl joins the table at seat #4
ToDaFelt: posts big blind $3
*** HOLE CARDS ***
sienvan: folds
Uncalled bet ($2) returned to ToDaFelt
ToDaFelt collected $2 from pot
ToDaFelt: doesn't show hand
*** SUMMARY ***
Total pot $2 | Rake $0
Seat 3: sienvan (button) (small blind) folded before Flop
Seat 6: ToDaFelt (big blind) collected ($2)


