PokerStars Hand #176911599906:  Hold'em Limit ($3/$6 USD) - 2017/10/14 14:21:00 ET
Table 'Penthesilea II' 10-max Seat #6 is the button
Seat 5: Tatyana3005 ($112.70 in chips)
Seat 6: vestimokrec ($108 in chips)
vestimokrec: posts small blind $1
Tatyana3005: posts big blind $3
*** HOLE CARDS ***
vestimokrec: raises $3 to $6
Tatyana3005: folds
Uncalled bet ($3) returned to vestimokrec
vestimokrec collected $6 from pot
vestimokrec: doesn't show hand
*** SUMMARY ***
Total pot $6 | Rake $0
Seat 5: Tatyana3005 (big blind) folded before Flop
Seat 6: vestimokrec (button) (small blind) collected ($6)


PokerStars Hand #176911632281:  Hold'em Limit ($3/$6 USD) - 2017/10/14 14:21:43 ET
Table 'Penthesilea II' 10-max Seat #6 is the button
Seat 5: Tatyana3005 ($97.70 in chips)
Seat 6: vestimokrec ($122.52 in chips)
vestimokrec: posts small blind $1
Tatyana3005: posts big blind $3
*** HOLE CARDS ***
vestimokrec: raises $3 to $6
Tatyana3005: folds
Uncalled bet ($3) returned to vestimokrec
vestimokrec collected $6 from pot
vestimokrec: doesn't show hand
*** SUMMARY ***
Total pot $6 | Rake $0
Seat 5: Tatyana3005 (big blind) folded before Flop
Seat 6: vestimokrec (button) (small blind) collected ($6)


PokerStars Hand #176911606647:  Hold'em Limit ($3/$6 USD) - 2017/10/14 14:21:09 ET
Table 'Penthesilea II' 10-max Seat #5 is the button
Seat 5: Tatyana3005 ($109.70 in chips)
Seat 6: vestimokrec ($111 in chips)
Tatyana3005: posts small blind $1
vestimokrec: posts big blind $3
*** HOLE CARDS ***
Tatyana3005: raises $3 to $6
vestimokrec: raises $3 to $9
Tatyana3005: calls $3
*** FLOP *** [Qd 9c 4d]
vestimokrec: bets $3
Tatyana3005: calls $3
*** TURN *** [Qd 9c 4d] [Ah]
vestimokrec: checks
Tatyana3005: checks
*** RIVER *** [Qd 9c 4d Ah] [Kd]
vestimokrec: bets $6
Tatyana3005: folds
Uncalled bet ($6) returned to vestimokrec
vestimokrec collected $23.52 from pot
vestimokrec: doesn't show hand
*** SUMMARY ***
Total pot $24 | Rake $0.48
Board [Qd 9c 4d Ah Kd]
Seat 5: Tatyana3005 (button) (small blind) folded on the River
Seat 6: vestimokrec (big blind) collected ($23.52)


PokerStars Hand #176911639926:  Hold'em Limit ($3/$6 USD) - 2017/10/14 14:21:53 ET
Table 'Penthesilea II' 10-max Seat #6 is the button
Seat 5: Tatyana3005 ($93.70 in chips)
Seat 6: vestimokrec ($126.52 in chips)
vestimokrec: posts small blind $1
Tatyana3005: posts big blind $3
*** HOLE CARDS ***
vestimokrec: raises $3 to $6
Tatyana3005: folds
Uncalled bet ($3) returned to vestimokrec
vestimokrec collected $6 from pot
vestimokrec: doesn't show hand
*** SUMMARY ***
Total pot $6 | Rake $0
Seat 5: Tatyana3005 (big blind) folded before Flop
Seat 6: vestimokrec (button) (small blind) collected ($6)


PokerStars Hand #176911636373:  Hold'em Limit ($3/$6 USD) - 2017/10/14 14:21:48 ET
Table 'Penthesilea II' 10-max Seat #5 is the button
Seat 5: Tatyana3005 ($94.70 in chips)
Seat 6: vestimokrec ($125.52 in chips)
Tatyana3005: posts small blind $1
vestimokrec: posts big blind $3
*** HOLE CARDS ***
Tatyana3005: folds
Uncalled bet ($2) returned to vestimokrec
vestimokrec collected $2 from pot
vestimokrec: doesn't show hand
*** SUMMARY ***
Total pot $2 | Rake $0
Seat 5: Tatyana3005 (button) (small blind) folded before Flop
Seat 6: vestimokrec (big blind) collected ($2)


PokerStars Hand #176911645034:  Hold'em Limit ($3/$6 USD) - 2017/10/14 14:21:59 ET
Table 'Penthesilea II' 10-max Seat #5 is the button
Seat 5: Tatyana3005 ($90.70 in chips)
Seat 6: vestimokrec ($129.52 in chips)
Tatyana3005: posts small blind $1
vestimokrec: posts big blind $3
*** HOLE CARDS ***
Tatyana3005: raises $3 to $6
vestimokrec: calls $3
*** FLOP *** [3c Qh 7s]
vestimokrec: checks
Tatyana3005: bets $3
vestimokrec: raises $3 to $6
Tatyana3005: calls $3
*** TURN *** [3c Qh 7s] [5h]
vestimokrec: bets $6
Tatyana3005: calls $6
*** RIVER *** [3c Qh 7s 5h] [2c]
vestimokrec: bets $6
Tatyana3005: raises $6 to $12
vestimokrec: folds
Uncalled bet ($6) returned to Tatyana3005
Tatyana3005 collected $47.50 from pot
Tatyana3005: doesn't show hand
*** SUMMARY ***
Total pot $48 | Rake $0.50
Board [3c Qh 7s 5h 2c]
Seat 5: Tatyana3005 (button) (small blind) collected ($47.50)
Seat 6: vestimokrec (big blind) folded on the River


PokerStars Hand #176911684322:  Hold'em Limit ($3/$6 USD) - 2017/10/14 14:22:50 ET
Table 'Penthesilea II' 10-max Seat #6 is the button
Seat 5: Tatyana3005 ($114.20 in chips)
Seat 6: vestimokrec ($105.52 in chips)
vestimokrec: posts small blind $1
Tatyana3005: posts big blind $3
*** HOLE CARDS ***
vestimokrec: raises $3 to $6
Tatyana3005: folds
Uncalled bet ($3) returned to vestimokrec
vestimokrec collected $6 from pot
vestimokrec: doesn't show hand
*** SUMMARY ***
Total pot $6 | Rake $0
Seat 5: Tatyana3005 (big blind) folded before Flop
Seat 6: vestimokrec (button) (small blind) collected ($6)


PokerStars Hand #176911689999:  Hold'em Limit ($3/$6 USD) - 2017/10/14 14:22:57 ET
Table 'Penthesilea II' 10-max Seat #5 is the button
Seat 5: Tatyana3005 ($111.20 in chips)
Seat 6: vestimokrec ($108.52 in chips)
Tatyana3005: posts small blind $1
vestimokrec: posts big blind $3
*** HOLE CARDS ***
Tatyana3005: folds
Uncalled bet ($2) returned to vestimokrec
vestimokrec collected $2 from pot
vestimokrec: doesn't show hand
*** SUMMARY ***
Total pot $2 | Rake $0
Seat 5: Tatyana3005 (button) (small blind) folded before Flop
Seat 6: vestimokrec (big blind) collected ($2)


PokerStars Hand #176911693520:  Hold'em Limit ($3/$6 USD) - 2017/10/14 14:23:02 ET
Table 'Penthesilea II' 10-max Seat #6 is the button
Seat 5: Tatyana3005 ($110.20 in chips)
Seat 6: vestimokrec ($109.52 in chips)
vestimokrec: posts small blind $1
Tatyana3005: posts big blind $3
*** HOLE CARDS ***
vestimokrec: raises $3 to $6
Tatyana3005: calls $3
*** FLOP *** [Jc 2h Td]
Tatyana3005: checks
vestimokrec: bets $3
Tatyana3005: calls $3
*** TURN *** [Jc 2h Td] [5d]
Tatyana3005: checks
vestimokrec: checks
*** RIVER *** [Jc 2h Td 5d] [6h]
Tatyana3005: bets $6
vestimokrec: folds
Uncalled bet ($6) returned to Tatyana3005
Tatyana3005 collected $17.64 from pot
Tatyana3005: doesn't show hand
*** SUMMARY ***
Total pot $18 | Rake $0.36
Board [Jc 2h Td 5d 6h]
Seat 5: Tatyana3005 (big blind) collected ($17.64)
Seat 6: vestimokrec (button) (small blind) folded on the River


PokerStars Hand #176911732546:  Hold'em Limit ($3/$6 USD) - 2017/10/14 14:23:52 ET
Table 'Penthesilea II' 10-max Seat #6 is the button
Seat 5: Tatyana3005 ($121.84 in chips)
Seat 6: vestimokrec ($97.52 in chips)
vestimokrec: posts small blind $1
Tatyana3005: posts big blind $3
*** HOLE CARDS ***
vestimokrec: raises $3 to $6
Tatyana3005: folds
Uncalled bet ($3) returned to vestimokrec
vestimokrec collected $6 from pot
vestimokrec: doesn't show hand
*** SUMMARY ***
Total pot $6 | Rake $0
Seat 5: Tatyana3005 (big blind) folded before Flop
Seat 6: vestimokrec (button) (small blind) collected ($6)


PokerStars Hand #176911727091:  Hold'em Limit ($3/$6 USD) - 2017/10/14 14:23:45 ET
Table 'Penthesilea II' 10-max Seat #5 is the button
Seat 5: Tatyana3005 ($118.84 in chips)
Seat 6: vestimokrec ($100.52 in chips)
Tatyana3005: posts small blind $1
vestimokrec: posts big blind $3
*** HOLE CARDS ***
Tatyana3005: raises $3 to $6
vestimokrec: folds
Uncalled bet ($3) returned to Tatyana3005
Tatyana3005 collected $6 from pot
Tatyana3005: doesn't show hand
*** SUMMARY ***
Total pot $6 | Rake $0
Seat 5: Tatyana3005 (button) (small blind) collected ($6)
Seat 6: vestimokrec (big blind) folded before Flop


PokerStars Hand #176911737153:  Hold'em Limit ($3/$6 USD) - 2017/10/14 14:23:58 ET
Table 'Penthesilea II' 10-max Seat #5 is the button
Seat 5: Tatyana3005 ($118.84 in chips)
Seat 6: vestimokrec ($100.52 in chips)
Tatyana3005: posts small blind $1
vestimokrec: posts big blind $3
*** HOLE CARDS ***
Tatyana3005: folds
Uncalled bet ($2) returned to vestimokrec
vestimokrec collected $2 from pot
vestimokrec: doesn't show hand
*** SUMMARY ***
Total pot $2 | Rake $0
Seat 5: Tatyana3005 (button) (small blind) folded before Flop
Seat 6: vestimokrec (big blind) collected ($2)


PokerStars Hand #176911740880:  Hold'em Limit ($3/$6 USD) - 2017/10/14 14:24:03 ET
Table 'Penthesilea II' 10-max Seat #6 is the button
Seat 5: Tatyana3005 ($117.84 in chips)
Seat 6: vestimokrec ($101.52 in chips)
vestimokrec: posts small blind $1
Tatyana3005: posts big blind $3
*** HOLE CARDS ***
vestimokrec: raises $3 to $6
Tatyana3005: raises $3 to $9
vestimokrec: calls $3
*** FLOP *** [4s 9d 3d]
Tatyana3005: bets $3
vestimokrec: calls $3
*** TURN *** [4s 9d 3d] [8h]
Tatyana3005: bets $6
vestimokrec: folds
Uncalled bet ($6) returned to Tatyana3005
Tatyana3005 collected $23.52 from pot
Tatyana3005: doesn't show hand
*** SUMMARY ***
Total pot $24 | Rake $0.48
Board [4s 9d 3d 8h]
Seat 5: Tatyana3005 (big blind) collected ($23.52)
Seat 6: vestimokrec (button) (small blind) folded on the Turn


PokerStars Hand #176911754361:  Hold'em Limit ($3/$6 USD) - 2017/10/14 14:24:21 ET
Table 'Penthesilea II' 10-max Seat #5 is the button
Seat 5: Tatyana3005 ($129.36 in chips)
Seat 6: vestimokrec ($89.52 in chips)
Tatyana3005: posts small blind $1
vestimokrec: posts big blind $3
*** HOLE CARDS ***
Tatyana3005: calls $2
vestimokrec: raises $3 to $6
Tatyana3005: calls $3
*** FLOP *** [7h Qh Tc]
vestimokrec: bets $3
Tatyana3005: folds
Uncalled bet ($3) returned to vestimokrec
vestimokrec collected $11.76 from pot
vestimokrec: doesn't show hand
*** SUMMARY ***
Total pot $12 | Rake $0.24
Board [7h Qh Tc]
Seat 5: Tatyana3005 (button) (small blind) folded on the Flop
Seat 6: vestimokrec (big blind) collected ($11.76)


PokerStars Hand #176911779257:  Hold'em Limit ($3/$6 USD) - 2017/10/14 14:24:53 ET
Table 'Penthesilea II' 10-max Seat #5 is the button
Seat 5: Tatyana3005 ($120.36 in chips)
Seat 6: vestimokrec ($98.28 in chips)
Tatyana3005: posts small blind $1
vestimokrec: posts big blind $3
*** HOLE CARDS ***
Tatyana3005: folds
Uncalled bet ($2) returned to vestimokrec
vestimokrec collected $2 from pot
vestimokrec: doesn't show hand
*** SUMMARY ***
Total pot $2 | Rake $0
Seat 5: Tatyana3005 (button) (small blind) folded before Flop
Seat 6: vestimokrec (big blind) collected ($2)


PokerStars Hand #176911775770:  Hold'em Limit ($3/$6 USD) - 2017/10/14 14:24:49 ET
Table 'Penthesilea II' 10-max Seat #6 is the button
Seat 5: Tatyana3005 ($123.36 in chips)
Seat 6: vestimokrec ($95.28 in chips)
vestimokrec: posts small blind $1
Tatyana3005: posts big blind $3
*** HOLE CARDS ***
vestimokrec: raises $3 to $6
Tatyana3005: folds
Uncalled bet ($3) returned to vestimokrec
vestimokrec collected $6 from pot
vestimokrec: doesn't show hand
*** SUMMARY ***
Total pot $6 | Rake $0
Seat 5: Tatyana3005 (big blind) folded before Flop
Seat 6: vestimokrec (button) (small blind) collected ($6)


PokerStars Hand #176911782830:  Hold'em Limit ($3/$6 USD) - 2017/10/14 14:24:58 ET
Table 'Penthesilea II' 10-max Seat #6 is the button
Seat 5: Tatyana3005 ($119.36 in chips)
Seat 6: vestimokrec ($99.28 in chips)
vestimokrec: posts small blind $1
Tatyana3005: posts big blind $3
*** HOLE CARDS ***
vestimokrec: raises $3 to $6
Tatyana3005: calls $3
*** FLOP *** [Td Ad 2d]
Tatyana3005: checks
vestimokrec: bets $3
Tatyana3005: calls $3
*** TURN *** [Td Ad 2d] [Jh]
Tatyana3005: checks
vestimokrec: bets $6
Tatyana3005: calls $6
*** RIVER *** [Td Ad 2d Jh] [3c]
Tatyana3005: checks
vestimokrec: checks
*** SHOW DOWN ***
Tatyana3005: shows [8d 9s] (high card Ace)
vestimokrec: shows [3s 8c] (a pair of Threes)
vestimokrec collected $29.50 from pot
*** SUMMARY ***
Total pot $30 | Rake $0.50
Board [Td Ad 2d Jh 3c]
Seat 5: Tatyana3005 (big blind) showed [8d 9s] and lost with high card Ace
Seat 6: vestimokrec (button) (small blind) showed [3s 8c] and won ($29.50) with a pair of Threes


PokerStars Hand #176911802999:  Hold'em Limit ($3/$6 USD) - 2017/10/14 14:25:24 ET
Table 'Penthesilea II' 10-max Seat #5 is the button
Seat 5: Tatyana3005 ($104.36 in chips)
Seat 6: vestimokrec ($113.78 in chips)
Tatyana3005: posts small blind $1
vestimokrec: posts big blind $3
*** HOLE CARDS ***
Tatyana3005: raises $3 to $6
vestimokrec: raises $3 to $9
Tatyana3005: raises $3 to $12
Betting is capped
vestimokrec: calls $3
*** FLOP *** [As 9s Qd]
vestimokrec: checks
Tatyana3005: bets $3
vestimokrec: calls $3
*** TURN *** [As 9s Qd] [4c]
vestimokrec: checks
Tatyana3005: bets $6
vestimokrec: raises $6 to $12
Tatyana3005: folds
Uncalled bet ($6) returned to vestimokrec
vestimokrec collected $41.50 from pot
vestimokrec: doesn't show hand
*** SUMMARY ***
Total pot $42 | Rake $0.50
Board [As 9s Qd 4c]
Seat 5: Tatyana3005 (button) (small blind) folded on the Turn
Seat 6: vestimokrec (big blind) collected ($41.50)


PokerStars Hand #176911820147:  Hold'em Limit ($3/$6 USD) - 2017/10/14 14:25:46 ET
Table 'Penthesilea II' 10-max Seat #6 is the button
Seat 5: Tatyana3005 ($83.36 in chips)
Seat 6: vestimokrec ($134.28 in chips)
vestimokrec: posts small blind $1
Tatyana3005: posts big blind $3
*** HOLE CARDS ***
vestimokrec: raises $3 to $6
Tatyana3005: calls $3
*** FLOP *** [5h 7c Jc]
GoliafUa leaves the table
Tatyana3005: checks
vestimokrec: checks
*** TURN *** [5h 7c Jc] [8d]
Tatyana3005: checks
vestimokrec: checks
*** RIVER *** [5h 7c Jc 8d] [Th]
Tatyana3005: bets $6
vestimokrec: calls $6
*** SHOW DOWN ***
Tatyana3005: shows [6d Ks] (high card King)
vestimokrec: shows [Ts Kc] (a pair of Tens)
vestimokrec collected $23.52 from pot
*** SUMMARY ***
Total pot $24 | Rake $0.48
Board [5h 7c Jc 8d Th]
Seat 5: Tatyana3005 (big blind) showed [6d Ks] and lost with high card King
Seat 6: vestimokrec (button) (small blind) showed [Ts Kc] and won ($23.52) with a pair of Tens


PokerStars Hand #176911837891:  Hold'em Limit ($3/$6 USD) - 2017/10/14 14:26:09 ET
Table 'Penthesilea II' 10-max Seat #5 is the button
Seat 5: Tatyana3005 ($71.36 in chips)
Seat 6: vestimokrec ($145.80 in chips)
Tatyana3005: posts small blind $1
vestimokrec: posts big blind $3
*** HOLE CARDS ***
Tatyana3005: folds
Uncalled bet ($2) returned to vestimokrec
vestimokrec collected $2 from pot
vestimokrec: doesn't show hand
*** SUMMARY ***
Total pot $2 | Rake $0
Seat 5: Tatyana3005 (button) (small blind) folded before Flop
Seat 6: vestimokrec (big blind) collected ($2)


PokerStars Hand #176911841151:  Hold'em Limit ($3/$6 USD) - 2017/10/14 14:26:14 ET
Table 'Penthesilea II' 10-max Seat #6 is the button
Seat 5: Tatyana3005 ($70.36 in chips)
Seat 6: vestimokrec ($146.80 in chips)
vestimokrec: posts small blind $1
Tatyana3005: posts big blind $3
*** HOLE CARDS ***
vestimokrec: raises $3 to $6
Tatyana3005: calls $3
*** FLOP *** [Ac 7s 4c]
Tatyana3005: checks
vestimokrec: bets $3
Tatyana3005: calls $3
*** TURN *** [Ac 7s 4c] [Ks]
Tatyana3005: bets $6
vestimokrec: calls $6
*** RIVER *** [Ac 7s 4c Ks] [5d]
Tatyana3005: bets $6
vestimokrec: raises $6 to $12
Tatyana3005: folds
Uncalled bet ($6) returned to vestimokrec
vestimokrec collected $41.50 from pot
vestimokrec: doesn't show hand
*** SUMMARY ***
Total pot $42 | Rake $0.50
Board [Ac 7s 4c Ks 5d]
Seat 5: Tatyana3005 (big blind) folded on the River
Seat 6: vestimokrec (button) (small blind) collected ($41.50)


PokerStars Hand #176911878516:  Hold'em Limit ($3/$6 USD) - 2017/10/14 14:27:02 ET
Table 'Penthesilea II' 10-max Seat #6 is the button
Seat 5: Tatyana3005 ($25.36 in chips)
Seat 6: vestimokrec ($190.80 in chips)
vestimokrec: posts small blind $1
Tatyana3005: posts big blind $3
*** HOLE CARDS ***
vestimokrec: raises $3 to $6
Tatyana3005: folds
Uncalled bet ($3) returned to vestimokrec
vestimokrec collected $6 from pot
vestimokrec: doesn't show hand
*** SUMMARY ***
Total pot $6 | Rake $0
Seat 5: Tatyana3005 (big blind) folded before Flop
Seat 6: vestimokrec (button) (small blind) collected ($6)


PokerStars Hand #176911860563:  Hold'em Limit ($3/$6 USD) - 2017/10/14 14:26:39 ET
Table 'Penthesilea II' 10-max Seat #5 is the button
Seat 5: Tatyana3005 ($49.36 in chips)
Seat 6: vestimokrec ($167.30 in chips)
Tatyana3005: posts small blind $1
vestimokrec: posts big blind $3
*** HOLE CARDS ***
Tatyana3005: raises $3 to $6
vestimokrec: calls $3
*** FLOP *** [3c Th 2h]
vestimokrec: checks
Tatyana3005: checks
*** TURN *** [3c Th 2h] [Kd]
vestimokrec: checks
Tatyana3005: bets $6
vestimokrec: raises $6 to $12
Tatyana3005: raises $6 to $18
vestimokrec: calls $6
*** RIVER *** [3c Th 2h Kd] [2c]
vestimokrec: checks
Tatyana3005: checks
*** SHOW DOWN ***
vestimokrec: shows [3s 5c] (two pair, Threes and Deuces)
Tatyana3005: mucks hand
vestimokrec collected $47.50 from pot
*** SUMMARY ***
Total pot $48 | Rake $0.50
Board [3c Th 2h Kd 2c]
Seat 5: Tatyana3005 (button) (small blind) mucked
Seat 6: vestimokrec (big blind) showed [3s 5c] and won ($47.50) with two pair, Threes and Deuces


PokerStars Hand #176911883711:  Hold'em Limit ($3/$6 USD) - 2017/10/14 14:27:09 ET
Table 'Penthesilea II' 10-max Seat #5 is the button
Seat 5: Tatyana3005 ($22.36 in chips)
Seat 6: vestimokrec ($193.80 in chips)
Tatyana3005: posts small blind $1
vestimokrec: posts big blind $3
*** HOLE CARDS ***
Tatyana3005: raises $3 to $6
vestimokrec: calls $3
*** FLOP *** [Ts Js 6s]
vestimokrec: checks
Tatyana3005: bets $3
vestimokrec: raises $3 to $6
Tatyana3005: calls $3
*** TURN *** [Ts Js 6s] [9d]
vestimokrec: bets $6
Tatyana3005: folds
Uncalled bet ($6) returned to vestimokrec
vestimokrec collected $23.52 from pot
vestimokrec: doesn't show hand
*** SUMMARY ***
Total pot $24 | Rake $0.48
Board [Ts Js 6s 9d]
Seat 5: Tatyana3005 (button) (small blind) folded on the Turn
Seat 6: vestimokrec (big blind) collected ($23.52)


PokerStars Hand #176911896722:  Hold'em Limit ($3/$6 USD) - 2017/10/14 14:27:26 ET
Table 'Penthesilea II' 10-max Seat #6 is the button
Seat 5: Tatyana3005 ($10.36 in chips)
Seat 6: vestimokrec ($205.32 in chips)
vestimokrec: posts small blind $1
Tatyana3005: posts big blind $3
*** HOLE CARDS ***
vestimokrec: raises $3 to $6
Tatyana3005: calls $3
*** FLOP *** [2d As 2c]
Tatyana3005: checks
vestimokrec: bets $3
Tatyana3005: folds
Uncalled bet ($3) returned to vestimokrec
vestimokrec collected $11.76 from pot
vestimokrec: doesn't show hand
*** SUMMARY ***
Total pot $12 | Rake $0.24
Board [2d As 2c]
Seat 5: Tatyana3005 (big blind) folded on the Flop
Seat 6: vestimokrec (button) (small blind) collected ($11.76)


