PokerStars Hand #147665823138:  Hold'em Limit ($3/$6 USD) - 2016/01/25 14:18:14 ET
Table 'Pepita II' 2-max Seat #1 is the button
Seat 1: permafrost07 ($154.78 in chips)
Seat 2: NeoNH5 ($84 in chips)
permafrost07: posts small blind $1
NeoNH5: posts big blind $3
*** HOLE CARDS ***
permafrost07: raises $3 to $6
NeoNH5: raises $3 to $9
permafrost07: calls $3
*** FLOP *** [Jd 5c 8s]
NeoNH5: bets $3
permafrost07: raises $3 to $6
NeoNH5: calls $3
*** TURN *** [Jd 5c 8s] [9h]
NeoNH5: checks
permafrost07: checks
*** RIVER *** [Jd 5c 8s 9h] [Js]
NeoNH5: checks
permafrost07: checks
*** SHOW DOWN ***
NeoNH5: shows [Td Kh] (a pair of Jacks)
permafrost07: shows [5s 7c] (two pair, Jacks and Fives)
permafrost07 collected $29.50 from pot
*** SUMMARY ***
Total pot $30 | Rake $0.50
Board [Jd 5c 8s 9h Js]
Seat 1: permafrost07 (button) (small blind) showed [5s 7c] and won ($29.50) with two pair, Jacks and Fives
Seat 2: NeoNH5 (big blind) showed [Td Kh] and lost with a pair of Jacks


PokerStars Hand #147665792322:  Hold'em Limit ($3/$6 USD) - 2016/01/25 14:17:45 ET
Table 'Pepita II' 2-max Seat #2 is the button
Seat 1: permafrost07 ($137.28 in chips)
Seat 2: NeoNH5 ($102 in chips)
NeoNH5: posts small blind $1
permafrost07: posts big blind $3
*** HOLE CARDS ***
NeoNH5: raises $3 to $6
permafrost07: raises $3 to $9
NeoNH5: calls $3
*** FLOP *** [9c Ts Kd]
permafrost07: bets $3
NeoNH5: calls $3
*** TURN *** [9c Ts Kd] [8c]
permafrost07: bets $6
NeoNH5: calls $6
*** RIVER *** [9c Ts Kd 8c] [2s]
permafrost07: bets $6
NeoNH5: folds
Uncalled bet ($6) returned to permafrost07
permafrost07 collected $35.50 from pot
permafrost07: doesn't show hand
*** SUMMARY ***
Total pot $36 | Rake $0.50
Board [9c Ts Kd 8c 2s]
Seat 1: permafrost07 (big blind) collected ($35.50)
Seat 2: NeoNH5 (button) (small blind) folded on the River


PokerStars Hand #147665847929:  Hold'em Limit ($3/$6 USD) - 2016/01/25 14:18:37 ET
Table 'Pepita II' 2-max Seat #2 is the button
Seat 1: permafrost07 ($169.28 in chips)
Seat 2: NeoNH5 ($69 in chips)
NeoNH5: posts small blind $1
permafrost07: posts big blind $3
*** HOLE CARDS ***
NeoNH5: raises $3 to $6
permafrost07: calls $3
*** FLOP *** [Jd 2s 8h]
permafrost07: bets $3
NeoNH5: calls $3
*** TURN *** [Jd 2s 8h] [Kd]
permafrost07: checks
NeoNH5: bets $6
permafrost07: calls $6
*** RIVER *** [Jd 2s 8h Kd] [4c]
permafrost07: checks
NeoNH5: bets $6
permafrost07: calls $6
*** SHOW DOWN ***
NeoNH5: shows [As Kc] (a pair of Kings)
permafrost07: mucks hand
NeoNH5 collected $41.50 from pot
*** SUMMARY ***
Total pot $42 | Rake $0.50
Board [Jd 2s 8h Kd 4c]
Seat 1: permafrost07 (big blind) mucked
Seat 2: NeoNH5 (button) (small blind) showed [As Kc] and won ($41.50) with a pair of Kings


PokerStars Hand #147672068628:  Hold'em Limit ($3/$6 USD) - 2016/01/25 15:54:03 ET
Table 'Pepita II' 2-max Seat #2 is the button
Seat 1: permafrost07 ($145.14 in chips)
Seat 2: NeoNH5 ($122.90 in chips)
NeoNH5: posts small blind $1
permafrost07: posts big blind $3
*** HOLE CARDS ***
NeoNH5: folds
Uncalled bet ($2) returned to permafrost07
permafrost07 collected $2 from pot
permafrost07: doesn't show hand
*** SUMMARY ***
Total pot $2 | Rake $0
Seat 1: permafrost07 (big blind) collected ($2)
Seat 2: NeoNH5 (button) (small blind) folded before Flop


PokerStars Hand #147672040712:  Hold'em Limit ($3/$6 USD) - 2016/01/25 15:53:37 ET
Table 'Pepita II' 2-max Seat #1 is the button
Seat 1: permafrost07 ($146.14 in chips)
Seat 2: NeoNH5 ($121.90 in chips)
permafrost07: posts small blind $1
NeoNH5: posts big blind $3
*** HOLE CARDS ***
permafrost07: folds
Uncalled bet ($2) returned to NeoNH5
NeoNH5 collected $2 from pot
*** SUMMARY ***
Total pot $2 | Rake $0
Seat 1: permafrost07 (button) (small blind) folded before Flop
Seat 2: NeoNH5 (big blind) collected ($2)


PokerStars Hand #147672013553:  Hold'em Limit ($3/$6 USD) - 2016/01/25 15:53:12 ET
Table 'Pepita II' 2-max Seat #2 is the button
Seat 1: permafrost07 ($137.50 in chips)
Seat 2: NeoNH5 ($130.90 in chips)
NeoNH5: posts small blind $1
permafrost07: posts big blind $3
*** HOLE CARDS ***
NeoNH5: raises $3 to $6
permafrost07: raises $3 to $9
NeoNH5: calls $3
*** FLOP *** [Ks 3d 3s]
permafrost07: checks
NeoNH5: checks
*** TURN *** [Ks 3d 3s] [2s]
permafrost07: checks
NeoNH5: checks
*** RIVER *** [Ks 3d 3s 2s] [Kh]
permafrost07: checks
NeoNH5: checks
*** SHOW DOWN ***
permafrost07: shows [Th Qs] (two pair, Kings and Threes)
NeoNH5: mucks hand
permafrost07 collected $17.64 from pot
*** SUMMARY ***
Total pot $18 | Rake $0.36
Board [Ks 3d 3s 2s Kh]
Seat 1: permafrost07 (big blind) showed [Th Qs] and won ($17.64) with two pair, Kings and Threes
Seat 2: NeoNH5 (button) (small blind) mucked


PokerStars Hand #147671993367:  Hold'em Limit ($3/$6 USD) - 2016/01/25 15:52:54 ET
Table 'Pepita II' 2-max Seat #1 is the button
Seat 1: permafrost07 ($149.50 in chips)
Seat 2: NeoNH5 ($119.38 in chips)
permafrost07: posts small blind $1
NeoNH5: posts big blind $3
*** HOLE CARDS ***
permafrost07: raises $3 to $6
NeoNH5: raises $3 to $9
permafrost07: calls $3
*** FLOP *** [6d Kh Th]
NeoNH5: bets $3
permafrost07: calls $3
*** TURN *** [6d Kh Th] [3d]
NeoNH5: bets $6
permafrost07: folds
Uncalled bet ($6) returned to NeoNH5
NeoNH5 collected $23.52 from pot
*** SUMMARY ***
Total pot $24 | Rake $0.48
Board [6d Kh Th 3d]
Seat 1: permafrost07 (button) (small blind) folded on the Turn
Seat 2: NeoNH5 (big blind) collected ($23.52)


PokerStars Hand #147672130479:  Hold'em Limit ($3/$6 USD) - 2016/01/25 15:55:00 ET
Table 'Pepita II' 2-max Seat #1 is the button
Seat 1: permafrost07 ($127.90 in chips)
Seat 2: NeoNH5 ($139.40 in chips)
permafrost07: posts small blind $1
NeoNH5: posts big blind $3
*** HOLE CARDS ***
permafrost07: folds
Uncalled bet ($2) returned to NeoNH5
NeoNH5 collected $2 from pot
*** SUMMARY ***
Total pot $2 | Rake $0
Seat 1: permafrost07 (button) (small blind) folded before Flop
Seat 2: NeoNH5 (big blind) collected ($2)


PokerStars Hand #147672087698:  Hold'em Limit ($3/$6 USD) - 2016/01/25 15:54:20 ET
Table 'Pepita II' 2-max Seat #2 is the button
Seat 1: permafrost07 ($151.90 in chips)
Seat 2: NeoNH5 ($115.90 in chips)
NeoNH5: posts small blind $1
permafrost07: posts big blind $3
*** HOLE CARDS ***
NeoNH5: raises $3 to $6
permafrost07: raises $3 to $9
NeoNH5: calls $3
*** FLOP *** [5c Js 9h]
permafrost07: bets $3
NeoNH5: calls $3
*** TURN *** [5c Js 9h] [6s]
permafrost07: bets $6
NeoNH5: calls $6
*** RIVER *** [5c Js 9h 6s] [Ac]
permafrost07: checks
NeoNH5: bets $6
permafrost07: calls $6
*** SHOW DOWN ***
NeoNH5: shows [7c As] (a pair of Aces)
permafrost07: mucks hand
NeoNH5 collected $47.50 from pot
*** SUMMARY ***
Total pot $48 | Rake $0.50
Board [5c Js 9h 6s Ac]
Seat 1: permafrost07 (big blind) mucked
Seat 2: NeoNH5 (button) (small blind) showed [7c As] and won ($47.50) with a pair of Aces


PokerStars Hand #147672073962:  Hold'em Limit ($3/$6 USD) - 2016/01/25 15:54:08 ET
Table 'Pepita II' 2-max Seat #1 is the button
Seat 1: permafrost07 ($146.14 in chips)
Seat 2: NeoNH5 ($121.90 in chips)
permafrost07: posts small blind $1
NeoNH5: posts big blind $3
*** HOLE CARDS ***
permafrost07: raises $3 to $6
NeoNH5: calls $3
*** FLOP *** [9d Tc 9s]
NeoNH5: checks
permafrost07: bets $3
NeoNH5: folds
Uncalled bet ($3) returned to permafrost07
permafrost07 collected $11.76 from pot
permafrost07: doesn't show hand
*** SUMMARY ***
Total pot $12 | Rake $0.24
Board [9d Tc 9s]
Seat 1: permafrost07 (button) (small blind) collected ($11.76)
Seat 2: NeoNH5 (big blind) folded on the Flop


PokerStars Hand #147672152917:  Hold'em Limit ($3/$6 USD) - 2016/01/25 15:55:24 ET
Table 'Pepita II' 2-max Seat #2 is the button
Seat 1: permafrost07 ($121.90 in chips)
Seat 2: NeoNH5 ($145.16 in chips)
NeoNH5: posts small blind $1
permafrost07: posts big blind $3
*** HOLE CARDS ***
NeoNH5: raises $3 to $6
permafrost07: raises $3 to $9
NeoNH5: calls $3
*** FLOP *** [6h As 9h]
permafrost07: bets $3
NeoNH5: raises $3 to $6
permafrost07: calls $3
*** TURN *** [6h As 9h] [Qd]
permafrost07: checks
NeoNH5: bets $6
permafrost07: calls $6
*** RIVER *** [6h As 9h Qd] [Ah]
permafrost07: checks
NeoNH5: checks
*** SHOW DOWN ***
permafrost07: shows [8d Jd] (a pair of Aces)
NeoNH5: shows [9s Ts] (two pair, Aces and Nines)
NeoNH5 collected $41.50 from pot
*** SUMMARY ***
Total pot $42 | Rake $0.50
Board [6h As 9h Qd Ah]
Seat 1: permafrost07 (big blind) showed [8d Jd] and lost with a pair of Aces
Seat 2: NeoNH5 (button) (small blind) showed [9s Ts] and won ($41.50) with two pair, Aces and Nines


PokerStars Hand #147672143636:  Hold'em Limit ($3/$6 USD) - 2016/01/25 15:55:13 ET
Table 'Pepita II' 2-max Seat #1 is the button
Seat 1: permafrost07 ($127.90 in chips)
Seat 2: NeoNH5 ($139.40 in chips)
permafrost07: posts small blind $1
NeoNH5: posts big blind $3
*** HOLE CARDS ***
permafrost07: calls $2
NeoNH5: raises $3 to $6
permafrost07: calls $3
*** FLOP *** [Js 8d Kc]
NeoNH5: bets $3
permafrost07: folds
Uncalled bet ($3) returned to NeoNH5
NeoNH5 collected $11.76 from pot
*** SUMMARY ***
Total pot $12 | Rake $0.24
Board [Js 8d Kc]
Seat 1: permafrost07 (button) (small blind) folded on the Flop
Seat 2: NeoNH5 (big blind) collected ($11.76)


PokerStars Hand #147672139634:  Hold'em Limit ($3/$6 USD) - 2016/01/25 15:55:08 ET
Table 'Pepita II' 2-max Seat #2 is the button
Seat 1: permafrost07 ($126.90 in chips)
Seat 2: NeoNH5 ($140.40 in chips)
NeoNH5: posts small blind $1
permafrost07: posts big blind $3
*** HOLE CARDS ***
NeoNH5: folds
Uncalled bet ($2) returned to permafrost07
permafrost07 collected $2 from pot
permafrost07: doesn't show hand
*** SUMMARY ***
Total pot $2 | Rake $0
Seat 1: permafrost07 (big blind) collected ($2)
Seat 2: NeoNH5 (button) (small blind) folded before Flop


PokerStars Hand #147672214597:  Hold'em Limit ($3/$6 USD) - 2016/01/25 15:56:35 ET
Table 'Pepita II' 2-max Seat #1 is the button
Seat 1: permafrost07 ($100.40 in chips)
Seat 2: NeoNH5 ($165.16 in chips)
permafrost07: posts small blind $1
NeoNH5: posts big blind $3
*** HOLE CARDS ***
permafrost07: raises $3 to $6
NeoNH5: calls $3
*** FLOP *** [6h Tc 8d]
NeoNH5: bets $3
permafrost07: raises $3 to $6
NeoNH5: calls $3
*** TURN *** [6h Tc 8d] [Jc]
NeoNH5: checks
permafrost07: bets $6
NeoNH5: calls $6
*** RIVER *** [6h Tc 8d Jc] [Jd]
NeoNH5: checks
permafrost07: bets $6
NeoNH5: calls $6
*** SHOW DOWN ***
permafrost07: shows [Qh 9h] (a straight, Eight to Queen)
NeoNH5: mucks hand
permafrost07 collected $47.50 from pot
*** SUMMARY ***
Total pot $48 | Rake $0.50
Board [6h Tc 8d Jc Jd]
Seat 1: permafrost07 (button) (small blind) showed [Qh 9h] and won ($47.50) with a straight, Eight to Queen
Seat 2: NeoNH5 (big blind) mucked


PokerStars Hand #147672197947:  Hold'em Limit ($3/$6 USD) - 2016/01/25 15:56:16 ET
Table 'Pepita II' 2-max Seat #2 is the button
Seat 1: permafrost07 ($82.90 in chips)
Seat 2: NeoNH5 ($183.16 in chips)
NeoNH5: posts small blind $1
permafrost07: posts big blind $3
*** HOLE CARDS ***
NeoNH5: raises $3 to $6
permafrost07: raises $3 to $9
NeoNH5: calls $3
*** FLOP *** [5s 8c 2d]
permafrost07: bets $3
NeoNH5: calls $3
*** TURN *** [5s 8c 2d] [8s]
permafrost07: checks
NeoNH5: checks
*** RIVER *** [5s 8c 2d 8s] [5c]
permafrost07: bets $6
NeoNH5: calls $6
*** SHOW DOWN ***
permafrost07: shows [Ac 7d] (two pair, Eights and Fives)
NeoNH5: mucks hand
permafrost07 collected $35.50 from pot
*** SUMMARY ***
Total pot $36 | Rake $0.50
Board [5s 8c 2d 8s 5c]
Seat 1: permafrost07 (big blind) showed [Ac 7d] and won ($35.50) with two pair, Eights and Fives
Seat 2: NeoNH5 (button) (small blind) mucked


PokerStars Hand #147672172088:  Hold'em Limit ($3/$6 USD) - 2016/01/25 15:55:46 ET
Table 'Pepita II' 2-max Seat #1 is the button
Seat 1: permafrost07 ($100.90 in chips)
Seat 2: NeoNH5 ($165.66 in chips)
permafrost07: posts small blind $1
NeoNH5: posts big blind $3
*** HOLE CARDS ***
permafrost07: raises $3 to $6
NeoNH5: calls $3
*** FLOP *** [3d 6d 9s]
NeoNH5: bets $3
permafrost07: raises $3 to $6
NeoNH5: calls $3
*** TURN *** [3d 6d 9s] [Kc]
NeoNH5: checks
permafrost07: checks
*** RIVER *** [3d 6d 9s Kc] [Kd]
NeoNH5: checks
permafrost07: bets $6
NeoNH5: calls $6
*** SHOW DOWN ***
permafrost07: shows [8h 7c] (a pair of Kings)
NeoNH5: shows [4c 6c] (two pair, Kings and Sixes)
NeoNH5 collected $35.50 from pot
*** SUMMARY ***
Total pot $36 | Rake $0.50
Board [3d 6d 9s Kc Kd]
Seat 1: permafrost07 (button) (small blind) showed [8h 7c] and lost with a pair of Kings
Seat 2: NeoNH5 (big blind) showed [4c 6c] and won ($35.50) with two pair, Kings and Sixes


PokerStars Hand #147672291655:  Hold'em Limit ($3/$6 USD) - 2016/01/25 15:58:03 ET
Table 'Pepita II' 2-max Seat #1 is the button
Seat 1: permafrost07 ($92.90 in chips)
Seat 2: NeoNH5 ($171.30 in chips)
permafrost07: posts small blind $1
NeoNH5: posts big blind $3
*** HOLE CARDS ***
permafrost07: raises $3 to $6
NeoNH5: folds
Uncalled bet ($3) returned to permafrost07
permafrost07 collected $6 from pot
permafrost07: doesn't show hand
*** SUMMARY ***
Total pot $6 | Rake $0
Seat 1: permafrost07 (button) (small blind) collected ($6)
Seat 2: NeoNH5 (big blind) folded before Flop


PokerStars Hand #147672287096:  Hold'em Limit ($3/$6 USD) - 2016/01/25 15:57:58 ET
Table 'Pepita II' 2-max Seat #2 is the button
Seat 1: permafrost07 ($91.90 in chips)
Seat 2: NeoNH5 ($172.30 in chips)
NeoNH5: posts small blind $1
permafrost07: posts big blind $3
*** HOLE CARDS ***
NeoNH5: folds
Uncalled bet ($2) returned to permafrost07
permafrost07 collected $2 from pot
permafrost07: doesn't show hand
*** SUMMARY ***
Total pot $2 | Rake $0
Seat 1: permafrost07 (big blind) collected ($2)
Seat 2: NeoNH5 (button) (small blind) folded before Flop


PokerStars Hand #147672281845:  Hold'em Limit ($3/$6 USD) - 2016/01/25 15:57:52 ET
Table 'Pepita II' 2-max Seat #1 is the button
Seat 1: permafrost07 ($92.90 in chips)
Seat 2: NeoNH5 ($171.30 in chips)
permafrost07: posts small blind $1
NeoNH5: posts big blind $3
*** HOLE CARDS ***
permafrost07: folds
Uncalled bet ($2) returned to NeoNH5
NeoNH5 collected $2 from pot
*** SUMMARY ***
Total pot $2 | Rake $0
Seat 1: permafrost07 (button) (small blind) folded before Flop
Seat 2: NeoNH5 (big blind) collected ($2)


PokerStars Hand #147672261144:  Hold'em Limit ($3/$6 USD) - 2016/01/25 15:57:28 ET
Table 'Pepita II' 2-max Seat #2 is the button
Seat 1: permafrost07 ($113.90 in chips)
Seat 2: NeoNH5 ($150.80 in chips)
NeoNH5: posts small blind $1
permafrost07: posts big blind $3
*** HOLE CARDS ***
NeoNH5: raises $3 to $6
permafrost07: calls $3
*** FLOP *** [Qd Tc 8c]
permafrost07: bets $3
NeoNH5: calls $3
*** TURN *** [Qd Tc 8c] [7s]
permafrost07: checks
NeoNH5: bets $6
permafrost07: calls $6
*** RIVER *** [Qd Tc 8c 7s] [5c]
permafrost07: checks
NeoNH5: bets $6
permafrost07: calls $6
*** SHOW DOWN ***
NeoNH5: shows [6c 9h] (a straight, Six to Ten)
permafrost07: mucks hand
NeoNH5 collected $41.50 from pot
*** SUMMARY ***
Total pot $42 | Rake $0.50
Board [Qd Tc 8c 7s 5c]
Seat 1: permafrost07 (big blind) mucked
Seat 2: NeoNH5 (button) (small blind) showed [6c 9h] and won ($41.50) with a straight, Six to Ten


PokerStars Hand #147672255882:  Hold'em Limit ($3/$6 USD) - 2016/01/25 15:57:22 ET
Table 'Pepita II' 2-max Seat #1 is the button
Seat 1: permafrost07 ($114.90 in chips)
Seat 2: NeoNH5 ($149.80 in chips)
permafrost07: posts small blind $1
NeoNH5: posts big blind $3
*** HOLE CARDS ***
permafrost07: folds
Uncalled bet ($2) returned to NeoNH5
NeoNH5 collected $2 from pot
*** SUMMARY ***
Total pot $2 | Rake $0
Seat 1: permafrost07 (button) (small blind) folded before Flop
Seat 2: NeoNH5 (big blind) collected ($2)


PokerStars Hand #147672240311:  Hold'em Limit ($3/$6 USD) - 2016/01/25 15:57:04 ET
Table 'Pepita II' 2-max Seat #2 is the button
Seat 1: permafrost07 ($123.90 in chips)
Seat 2: NeoNH5 ($141.16 in chips)
NeoNH5: posts small blind $1
permafrost07: posts big blind $3
*** HOLE CARDS ***
NeoNH5: raises $3 to $6
permafrost07: calls $3
*** FLOP *** [2s Kc 6c]
permafrost07: bets $3
NeoNH5: calls $3
*** TURN *** [2s Kc 6c] [7h]
permafrost07: checks
NeoNH5: bets $6
permafrost07: folds
Uncalled bet ($6) returned to NeoNH5
NeoNH5 collected $17.64 from pot
*** SUMMARY ***
Total pot $18 | Rake $0.36
Board [2s Kc 6c 7h]
Seat 1: permafrost07 (big blind) folded on the Turn
Seat 2: NeoNH5 (button) (small blind) collected ($17.64)


PokerStars Hand #147672347851:  Hold'em Limit ($3/$6 USD) - 2016/01/25 15:58:52 ET
Table 'Pepita II' 2-max Seat #2 is the button
Seat 1: permafrost07 ($119.40 in chips)
Seat 2: NeoNH5 ($144.06 in chips)
NeoNH5: posts small blind $1
permafrost07: posts big blind $3
*** HOLE CARDS ***
NeoNH5: raises $3 to $6
permafrost07: raises $3 to $9
NeoNH5: calls $3
*** FLOP *** [Ad Ks 5c]
permafrost07: bets $3
NeoNH5: raises $3 to $6
permafrost07: raises $3 to $9
NeoNH5: folds
Uncalled bet ($3) returned to permafrost07
permafrost07 collected $29.50 from pot
permafrost07: doesn't show hand
*** SUMMARY ***
Total pot $30 | Rake $0.50
Board [Ad Ks 5c]
Seat 1: permafrost07 (big blind) collected ($29.50)
Seat 2: NeoNH5 (button) (small blind) folded on the Flop


PokerStars Hand #147672317967:  Hold'em Limit ($3/$6 USD) - 2016/01/25 15:58:24 ET
Table 'Pepita II' 2-max Seat #1 is the button
Seat 1: permafrost07 ($89.90 in chips)
Seat 2: NeoNH5 ($174.06 in chips)
permafrost07: posts small blind $1
NeoNH5: posts big blind $3
*** HOLE CARDS ***
permafrost07: raises $3 to $6
NeoNH5: calls $3
*** FLOP *** [6d 8h 7s]
NeoNH5: checks
permafrost07: bets $3
NeoNH5: raises $3 to $6
permafrost07: raises $3 to $9
NeoNH5: raises $3 to $12
Betting is capped
permafrost07: calls $3
*** TURN *** [6d 8h 7s] [Kh]
NeoNH5: bets $6
permafrost07: calls $6
*** RIVER *** [6d 8h 7s Kh] [Ad]
NeoNH5: bets $6
permafrost07: calls $6
*** SHOW DOWN ***
NeoNH5: shows [9h 8c] (a pair of Eights)
permafrost07: shows [As 4c] (a pair of Aces)
permafrost07 collected $59.50 from pot
*** SUMMARY ***
Total pot $60 | Rake $0.50
Board [6d 8h 7s Kh Ad]
Seat 1: permafrost07 (button) (small blind) showed [As 4c] and won ($59.50) with a pair of Aces
Seat 2: NeoNH5 (big blind) showed [9h 8c] and lost with a pair of Eights


PokerStars Hand #147672302330:  Hold'em Limit ($3/$6 USD) - 2016/01/25 15:58:10 ET
Table 'Pepita II' 2-max Seat #2 is the button
Seat 1: permafrost07 ($95.90 in chips)
Seat 2: NeoNH5 ($168.30 in chips)
NeoNH5: posts small blind $1
permafrost07: posts big blind $3
*** HOLE CARDS ***
NeoNH5: raises $3 to $6
permafrost07: calls $3
*** FLOP *** [Ad 6s 2d]
permafrost07: checks
NeoNH5: bets $3
permafrost07: folds
Uncalled bet ($3) returned to NeoNH5
NeoNH5 collected $11.76 from pot
*** SUMMARY ***
Total pot $12 | Rake $0.24
Board [Ad 6s 2d]
Seat 1: permafrost07 (big blind) folded on the Flop
Seat 2: NeoNH5 (button) (small blind) collected ($11.76)


PokerStars Hand #147672385839:  Hold'em Limit ($3/$6 USD) - 2016/01/25 15:59:34 ET
Table 'Pepita II' 2-max Seat #2 is the button
Seat 1: permafrost07 ($118.90 in chips)
Seat 2: NeoNH5 ($143.56 in chips)
NeoNH5: posts small blind $1
permafrost07: posts big blind $3
*** HOLE CARDS ***
NeoNH5: raises $3 to $6
permafrost07: raises $3 to $9
NeoNH5: calls $3
*** FLOP *** [Th 9d Kc]
permafrost07: bets $3
NeoNH5: calls $3
*** TURN *** [Th 9d Kc] [Kd]
permafrost07: checks
NeoNH5: checks
*** RIVER *** [Th 9d Kc Kd] [Ts]
permafrost07: checks
NeoNH5: checks
*** SHOW DOWN ***
permafrost07: shows [Ac 8s] (two pair, Kings and Tens)
NeoNH5: mucks hand
permafrost07 collected $23.52 from pot
*** SUMMARY ***
Total pot $24 | Rake $0.48
Board [Th 9d Kc Kd Ts]
Seat 1: permafrost07 (big blind) showed [Ac 8s] and won ($23.52) with two pair, Kings and Tens
Seat 2: NeoNH5 (button) (small blind) mucked


PokerStars Hand #147672363308:  Hold'em Limit ($3/$6 USD) - 2016/01/25 15:59:08 ET
Table 'Pepita II' 2-max Seat #1 is the button
Seat 1: permafrost07 ($133.90 in chips)
Seat 2: NeoNH5 ($129.06 in chips)
permafrost07: posts small blind $1
NeoNH5: posts big blind $3
*** HOLE CARDS ***
permafrost07: raises $3 to $6
NeoNH5: raises $3 to $9
permafrost07: raises $3 to $12
Betting is capped
NeoNH5: calls $3
*** FLOP *** [3d 9h 6h]
NeoNH5: bets $3
permafrost07: calls $3
*** TURN *** [3d 9h 6h] [6s]
NeoNH5: bets $6
permafrost07: folds
Uncalled bet ($6) returned to NeoNH5
NeoNH5 collected $29.50 from pot
*** SUMMARY ***
Total pot $30 | Rake $0.50
Board [3d 9h 6h 6s]
Seat 1: permafrost07 (button) (small blind) folded on the Turn
Seat 2: NeoNH5 (big blind) collected ($29.50)


PokerStars Hand #147672441714:  Hold'em Limit ($3/$6 USD) - 2016/01/25 16:00:34 ET
Table 'Pepita II' 2-max Seat #2 is the button
Seat 1: permafrost07 ($147.92 in chips)
Seat 2: NeoNH5 ($113.56 in chips)
NeoNH5: posts small blind $1
permafrost07: posts big blind $3
*** HOLE CARDS ***
NeoNH5: raises $3 to $6
permafrost07: raises $3 to $9
NeoNH5: calls $3
*** FLOP *** [Ad 4c Qh]
permafrost07: bets $3
NeoNH5: calls $3
*** TURN *** [Ad 4c Qh] [Ac]
permafrost07: checks
NeoNH5: bets $6
permafrost07: calls $6
*** RIVER *** [Ad 4c Qh Ac] [4h]
permafrost07: checks
NeoNH5: checks
*** SHOW DOWN ***
permafrost07: shows [Ks Kh] (two pair, Aces and Kings)
NeoNH5: mucks hand
permafrost07 collected $35.50 from pot
*** SUMMARY ***
Total pot $36 | Rake $0.50
Board [Ad 4c Qh Ac 4h]
Seat 1: permafrost07 (big blind) showed [Ks Kh] and won ($35.50) with two pair, Aces and Kings
Seat 2: NeoNH5 (button) (small blind) mucked


PokerStars Hand #147672405367:  Hold'em Limit ($3/$6 USD) - 2016/01/25 15:59:56 ET
Table 'Pepita II' 2-max Seat #1 is the button
Seat 1: permafrost07 ($130.42 in chips)
Seat 2: NeoNH5 ($131.56 in chips)
permafrost07: posts small blind $1
NeoNH5: posts big blind $3
*** HOLE CARDS ***
permafrost07: calls $2
NeoNH5: raises $3 to $6
permafrost07: calls $3
*** FLOP *** [9s 5h 2s]
NeoNH5: bets $3
permafrost07: raises $3 to $6
NeoNH5: calls $3
*** TURN *** [9s 5h 2s] [4c]
NeoNH5: checks
permafrost07: bets $6
NeoNH5: calls $6
*** RIVER *** [9s 5h 2s 4c] [Jc]
NeoNH5: checks
permafrost07: checks
*** SHOW DOWN ***
NeoNH5: shows [6h 7h] (high card Jack)
permafrost07: shows [8c 9c] (a pair of Nines)
permafrost07 collected $35.50 from pot
*** SUMMARY ***
Total pot $36 | Rake $0.50
Board [9s 5h 2s 4c Jc]
Seat 1: permafrost07 (button) (small blind) showed [8c 9c] and won ($35.50) with a pair of Nines
Seat 2: NeoNH5 (big blind) showed [6h 7h] and lost with high card Jack


