PokerStars Hand #150473369577:  Hold'em Limit ($3/$6 USD) - 2016/03/16 22:34:52 ET
Table 'Pepita' 6-max Seat #5 is the button
Seat 2: TinaTurner72 ($123 in chips)
Seat 5: Sunny1022 ($72 in chips)
Sunny1022: posts small blind $1
TinaTurner72: posts big blind $3
*** HOLE CARDS ***
BuzovaPro joins the table at seat #6
Sunny1022: raises $3 to $6
TinaTurner72: folds
Uncalled bet ($3) returned to Sunny1022
Sunny1022 collected $6 from pot
Sunny1022: doesn't show hand
*** SUMMARY ***
Total pot $6 | Rake $0
Seat 2: TinaTurner72 (big blind) folded before Flop
Seat 5: Sunny1022 (button) (small blind) collected ($6)


PokerStars Hand #150473373602:  Hold'em Limit ($3/$6 USD) - 2016/03/16 22:35:02 ET
Table 'Pepita' 6-max Seat #2 is the button
Seat 2: TinaTurner72 ($120 in chips)
Seat 5: Sunny1022 ($75 in chips)
TinaTurner72: posts small blind $1
Sunny1022: posts big blind $3
*** HOLE CARDS ***
TinaTurner72: raises $3 to $6
Sunny1022: calls $3
*** FLOP *** [4s Ts 6s]
Sunny1022: checks
TinaTurner72: bets $3
Sunny1022: folds
Uncalled bet ($3) returned to TinaTurner72
TinaTurner72 collected $11.76 from pot
TinaTurner72: doesn't show hand
*** SUMMARY ***
Total pot $12 | Rake $0.24
Board [4s Ts 6s]
Seat 2: TinaTurner72 (button) (small blind) collected ($11.76)
Seat 5: Sunny1022 (big blind) folded on the Flop


PokerStars Hand #150473364352:  Hold'em Limit ($3/$6 USD) - 2016/03/16 22:34:38 ET
Table 'Pepita' 6-max Seat #2 is the button
Seat 2: TinaTurner72 ($120 in chips)
Seat 5: Sunny1022 ($75 in chips)
TinaTurner72: posts small blind $1
Sunny1022: posts big blind $3
*** HOLE CARDS ***
TinaTurner72: raises $3 to $6
Sunny1022: folds
Uncalled bet ($3) returned to TinaTurner72
TinaTurner72 collected $6 from pot
TinaTurner72: doesn't show hand
*** SUMMARY ***
Total pot $6 | Rake $0
Seat 2: TinaTurner72 (button) (small blind) collected ($6)
Seat 5: Sunny1022 (big blind) folded before Flop


PokerStars Hand #150473459876:  Hold'em Limit ($3/$6 USD) - 2016/03/16 22:38:45 ET
Table 'Pepita' 6-max Seat #6 is the button
Seat 5: Sunny1022 ($90.78 in chips)
Seat 6: BuzovaPro ($82.62 in chips)
BuzovaPro: posts small blind $1
TinaTurner72: is sitting out
Sunny1022: posts big blind $3
*** HOLE CARDS ***
BuzovaPro: raises $3 to $6
Sunny1022: folds
Uncalled bet ($3) returned to BuzovaPro
TinaTurner72 leaves the table
BuzovaPro collected $6 from pot
BuzovaPro: doesn't show hand
*** SUMMARY ***
Total pot $6 | Rake $0
Seat 5: Sunny1022 (big blind) folded before Flop
Seat 6: BuzovaPro (button) (small blind) collected ($6)


PokerStars Hand #150473462647:  Hold'em Limit ($3/$6 USD) - 2016/03/16 22:38:52 ET
Table 'Pepita' 6-max Seat #5 is the button
Seat 5: Sunny1022 ($87.78 in chips)
Seat 6: BuzovaPro ($85.62 in chips)
Sunny1022: posts small blind $1
BuzovaPro: posts big blind $3
*** HOLE CARDS ***
Sunny1022: raises $3 to $6
BuzovaPro: folds
Uncalled bet ($3) returned to Sunny1022
Sunny1022 collected $6 from pot
Sunny1022: doesn't show hand
*** SUMMARY ***
Total pot $6 | Rake $0
Seat 5: Sunny1022 (button) (small blind) collected ($6)
Seat 6: BuzovaPro (big blind) folded before Flop


PokerStars Hand #150473472184:  Hold'em Limit ($3/$6 USD) - 2016/03/16 22:39:17 ET
Table 'Pepita' 6-max Seat #5 is the button
Seat 5: Sunny1022 ($84.78 in chips)
Seat 6: BuzovaPro ($88.38 in chips)
Sunny1022: posts small blind $1
BuzovaPro: posts big blind $3
*** HOLE CARDS ***
Sunny1022: raises $3 to $6
BuzovaPro: folds
Uncalled bet ($3) returned to Sunny1022
Sunny1022 collected $6 from pot
Sunny1022: doesn't show hand
*** SUMMARY ***
Total pot $6 | Rake $0
Seat 5: Sunny1022 (button) (small blind) collected ($6)
Seat 6: BuzovaPro (big blind) folded before Flop


PokerStars Hand #150473465107:  Hold'em Limit ($3/$6 USD) - 2016/03/16 22:38:58 ET
Table 'Pepita' 6-max Seat #6 is the button
Seat 5: Sunny1022 ($90.78 in chips)
Seat 6: BuzovaPro ($82.62 in chips)
BuzovaPro: posts small blind $1
Sunny1022: posts big blind $3
*** HOLE CARDS ***
BuzovaPro: raises $3 to $6
Sunny1022: calls $3
*** FLOP *** [Kd Jc Td]
Sunny1022: checks
BuzovaPro: checks
*** TURN *** [Kd Jc Td] [8c]
Sunny1022: checks
BuzovaPro: bets $6
Sunny1022: folds
Uncalled bet ($6) returned to BuzovaPro
BuzovaPro collected $11.76 from pot
BuzovaPro: doesn't show hand
*** SUMMARY ***
Total pot $12 | Rake $0.24
Board [Kd Jc Td 8c]
Seat 5: Sunny1022 (big blind) folded on the Turn
Seat 6: BuzovaPro (button) (small blind) collected ($11.76)


PokerStars Hand #150473474982:  Hold'em Limit ($3/$6 USD) - 2016/03/16 22:39:25 ET
Table 'Pepita' 6-max Seat #6 is the button
Seat 5: Sunny1022 ($87.78 in chips)
Seat 6: BuzovaPro ($85.38 in chips)
BuzovaPro: posts small blind $1
Sunny1022: posts big blind $3
*** HOLE CARDS ***
BuzovaPro: raises $3 to $6
Sunny1022: calls $3
*** FLOP *** [2h Jc As]
Sunny1022: checks
BuzovaPro: bets $3
Sunny1022: calls $3
*** TURN *** [2h Jc As] [5d]
Sunny1022: checks
BuzovaPro: checks
*** RIVER *** [2h Jc As 5d] [Qc]
Sunny1022: bets $6
BuzovaPro: folds
Uncalled bet ($6) returned to Sunny1022
Sunny1022 collected $17.64 from pot
Sunny1022: doesn't show hand
*** SUMMARY ***
Total pot $18 | Rake $0.36
Board [2h Jc As 5d Qc]
Seat 5: Sunny1022 (big blind) collected ($17.64)
Seat 6: BuzovaPro (button) (small blind) folded on the River


