PokerStars Hand #148194407394:  Hold'em Limit ($3/$6 USD) - 2016/02/03 18:27:40 ET
Table 'Pepita' 6-max Seat #5 is the button
Seat 2: AzureCaper ($77.64 in chips)
Seat 5: Pandakey ($114 in chips)
Pandakey: posts small blind $1
AzureCaper: posts big blind $3
*** HOLE CARDS ***
Pandakey: raises $3 to $6
AzureCaper: folds
Uncalled bet ($3) returned to Pandakey
Pandakey collected $6 from pot
Pandakey: doesn't show hand
*** SUMMARY ***
Total pot $6 | Rake $0
Seat 2: AzureCaper (big blind) folded before Flop
Seat 5: Pandakey (button) (small blind) collected ($6)


PokerStars Hand #148194413224:  Hold'em Limit ($3/$6 USD) - 2016/02/03 18:27:47 ET
Table 'Pepita' 6-max Seat #2 is the button
Seat 2: AzureCaper ($74.64 in chips)
Seat 5: Pandakey ($117 in chips)
AzureCaper: posts small blind $1
Pandakey: posts big blind $3
*** HOLE CARDS ***
AzureCaper: folds
Uncalled bet ($2) returned to Pandakey
Pandakey collected $2 from pot
Pandakey: doesn't show hand
*** SUMMARY ***
Total pot $2 | Rake $0
Seat 2: AzureCaper (button) (small blind) folded before Flop
Seat 5: Pandakey (big blind) collected ($2)


PokerStars Hand #148194463207:  Hold'em Limit ($3/$6 USD) - 2016/02/03 18:28:47 ET
Table 'Pepita' 6-max Seat #5 is the button
Seat 3: Sad Joker 00 ($60 in chips)
Seat 5: Pandakey ($118 in chips)
Pandakey: posts small blind $1
Sad Joker 00: posts big blind $3
*** HOLE CARDS ***
Pandakey: raises $3 to $6
AzureCaper joins the table at seat #4
Sad Joker 00: calls $3
*** FLOP *** [9d 7c 2s]
Sad Joker 00: bets $3
Pandakey: raises $3 to $6
Sad Joker 00: calls $3
*** TURN *** [9d 7c 2s] [3c]
Sad Joker 00: checks
Pandakey: bets $6
Sad Joker 00: calls $6
*** RIVER *** [9d 7c 2s 3c] [Ac]
Sad Joker 00: bets $6
Pandakey: calls $6
*** SHOW DOWN ***
Sad Joker 00: shows [Qc 5c] (a flush, Ace high)
Pandakey: mucks hand
Sad Joker 00 collected $47.50 from pot
*** SUMMARY ***
Total pot $48 | Rake $0.50
Board [9d 7c 2s 3c Ac]
Seat 3: Sad Joker 00 (big blind) showed [Qc 5c] and won ($47.50) with a flush, Ace high
Seat 5: Pandakey (button) (small blind) mucked


PokerStars Hand #148194547454:  Hold'em Limit ($3/$6 USD) - 2016/02/03 18:30:30 ET
Table 'Pepita' 6-max Seat #4 is the button
Seat 4: AzureCaper ($95.53 in chips)
Seat 5: Pandakey ($57 in chips)
AzureCaper: posts small blind $1
Pandakey: posts big blind $3
*** HOLE CARDS ***
AzureCaper: raises $3 to $6
Pandakey: folds
Uncalled bet ($3) returned to AzureCaper
AzureCaper collected $6 from pot
AzureCaper: doesn't show hand
*** SUMMARY ***
Total pot $6 | Rake $0
Seat 4: AzureCaper (button) (small blind) collected ($6)
Seat 5: Pandakey (big blind) folded before Flop


