PokerStars Hand #173785759113:  Hold'em Limit ($3/$6 USD) - 2017/08/01 9:31:43 ET
Table 'Peraga' 6-max Seat #1 is the button
Seat 1: Opal10 ($114.65 in chips)
Seat 3: Ale4o ($125.76 in chips)
Opal10: posts small blind $1
Ale4o: posts big blind $3
*** HOLE CARDS ***
Opal10: calls $2
Ale4o: raises $3 to $6
Opal10: calls $3
*** FLOP *** [8h Tc Qc]
Ale4o: checks
Opal10: bets $3
Ale4o: folds
Uncalled bet ($3) returned to Opal10
Opal10 collected $11.76 from pot
Opal10: doesn't show hand
*** SUMMARY ***
Total pot $12 | Rake $0.24
Board [8h Tc Qc]
Seat 1: Opal10 (button) (small blind) collected ($11.76)
Seat 3: Ale4o (big blind) folded on the Flop


PokerStars Hand #173785776043:  Hold'em Limit ($3/$6 USD) - 2017/08/01 9:32:17 ET
Table 'Peraga' 6-max Seat #1 is the button
Seat 1: Opal10 ($114.41 in chips)
Seat 3: Ale4o ($125.52 in chips)
Opal10: posts small blind $1
Ale4o: posts big blind $3
*** HOLE CARDS ***
Opal10: folds
Uncalled bet ($2) returned to Ale4o
Ale4o collected $2 from pot
Ale4o: doesn't show hand
*** SUMMARY ***
Total pot $2 | Rake $0
Seat 1: Opal10 (button) (small blind) folded before Flop
Seat 3: Ale4o (big blind) collected ($2)


PokerStars Hand #173785769647:  Hold'em Limit ($3/$6 USD) - 2017/08/01 9:32:04 ET
Table 'Peraga' 6-max Seat #3 is the button
Seat 1: Opal10 ($120.41 in chips)
Seat 3: Ale4o ($119.76 in chips)
Ale4o: posts small blind $1
Opal10: posts big blind $3
*** HOLE CARDS ***
Ale4o: raises $3 to $6
Opal10: calls $3
*** FLOP *** [Kc 3h Qc]
Opal10: checks
Ale4o: bets $3
Opal10: folds
Uncalled bet ($3) returned to Ale4o
Ale4o collected $11.76 from pot
Ale4o: doesn't show hand
*** SUMMARY ***
Total pot $12 | Rake $0.24
Board [Kc 3h Qc]
Seat 1: Opal10 (big blind) folded on the Flop
Seat 3: Ale4o (button) (small blind) collected ($11.76)


PokerStars Hand #173785778236:  Hold'em Limit ($3/$6 USD) - 2017/08/01 9:32:21 ET
Table 'Peraga' 6-max Seat #3 is the button
Seat 1: Opal10 ($113.41 in chips)
Seat 3: Ale4o ($126.52 in chips)
Ale4o: posts small blind $1
Opal10: posts big blind $3
*** HOLE CARDS ***
Ale4o: raises $3 to $6
Opal10: calls $3
*** FLOP *** [Ks 4d 4h]
Opal10: bets $3
Ale4o: calls $3
*** TURN *** [Ks 4d 4h] [Js]
Opal10: bets $6
Ale4o: folds
Uncalled bet ($6) returned to Opal10
Opal10 collected $17.64 from pot
Opal10: doesn't show hand
*** SUMMARY ***
Total pot $18 | Rake $0.36
Board [Ks 4d 4h Js]
Seat 1: Opal10 (big blind) collected ($17.64)
Seat 3: Ale4o (button) (small blind) folded on the Turn


PokerStars Hand #173785785839:  Hold'em Limit ($3/$6 USD) - 2017/08/01 9:32:36 ET
Table 'Peraga' 6-max Seat #1 is the button
Seat 1: Opal10 ($122.05 in chips)
Seat 3: Ale4o ($117.52 in chips)
Opal10: posts small blind $1
Ale4o: posts big blind $3
*** HOLE CARDS ***
Opal10: calls $2
Ale4o: checks
*** FLOP *** [Js 8s Qd]
Ale4o: checks
Opal10: checks
*** TURN *** [Js 8s Qd] [5d]
Ale4o: checks
Opal10: checks
*** RIVER *** [Js 8s Qd 5d] [Qs]
Ale4o: checks
Opal10: checks
*** SHOW DOWN ***
Ale4o: shows [2h Kc] (a pair of Queens)
Opal10: mucks hand
Ale4o collected $5.88 from pot
*** SUMMARY ***
Total pot $6 | Rake $0.12
Board [Js 8s Qd 5d Qs]
Seat 1: Opal10 (button) (small blind) mucked
Seat 3: Ale4o (big blind) showed [2h Kc] and won ($5.88) with a pair of Queens


PokerStars Hand #173785800738:  Hold'em Limit ($3/$6 USD) - 2017/08/01 9:33:06 ET
Table 'Peraga' 6-max Seat #3 is the button
Seat 1: Opal10 ($119.05 in chips)
Seat 3: Ale4o ($120.40 in chips)
Ale4o: posts small blind $1
Opal10: posts big blind $3
*** HOLE CARDS ***
Ale4o: raises $3 to $6
Opal10: calls $3
*** FLOP *** [Ah Jc Kh]
Opal10: bets $3
Ale4o: calls $3
*** TURN *** [Ah Jc Kh] [5s]
Opal10: bets $6
Ale4o: calls $6
*** RIVER *** [Ah Jc Kh 5s] [8s]
Opal10: checks
Ale4o: bets $6
Opal10: folds
Uncalled bet ($6) returned to Ale4o
Ale4o collected $29.50 from pot
Ale4o: doesn't show hand
*** SUMMARY ***
Total pot $30 | Rake $0.50
Board [Ah Jc Kh 5s 8s]
Seat 1: Opal10 (big blind) folded on the River
Seat 3: Ale4o (button) (small blind) collected ($29.50)


PokerStars Hand #173785812088:  Hold'em Limit ($3/$6 USD) - 2017/08/01 9:33:29 ET
Table 'Peraga' 6-max Seat #1 is the button
Seat 1: Opal10 ($104.05 in chips)
Seat 3: Ale4o ($134.90 in chips)
Opal10: posts small blind $1
Ale4o: posts big blind $3
*** HOLE CARDS ***
Opal10: calls $2
Ale4o: raises $3 to $6
Opal10: calls $3
*** FLOP *** [4c 2h Ks]
Ale4o: checks
Opal10: bets $3
Ale4o: calls $3
*** TURN *** [4c 2h Ks] [3c]
Ale4o: checks
Opal10: bets $6
Ale4o: calls $6
*** RIVER *** [4c 2h Ks 3c] [3d]
Ale4o: checks
Opal10: bets $6
Ale4o: raises $6 to $12
Opal10: calls $6
*** SHOW DOWN ***
Ale4o: shows [Ad Ah] (two pair, Aces and Threes)
Opal10: mucks hand
Ale4o collected $53.50 from pot
*** SUMMARY ***
Total pot $54 | Rake $0.50
Board [4c 2h Ks 3c 3d]
Seat 1: Opal10 (button) (small blind) mucked
Seat 3: Ale4o (big blind) showed [Ad Ah] and won ($53.50) with two pair, Aces and Threes


PokerStars Hand #173785822855:  Hold'em Limit ($3/$6 USD) - 2017/08/01 9:33:50 ET
Table 'Peraga' 6-max Seat #3 is the button
Seat 1: Opal10 ($77.05 in chips)
Seat 3: Ale4o ($161.40 in chips)
Ale4o: posts small blind $1
Opal10: posts big blind $3
*** HOLE CARDS ***
Ale4o: raises $3 to $6
Opal10: folds
Uncalled bet ($3) returned to Ale4o
Ale4o collected $6 from pot
Ale4o: doesn't show hand
*** SUMMARY ***
Total pot $6 | Rake $0
Seat 1: Opal10 (big blind) folded before Flop
Seat 3: Ale4o (button) (small blind) collected ($6)


PokerStars Hand #173785827408:  Hold'em Limit ($3/$6 USD) - 2017/08/01 9:33:59 ET
Table 'Peraga' 6-max Seat #1 is the button
Seat 1: Opal10 ($74.05 in chips)
Seat 3: Ale4o ($164.40 in chips)
Opal10: posts small blind $1
Ale4o: posts big blind $3
*** HOLE CARDS ***
Opal10 is disconnected
Opal10 has timed out while disconnected
Opal10: folds
Uncalled bet ($2) returned to Ale4o
Ale4o collected $2 from pot
Ale4o: doesn't show hand
*** SUMMARY ***
Total pot $2 | Rake $0
Seat 1: Opal10 (button) (small blind) folded before Flop
Seat 3: Ale4o (big blind) collected ($2)


PokerStars Hand #173785846043:  Hold'em Limit ($3/$6 USD) - 2017/08/01 9:34:35 ET
Table 'Peraga' 6-max Seat #3 is the button
Seat 1: Opal10 ($73.05 in chips)
Seat 3: Ale4o ($165.40 in chips)
Ale4o: posts small blind $1
Opal10: posts big blind $3
*** HOLE CARDS ***
Ale4o: raises $3 to $6
Opal10: calls $3
*** FLOP *** [6c 2h 4h]
GoliafUa leaves the table
Opal10: checks
Ale4o: bets $3
Opal10: folds
Uncalled bet ($3) returned to Ale4o
Ale4o collected $11.76 from pot
Ale4o: doesn't show hand
*** SUMMARY ***
Total pot $12 | Rake $0.24
Board [6c 2h 4h]
Seat 1: Opal10 (big blind) folded on the Flop
Seat 3: Ale4o (button) (small blind) collected ($11.76)


PokerStars Hand #173785854629:  Hold'em Limit ($3/$6 USD) - 2017/08/01 9:34:52 ET
Table 'Peraga' 6-max Seat #1 is the button
Seat 1: Opal10 ($67.05 in chips)
Seat 3: Ale4o ($171.16 in chips)
Opal10: posts small blind $1
Ale4o: posts big blind $3
*** HOLE CARDS ***
Opal10: calls $2
Ale4o: raises $3 to $6
Opal10: calls $3
*** FLOP *** [Js 2d 8c]
Ale4o: bets $3
Nijadperest joins the table at seat #2
Opal10: raises $3 to $6
Ale4o: raises $3 to $9
Opal10: calls $3
*** TURN *** [Js 2d 8c] [4c]
Ale4o: bets $6
Opal10: calls $6
*** RIVER *** [Js 2d 8c 4c] [7c]
Ale4o: checks
Opal10: bets $6
Ale4o: calls $6
*** SHOW DOWN ***
Opal10: shows [Ac Qc] (a flush, Ace high)
Ale4o: mucks hand
Opal10 collected $53.50 from pot
*** SUMMARY ***
Total pot $54 | Rake $0.50
Board [Js 2d 8c 4c 7c]
Seat 1: Opal10 (button) (small blind) showed [Ac Qc] and won ($53.50) with a flush, Ace high
Seat 3: Ale4o (big blind) mucked


PokerStars Hand #173785865262:  Hold'em Limit ($3/$6 USD) - 2017/08/01 9:35:13 ET
Table 'Peraga' 6-max Seat #3 is the button
Seat 1: Opal10 ($93.55 in chips)
Seat 3: Ale4o ($144.16 in chips)
Ale4o: posts small blind $1
Opal10: posts big blind $3
*** HOLE CARDS ***
Ale4o: raises $3 to $6
TbIP-TbIP 88 joins the table at seat #4
Opal10: folds
Uncalled bet ($3) returned to Ale4o
Ale4o collected $6 from pot
Ale4o: doesn't show hand
*** SUMMARY ***
Total pot $6 | Rake $0
Seat 1: Opal10 (big blind) folded before Flop
Seat 3: Ale4o (button) (small blind) collected ($6)


PokerStars Hand #173787084984:  Hold'em Limit ($3/$6 USD) - 2017/08/01 10:14:48 ET
Table 'Peraga' 6-max Seat #4 is the button
Seat 4: Icecold ($183.62 in chips)
Seat 5: Jannuh ($87.14 in chips)
Icecold: posts small blind $1
Jannuh: posts big blind $3
*** HOLE CARDS ***
Icecold: folds
Uncalled bet ($2) returned to Jannuh
Jannuh collected $2 from pot
Jannuh: doesn't show hand
*** SUMMARY ***
Total pot $2 | Rake $0
Seat 4: Icecold (button) (small blind) folded before Flop
Seat 5: Jannuh (big blind) collected ($2)


PokerStars Hand #173787081393:  Hold'em Limit ($3/$6 USD) - 2017/08/01 10:14:42 ET
Table 'Peraga' 6-max Seat #5 is the button
Seat 4: Icecold ($182.62 in chips)
Seat 5: Jannuh ($88.14 in chips)
Jannuh: posts small blind $1
Icecold: posts big blind $3
*** HOLE CARDS ***
Jannuh: folds
Uncalled bet ($2) returned to Icecold
Icecold collected $2 from pot
*** SUMMARY ***
Total pot $2 | Rake $0
Seat 4: Icecold (big blind) collected ($2)
Seat 5: Jannuh (button) (small blind) folded before Flop


PokerStars Hand #173787091962:  Hold'em Limit ($3/$6 USD) - 2017/08/01 10:14:59 ET
Table 'Peraga' 6-max Seat #4 is the button
Seat 4: Icecold ($183.62 in chips)
Seat 5: Jannuh ($87.14 in chips)
Icecold: posts small blind $1
Jannuh: posts big blind $3
*** HOLE CARDS ***
Icecold: folds
Uncalled bet ($2) returned to Jannuh
Jannuh collected $2 from pot
Jannuh: doesn't show hand
*** SUMMARY ***
Total pot $2 | Rake $0
Seat 4: Icecold (button) (small blind) folded before Flop
Seat 5: Jannuh (big blind) collected ($2)


PokerStars Hand #173787087733:  Hold'em Limit ($3/$6 USD) - 2017/08/01 10:14:53 ET
Table 'Peraga' 6-max Seat #5 is the button
Seat 4: Icecold ($182.62 in chips)
Seat 5: Jannuh ($88.14 in chips)
Jannuh: posts small blind $1
Icecold: posts big blind $3
*** HOLE CARDS ***
Jannuh: folds
Uncalled bet ($2) returned to Icecold
Icecold collected $2 from pot
*** SUMMARY ***
Total pot $2 | Rake $0
Seat 4: Icecold (big blind) collected ($2)
Seat 5: Jannuh (button) (small blind) folded before Flop


PokerStars Hand #173787124145:  Hold'em Limit ($3/$6 USD) - 2017/08/01 10:15:59 ET
Table 'Peraga' 6-max Seat #4 is the button
Seat 2: DangerMoneys ($57.56 in chips)
Seat 4: Icecold ($176.62 in chips)
Icecold: posts small blind $1
Jannuh: is sitting out
DangerMoneys: posts big blind $3
*** HOLE CARDS ***
Icecold: raises $3 to $6
DangerMoneys: calls $3
*** FLOP *** [Ks Jh Tc]
DangerMoneys: checks
Icecold: checks
*** TURN *** [Ks Jh Tc] [As]
DangerMoneys: checks
Icecold: bets $6
DangerMoneys: folds
Uncalled bet ($6) returned to Icecold
DangerMoneys leaves the table
Icecold collected $11.76 from pot
*** SUMMARY ***
Total pot $12 | Rake $0.24
Board [Ks Jh Tc As]
Seat 2: DangerMoneys (big blind) folded on the Turn
Seat 4: Icecold (button) (small blind) collected ($11.76)


PokerStars Hand #173787138605:  Hold'em Limit ($3/$6 USD) - 2017/08/01 10:16:26 ET
Table 'Peraga' 6-max Seat #5 is the button
Seat 4: Icecold ($182.38 in chips)
Seat 5: Jannuh ($84.06 in chips)
Jannuh: posts small blind $1
Icecold: posts big blind $3
*** HOLE CARDS ***
Jannuh: folds
Uncalled bet ($2) returned to Icecold
Opal10 joins the table at seat #6
Icecold collected $2 from pot
Icecold: shows [2c 2h] (a pair of Deuces)
*** SUMMARY ***
Total pot $2 | Rake $0
Seat 4: Icecold (big blind) collected ($2)
Seat 5: Jannuh (button) (small blind) folded before Flop


PokerStars Hand #173787142432:  Hold'em Limit ($3/$6 USD) - 2017/08/01 10:16:33 ET
Table 'Peraga' 6-max Seat #4 is the button
Seat 4: Icecold ($183.38 in chips)
Seat 5: Jannuh ($83.06 in chips)
Icecold: posts small blind $1
Jannuh: posts big blind $3
*** HOLE CARDS ***
Icecold: folds
Uncalled bet ($2) returned to Jannuh
Jannuh collected $2 from pot
Jannuh: doesn't show hand
*** SUMMARY ***
Total pot $2 | Rake $0
Seat 4: Icecold (button) (small blind) folded before Flop
Seat 5: Jannuh (big blind) collected ($2)


PokerStars Hand #173795380549:  Hold'em Limit ($3/$6 USD) - 2017/08/01 14:03:51 ET
Table 'Peraga' 6-max Seat #4 is the button
Seat 3: Jannuh ($117.03 in chips)
Seat 4: aleks_4ym ($327.74 in chips)
aleks_4ym: posts small blind $1
ToDaFelt: is sitting out
Jannuh: posts big blind $3
*** HOLE CARDS ***
aleks_4ym: raises $3 to $6
Jannuh: calls $3
*** FLOP *** [6s Jc 6h]
Jannuh: checks
aleks_4ym: bets $3
ToDaFelt leaves the table
Jannuh: calls $3
*** TURN *** [6s Jc 6h] [3c]
Jannuh: checks
aleks_4ym: bets $6
Jannuh: raises $6 to $12
aleks_4ym: raises $6 to $18
Jannuh: raises $6 to $24
Betting is capped
aleks_4ym: calls $6
*** RIVER *** [6s Jc 6h 3c] [5s]
Jannuh: bets $6
aleks_4ym: folds
Uncalled bet ($6) returned to Jannuh
Jannuh collected $65.50 from pot
*** SUMMARY ***
Total pot $66 | Rake $0.50
Board [6s Jc 6h 3c 5s]
Seat 3: Jannuh (big blind) collected ($65.50)
Seat 4: aleks_4ym (button) (small blind) folded on the River


PokerStars Hand #173795430973:  Hold'em Limit ($3/$6 USD) - 2017/08/01 14:05:02 ET
Table 'Peraga' 6-max Seat #4 is the button
Seat 3: Jannuh ($148.53 in chips)
Seat 4: aleks_4ym ($295.74 in chips)
aleks_4ym: posts small blind $1
Jannuh: posts big blind $3
*** HOLE CARDS ***
aleks_4ym: raises $3 to $6
Jannuh: folds
Uncalled bet ($3) returned to aleks_4ym
aleks_4ym collected $6 from pot
aleks_4ym: doesn't show hand
*** SUMMARY ***
Total pot $6 | Rake $0
Seat 3: Jannuh (big blind) folded before Flop
Seat 4: aleks_4ym (button) (small blind) collected ($6)


PokerStars Hand #173795418881:  Hold'em Limit ($3/$6 USD) - 2017/08/01 14:04:45 ET
Table 'Peraga' 6-max Seat #3 is the button
Seat 3: Jannuh ($149.53 in chips)
Seat 4: aleks_4ym ($294.74 in chips)
Jannuh: posts small blind $1
aleks_4ym: posts big blind $3
*** HOLE CARDS ***
Jannuh: folds
Uncalled bet ($2) returned to aleks_4ym
aleks_4ym collected $2 from pot
aleks_4ym: doesn't show hand
*** SUMMARY ***
Total pot $2 | Rake $0
Seat 3: Jannuh (button) (small blind) folded before Flop
Seat 4: aleks_4ym (big blind) collected ($2)


PokerStars Hand #173795443080:  Hold'em Limit ($3/$6 USD) - 2017/08/01 14:05:18 ET
Table 'Peraga' 6-max Seat #3 is the button
Seat 3: Jannuh ($145.53 in chips)
Seat 4: aleks_4ym ($298.74 in chips)
Jannuh: posts small blind $1
aleks_4ym: posts big blind $3
*** HOLE CARDS ***
Jannuh: raises $3 to $6
aleks_4ym: raises $3 to $9
Jannuh: calls $3
*** FLOP *** [7s 8h 2s]
aleks_4ym: bets $3
Jannuh: raises $3 to $6
aleks_4ym: calls $3
*** TURN *** [7s 8h 2s] [9d]
aleks_4ym: checks
Jannuh: bets $6
aleks_4ym: calls $6
*** RIVER *** [7s 8h 2s 9d] [9h]
aleks_4ym: checks
Jannuh: bets $6
aleks_4ym: calls $6
*** SHOW DOWN ***
Jannuh: shows [8d 8s] (a full house, Eights full of Nines)
aleks_4ym: mucks hand
Jannuh collected $53.50 from pot
*** SUMMARY ***
Total pot $54 | Rake $0.50
Board [7s 8h 2s 9d 9h]
Seat 3: Jannuh (button) (small blind) showed [8d 8s] and won ($53.50) with a full house, Eights full of Nines
Seat 4: aleks_4ym (big blind) mucked


