PokerStars Hand #144495625798:  Hold'em Limit ($3/$6 USD) - 2015/11/28 3:36:07 ET
Table 'Perihelion' 10-max Seat #5 is the button
Seat 1: VolkovDmitri ($125.76 in chips)
Seat 5: Paolo1987 ($59.91 in chips)
Paolo1987: posts small blind $1
VolkovDmitri: posts big blind $3
*** HOLE CARDS ***
Paolo1987: raises $3 to $6
VolkovDmitri: raises $3 to $9
Paolo1987: calls $3
*** FLOP *** [2h 3d As]
VolkovDmitri: bets $3
Paolo1987: folds
Uncalled bet ($3) returned to VolkovDmitri
VolkovDmitri collected $17.64 from pot
VolkovDmitri: doesn't show hand
*** SUMMARY ***
Total pot $18 | Rake $0.36
Board [2h 3d As]
Seat 1: VolkovDmitri (big blind) collected ($17.64)
Seat 5: Paolo1987 (button) (small blind) folded on the Flop


PokerStars Hand #144495619563:  Hold'em Limit ($3/$6 USD) - 2015/11/28 3:35:48 ET
Table 'Perihelion' 10-max Seat #1 is the button
Seat 1: VolkovDmitri ($120 in chips)
Seat 5: Paolo1987 ($65.91 in chips)
VolkovDmitri: posts small blind $1
Paolo1987: posts big blind $3
*** HOLE CARDS ***
VolkovDmitri: raises $3 to $6
Paolo1987: calls $3
*** FLOP *** [Jc Jh Tc]
Paolo1987: checks
VolkovDmitri: bets $3
Paolo1987: folds
Uncalled bet ($3) returned to VolkovDmitri
VolkovDmitri collected $11.76 from pot
VolkovDmitri: doesn't show hand
*** SUMMARY ***
Total pot $12 | Rake $0.24
Board [Jc Jh Tc]
Seat 1: VolkovDmitri (button) (small blind) collected ($11.76)
Seat 5: Paolo1987 (big blind) folded on the Flop


PokerStars Hand #144495632774:  Hold'em Limit ($3/$6 USD) - 2015/11/28 3:36:28 ET
Table 'Perihelion' 10-max Seat #1 is the button
Seat 1: VolkovDmitri ($134.40 in chips)
Seat 5: Paolo1987 ($50.91 in chips)
VolkovDmitri: posts small blind $1
Paolo1987: posts big blind $3
*** HOLE CARDS ***
VolkovDmitri: raises $3 to $6
Paolo1987: raises $3 to $9
VolkovDmitri: raises $3 to $12
Betting is capped
Paolo1987: calls $3
*** FLOP *** [7s 6d Qc]
Paolo1987: bets $3
VolkovDmitri: calls $3
*** TURN *** [7s 6d Qc] [4c]
Paolo1987: bets $6
VolkovDmitri: raises $6 to $12
Paolo1987: folds
Uncalled bet ($6) returned to VolkovDmitri
VolkovDmitri collected $41.50 from pot
VolkovDmitri: doesn't show hand
*** SUMMARY ***
Total pot $42 | Rake $0.50
Board [7s 6d Qc 4c]
Seat 1: VolkovDmitri (button) (small blind) collected ($41.50)
Seat 5: Paolo1987 (big blind) folded on the Turn


PokerStars Hand #144495657103:  Hold'em Limit ($3/$6 USD) - 2015/11/28 3:37:43 ET
Table 'Perihelion' 10-max Seat #5 is the button
Seat 1: VolkovDmitri ($172.40 in chips)
Seat 5: Paolo1987 ($11.67 in chips)
Paolo1987: posts small blind $1
VolkovDmitri: posts big blind $3
*** HOLE CARDS ***
Paolo1987: raises $3 to $6
VolkovDmitri: folds
Uncalled bet ($3) returned to Paolo1987
Paolo1987 collected $6 from pot
Paolo1987: doesn't show hand
*** SUMMARY ***
Total pot $6 | Rake $0
Seat 1: VolkovDmitri (big blind) folded before Flop
Seat 5: Paolo1987 (button) (small blind) collected ($6)


PokerStars Hand #144495648753:  Hold'em Limit ($3/$6 USD) - 2015/11/28 3:37:17 ET
Table 'Perihelion' 10-max Seat #1 is the button
Seat 1: VolkovDmitri ($148.90 in chips)
Seat 5: Paolo1987 ($35.67 in chips)
VolkovDmitri: posts small blind $1
Paolo1987: posts big blind $3
*** HOLE CARDS ***
VolkovDmitri: raises $3 to $6
Paolo1987: raises $3 to $9
VolkovDmitri: calls $3
*** FLOP *** [Kh 8d Js]
Paolo1987: bets $3
VolkovDmitri: calls $3
*** TURN *** [Kh 8d Js] [3c]
Paolo1987: checks
VolkovDmitri: bets $6
Paolo1987: calls $6
*** RIVER *** [Kh 8d Js 3c] [2s]
Paolo1987: checks
VolkovDmitri: bets $6
Paolo1987: calls $6
*** SHOW DOWN ***
VolkovDmitri: shows [Kd 2d] (two pair, Kings and Deuces)
Paolo1987: mucks hand
VolkovDmitri collected $47.50 from pot
*** SUMMARY ***
Total pot $48 | Rake $0.50
Board [Kh 8d Js 3c 2s]
Seat 1: VolkovDmitri (button) (small blind) showed [Kd 2d] and won ($47.50) with two pair, Kings and Deuces
Seat 5: Paolo1987 (big blind) mucked


PokerStars Hand #144495660214:  Hold'em Limit ($3/$6 USD) - 2015/11/28 3:37:52 ET
Table 'Perihelion' 10-max Seat #1 is the button
Seat 1: VolkovDmitri ($169.40 in chips)
Seat 5: Paolo1987 ($14.67 in chips)
VolkovDmitri: posts small blind $1
Paolo1987: posts big blind $3
*** HOLE CARDS ***
VolkovDmitri: raises $3 to $6
Paolo1987: raises $3 to $9
VolkovDmitri: raises $3 to $12
Betting is capped
Paolo1987: calls $3
*** FLOP *** [7c 4d 3c]
Paolo1987: bets $2.67 and is all-in
VolkovDmitri: calls $2.67
*** TURN *** [7c 4d 3c] [2c]
*** RIVER *** [7c 4d 3c 2c] [Qs]
*** SHOW DOWN ***
Paolo1987: shows [9s Kh] (high card King)
VolkovDmitri: shows [2h Qh] (two pair, Queens and Deuces)
VolkovDmitri collected $28.84 from pot
*** SUMMARY ***
Total pot $29.34 | Rake $0.50
Board [7c 4d 3c 2c Qs]
Seat 1: VolkovDmitri (button) (small blind) showed [2h Qh] and won ($28.84) with two pair, Queens and Deuces
Seat 5: Paolo1987 (big blind) showed [9s Kh] and lost with high card King


