PokerStars Hand #168910445882:  Hold'em Limit ($3/$6 USD) - 2017/04/11 18:37:39 ET
Table 'Periphas' 6-max Seat #3 is the button
Seat 3: ChasingAc918 ($30.44 in chips)
Seat 4: Actionni13 ($150 in chips)
ChasingAc918: posts small blind $1
Actionni13: posts big blind $3
*** HOLE CARDS ***
ChasingAc918: raises $3 to $6
Actionni13: calls $3
*** FLOP *** [7h Jc 8s]
Actionni13: checks
ChasingAc918: bets $3
Actionni13: calls $3
*** TURN *** [7h Jc 8s] [5s]
Actionni13: checks
ChasingAc918: checks
*** RIVER *** [7h Jc 8s 5s] [5c]
Actionni13: checks
ChasingAc918: checks
*** SHOW DOWN ***
Actionni13: shows [Td 6d] (a pair of Fives)
ChasingAc918: shows [Qc Tc] (a pair of Fives - Queen kicker)
ChasingAc918 collected $17.64 from pot
*** SUMMARY ***
Total pot $18 | Rake $0.36
Board [7h Jc 8s 5s 5c]
Seat 3: ChasingAc918 (button) (small blind) showed [Qc Tc] and won ($17.64) with a pair of Fives
Seat 4: Actionni13 (big blind) showed [Td 6d] and lost with a pair of Fives


PokerStars Hand #168910472851:  Hold'em Limit ($3/$6 USD) - 2017/04/11 18:38:18 ET
Table 'Periphas' 6-max Seat #4 is the button
Seat 3: ChasingAc918 ($39.08 in chips)
Seat 4: Actionni13 ($150 in chips)
Actionni13: posts small blind $1
ChasingAc918: posts big blind $3
*** HOLE CARDS ***
Actionni13: raises $3 to $6
ChasingAc918: folds
Uncalled bet ($3) returned to Actionni13
Actionni13 collected $6 from pot
Actionni13: doesn't show hand
*** SUMMARY ***
Total pot $6 | Rake $0
Seat 3: ChasingAc918 (big blind) folded before Flop
Seat 4: Actionni13 (button) (small blind) collected ($6)


PokerStars Hand #168910477375:  Hold'em Limit ($3/$6 USD) - 2017/04/11 18:38:25 ET
Table 'Periphas' 6-max Seat #3 is the button
Seat 3: ChasingAc918 ($36.08 in chips)
Seat 4: Actionni13 ($153 in chips)
ChasingAc918: posts small blind $1
Actionni13: posts big blind $3
*** HOLE CARDS ***
ChasingAc918: raises $3 to $6
Actionni13: calls $3
*** FLOP *** [3h Kd 9c]
Actionni13: checks
ChasingAc918: bets $3
Actionni13: folds
Uncalled bet ($3) returned to ChasingAc918
ChasingAc918 collected $11.76 from pot
ChasingAc918: doesn't show hand
*** SUMMARY ***
Total pot $12 | Rake $0.24
Board [3h Kd 9c]
Seat 3: ChasingAc918 (button) (small blind) collected ($11.76)
Seat 4: Actionni13 (big blind) folded on the Flop


PokerStars Hand #168910503926:  Hold'em Limit ($3/$6 USD) - 2017/04/11 18:39:04 ET
Table 'Periphas' 6-max Seat #3 is the button
Seat 3: ChasingAc918 ($35.84 in chips)
Seat 4: Actionni13 ($155.76 in chips)
ChasingAc918: posts small blind $1
Actionni13: posts big blind $3
*** HOLE CARDS ***
ChasingAc918: folds
Uncalled bet ($2) returned to Actionni13
Actionni13 collected $2 from pot
Actionni13: doesn't show hand
*** SUMMARY ***
Total pot $2 | Rake $0
Seat 3: ChasingAc918 (button) (small blind) folded before Flop
Seat 4: Actionni13 (big blind) collected ($2)


PokerStars Hand #168910492987:  Hold'em Limit ($3/$6 USD) - 2017/04/11 18:38:48 ET
Table 'Periphas' 6-max Seat #4 is the button
Seat 3: ChasingAc918 ($41.84 in chips)
Seat 4: Actionni13 ($150 in chips)
Actionni13: posts small blind $1
ChasingAc918: posts big blind $3
*** HOLE CARDS ***
Actionni13: raises $3 to $6
ChasingAc918: calls $3
*** FLOP *** [Qd Kh 5s]
ChasingAc918: checks
Actionni13: bets $3
ChasingAc918: folds
Uncalled bet ($3) returned to Actionni13
Actionni13 collected $11.76 from pot
Actionni13: doesn't show hand
*** SUMMARY ***
Total pot $12 | Rake $0.24
Board [Qd Kh 5s]
Seat 3: ChasingAc918 (big blind) folded on the Flop
Seat 4: Actionni13 (button) (small blind) collected ($11.76)


PokerStars Hand #168910507097:  Hold'em Limit ($3/$6 USD) - 2017/04/11 18:39:09 ET
Table 'Periphas' 6-max Seat #4 is the button
Seat 3: ChasingAc918 ($34.84 in chips)
Seat 4: Actionni13 ($156.76 in chips)
Actionni13: posts small blind $1
ChasingAc918: posts big blind $3
*** HOLE CARDS ***
Actionni13: raises $3 to $6
ChasingAc918: calls $3
*** FLOP *** [5h 7s 6s]
ChasingAc918: checks
Actionni13: bets $3
ChasingAc918: raises $3 to $6
Actionni13: calls $3
*** TURN *** [5h 7s 6s] [3h]
ChasingAc918: bets $6
ToDaFelt joins the table at seat #5
Actionni13: folds
Uncalled bet ($6) returned to ChasingAc918
ChasingAc918 collected $23.52 from pot
ChasingAc918: doesn't show hand
*** SUMMARY ***
Total pot $24 | Rake $0.48
Board [5h 7s 6s 3h]
Seat 3: ChasingAc918 (big blind) collected ($23.52)
Seat 4: Actionni13 (button) (small blind) folded on the Turn


PokerStars Hand #168910544217:  Hold'em Limit ($3/$6 USD) - 2017/04/11 18:40:04 ET
Table 'Periphas' 6-max Seat #3 is the button
Seat 3: ChasingAc918 ($46.36 in chips)
Seat 4: Actionni13 ($150 in chips)
ChasingAc918: posts small blind $1
Actionni13: posts big blind $3
*** HOLE CARDS ***
ChasingAc918: folds
Uncalled bet ($2) returned to Actionni13
Actionni13 collected $2 from pot
Actionni13: doesn't show hand
*** SUMMARY ***
Total pot $2 | Rake $0
Seat 3: ChasingAc918 (button) (small blind) folded before Flop
Seat 4: Actionni13 (big blind) collected ($2)


