PokerStars Hand #171573119124:  Hold'em Limit ($3/$6 USD) - 2017/06/09 20:32:01 ET
Table 'Perihelion' 6-max Seat #1 is the button
Seat 1: LifeisagameX ($84 in chips)
Seat 3: Andres_98789 ($78.31 in chips)
LifeisagameX: posts small blind $1
Andres_98789: posts big blind $3
*** HOLE CARDS ***
LifeisagameX: raises $3 to $6
Andres_98789: raises $3 to $9
LifeisagameX: calls $3
*** FLOP *** [Th 4s 9d]
Andres_98789: bets $3
LifeisagameX: calls $3
*** TURN *** [Th 4s 9d] [4d]
Andres_98789: bets $6
LifeisagameX: calls $6
*** RIVER *** [Th 4s 9d 4d] [6s]
Andres_98789: bets $6
LifeisagameX: raises $6 to $12
Andres_98789: calls $6
*** SHOW DOWN ***
LifeisagameX: shows [6c Tc] (two pair, Tens and Sixes)
Andres_98789: shows [Qh Qc] (two pair, Queens and Fours)
Andres_98789 collected $59.50 from pot
*** SUMMARY ***
Total pot $60 | Rake $0.50
Board [Th 4s 9d 4d 6s]
Seat 1: LifeisagameX (button) (small blind) showed [6c Tc] and lost with two pair, Tens and Sixes
Seat 3: Andres_98789 (big blind) showed [Qh Qc] and won ($59.50) with two pair, Queens and Fours


PokerStars Hand #171573158235:  Hold'em Limit ($3/$6 USD) - 2017/06/09 20:33:22 ET
Table 'Perihelion' 6-max Seat #3 is the button
Seat 1: LifeisagameX ($104.50 in chips)
Seat 3: Andres_98789 ($86.81 in chips)
Andres_98789: posts small blind $1
LifeisagameX: posts big blind $3
*** HOLE CARDS ***
Andres_98789: raises $3 to $6
LifeisagameX: calls $3
*** FLOP *** [4d 6d 7s]
LifeisagameX: checks
Andres_98789: bets $3
LifeisagameX: raises $3 to $6
Andres_98789: raises $3 to $9
LifeisagameX: calls $3
*** TURN *** [4d 6d 7s] [5h]
LifeisagameX: checks
Andres_98789: checks
*** RIVER *** [4d 6d 7s 5h] [4h]
LifeisagameX: bets $6
Andres_98789: calls $6
*** SHOW DOWN ***
LifeisagameX: shows [Tc 9d] (a pair of Fours)
Andres_98789: shows [9s 9h] (two pair, Nines and Fours)
Andres_98789 collected $41.50 from pot
*** SUMMARY ***
Total pot $42 | Rake $0.50
Board [4d 6d 7s 5h 4h]
Seat 1: LifeisagameX (big blind) showed [Tc 9d] and lost with a pair of Fours
Seat 3: Andres_98789 (button) (small blind) showed [9s 9h] and won ($41.50) with two pair, Nines and Fours


PokerStars Hand #171573154731:  Hold'em Limit ($3/$6 USD) - 2017/06/09 20:33:15 ET
Table 'Perihelion' 6-max Seat #1 is the button
Seat 1: LifeisagameX ($101.50 in chips)
Seat 3: Andres_98789 ($89.81 in chips)
LifeisagameX: posts small blind $1
Andres_98789: posts big blind $3
*** HOLE CARDS ***
LifeisagameX: raises $3 to $6
Andres_98789: folds
Uncalled bet ($3) returned to LifeisagameX
LifeisagameX collected $6 from pot
LifeisagameX: doesn't show hand
*** SUMMARY ***
Total pot $6 | Rake $0
Seat 1: LifeisagameX (button) (small blind) collected ($6)
Seat 3: Andres_98789 (big blind) folded before Flop


PokerStars Hand #171573140353:  Hold'em Limit ($3/$6 USD) - 2017/06/09 20:32:45 ET
Table 'Perihelion' 6-max Seat #3 is the button
Seat 1: LifeisagameX ($84 in chips)
Seat 3: Andres_98789 ($107.81 in chips)
Andres_98789: posts small blind $1
LifeisagameX: posts big blind $3
*** HOLE CARDS ***
Andres_98789: raises $3 to $6
LifeisagameX: calls $3
*** FLOP *** [6c 4d Jc]
LifeisagameX: checks
Andres_98789: bets $3
LifeisagameX: raises $3 to $6
Andres_98789: raises $3 to $9
LifeisagameX: raises $3 to $12
Betting is capped
Andres_98789: calls $3
*** TURN *** [6c 4d Jc] [8d]
LifeisagameX: bets $6
Andres_98789: folds
Uncalled bet ($6) returned to LifeisagameX
LifeisagameX collected $35.50 from pot
LifeisagameX: doesn't show hand
*** SUMMARY ***
Total pot $36 | Rake $0.50
Board [6c 4d Jc 8d]
Seat 1: LifeisagameX (big blind) collected ($35.50)
Seat 3: Andres_98789 (button) (small blind) folded on the Turn


PokerStars Hand #171573199155:  Hold'em Limit ($3/$6 USD) - 2017/06/09 20:34:46 ET
Table 'Perihelion' 6-max Seat #3 is the button
Seat 1: LifeisagameX ($90.50 in chips)
Seat 3: Andres_98789 ($99.95 in chips)
Andres_98789: posts small blind $1
LifeisagameX: posts big blind $3
*** HOLE CARDS ***
Andres_98789: folds
Uncalled bet ($2) returned to LifeisagameX
LifeisagameX collected $2 from pot
LifeisagameX: doesn't show hand
*** SUMMARY ***
Total pot $2 | Rake $0
Seat 1: LifeisagameX (big blind) collected ($2)
Seat 3: Andres_98789 (button) (small blind) folded before Flop


PokerStars Hand #171573190053:  Hold'em Limit ($3/$6 USD) - 2017/06/09 20:34:27 ET
Table 'Perihelion' 6-max Seat #1 is the button
Seat 1: LifeisagameX ($99.50 in chips)
Seat 3: Andres_98789 ($91.31 in chips)
LifeisagameX: posts small blind $1
Andres_98789: posts big blind $3
*** HOLE CARDS ***
LifeisagameX: raises $3 to $6
Andres_98789: raises $3 to $9
LifeisagameX: calls $3
*** FLOP *** [8c Qs Qh]
Andres_98789: bets $3
LifeisagameX: folds
Uncalled bet ($3) returned to Andres_98789
Andres_98789 collected $17.64 from pot
*** SUMMARY ***
Total pot $18 | Rake $0.36
Board [8c Qs Qh]
Seat 1: LifeisagameX (button) (small blind) folded on the Flop
Seat 3: Andres_98789 (big blind) collected ($17.64)


PokerStars Hand #171573187220:  Hold'em Limit ($3/$6 USD) - 2017/06/09 20:34:21 ET
Table 'Perihelion' 6-max Seat #3 is the button
Seat 1: LifeisagameX ($98.50 in chips)
Seat 3: Andres_98789 ($92.31 in chips)
Andres_98789: posts small blind $1
LifeisagameX: posts big blind $3
*** HOLE CARDS ***
Andres_98789: folds
Uncalled bet ($2) returned to LifeisagameX
LifeisagameX collected $2 from pot
*** SUMMARY ***
Total pot $2 | Rake $0
Seat 1: LifeisagameX (big blind) collected ($2)
Seat 3: Andres_98789 (button) (small blind) folded before Flop


PokerStars Hand #171573174680:  Hold'em Limit ($3/$6 USD) - 2017/06/09 20:33:56 ET
Table 'Perihelion' 6-max Seat #1 is the button
Seat 1: LifeisagameX ($84 in chips)
Seat 3: Andres_98789 ($107.31 in chips)
LifeisagameX: posts small blind $1
Andres_98789: posts big blind $3
*** HOLE CARDS ***
LifeisagameX: raises $3 to $6
Andres_98789: calls $3
*** FLOP *** [6h 5s 5d]
Andres_98789: checks
LifeisagameX: bets $3
Andres_98789: calls $3
*** TURN *** [6h 5s 5d] [Ah]
Andres_98789: checks
LifeisagameX: checks
*** RIVER *** [6h 5s 5d Ah] [5c]
Andres_98789: checks
LifeisagameX: bets $6
Andres_98789: calls $6
*** SHOW DOWN ***
LifeisagameX: shows [Qh Qc] (a full house, Fives full of Queens)
Andres_98789: mucks hand
LifeisagameX collected $29.50 from pot
*** SUMMARY ***
Total pot $30 | Rake $0.50
Board [6h 5s 5d Ah 5c]
Seat 1: LifeisagameX (button) (small blind) showed [Qh Qc] and won ($29.50) with a full house, Fives full of Queens
Seat 3: Andres_98789 (big blind) mucked


PokerStars Hand #171573223266:  Hold'em Limit ($3/$6 USD) - 2017/06/09 20:35:36 ET
Table 'Perihelion' 6-max Seat #1 is the button
Seat 1: LifeisagameX ($84 in chips)
Seat 3: Andres_98789 ($122.21 in chips)
LifeisagameX: posts small blind $1
Andres_98789: posts big blind $3
*** HOLE CARDS ***
LifeisagameX: folds
Uncalled bet ($2) returned to Andres_98789
Andres_98789 collected $2 from pot
*** SUMMARY ***
Total pot $2 | Rake $0
Seat 1: LifeisagameX (button) (small blind) folded before Flop
Seat 3: Andres_98789 (big blind) collected ($2)


PokerStars Hand #171573214578:  Hold'em Limit ($3/$6 USD) - 2017/06/09 20:35:18 ET
Table 'Perihelion' 6-max Seat #3 is the button
Seat 1: LifeisagameX ($84 in chips)
Seat 3: Andres_98789 ($116.45 in chips)
Andres_98789: posts small blind $1
LifeisagameX: posts big blind $3
*** HOLE CARDS ***
Andres_98789: raises $3 to $6
LifeisagameX: calls $3
*** FLOP *** [Th Ad Jc]
LifeisagameX: checks
Andres_98789: bets $3
LifeisagameX: folds
Uncalled bet ($3) returned to Andres_98789
Andres_98789 collected $11.76 from pot
*** SUMMARY ***
Total pot $12 | Rake $0.24
Board [Th Ad Jc]
Seat 1: LifeisagameX (big blind) folded on the Flop
Seat 3: Andres_98789 (button) (small blind) collected ($11.76)


PokerStars Hand #171573202297:  Hold'em Limit ($3/$6 USD) - 2017/06/09 20:34:53 ET
Table 'Perihelion' 6-max Seat #1 is the button
Seat 1: LifeisagameX ($91.50 in chips)
Seat 3: Andres_98789 ($98.95 in chips)
LifeisagameX: posts small blind $1
Andres_98789: posts big blind $3
*** HOLE CARDS ***
LifeisagameX: raises $3 to $6
Andres_98789: calls $3
*** FLOP *** [Th Js 9h]
Andres_98789: checks
LifeisagameX: checks
*** TURN *** [Th Js 9h] [3c]
Andres_98789: bets $6
LifeisagameX: calls $6
*** RIVER *** [Th Js 9h 3c] [5c]
Andres_98789: bets $6
LifeisagameX: calls $6
*** SHOW DOWN ***
Andres_98789: shows [Jh Qs] (a pair of Jacks)
LifeisagameX: mucks hand
Andres_98789 collected $35.50 from pot
*** SUMMARY ***
Total pot $36 | Rake $0.50
Board [Th Js 9h 3c 5c]
Seat 1: LifeisagameX (button) (small blind) mucked
Seat 3: Andres_98789 (big blind) showed [Jh Qs] and won ($35.50) with a pair of Jacks


PokerStars Hand #171573259616:  Hold'em Limit ($3/$6 USD) - 2017/06/09 20:36:53 ET
Table 'Perihelion' 6-max Seat #1 is the button
Seat 1: LifeisagameX ($84 in chips)
Seat 3: Andres_98789 ($134.73 in chips)
LifeisagameX: posts small blind $1
Andres_98789: posts big blind $3
*** HOLE CARDS ***
LifeisagameX: folds
Uncalled bet ($2) returned to Andres_98789
Andres_98789 collected $2 from pot
*** SUMMARY ***
Total pot $2 | Rake $0
Seat 1: LifeisagameX (button) (small blind) folded before Flop
Seat 3: Andres_98789 (big blind) collected ($2)


PokerStars Hand #171573225865:  Hold'em Limit ($3/$6 USD) - 2017/06/09 20:35:42 ET
Table 'Perihelion' 6-max Seat #3 is the button
Seat 1: LifeisagameX ($84 in chips)
Seat 3: Andres_98789 ($123.21 in chips)
Andres_98789: posts small blind $1
LifeisagameX: posts big blind $3
*** HOLE CARDS ***
Andres_98789: raises $3 to $6
LifeisagameX: calls $3
*** FLOP *** [5c 4s 5d]
LifeisagameX: checks
Andres_98789: bets $3
LifeisagameX: raises $3 to $6
Andres_98789: calls $3
*** TURN *** [5c 4s 5d] [Qc]
LifeisagameX: checks
Andres_98789: checks
*** RIVER *** [5c 4s 5d Qc] [6c]
LifeisagameX: checks
Andres_98789: checks
*** SHOW DOWN ***
LifeisagameX: shows [Ks 2s] (a pair of Fives)
Andres_98789: shows [Ah 7s] (a pair of Fives - Ace kicker)
Andres_98789 collected $23.52 from pot
*** SUMMARY ***
Total pot $24 | Rake $0.48
Board [5c 4s 5d Qc 6c]
Seat 1: LifeisagameX (big blind) showed [Ks 2s] and lost with a pair of Fives
Seat 3: Andres_98789 (button) (small blind) showed [Ah 7s] and won ($23.52) with a pair of Fives


PokerStars Hand #171573264700:  Hold'em Limit ($3/$6 USD) - 2017/06/09 20:37:03 ET
Table 'Perihelion' 6-max Seat #3 is the button
Seat 1: LifeisagameX ($84 in chips)
Seat 3: Andres_98789 ($135.73 in chips)
Andres_98789: posts small blind $1
LifeisagameX: posts big blind $3
*** HOLE CARDS ***
Andres_98789: raises $3 to $6
LifeisagameX: calls $3
*** FLOP *** [Th Js Ks]
LifeisagameX: checks
Andres_98789: bets $3
LifeisagameX: calls $3
*** TURN *** [Th Js Ks] [5s]
LifeisagameX: checks
Andres_98789: checks
*** RIVER *** [Th Js Ks 5s] [2s]
LifeisagameX: bets $6
Andres_98789: folds
Uncalled bet ($6) returned to LifeisagameX
LifeisagameX collected $17.64 from pot
LifeisagameX: doesn't show hand
*** SUMMARY ***
Total pot $18 | Rake $0.36
Board [Th Js Ks 5s 2s]
Seat 1: LifeisagameX (big blind) collected ($17.64)
Seat 3: Andres_98789 (button) (small blind) folded on the River


PokerStars Hand #171573308292:  Hold'em Limit ($3/$6 USD) - 2017/06/09 20:38:35 ET
Table 'Perihelion' 6-max Seat #3 is the button
Seat 1: LifeisagameX ($84 in chips)
Seat 3: Andres_98789 ($153.23 in chips)
Andres_98789: posts small blind $1
LifeisagameX: posts big blind $3
*** HOLE CARDS ***
Andres_98789: raises $3 to $6
LifeisagameX: calls $3
*** FLOP *** [3h Td Qh]
LifeisagameX: checks
Andres_98789: bets $3
LifeisagameX: calls $3
*** TURN *** [3h Td Qh] [4d]
LifeisagameX: checks
Andres_98789: checks
*** RIVER *** [3h Td Qh 4d] [8d]
LifeisagameX: bets $6
Andres_98789: calls $6
*** SHOW DOWN ***
LifeisagameX: shows [Ac 4h] (a pair of Fours)
Andres_98789: mucks hand
LifeisagameX collected $29.50 from pot
*** SUMMARY ***
Total pot $30 | Rake $0.50
Board [3h Td Qh 4d 8d]
Seat 1: LifeisagameX (big blind) showed [Ac 4h] and won ($29.50) with a pair of Fours
Seat 3: Andres_98789 (button) (small blind) mucked


PokerStars Hand #171573283069:  Hold'em Limit ($3/$6 USD) - 2017/06/09 20:37:42 ET
Table 'Perihelion' 6-max Seat #1 is the button
Seat 1: LifeisagameX ($92.64 in chips)
Seat 3: Andres_98789 ($126.73 in chips)
LifeisagameX: posts small blind $1
Andres_98789: posts big blind $3
*** HOLE CARDS ***
LifeisagameX: raises $3 to $6
Andres_98789: raises $3 to $9
LifeisagameX: calls $3
*** FLOP *** [Qs 8c 8d]
Andres_98789: bets $3
LifeisagameX: raises $3 to $6
Andres_98789: calls $3
*** TURN *** [Qs 8c 8d] [9s]
Andres_98789: checks
LifeisagameX: bets $6
Andres_98789: calls $6
*** RIVER *** [Qs 8c 8d 9s] [2d]
Andres_98789: checks
LifeisagameX: bets $6
Andres_98789: calls $6
*** SHOW DOWN ***
LifeisagameX: shows [Qd 7s] (two pair, Queens and Eights)
Andres_98789: shows [Ac Qh] (two pair, Queens and Eights - Ace kicker)
Andres_98789 collected $53.50 from pot
*** SUMMARY ***
Total pot $54 | Rake $0.50
Board [Qs 8c 8d 9s 2d]
Seat 1: LifeisagameX (button) (small blind) showed [Qd 7s] and lost with two pair, Queens and Eights
Seat 3: Andres_98789 (big blind) showed [Ac Qh] and won ($53.50) with two pair, Queens and Eights


PokerStars Hand #171573341351:  Hold'em Limit ($3/$6 USD) - 2017/06/09 20:39:44 ET
Table 'Perihelion' 6-max Seat #3 is the button
Seat 1: LifeisagameX ($84 in chips)
Seat 3: Andres_98789 ($155.73 in chips)
Andres_98789: posts small blind $1
LifeisagameX: posts big blind $3
*** HOLE CARDS ***
Andres_98789: raises $3 to $6
LifeisagameX: folds
Uncalled bet ($3) returned to Andres_98789
Andres_98789 collected $6 from pot
*** SUMMARY ***
Total pot $6 | Rake $0
Seat 1: LifeisagameX (big blind) folded before Flop
Seat 3: Andres_98789 (button) (small blind) collected ($6)


PokerStars Hand #171573324024:  Hold'em Limit ($3/$6 USD) - 2017/06/09 20:39:07 ET
Table 'Perihelion' 6-max Seat #1 is the button
Seat 1: LifeisagameX ($98.50 in chips)
Seat 3: Andres_98789 ($138.23 in chips)
LifeisagameX: posts small blind $1
Andres_98789: posts big blind $3
*** HOLE CARDS ***
LifeisagameX: raises $3 to $6
Andres_98789: calls $3
*** FLOP *** [Tc Th 2h]
Andres_98789: checks
LifeisagameX: checks
*** TURN *** [Tc Th 2h] [6h]
Andres_98789: checks
LifeisagameX: bets $6
Andres_98789: calls $6
*** RIVER *** [Tc Th 2h 6h] [Ks]
Andres_98789: checks
LifeisagameX: bets $6
Andres_98789: calls $6
*** SHOW DOWN ***
LifeisagameX: shows [4h 9c] (a pair of Tens)
Andres_98789: shows [Kh 7d] (two pair, Kings and Tens)
Andres_98789 collected $35.50 from pot
*** SUMMARY ***
Total pot $36 | Rake $0.50
Board [Tc Th 2h 6h Ks]
Seat 1: LifeisagameX (button) (small blind) showed [4h 9c] and lost with a pair of Tens
Seat 3: Andres_98789 (big blind) showed [Kh 7d] and won ($35.50) with two pair, Kings and Tens


PokerStars Hand #171573346500:  Hold'em Limit ($3/$6 USD) - 2017/06/09 20:39:55 ET
Table 'Perihelion' 6-max Seat #1 is the button
Seat 1: LifeisagameX ($84 in chips)
Seat 3: Andres_98789 ($158.73 in chips)
LifeisagameX: posts small blind $1
Andres_98789: posts big blind $3
*** HOLE CARDS ***
LifeisagameX: raises $3 to $6
Andres_98789: calls $3
*** FLOP *** [5s 2s Qd]
Andres_98789: checks
LifeisagameX: checks
*** TURN *** [5s 2s Qd] [9c]
Andres_98789: bets $6
LifeisagameX: calls $6
*** RIVER *** [5s 2s Qd 9c] [Kh]
Andres_98789: checks
LifeisagameX: bets $6
Andres_98789: folds
Uncalled bet ($6) returned to LifeisagameX
LifeisagameX collected $23.52 from pot
LifeisagameX: doesn't show hand
*** SUMMARY ***
Total pot $24 | Rake $0.48
Board [5s 2s Qd 9c Kh]
Seat 1: LifeisagameX (button) (small blind) collected ($23.52)
Seat 3: Andres_98789 (big blind) folded on the River


PokerStars Hand #171573365122:  Hold'em Limit ($3/$6 USD) - 2017/06/09 20:40:34 ET
Table 'Perihelion' 6-max Seat #3 is the button
Seat 1: LifeisagameX ($95.52 in chips)
Seat 3: Andres_98789 ($146.73 in chips)
Andres_98789: posts small blind $1
LifeisagameX: posts big blind $3
*** HOLE CARDS ***
Andres_98789: raises $3 to $6
LifeisagameX: raises $3 to $9
Andres_98789: calls $3
*** FLOP *** [Th Tc 9c]
LifeisagameX: bets $3
Andres_98789: raises $3 to $6
LifeisagameX: calls $3
*** TURN *** [Th Tc 9c] [6c]
LifeisagameX: checks
Andres_98789: bets $6
LifeisagameX: folds
Uncalled bet ($6) returned to Andres_98789
Andres_98789 collected $29.50 from pot
*** SUMMARY ***
Total pot $30 | Rake $0.50
Board [Th Tc 9c 6c]
Seat 1: LifeisagameX (big blind) folded on the Turn
Seat 3: Andres_98789 (button) (small blind) collected ($29.50)


PokerStars Hand #171573425344:  Hold'em Limit ($3/$6 USD) - 2017/06/09 20:42:35 ET
Table 'Perihelion' 6-max Seat #1 is the button
Seat 1: LifeisagameX ($85 in chips)
Seat 3: Andres_98789 ($183.73 in chips)
LifeisagameX: posts small blind $1
Andres_98789: posts big blind $3
*** HOLE CARDS ***
LifeisagameX: folds
Uncalled bet ($2) returned to Andres_98789
Andres_98789 collected $2 from pot
*** SUMMARY ***
Total pot $2 | Rake $0
Seat 1: LifeisagameX (button) (small blind) folded before Flop
Seat 3: Andres_98789 (big blind) collected ($2)


PokerStars Hand #171573422582:  Hold'em Limit ($3/$6 USD) - 2017/06/09 20:42:29 ET
Table 'Perihelion' 6-max Seat #3 is the button
Seat 1: LifeisagameX ($84 in chips)
Seat 3: Andres_98789 ($184.73 in chips)
Andres_98789: posts small blind $1
LifeisagameX: posts big blind $3
*** HOLE CARDS ***
Andres_98789: folds
Uncalled bet ($2) returned to LifeisagameX
LifeisagameX collected $2 from pot
LifeisagameX: doesn't show hand
*** SUMMARY ***
Total pot $2 | Rake $0
Seat 1: LifeisagameX (big blind) collected ($2)
Seat 3: Andres_98789 (button) (small blind) folded before Flop


PokerStars Hand #171573457784:  Hold'em Limit ($3/$6 USD) - 2017/06/09 20:43:44 ET
Table 'Perihelion' 6-max Seat #3 is the button
Seat 1: LifeisagameX ($104.50 in chips)
Seat 3: Andres_98789 ($163.49 in chips)
Andres_98789: posts small blind $1
LifeisagameX: posts big blind $3
*** HOLE CARDS ***
Andres_98789: folds
Uncalled bet ($2) returned to LifeisagameX
LifeisagameX collected $2 from pot
LifeisagameX: doesn't show hand
*** SUMMARY ***
Total pot $2 | Rake $0
Seat 1: LifeisagameX (big blind) collected ($2)
Seat 3: Andres_98789 (button) (small blind) folded before Flop


PokerStars Hand #171573446180:  Hold'em Limit ($3/$6 USD) - 2017/06/09 20:43:19 ET
Table 'Perihelion' 6-max Seat #1 is the button
Seat 1: LifeisagameX ($110.50 in chips)
Seat 3: Andres_98789 ($157.73 in chips)
LifeisagameX: posts small blind $1
Andres_98789: posts big blind $3
*** HOLE CARDS ***
LifeisagameX: raises $3 to $6
Andres_98789: calls $3
*** FLOP *** [Js 9h 4d]
Andres_98789: checks
LifeisagameX: checks
*** TURN *** [Js 9h 4d] [Th]
Andres_98789: bets $6
LifeisagameX: folds
Uncalled bet ($6) returned to Andres_98789
Andres_98789 collected $11.76 from pot
*** SUMMARY ***
Total pot $12 | Rake $0.24
Board [Js 9h 4d Th]
Seat 1: LifeisagameX (button) (small blind) folded on the Turn
Seat 3: Andres_98789 (big blind) collected ($11.76)


PokerStars Hand #171573429103:  Hold'em Limit ($3/$6 USD) - 2017/06/09 20:42:43 ET
Table 'Perihelion' 6-max Seat #3 is the button
Seat 1: LifeisagameX ($84 in chips)
Seat 3: Andres_98789 ($184.73 in chips)
Andres_98789: posts small blind $1
LifeisagameX: posts big blind $3
*** HOLE CARDS ***
Andres_98789: raises $3 to $6
LifeisagameX: calls $3
*** FLOP *** [5s Jc 2s]
LifeisagameX: checks
Andres_98789: bets $3
LifeisagameX: calls $3
*** TURN *** [5s Jc 2s] [Qd]
LifeisagameX: checks
Andres_98789: bets $6
LifeisagameX: raises $6 to $12
Andres_98789: calls $6
*** RIVER *** [5s Jc 2s Qd] [2c]
LifeisagameX: bets $6
Andres_98789: calls $6
*** SHOW DOWN ***
LifeisagameX: shows [Qh 8d] (two pair, Queens and Deuces)
Andres_98789: mucks hand
LifeisagameX collected $53.50 from pot
*** SUMMARY ***
Total pot $54 | Rake $0.50
Board [5s Jc 2s Qd 2c]
Seat 1: LifeisagameX (big blind) showed [Qh 8d] and won ($53.50) with two pair, Queens and Deuces
Seat 3: Andres_98789 (button) (small blind) mucked


PokerStars Hand #171573461560:  Hold'em Limit ($3/$6 USD) - 2017/06/09 20:43:52 ET
Table 'Perihelion' 6-max Seat #1 is the button
Seat 1: LifeisagameX ($105.50 in chips)
Seat 3: Andres_98789 ($162.49 in chips)
LifeisagameX: posts small blind $1
Andres_98789: posts big blind $3
*** HOLE CARDS ***
LifeisagameX: raises $3 to $6
Andres_98789: calls $3
*** FLOP *** [9d 6h 4h]
Andres_98789: checks
LifeisagameX: bets $3
Andres_98789: calls $3
*** TURN *** [9d 6h 4h] [Jd]
Andres_98789: checks
LifeisagameX: bets $6
Andres_98789: raises $6 to $12
LifeisagameX: folds
Uncalled bet ($6) returned to Andres_98789
Andres_98789 collected $29.50 from pot
*** SUMMARY ***
Total pot $30 | Rake $0.50
Board [9d 6h 4h Jd]
Seat 1: LifeisagameX (button) (small blind) folded on the Turn
Seat 3: Andres_98789 (big blind) collected ($29.50)


PokerStars Hand #171573482508:  Hold'em Limit ($3/$6 USD) - 2017/06/09 20:44:36 ET
Table 'Perihelion' 6-max Seat #3 is the button
Seat 1: LifeisagameX ($90.50 in chips)
Seat 3: Andres_98789 ($176.99 in chips)
Andres_98789: posts small blind $1
LifeisagameX: posts big blind $3
*** HOLE CARDS ***
Andres_98789: folds
Uncalled bet ($2) returned to LifeisagameX
LifeisagameX collected $2 from pot
LifeisagameX: doesn't show hand
*** SUMMARY ***
Total pot $2 | Rake $0
Seat 1: LifeisagameX (big blind) collected ($2)
Seat 3: Andres_98789 (button) (small blind) folded before Flop


PokerStars Hand #171573517466:  Hold'em Limit ($3/$6 USD) - 2017/06/09 20:45:50 ET
Table 'Perihelion' 6-max Seat #3 is the button
Seat 1: LifeisagameX ($84 in chips)
Seat 3: Andres_98789 ($193.49 in chips)
Andres_98789: posts small blind $1
LifeisagameX: posts big blind $3
*** HOLE CARDS ***
Andres_98789: folds
Uncalled bet ($2) returned to LifeisagameX
LifeisagameX collected $2 from pot
LifeisagameX: doesn't show hand
*** SUMMARY ***
Total pot $2 | Rake $0
Seat 1: LifeisagameX (big blind) collected ($2)
Seat 3: Andres_98789 (button) (small blind) folded before Flop


PokerStars Hand #171573488090:  Hold'em Limit ($3/$6 USD) - 2017/06/09 20:44:48 ET
Table 'Perihelion' 6-max Seat #1 is the button
Seat 1: LifeisagameX ($91.50 in chips)
Seat 3: Andres_98789 ($175.99 in chips)
LifeisagameX: posts small blind $1
Andres_98789: posts big blind $3
*** HOLE CARDS ***
LifeisagameX: raises $3 to $6
Andres_98789: calls $3
*** FLOP *** [Qc 9h 7d]
Andres_98789: checks
LifeisagameX: checks
*** TURN *** [Qc 9h 7d] [3c]
Andres_98789: bets $6
LifeisagameX: calls $6
*** RIVER *** [Qc 9h 7d 3c] [Td]
Andres_98789: bets $6
LifeisagameX: calls $6
*** SHOW DOWN ***
Andres_98789: shows [Jh 9d] (a pair of Nines)
LifeisagameX: mucks hand
Andres_98789 collected $35.50 from pot
*** SUMMARY ***
Total pot $36 | Rake $0.50
Board [Qc 9h 7d 3c Td]
Seat 1: LifeisagameX (button) (small blind) mucked
Seat 3: Andres_98789 (big blind) showed [Jh 9d] and won ($35.50) with a pair of Nines


PokerStars Hand #171573521320:  Hold'em Limit ($3/$6 USD) - 2017/06/09 20:45:58 ET
Table 'Perihelion' 6-max Seat #1 is the button
Seat 1: LifeisagameX ($85 in chips)
Seat 3: Andres_98789 ($192.49 in chips)
LifeisagameX: posts small blind $1
Andres_98789: posts big blind $3
*** HOLE CARDS ***
LifeisagameX: raises $3 to $6
Andres_98789: folds
Uncalled bet ($3) returned to LifeisagameX
LifeisagameX collected $6 from pot
LifeisagameX: doesn't show hand
*** SUMMARY ***
Total pot $6 | Rake $0
Seat 1: LifeisagameX (button) (small blind) collected ($6)
Seat 3: Andres_98789 (big blind) folded before Flop


PokerStars Hand #171573528132:  Hold'em Limit ($3/$6 USD) - 2017/06/09 20:46:13 ET
Table 'Perihelion' 6-max Seat #3 is the button
Seat 1: LifeisagameX ($88 in chips)
Seat 3: Andres_98789 ($189.49 in chips)
Andres_98789: posts small blind $1
LifeisagameX: posts big blind $3
*** HOLE CARDS ***
Andres_98789: raises $3 to $6
LifeisagameX: calls $3
*** FLOP *** [7h Kh 3s]
LifeisagameX: checks
Andres_98789: bets $3
LifeisagameX: raises $3 to $6
Andres_98789: folds
Uncalled bet ($3) returned to LifeisagameX
LifeisagameX collected $17.64 from pot
LifeisagameX: doesn't show hand
*** SUMMARY ***
Total pot $18 | Rake $0.36
Board [7h Kh 3s]
Seat 1: LifeisagameX (big blind) collected ($17.64)
Seat 3: Andres_98789 (button) (small blind) folded on the Flop


PokerStars Hand #171573540188:  Hold'em Limit ($3/$6 USD) - 2017/06/09 20:46:39 ET
Table 'Perihelion' 6-max Seat #1 is the button
Seat 1: LifeisagameX ($96.64 in chips)
Seat 3: Andres_98789 ($180.49 in chips)
LifeisagameX: posts small blind $1
Andres_98789: posts big blind $3
*** HOLE CARDS ***
LifeisagameX: raises $3 to $6
Andres_98789: folds
Uncalled bet ($3) returned to LifeisagameX
LifeisagameX collected $6 from pot
LifeisagameX: doesn't show hand
*** SUMMARY ***
Total pot $6 | Rake $0
Seat 1: LifeisagameX (button) (small blind) collected ($6)
Seat 3: Andres_98789 (big blind) folded before Flop


