PokerStars Hand #167655198409:  Hold'em Limit ($3/$6 USD) - 2017/03/16 6:04:05 ET
Table 'Periphas' 10-max Seat #6 is the button
Seat 1: VolkovDmitri ($125.76 in chips)
Seat 6: 1977mbr ($38.67 in chips)
1977mbr: posts small blind $1
VolkovDmitri: posts big blind $3
*** HOLE CARDS ***
1977mbr: folds
Uncalled bet ($2) returned to VolkovDmitri
VolkovDmitri collected $2 from pot
VolkovDmitri: doesn't show hand
*** SUMMARY ***
Total pot $2 | Rake $0
Seat 1: VolkovDmitri (big blind) collected ($2)
Seat 6: 1977mbr (button) (small blind) folded before Flop


PokerStars Hand #167655192753:  Hold'em Limit ($3/$6 USD) - 2017/03/16 6:03:50 ET
Table 'Periphas' 10-max Seat #1 is the button
Seat 1: VolkovDmitri ($120 in chips)
Seat 6: 1977mbr ($44.67 in chips)
VolkovDmitri: posts small blind $1
1977mbr: posts big blind $3
*** HOLE CARDS ***
VolkovDmitri: raises $3 to $6
1977mbr: calls $3
*** FLOP *** [6h Ac Kd]
1977mbr: checks
VolkovDmitri: bets $3
1977mbr: folds
Uncalled bet ($3) returned to VolkovDmitri
VolkovDmitri collected $11.76 from pot
*** SUMMARY ***
Total pot $12 | Rake $0.24
Board [6h Ac Kd]
Seat 1: VolkovDmitri (button) (small blind) collected ($11.76)
Seat 6: 1977mbr (big blind) folded on the Flop


PokerStars Hand #167655200178:  Hold'em Limit ($3/$6 USD) - 2017/03/16 6:04:10 ET
Table 'Periphas' 10-max Seat #1 is the button
Seat 1: VolkovDmitri ($126.76 in chips)
Seat 6: 1977mbr ($37.67 in chips)
VolkovDmitri: posts small blind $1
1977mbr: posts big blind $3
*** HOLE CARDS ***
VolkovDmitri: raises $3 to $6
1977mbr: raises $3 to $9
VolkovDmitri: calls $3
*** FLOP *** [3d 4s 4c]
1977mbr: checks
VolkovDmitri: bets $3
1977mbr: raises $3 to $6
VolkovDmitri: calls $3
*** TURN *** [3d 4s 4c] [9d]
B_loJkl joins the table at seat #7
1977mbr: bets $6
VolkovDmitri: folds
Uncalled bet ($6) returned to 1977mbr
1977mbr collected $29.50 from pot
1977mbr: doesn't show hand
*** SUMMARY ***
Total pot $30 | Rake $0.50
Board [3d 4s 4c 9d]
Seat 1: VolkovDmitri (button) (small blind) folded on the Turn
Seat 6: 1977mbr (big blind) collected ($29.50)


PokerStars Hand #167655304578:  Hold'em Limit ($3/$6 USD) - 2017/03/16 6:08:42 ET
Table 'Periphas' 10-max Seat #6 is the button
Seat 6: 1977mbr ($59.32 in chips)
Seat 7: B_loJkl ($155.42 in chips)
1977mbr: posts small blind $1
B_loJkl: posts big blind $3
*** HOLE CARDS ***
1977mbr: calls $2
B_loJkl: raises $3 to $6
1977mbr: calls $3
*** FLOP *** [Th 9s 4d]
B_loJkl: bets $3
1977mbr: calls $3
*** TURN *** [Th 9s 4d] [9d]
B_loJkl: checks
1977mbr: checks
*** RIVER *** [Th 9s 4d 9d] [9h]
B_loJkl: checks
1977mbr: bets $6
B_loJkl: folds
Uncalled bet ($6) returned to 1977mbr
1977mbr collected $17.64 from pot
1977mbr: doesn't show hand
*** SUMMARY ***
Total pot $18 | Rake $0.36
Board [Th 9s 4d 9d 9h]
Seat 6: 1977mbr (button) (small blind) collected ($17.64)
Seat 7: B_loJkl (big blind) folded on the River


PokerStars Hand #167655320846:  Hold'em Limit ($3/$6 USD) - 2017/03/16 6:09:25 ET
Table 'Periphas' 10-max Seat #7 is the button
Seat 6: 1977mbr ($67.96 in chips)
Seat 7: B_loJkl ($146.42 in chips)
B_loJkl: posts small blind $1
1977mbr: posts big blind $3
*** HOLE CARDS ***
B_loJkl: raises $3 to $6
1977mbr: raises $3 to $9
B_loJkl: calls $3
*** FLOP *** [As Tc 4c]
1977mbr: bets $3
B_loJkl: calls $3
*** TURN *** [As Tc 4c] [Ts]
1977mbr: bets $6
B_loJkl: folds
Uncalled bet ($6) returned to 1977mbr
1977mbr collected $23.52 from pot
1977mbr: doesn't show hand
*** SUMMARY ***
Total pot $24 | Rake $0.48
Board [As Tc 4c Ts]
Seat 6: 1977mbr (big blind) collected ($23.52)
Seat 7: B_loJkl (button) (small blind) folded on the Turn


PokerStars Hand #167655331160:  Hold'em Limit ($3/$6 USD) - 2017/03/16 6:09:52 ET
Table 'Periphas' 10-max Seat #6 is the button
Seat 6: 1977mbr ($79.48 in chips)
Seat 7: B_loJkl ($134.42 in chips)
1977mbr: posts small blind $1
B_loJkl: posts big blind $3
*** HOLE CARDS ***
1977mbr: raises $3 to $6
B_loJkl: folds
Uncalled bet ($3) returned to 1977mbr
1977mbr collected $6 from pot
1977mbr: doesn't show hand
*** SUMMARY ***
Total pot $6 | Rake $0
Seat 6: 1977mbr (button) (small blind) collected ($6)
Seat 7: B_loJkl (big blind) folded before Flop


PokerStars Hand #167655334424:  Hold'em Limit ($3/$6 USD) - 2017/03/16 6:10:00 ET
Table 'Periphas' 10-max Seat #7 is the button
Seat 6: 1977mbr ($82.48 in chips)
Seat 7: B_loJkl ($131.42 in chips)
B_loJkl: posts small blind $1
1977mbr: posts big blind $3
*** HOLE CARDS ***
B_loJkl: raises $3 to $6
1977mbr: calls $3
*** FLOP *** [9h 8d 3c]
1977mbr: bets $3
B_loJkl: calls $3
*** TURN *** [9h 8d 3c] [Qh]
1977mbr: checks
B_loJkl: bets $6
1977mbr: calls $6
*** RIVER *** [9h 8d 3c Qh] [4s]
1977mbr: bets $6
B_loJkl: raises $6 to $12
1977mbr: folds
Uncalled bet ($6) returned to B_loJkl
B_loJkl collected $41.50 from pot
B_loJkl: doesn't show hand
*** SUMMARY ***
Total pot $42 | Rake $0.50
Board [9h 8d 3c Qh 4s]
Seat 6: 1977mbr (big blind) folded on the River
Seat 7: B_loJkl (button) (small blind) collected ($41.50)


PokerStars Hand #167655348160:  Hold'em Limit ($3/$6 USD) - 2017/03/16 6:10:35 ET
Table 'Periphas' 10-max Seat #6 is the button
Seat 6: 1977mbr ($61.48 in chips)
Seat 7: B_loJkl ($151.92 in chips)
1977mbr: posts small blind $1
B_loJkl: posts big blind $3
*** HOLE CARDS ***
1977mbr: folds
Uncalled bet ($2) returned to B_loJkl
B_loJkl collected $2 from pot
B_loJkl: doesn't show hand
*** SUMMARY ***
Total pot $2 | Rake $0
Seat 6: 1977mbr (button) (small blind) folded before Flop
Seat 7: B_loJkl (big blind) collected ($2)


PokerStars Hand #167655463631:  Hold'em Limit ($3/$6 USD) - 2017/03/16 6:15:35 ET
Table 'Periphas' 10-max Seat #7 is the button
Seat 6: 1977mbr ($92.14 in chips)
Seat 7: B_loJkl ($144.84 in chips)
B_loJkl: posts small blind $1
1977mbr: posts big blind $3
*** HOLE CARDS ***
B_loJkl: raises $3 to $6
1977mbr: calls $3
*** FLOP *** [8d Jc Ts]
1977mbr: checks
B_loJkl: bets $3
1977mbr: folds
Uncalled bet ($3) returned to B_loJkl
B_loJkl collected $11.76 from pot
B_loJkl: doesn't show hand
*** SUMMARY ***
Total pot $12 | Rake $0.24
Board [8d Jc Ts]
Seat 6: 1977mbr (big blind) folded on the Flop
Seat 7: B_loJkl (button) (small blind) collected ($11.76)


PokerStars Hand #167655470351:  Hold'em Limit ($3/$6 USD) - 2017/03/16 6:15:52 ET
Table 'Periphas' 10-max Seat #6 is the button
Seat 6: 1977mbr ($86.14 in chips)
Seat 7: B_loJkl ($150.60 in chips)
1977mbr: posts small blind $1
B_loJkl: posts big blind $3
*** HOLE CARDS ***
1977mbr: raises $3 to $6
B_loJkl: calls $3
*** FLOP *** [9s 2c 4s]
B_loJkl: checks
1977mbr: checks
*** TURN *** [9s 2c 4s] [8d]
B_loJkl: bets $6
1977mbr: folds
Uncalled bet ($6) returned to B_loJkl
B_loJkl collected $11.76 from pot
B_loJkl: doesn't show hand
*** SUMMARY ***
Total pot $12 | Rake $0.24
Board [9s 2c 4s 8d]
Seat 6: 1977mbr (button) (small blind) folded on the Turn
Seat 7: B_loJkl (big blind) collected ($11.76)


PokerStars Hand #167655454897:  Hold'em Limit ($3/$6 USD) - 2017/03/16 6:15:12 ET
Table 'Periphas' 10-max Seat #6 is the button
Seat 6: 1977mbr ($83.50 in chips)
Seat 7: B_loJkl ($153.84 in chips)
1977mbr: posts small blind $1
B_loJkl: posts big blind $3
*** HOLE CARDS ***
1977mbr: raises $3 to $6
B_loJkl: calls $3
*** FLOP *** [8s Tc Qh]
B_loJkl: checks
1977mbr: bets $3
B_loJkl: calls $3
*** TURN *** [8s Tc Qh] [Ks]
B_loJkl: checks
1977mbr: bets $6
B_loJkl: folds
Uncalled bet ($6) returned to 1977mbr
1977mbr collected $17.64 from pot
1977mbr: doesn't show hand
*** SUMMARY ***
Total pot $18 | Rake $0.36
Board [8s Tc Qh Ks]
Seat 6: 1977mbr (button) (small blind) collected ($17.64)
Seat 7: B_loJkl (big blind) folded on the Turn


PokerStars Hand #167655438975:  Hold'em Limit ($3/$6 USD) - 2017/03/16 6:14:31 ET
Table 'Periphas' 10-max Seat #7 is the button
Seat 6: 1977mbr ($74.86 in chips)
Seat 7: B_loJkl ($162.84 in chips)
B_loJkl: posts small blind $1
VolkovDmitri: is sitting out
1977mbr: posts big blind $3
*** HOLE CARDS ***
VolkovDmitri leaves the table
B_loJkl: raises $3 to $6
1977mbr: calls $3
*** FLOP *** [9s 5h 7h]
1977mbr: bets $3
B_loJkl: calls $3
*** TURN *** [9s 5h 7h] [2d]
1977mbr: checks
B_loJkl: checks
*** RIVER *** [9s 5h 7h 2d] [6d]
1977mbr: bets $6
B_loJkl: folds
Uncalled bet ($6) returned to 1977mbr
1977mbr collected $17.64 from pot
1977mbr: doesn't show hand
*** SUMMARY ***
Total pot $18 | Rake $0.36
Board [9s 5h 7h 2d 6d]
Seat 6: 1977mbr (big blind) collected ($17.64)
Seat 7: B_loJkl (button) (small blind) folded on the River


PokerStars Hand #167655483857:  Hold'em Limit ($3/$6 USD) - 2017/03/16 6:16:27 ET
Table 'Periphas' 10-max Seat #6 is the button
Seat 6: 1977mbr ($103.64 in chips)
Seat 7: B_loJkl ($132.36 in chips)
1977mbr: posts small blind $1
B_loJkl: posts big blind $3
*** HOLE CARDS ***
1977mbr: raises $3 to $6
B_loJkl: calls $3
*** FLOP *** [Ac Kh 6d]
B_loJkl: checks
1977mbr: checks
*** TURN *** [Ac Kh 6d] [Qc]
B_loJkl: bets $6
1977mbr: calls $6
*** RIVER *** [Ac Kh 6d Qc] [2c]
B_loJkl: bets $6
1977mbr: folds
Uncalled bet ($6) returned to B_loJkl
B_loJkl collected $23.52 from pot
B_loJkl: doesn't show hand
*** SUMMARY ***
Total pot $24 | Rake $0.48
Board [Ac Kh 6d Qc 2c]
Seat 6: 1977mbr (button) (small blind) folded on the River
Seat 7: B_loJkl (big blind) collected ($23.52)


PokerStars Hand #167655475613:  Hold'em Limit ($3/$6 USD) - 2017/03/16 6:16:06 ET
Table 'Periphas' 10-max Seat #7 is the button
Seat 6: 1977mbr ($80.14 in chips)
Seat 7: B_loJkl ($156.36 in chips)
B_loJkl: posts small blind $1
1977mbr: posts big blind $3
*** HOLE CARDS ***
B_loJkl: raises $3 to $6
1977mbr: calls $3
*** FLOP *** [9c 8s Qc]
1977mbr: bets $3
B_loJkl: raises $3 to $6
1977mbr: calls $3
*** TURN *** [9c 8s Qc] [Ad]
1977mbr: bets $6
B_loJkl: calls $6
*** RIVER *** [9c 8s Qc Ad] [Jc]
1977mbr: bets $6
B_loJkl: calls $6
*** SHOW DOWN ***
1977mbr: shows [9s Ts] (a straight, Eight to Queen)
B_loJkl: mucks hand
1977mbr collected $47.50 from pot
*** SUMMARY ***
Total pot $48 | Rake $0.50
Board [9c 8s Qc Ad Jc]
Seat 6: 1977mbr (big blind) showed [9s Ts] and won ($47.50) with a straight, Eight to Queen
Seat 7: B_loJkl (button) (small blind) mucked


PokerStars Hand #167655494597:  Hold'em Limit ($3/$6 USD) - 2017/03/16 6:16:55 ET
Table 'Periphas' 10-max Seat #7 is the button
Seat 6: 1977mbr ($91.64 in chips)
Seat 7: B_loJkl ($143.88 in chips)
B_loJkl: posts small blind $1
1977mbr: posts big blind $3
*** HOLE CARDS ***
B_loJkl: raises $3 to $6
1977mbr: raises $3 to $9
B_loJkl: calls $3
*** FLOP *** [7h Td Tc]
1977mbr: bets $3
B_loJkl: folds
Uncalled bet ($3) returned to 1977mbr
1977mbr collected $17.64 from pot
1977mbr: doesn't show hand
*** SUMMARY ***
Total pot $18 | Rake $0.36
Board [7h Td Tc]
Seat 6: 1977mbr (big blind) collected ($17.64)
Seat 7: B_loJkl (button) (small blind) folded on the Flop


PokerStars Hand #167655511161:  Hold'em Limit ($3/$6 USD) - 2017/03/16 6:17:38 ET
Table 'Periphas' 10-max Seat #7 is the button
Seat 6: 1977mbr ($76.28 in chips)
Seat 7: B_loJkl ($158.38 in chips)
B_loJkl: posts small blind $1
1977mbr: posts big blind $3
*** HOLE CARDS ***
B_loJkl: folds
Uncalled bet ($2) returned to 1977mbr
1977mbr collected $2 from pot
1977mbr: doesn't show hand
*** SUMMARY ***
Total pot $2 | Rake $0
Seat 6: 1977mbr (big blind) collected ($2)
Seat 7: B_loJkl (button) (small blind) folded before Flop


PokerStars Hand #167655501571:  Hold'em Limit ($3/$6 USD) - 2017/03/16 6:17:13 ET
Table 'Periphas' 10-max Seat #6 is the button
Seat 6: 1977mbr ($100.28 in chips)
Seat 7: B_loJkl ($134.88 in chips)
1977mbr: posts small blind $1
B_loJkl: posts big blind $3
*** HOLE CARDS ***
1977mbr: raises $3 to $6
B_loJkl: calls $3
*** FLOP *** [4d 9d 2c]
B_loJkl: checks
1977mbr: bets $3
B_loJkl: raises $3 to $6
1977mbr: calls $3
*** TURN *** [4d 9d 2c] [Qh]
B_loJkl: bets $6
1977mbr: raises $6 to $12
B_loJkl: calls $6
*** RIVER *** [4d 9d 2c Qh] [5s]
B_loJkl: checks
1977mbr: checks
*** SHOW DOWN ***
B_loJkl: shows [Jd 2d] (a pair of Deuces)
1977mbr: mucks hand
B_loJkl collected $47.50 from pot
*** SUMMARY ***
Total pot $48 | Rake $0.50
Board [4d 9d 2c Qh 5s]
Seat 6: 1977mbr (button) (small blind) mucked
Seat 7: B_loJkl (big blind) showed [Jd 2d] and won ($47.50) with a pair of Deuces


PokerStars Hand #167655534721:  Hold'em Limit ($3/$6 USD) - 2017/03/16 6:18:38 ET
Table 'Periphas' 10-max Seat #6 is the button
Seat 6: 1977mbr ($35.28 in chips)
Seat 7: B_loJkl ($198.38 in chips)
1977mbr: posts small blind $1
B_loJkl: posts big blind $3
*** HOLE CARDS ***
1977mbr: calls $2
B_loJkl: raises $3 to $6
1977mbr: calls $3
*** FLOP *** [8d Qd 3s]
B_loJkl: bets $3
1977mbr: calls $3
*** TURN *** [8d Qd 3s] [5s]
B_loJkl: checks
1977mbr: checks
*** RIVER *** [8d Qd 3s 5s] [4c]
B_loJkl: checks
1977mbr: checks
*** SHOW DOWN ***
B_loJkl: shows [Kd Tc] (high card King)
1977mbr: shows [Jd Kh] (high card King - Queen+Jack kicker)
1977mbr collected $17.64 from pot
*** SUMMARY ***
Total pot $18 | Rake $0.36
Board [8d Qd 3s 5s 4c]
Seat 6: 1977mbr (button) (small blind) showed [Jd Kh] and won ($17.64) with high card King
Seat 7: B_loJkl (big blind) showed [Kd Tc] and lost with high card King


PokerStars Hand #167655514002:  Hold'em Limit ($3/$6 USD) - 2017/03/16 6:17:45 ET
Table 'Periphas' 10-max Seat #6 is the button
Seat 6: 1977mbr ($77.28 in chips)
Seat 7: B_loJkl ($157.38 in chips)
1977mbr: posts small blind $1
B_loJkl: posts big blind $3
*** HOLE CARDS ***
1977mbr: calls $2
B_loJkl: raises $3 to $6
1977mbr: calls $3
*** FLOP *** [6h 9s Ts]
B_loJkl: checks
1977mbr: checks
*** TURN *** [6h 9s Ts] [Ad]
B_loJkl: bets $6
1977mbr: calls $6
*** RIVER *** [6h 9s Ts Ad] [4d]
B_loJkl: bets $6
1977mbr: calls $6
*** SHOW DOWN ***
B_loJkl: shows [8h As] (a pair of Aces)
1977mbr: mucks hand
B_loJkl collected $35.50 from pot
*** SUMMARY ***
Total pot $36 | Rake $0.50
Board [6h 9s Ts Ad 4d]
Seat 6: 1977mbr (button) (small blind) mucked
Seat 7: B_loJkl (big blind) showed [8h As] and won ($35.50) with a pair of Aces


PokerStars Hand #167655524231:  Hold'em Limit ($3/$6 USD) - 2017/03/16 6:18:11 ET
Table 'Periphas' 10-max Seat #7 is the button
Seat 6: 1977mbr ($59.28 in chips)
Seat 7: B_loJkl ($174.88 in chips)
B_loJkl: posts small blind $1
1977mbr: posts big blind $3
*** HOLE CARDS ***
B_loJkl: raises $3 to $6
1977mbr: calls $3
*** FLOP *** [5h Kh 7d]
1977mbr: bets $3
B_loJkl: raises $3 to $6
1977mbr: calls $3
*** TURN *** [5h Kh 7d] [2s]
1977mbr: checks
B_loJkl: bets $6
1977mbr: calls $6
*** RIVER *** [5h Kh 7d 2s] [6c]
1977mbr: bets $6
B_loJkl: raises $6 to $12
1977mbr: folds
Uncalled bet ($6) returned to B_loJkl
B_loJkl collected $47.50 from pot
B_loJkl: doesn't show hand
*** SUMMARY ***
Total pot $48 | Rake $0.50
Board [5h Kh 7d 2s 6c]
Seat 6: 1977mbr (big blind) folded on the River
Seat 7: B_loJkl (button) (small blind) collected ($47.50)


PokerStars Hand #167655557642:  Hold'em Limit ($3/$6 USD) - 2017/03/16 6:19:38 ET
Table 'Periphas' 10-max Seat #7 is the button
Seat 6: 1977mbr ($73.42 in chips)
Seat 7: B_loJkl ($159.14 in chips)
B_loJkl: posts small blind $1
1977mbr: posts big blind $3
*** HOLE CARDS ***
B_loJkl: raises $3 to $6
1977mbr: calls $3
*** FLOP *** [Qc 9h 2s]
1977mbr: checks
B_loJkl: bets $3
1977mbr: calls $3
*** TURN *** [Qc 9h 2s] [7c]
1977mbr: checks
B_loJkl: checks
*** RIVER *** [Qc 9h 2s 7c] [9s]
1977mbr: checks
B_loJkl: checks
*** SHOW DOWN ***
1977mbr: shows [Ac Kd] (a pair of Nines)
B_loJkl: mucks hand
1977mbr collected $17.64 from pot
*** SUMMARY ***
Total pot $18 | Rake $0.36
Board [Qc 9h 2s 7c 9s]
Seat 6: 1977mbr (big blind) showed [Ac Kd] and won ($17.64) with a pair of Nines
Seat 7: B_loJkl (button) (small blind) mucked


PokerStars Hand #167655543779:  Hold'em Limit ($3/$6 USD) - 2017/03/16 6:19:02 ET
Table 'Periphas' 10-max Seat #7 is the button
Seat 6: 1977mbr ($43.92 in chips)
Seat 7: B_loJkl ($189.38 in chips)
B_loJkl: posts small blind $1
1977mbr: posts big blind $3
*** HOLE CARDS ***
B_loJkl: raises $3 to $6
1977mbr: calls $3
*** FLOP *** [Ah Qc 6c]
1977mbr: checks
B_loJkl: bets $3
1977mbr: folds
Uncalled bet ($3) returned to B_loJkl
B_loJkl collected $11.76 from pot
B_loJkl: doesn't show hand
*** SUMMARY ***
Total pot $12 | Rake $0.24
Board [Ah Qc 6c]
Seat 6: 1977mbr (big blind) folded on the Flop
Seat 7: B_loJkl (button) (small blind) collected ($11.76)


PokerStars Hand #167655550349:  Hold'em Limit ($3/$6 USD) - 2017/03/16 6:19:19 ET
Table 'Periphas' 10-max Seat #6 is the button
Seat 6: 1977mbr ($37.92 in chips)
Seat 7: B_loJkl ($195.14 in chips)
1977mbr: posts small blind $1
B_loJkl: posts big blind $3
*** HOLE CARDS ***
1977mbr: raises $3 to $6
B_loJkl: calls $3
*** FLOP *** [Qd 3h Ad]
B_loJkl: checks
1977mbr: bets $3
B_loJkl: raises $3 to $6
1977mbr: calls $3
*** TURN *** [Qd 3h Ad] [6d]
B_loJkl: bets $6
1977mbr: raises $6 to $12
B_loJkl: raises $6 to $18
1977mbr: calls $6
*** RIVER *** [Qd 3h Ad 6d] [7c]
B_loJkl: bets $6
1977mbr: calls $6
*** SHOW DOWN ***
B_loJkl: shows [Ah Jd] (a pair of Aces)
1977mbr: shows [Td 4d] (a flush, Ace high)
1977mbr collected $71.50 from pot
*** SUMMARY ***
Total pot $72 | Rake $0.50
Board [Qd 3h Ad 6d 7c]
Seat 6: 1977mbr (button) (small blind) showed [Td 4d] and won ($71.50) with a flush, Ace high
Seat 7: B_loJkl (big blind) showed [Ah Jd] and lost with a pair of Aces


PokerStars Hand #167655579881:  Hold'em Limit ($3/$6 USD) - 2017/03/16 6:20:36 ET
Table 'Periphas' 10-max Seat #6 is the button
Seat 6: 1977mbr ($93.70 in chips)
Seat 7: B_loJkl ($138.14 in chips)
1977mbr: posts small blind $1
B_loJkl: posts big blind $3
*** HOLE CARDS ***
1977mbr: calls $2
KIT426 joins the table at seat #5
B_loJkl: checks
*** FLOP *** [2s 7h 8d]
B_loJkl: checks
1977mbr: checks
*** TURN *** [2s 7h 8d] [7s]
B_loJkl: checks
1977mbr: checks
*** RIVER *** [2s 7h 8d 7s] [8h]
B_loJkl: checks
1977mbr: checks
*** SHOW DOWN ***
B_loJkl: shows [Qh 3s] (two pair, Eights and Sevens)
1977mbr: mucks hand
B_loJkl collected $5.88 from pot
*** SUMMARY ***
Total pot $6 | Rake $0.12
Board [2s 7h 8d 7s 8h]
Seat 6: 1977mbr (button) (small blind) mucked
Seat 7: B_loJkl (big blind) showed [Qh 3s] and won ($5.88) with two pair, Eights and Sevens


PokerStars Hand #167655566481:  Hold'em Limit ($3/$6 USD) - 2017/03/16 6:20:01 ET
Table 'Periphas' 10-max Seat #6 is the button
Seat 6: 1977mbr ($82.06 in chips)
Seat 7: B_loJkl ($150.14 in chips)
1977mbr: posts small blind $1
B_loJkl: posts big blind $3
*** HOLE CARDS ***
1977mbr: raises $3 to $6
B_loJkl: folds
Uncalled bet ($3) returned to 1977mbr
1977mbr collected $6 from pot
1977mbr: doesn't show hand
*** SUMMARY ***
Total pot $6 | Rake $0
Seat 6: 1977mbr (button) (small blind) collected ($6)
Seat 7: B_loJkl (big blind) folded before Flop


PokerStars Hand #167655569560:  Hold'em Limit ($3/$6 USD) - 2017/03/16 6:20:09 ET
Table 'Periphas' 10-max Seat #7 is the button
Seat 6: 1977mbr ($85.06 in chips)
Seat 7: B_loJkl ($147.14 in chips)
B_loJkl: posts small blind $1
1977mbr: posts big blind $3
*** HOLE CARDS ***
B_loJkl: raises $3 to $6
1977mbr: raises $3 to $9
B_loJkl: calls $3
*** FLOP *** [Qs 2d Ac]
1977mbr: bets $3
B_loJkl: folds
Uncalled bet ($3) returned to 1977mbr
1977mbr collected $17.64 from pot
1977mbr: doesn't show hand
*** SUMMARY ***
Total pot $18 | Rake $0.36
Board [Qs 2d Ac]
Seat 6: 1977mbr (big blind) collected ($17.64)
Seat 7: B_loJkl (button) (small blind) folded on the Flop


PokerStars Hand #167655607716:  Hold'em Limit ($3/$6 USD) - 2017/03/16 6:21:47 ET
Table 'Periphas' 10-max Seat #5 is the button
Seat 5: KIT426 ($237.13 in chips)
Seat 7: B_loJkl ($153.45 in chips)
KIT426: posts small blind $1
B_loJkl: posts big blind $3
*** HOLE CARDS ***
KIT426: raises $3 to $6
B_loJkl: folds
Uncalled bet ($3) returned to KIT426
KIT426 collected $6 from pot
*** SUMMARY ***
Total pot $6 | Rake $0
Seat 5: KIT426 (button) (small blind) collected ($6)
Seat 7: B_loJkl (big blind) folded before Flop


