PokerStars Hand #175075710290:  Hold'em Limit ($3/$6 USD) - 2017/09/01 15:35:39 ET
Table 'Perihelion II' 6-max Seat #1 is the button
Seat 1: nedo1414 ($114.90 in chips)
Seat 3: partyalex92 ($116.17 in chips)
nedo1414: posts small blind $1
partyalex92: posts big blind $3
*** HOLE CARDS ***
nedo1414: raises $3 to $6
partyalex92: calls $3
*** FLOP *** [Ah Kc Th]
Ale4o joins the table at seat #4
partyalex92: checks
nedo1414: bets $3
partyalex92: calls $3
*** TURN *** [Ah Kc Th] [2d]
GoliafUa leaves the table
partyalex92: checks
nedo1414: bets $6
partyalex92: calls $6
*** RIVER *** [Ah Kc Th 2d] [2s]
partyalex92: checks
nedo1414: bets $6
partyalex92: calls $6
*** SHOW DOWN ***
nedo1414: shows [4c 6s] (a pair of Deuces)
partyalex92: shows [Ad 6h] (two pair, Aces and Deuces)
partyalex92 collected $41.50 from pot
*** SUMMARY ***
Total pot $42 | Rake $0.50
Board [Ah Kc Th 2d 2s]
Seat 1: nedo1414 (button) (small blind) showed [4c 6s] and lost with a pair of Deuces
Seat 3: partyalex92 (big blind) showed [Ad 6h] and won ($41.50) with two pair, Aces and Deuces


PokerStars Hand #175076206887:  Hold'em Limit ($3/$6 USD) - 2017/09/01 15:46:28 ET
Table 'Perihelion II' 6-max Seat #6 is the button
Seat 3: angelomain ($135.92 in chips)
Seat 6: Shakawka ($203 in chips)
Shakawka: posts small blind $1
pompier40: is sitting out
angelomain: posts big blind $3
*** HOLE CARDS ***
iskambil joins the table at seat #5
Shakawka: folds
Uncalled bet ($2) returned to angelomain
angelomain collected $2 from pot
angelomain: doesn't show hand
*** SUMMARY ***
Total pot $2 | Rake $0
Seat 3: angelomain (big blind) collected ($2)
Seat 6: Shakawka (button) (small blind) folded before Flop


