PokerStars Hand #158669561407:  Hold'em Limit ($3/$6 USD) - 2016/09/16 5:58:34 ET
Table 'Perihelion' 6-max Seat #3 is the button
Seat 1: $liwamor ($127.50 in chips)
Seat 3: CatPuppy1999 ($78.76 in chips)
CatPuppy1999: posts small blind $1
$liwamor: posts big blind $3
*** HOLE CARDS ***
CatPuppy1999: raises $3 to $6
$liwamor: calls $3
*** FLOP *** [Kh Jd 4h]
$liwamor: checks
CatPuppy1999: bets $3
$liwamor: folds
Uncalled bet ($3) returned to CatPuppy1999
CatPuppy1999 collected $11.76 from pot
CatPuppy1999: doesn't show hand
*** SUMMARY ***
Total pot $12 | Rake $0.24
Board [Kh Jd 4h]
Seat 1: $liwamor (big blind) folded on the Flop
Seat 3: CatPuppy1999 (button) (small blind) collected ($11.76)


PokerStars Hand #158669541258:  Hold'em Limit ($3/$6 USD) - 2016/09/16 5:57:33 ET
Table 'Perihelion' 6-max Seat #1 is the button
Seat 1: $liwamor ($120 in chips)
Seat 3: CatPuppy1999 ($48 in chips)
$liwamor: posts small blind $1
CatPuppy1999: posts big blind $3
*** HOLE CARDS ***
$liwamor: raises $3 to $6
CatPuppy1999: calls $3
*** FLOP *** [Qc 9c 8c]
CatPuppy1999: checks
$liwamor: bets $3
CatPuppy1999: calls $3
*** TURN *** [Qc 9c 8c] [Td]
CatPuppy1999: checks
$liwamor: bets $6
CatPuppy1999: calls $6
*** RIVER *** [Qc 9c 8c Td] [3s]
CatPuppy1999: checks
$liwamor: bets $6
CatPuppy1999: folds
Uncalled bet ($6) returned to $liwamor
$liwamor collected $29.50 from pot
*** SUMMARY ***
Total pot $30 | Rake $0.50
Board [Qc 9c 8c Td 3s]
Seat 1: $liwamor (button) (small blind) collected ($29.50)
Seat 3: CatPuppy1999 (big blind) folded on the River


PokerStars Hand #158669559856:  Hold'em Limit ($3/$6 USD) - 2016/09/16 5:58:29 ET
Table 'Perihelion' 6-max Seat #1 is the button
Seat 1: $liwamor ($128.50 in chips)
Seat 3: CatPuppy1999 ($77.76 in chips)
$liwamor: posts small blind $1
CatPuppy1999: posts big blind $3
*** HOLE CARDS ***
$liwamor: folds
Uncalled bet ($2) returned to CatPuppy1999
CatPuppy1999 collected $2 from pot
CatPuppy1999: doesn't show hand
*** SUMMARY ***
Total pot $2 | Rake $0
Seat 1: $liwamor (button) (small blind) folded before Flop
Seat 3: CatPuppy1999 (big blind) collected ($2)


PokerStars Hand #158669552740:  Hold'em Limit ($3/$6 USD) - 2016/09/16 5:58:08 ET
Table 'Perihelion' 6-max Seat #3 is the button
Seat 1: $liwamor ($134.50 in chips)
Seat 3: CatPuppy1999 ($72 in chips)
CatPuppy1999: posts small blind $1
$liwamor: posts big blind $3
*** HOLE CARDS ***
CatPuppy1999: raises $3 to $6
$liwamor: calls $3
*** FLOP *** [6d As 8h]
$liwamor: checks
CatPuppy1999: bets $3
$liwamor: folds
Uncalled bet ($3) returned to CatPuppy1999
CatPuppy1999 collected $11.76 from pot
CatPuppy1999: doesn't show hand
*** SUMMARY ***
Total pot $12 | Rake $0.24
Board [6d As 8h]
Seat 1: $liwamor (big blind) folded on the Flop
Seat 3: CatPuppy1999 (button) (small blind) collected ($11.76)


PokerStars Hand #158669572965:  Hold'em Limit ($3/$6 USD) - 2016/09/16 5:59:09 ET
Table 'Perihelion' 6-max Seat #3 is the button
Seat 1: $liwamor ($136 in chips)
Seat 3: CatPuppy1999 ($72 in chips)
CatPuppy1999: posts small blind $1
$liwamor: posts big blind $3
*** HOLE CARDS ***
CatPuppy1999: raises $3 to $6
$liwamor: raises $3 to $9
CatPuppy1999: calls $3
*** FLOP *** [5h 8s Jh]
$liwamor: bets $3
CatPuppy1999: raises $3 to $6
$liwamor: raises $3 to $9
CatPuppy1999: calls $3
*** TURN *** [5h 8s Jh] [Qh]
$liwamor: bets $6
CatPuppy1999: calls $6
*** RIVER *** [5h 8s Jh Qh] [4d]
$liwamor: bets $6
CatPuppy1999: calls $6
*** SHOW DOWN ***
$liwamor: shows [Kh Ks] (a pair of Kings)
CatPuppy1999: mucks hand
$liwamor collected $59.50 from pot
*** SUMMARY ***
Total pot $60 | Rake $0.50
Board [5h 8s Jh Qh 4d]
Seat 1: $liwamor (big blind) showed [Kh Ks] and won ($59.50) with a pair of Kings
Seat 3: CatPuppy1999 (button) (small blind) mucked


PokerStars Hand #158669565401:  Hold'em Limit ($3/$6 USD) - 2016/09/16 5:58:46 ET
Table 'Perihelion' 6-max Seat #1 is the button
Seat 1: $liwamor ($121.50 in chips)
Seat 3: CatPuppy1999 ($84.52 in chips)
$liwamor: posts small blind $1
CatPuppy1999: posts big blind $3
*** HOLE CARDS ***
$liwamor: raises $3 to $6
CatPuppy1999: calls $3
*** FLOP *** [6d Ks 4s]
CatPuppy1999: checks
$liwamor: bets $3
CatPuppy1999: calls $3
*** TURN *** [6d Ks 4s] [5h]
CatPuppy1999: checks
$liwamor: bets $6
CatPuppy1999: calls $6
*** RIVER *** [6d Ks 4s 5h] [6s]
CatPuppy1999: checks
$liwamor: checks
*** SHOW DOWN ***
CatPuppy1999: shows [2d 2h] (two pair, Sixes and Deuces)
$liwamor: shows [Tc Td] (two pair, Tens and Sixes)
$liwamor collected $29.50 from pot
*** SUMMARY ***
Total pot $30 | Rake $0.50
Board [6d Ks 4s 5h 6s]
Seat 1: $liwamor (button) (small blind) showed [Tc Td] and won ($29.50) with two pair, Tens and Sixes
Seat 3: CatPuppy1999 (big blind) showed [2d 2h] and lost with two pair, Sixes and Deuces


PokerStars Hand #158669583674:  Hold'em Limit ($3/$6 USD) - 2016/09/16 5:59:42 ET
Table 'Perihelion' 6-max Seat #1 is the button
Seat 1: $liwamor ($165.50 in chips)
Seat 3: CatPuppy1999 ($72 in chips)
$liwamor: posts small blind $1
CatPuppy1999: posts big blind $3
*** HOLE CARDS ***
$liwamor has timed out
$liwamor: folds
Uncalled bet ($2) returned to CatPuppy1999
$liwamor leaves the table
CatPuppy1999 collected $2 from pot
CatPuppy1999: doesn't show hand
*** SUMMARY ***
Total pot $2 | Rake $0
Seat 1: $liwamor (button) (small blind) folded before Flop
Seat 3: CatPuppy1999 (big blind) collected ($2)


