PokerStars Hand #171742924045:  Hold'em Limit ($3/$6 USD) - 2017/06/13 18:45:41 ET
Table 'Perrotin' 6-max Seat #1 is the button
Seat 1: scorpio04 ($150 in chips)
Seat 4: Actionni13 ($150 in chips)
scorpio04: posts small blind $1
Actionni13: posts big blind $3
*** HOLE CARDS ***
scorpio04: raises $3 to $6
Actionni13: calls $3
*** FLOP *** [7d Ts 3d]
Actionni13: checks
scorpio04: bets $3
Actionni13: calls $3
*** TURN *** [7d Ts 3d] [7s]
Actionni13: checks
scorpio04: bets $6
Actionni13: calls $6
*** RIVER *** [7d Ts 3d 7s] [8c]
Actionni13: bets $6
scorpio04: calls $6
*** SHOW DOWN ***
Actionni13: shows [Kd 3c] (two pair, Sevens and Threes)
scorpio04: shows [9c 8h] (two pair, Eights and Sevens)
scorpio04 collected $41.50 from pot
*** SUMMARY ***
Total pot $42 | Rake $0.50
Board [7d Ts 3d 7s 8c]
Seat 1: scorpio04 (button) (small blind) showed [9c 8h] and won ($41.50) with two pair, Eights and Sevens
Seat 4: Actionni13 (big blind) showed [Kd 3c] and lost with two pair, Sevens and Threes


PokerStars Hand #171743016267:  Hold'em Limit ($3/$6 USD) - 2017/06/13 18:48:07 ET
Table 'Perrotin' 6-max Seat #1 is the button
Seat 1: scorpio04 ($194 in chips)
Seat 4: Actionni13 ($150 in chips)
scorpio04: posts small blind $1
Actionni13: posts big blind $3
*** HOLE CARDS ***
scorpio04: raises $3 to $6
Actionni13: calls $3
*** FLOP *** [4s 3h 2c]
Actionni13: bets $3
scorpio04: calls $3
*** TURN *** [4s 3h 2c] [4c]
Actionni13: checks
scorpio04: checks
*** RIVER *** [4s 3h 2c 4c] [5c]
Actionni13: bets $6
scorpio04: calls $6
*** SHOW DOWN ***
Actionni13: shows [6c Qd] (a straight, Deuce to Six)
scorpio04: shows [Td 6h] (a straight, Deuce to Six)
Actionni13 collected $14.75 from pot
scorpio04 collected $14.75 from pot
*** SUMMARY ***
Total pot $30 | Rake $0.50
Board [4s 3h 2c 4c 5c]
Seat 1: scorpio04 (button) (small blind) showed [Td 6h] and won ($14.75) with a straight, Deuce to Six
Seat 4: Actionni13 (big blind) showed [6c Qd] and won ($14.75) with a straight, Deuce to Six


PokerStars Hand #171742973426:  Hold'em Limit ($3/$6 USD) - 2017/06/13 18:46:59 ET
Table 'Perrotin' 6-max Seat #4 is the button
Seat 1: scorpio04 ($170.50 in chips)
Seat 4: Actionni13 ($150 in chips)
Actionni13: posts small blind $1
scorpio04: posts big blind $3
*** HOLE CARDS ***
Actionni13: raises $3 to $6
scorpio04: calls $3
*** FLOP *** [Kd As 5s]
scorpio04: checks
Actionni13: bets $3
scorpio04: raises $3 to $6
Actionni13: calls $3
*** TURN *** [Kd As 5s] [Ts]
scorpio04: bets $6
Actionni13: calls $6
*** RIVER *** [Kd As 5s Ts] [7c]
scorpio04: bets $6
Actionni13: calls $6
*** SHOW DOWN ***
scorpio04: shows [Ad 5h] (two pair, Aces and Fives)
Actionni13: mucks hand
scorpio04 collected $47.50 from pot
*** SUMMARY ***
Total pot $48 | Rake $0.50
Board [Kd As 5s Ts 7c]
Seat 1: scorpio04 (big blind) showed [Ad 5h] and won ($47.50) with two pair, Aces and Fives
Seat 4: Actionni13 (button) (small blind) mucked


PokerStars Hand #171743069799:  Hold'em Limit ($3/$6 USD) - 2017/06/13 18:49:32 ET
Table 'Perrotin' 6-max Seat #1 is the button
Seat 1: scorpio04 ($172.75 in chips)
Seat 4: Actionni13 ($170.50 in chips)
scorpio04: posts small blind $1
Actionni13: posts big blind $3
*** HOLE CARDS ***
scorpio04: folds
Uncalled bet ($2) returned to Actionni13
Actionni13 collected $2 from pot
Actionni13: doesn't show hand
*** SUMMARY ***
Total pot $2 | Rake $0
Seat 1: scorpio04 (button) (small blind) folded before Flop
Seat 4: Actionni13 (big blind) collected ($2)


PokerStars Hand #171743043393:  Hold'em Limit ($3/$6 USD) - 2017/06/13 18:48:50 ET
Table 'Perrotin' 6-max Seat #4 is the button
Seat 1: scorpio04 ($193.75 in chips)
Seat 4: Actionni13 ($150 in chips)
Actionni13: posts small blind $1
scorpio04: posts big blind $3
*** HOLE CARDS ***
Actionni13: raises $3 to $6
scorpio04: calls $3
*** FLOP *** [Jc Tc Th]
scorpio04: checks
Actionni13: bets $3
scorpio04: calls $3
*** TURN *** [Jc Tc Th] [6s]
scorpio04: checks
Actionni13: bets $6
scorpio04: calls $6
*** RIVER *** [Jc Tc Th 6s] [4d]
scorpio04: checks
Actionni13: bets $6
scorpio04: calls $6
*** SHOW DOWN ***
Actionni13: shows [6h Td] (a full house, Tens full of Sixes)
scorpio04: mucks hand
Actionni13 collected $41.50 from pot
*** SUMMARY ***
Total pot $42 | Rake $0.50
Board [Jc Tc Th 6s 4d]
Seat 1: scorpio04 (big blind) mucked
Seat 4: Actionni13 (button) (small blind) showed [6h Td] and won ($41.50) with a full house, Tens full of Sixes


PokerStars Hand #171743080943:  Hold'em Limit ($3/$6 USD) - 2017/06/13 18:49:50 ET
Table 'Perrotin' 6-max Seat #4 is the button
Seat 1: scorpio04 ($171.75 in chips)
Seat 4: Actionni13 ($171.50 in chips)
Actionni13: posts small blind $1
scorpio04: posts big blind $3
*** HOLE CARDS ***
Actionni13: raises $3 to $6
scorpio04: calls $3
*** FLOP *** [2s Ac 5s]
scorpio04: checks
Actionni13: bets $3
scorpio04: raises $3 to $6
Actionni13: calls $3
*** TURN *** [2s Ac 5s] [Qh]
scorpio04: checks
Actionni13: checks
*** RIVER *** [2s Ac 5s Qh] [4c]
scorpio04: bets $6
Actionni13: folds
Uncalled bet ($6) returned to scorpio04
scorpio04 collected $23.52 from pot
scorpio04: doesn't show hand
*** SUMMARY ***
Total pot $24 | Rake $0.48
Board [2s Ac 5s Qh 4c]
Seat 1: scorpio04 (big blind) collected ($23.52)
Seat 4: Actionni13 (button) (small blind) folded on the River


PokerStars Hand #171743139102:  Hold'em Limit ($3/$6 USD) - 2017/06/13 18:51:23 ET
Table 'Perrotin' 6-max Seat #4 is the button
Seat 1: scorpio04 ($189.03 in chips)
Seat 4: Actionni13 ($153.50 in chips)
Actionni13: posts small blind $1
scorpio04: posts big blind $3
*** HOLE CARDS ***
Actionni13: folds
Uncalled bet ($2) returned to scorpio04
scorpio04 collected $2 from pot
scorpio04: doesn't show hand
*** SUMMARY ***
Total pot $2 | Rake $0
Seat 1: scorpio04 (big blind) collected ($2)
Seat 4: Actionni13 (button) (small blind) folded before Flop


PokerStars Hand #171743122330:  Hold'em Limit ($3/$6 USD) - 2017/06/13 18:50:56 ET
Table 'Perrotin' 6-max Seat #1 is the button
Seat 1: scorpio04 ($183.27 in chips)
Seat 4: Actionni13 ($159.50 in chips)
scorpio04: posts small blind $1
Actionni13: posts big blind $3
*** HOLE CARDS ***
scorpio04: raises $3 to $6
Actionni13: calls $3
*** FLOP *** [Qc 6h Tc]
Actionni13: checks
scorpio04: checks
*** TURN *** [Qc 6h Tc] [Qd]
Actionni13: checks
scorpio04: bets $6
Actionni13: folds
Uncalled bet ($6) returned to scorpio04
scorpio04 collected $11.76 from pot
scorpio04: doesn't show hand
*** SUMMARY ***
Total pot $12 | Rake $0.24
Board [Qc 6h Tc Qd]
Seat 1: scorpio04 (button) (small blind) collected ($11.76)
Seat 4: Actionni13 (big blind) folded on the Turn


PokerStars Hand #171743143906:  Hold'em Limit ($3/$6 USD) - 2017/06/13 18:51:31 ET
Table 'Perrotin' 6-max Seat #1 is the button
Seat 1: scorpio04 ($190.03 in chips)
Seat 4: Actionni13 ($152.50 in chips)
scorpio04: posts small blind $1
Actionni13: posts big blind $3
*** HOLE CARDS ***
scorpio04: raises $3 to $6
Actionni13: calls $3
*** FLOP *** [Qh 9c Qs]
Actionni13: checks
scorpio04: bets $3
Actionni13: calls $3
*** TURN *** [Qh 9c Qs] [8c]
Actionni13: bets $6
scorpio04: calls $6
*** RIVER *** [Qh 9c Qs 8c] [Jh]
Actionni13: bets $6
scorpio04: folds
Uncalled bet ($6) returned to Actionni13
Actionni13 collected $29.50 from pot
Actionni13: doesn't show hand
*** SUMMARY ***
Total pot $30 | Rake $0.50
Board [Qh 9c Qs 8c Jh]
Seat 1: scorpio04 (button) (small blind) folded on the River
Seat 4: Actionni13 (big blind) collected ($29.50)


PokerStars Hand #171743215308:  Hold'em Limit ($3/$6 USD) - 2017/06/13 18:53:27 ET
Table 'Perrotin' 6-max Seat #4 is the button
Seat 1: scorpio04 ($201.53 in chips)
Seat 4: Actionni13 ($150 in chips)
Actionni13: posts small blind $1
scorpio04: posts big blind $3
*** HOLE CARDS ***
Actionni13: raises $3 to $6
scorpio04: folds
Uncalled bet ($3) returned to Actionni13
Actionni13 collected $6 from pot
Actionni13: doesn't show hand
*** SUMMARY ***
Total pot $6 | Rake $0
Seat 1: scorpio04 (big blind) folded before Flop
Seat 4: Actionni13 (button) (small blind) collected ($6)


PokerStars Hand #171743207674:  Hold'em Limit ($3/$6 USD) - 2017/06/13 18:53:14 ET
Table 'Perrotin' 6-max Seat #1 is the button
Seat 1: scorpio04 ($198.53 in chips)
Seat 4: Actionni13 ($150 in chips)
scorpio04: posts small blind $1
Actionni13: posts big blind $3
*** HOLE CARDS ***
scorpio04: raises $3 to $6
Actionni13: folds
Uncalled bet ($3) returned to scorpio04
scorpio04 collected $6 from pot
scorpio04: doesn't show hand
*** SUMMARY ***
Total pot $6 | Rake $0
Seat 1: scorpio04 (button) (small blind) collected ($6)
Seat 4: Actionni13 (big blind) folded before Flop


PokerStars Hand #171743169846:  Hold'em Limit ($3/$6 USD) - 2017/06/13 18:52:13 ET
Table 'Perrotin' 6-max Seat #4 is the button
Seat 1: scorpio04 ($175.03 in chips)
Seat 4: Actionni13 ($167 in chips)
Actionni13: posts small blind $1
scorpio04: posts big blind $3
*** HOLE CARDS ***
Actionni13: raises $3 to $6
scorpio04: raises $3 to $9
Actionni13: calls $3
*** FLOP *** [6c Qh Kh]
scorpio04: bets $3
Actionni13: calls $3
*** TURN *** [6c Qh Kh] [9c]
scorpio04: bets $6
Actionni13: calls $6
*** RIVER *** [6c Qh Kh 9c] [Js]
scorpio04: bets $6
Actionni13: calls $6
*** SHOW DOWN ***
scorpio04: shows [6s Ks] (two pair, Kings and Sixes)
Actionni13: mucks hand
scorpio04 collected $47.50 from pot
*** SUMMARY ***
Total pot $48 | Rake $0.50
Board [6c Qh Kh 9c Js]
Seat 1: scorpio04 (big blind) showed [6s Ks] and won ($47.50) with two pair, Kings and Sixes
Seat 4: Actionni13 (button) (small blind) mucked


PokerStars Hand #171743266335:  Hold'em Limit ($3/$6 USD) - 2017/06/13 18:54:50 ET
Table 'Perrotin' 6-max Seat #1 is the button
Seat 1: scorpio04 ($236.79 in chips)
Seat 4: Actionni13 ($150 in chips)
scorpio04: posts small blind $1
Actionni13: posts big blind $3
*** HOLE CARDS ***
scorpio04: raises $3 to $6
Actionni13: folds
Uncalled bet ($3) returned to scorpio04
scorpio04 collected $6 from pot
scorpio04: doesn't show hand
*** SUMMARY ***
Total pot $6 | Rake $0
Seat 1: scorpio04 (button) (small blind) collected ($6)
Seat 4: Actionni13 (big blind) folded before Flop


PokerStars Hand #171743220907:  Hold'em Limit ($3/$6 USD) - 2017/06/13 18:53:36 ET
Table 'Perrotin' 6-max Seat #1 is the button
Seat 1: scorpio04 ($198.53 in chips)
Seat 4: Actionni13 ($153 in chips)
scorpio04: posts small blind $1
Actionni13: posts big blind $3
*** HOLE CARDS ***
scorpio04: raises $3 to $6
Actionni13: raises $3 to $9
scorpio04: calls $3
*** FLOP *** [2c Qc 9d]
Actionni13: bets $3
scorpio04: raises $3 to $6
Actionni13: calls $3
*** TURN *** [2c Qc 9d] [Ah]
Actionni13: bets $6
scorpio04: raises $6 to $12
Actionni13: calls $6
*** RIVER *** [2c Qc 9d Ah] [7h]
Actionni13: checks
scorpio04: bets $6
Actionni13: calls $6
*** SHOW DOWN ***
scorpio04: shows [9c Qd] (two pair, Queens and Nines)
Actionni13: mucks hand
scorpio04 collected $65.50 from pot
*** SUMMARY ***
Total pot $66 | Rake $0.50
Board [2c Qc 9d Ah 7h]
Seat 1: scorpio04 (button) (small blind) showed [9c Qd] and won ($65.50) with two pair, Queens and Nines
Seat 4: Actionni13 (big blind) mucked


PokerStars Hand #171743299505:  Hold'em Limit ($3/$6 USD) - 2017/06/13 18:55:51 ET
Table 'Perrotin' 6-max Seat #4 is the button
Seat 1: scorpio04 ($252.31 in chips)
Seat 4: Actionni13 ($150 in chips)
Actionni13: posts small blind $1
scorpio04: posts big blind $3
*** HOLE CARDS ***
Actionni13: raises $3 to $6
scorpio04: folds
Uncalled bet ($3) returned to Actionni13
Actionni13 collected $6 from pot
Actionni13: doesn't show hand
*** SUMMARY ***
Total pot $6 | Rake $0
Seat 1: scorpio04 (big blind) folded before Flop
Seat 4: Actionni13 (button) (small blind) collected ($6)


PokerStars Hand #171743277006:  Hold'em Limit ($3/$6 USD) - 2017/06/13 18:55:08 ET
Table 'Perrotin' 6-max Seat #1 is the button
Seat 1: scorpio04 ($240.79 in chips)
Seat 4: Actionni13 ($150 in chips)
scorpio04: posts small blind $1
Actionni13: posts big blind $3
*** HOLE CARDS ***
scorpio04: raises $3 to $6
Actionni13: calls $3
*** FLOP *** [2s Js Kc]
Actionni13: checks
scorpio04: checks
*** TURN *** [2s Js Kc] [7h]
Actionni13: checks
scorpio04: bets $6
Actionni13: calls $6
*** RIVER *** [2s Js Kc 7h] [3h]
Actionni13: checks
scorpio04: bets $6
Actionni13: folds
Uncalled bet ($6) returned to scorpio04
scorpio04 collected $23.52 from pot
scorpio04: doesn't show hand
*** SUMMARY ***
Total pot $24 | Rake $0.48
Board [2s Js Kc 7h 3h]
Seat 1: scorpio04 (button) (small blind) collected ($23.52)
Seat 4: Actionni13 (big blind) folded on the River


PokerStars Hand #171743274503:  Hold'em Limit ($3/$6 USD) - 2017/06/13 18:55:04 ET
Table 'Perrotin' 6-max Seat #4 is the button
Seat 1: scorpio04 ($239.79 in chips)
Seat 4: Actionni13 ($150 in chips)
Actionni13: posts small blind $1
scorpio04: posts big blind $3
*** HOLE CARDS ***
Actionni13: folds
Uncalled bet ($2) returned to scorpio04
scorpio04 collected $2 from pot
scorpio04: doesn't show hand
*** SUMMARY ***
Total pot $2 | Rake $0
Seat 1: scorpio04 (big blind) collected ($2)
Seat 4: Actionni13 (button) (small blind) folded before Flop


PokerStars Hand #171743322280:  Hold'em Limit ($3/$6 USD) - 2017/06/13 18:56:36 ET
Table 'Perrotin' 6-max Seat #4 is the button
Seat 1: scorpio04 ($257.95 in chips)
Seat 4: Actionni13 ($150 in chips)
Actionni13: posts small blind $1
scorpio04: posts big blind $3
*** HOLE CARDS ***
Actionni13: folds
Uncalled bet ($2) returned to scorpio04
scorpio04 collected $2 from pot
scorpio04: doesn't show hand
*** SUMMARY ***
Total pot $2 | Rake $0
Seat 1: scorpio04 (big blind) collected ($2)
Seat 4: Actionni13 (button) (small blind) folded before Flop


PokerStars Hand #171743306781:  Hold'em Limit ($3/$6 USD) - 2017/06/13 18:56:06 ET
Table 'Perrotin' 6-max Seat #1 is the button
Seat 1: scorpio04 ($249.31 in chips)
Seat 4: Actionni13 ($153 in chips)
scorpio04: posts small blind $1
Actionni13: posts big blind $3
*** HOLE CARDS ***
scorpio04: raises $3 to $6
Actionni13: calls $3
*** FLOP *** [7h 2d 7d]
Actionni13: checks
scorpio04: bets $3
Actionni13: calls $3
*** TURN *** [7h 2d 7d] [Th]
Actionni13: checks
scorpio04: bets $6
Actionni13: folds
Uncalled bet ($6) returned to scorpio04
scorpio04 collected $17.64 from pot
scorpio04: doesn't show hand
*** SUMMARY ***
Total pot $18 | Rake $0.36
Board [7h 2d 7d Th]
Seat 1: scorpio04 (button) (small blind) collected ($17.64)
Seat 4: Actionni13 (big blind) folded on the Turn


PokerStars Hand #171743325094:  Hold'em Limit ($3/$6 USD) - 2017/06/13 18:56:42 ET
Table 'Perrotin' 6-max Seat #1 is the button
Seat 1: scorpio04 ($258.95 in chips)
Seat 4: Actionni13 ($150 in chips)
scorpio04: posts small blind $1
Actionni13: posts big blind $3
*** HOLE CARDS ***
scorpio04: raises $3 to $6
Actionni13: calls $3
*** FLOP *** [3s 4h 6d]
Actionni13: checks
scorpio04: checks
*** TURN *** [3s 4h 6d] [8h]
Actionni13: bets $6
scorpio04: calls $6
*** RIVER *** [3s 4h 6d 8h] [8c]
Actionni13: bets $6
scorpio04: calls $6
*** SHOW DOWN ***
Actionni13: shows [7c 3h] (two pair, Eights and Threes)
scorpio04: mucks hand
Actionni13 collected $35.50 from pot
*** SUMMARY ***
Total pot $36 | Rake $0.50
Board [3s 4h 6d 8h 8c]
Seat 1: scorpio04 (button) (small blind) mucked
Seat 4: Actionni13 (big blind) showed [7c 3h] and won ($35.50) with two pair, Eights and Threes


PokerStars Hand #171743338550:  Hold'em Limit ($3/$6 USD) - 2017/06/13 18:57:08 ET
Table 'Perrotin' 6-max Seat #4 is the button
Seat 1: scorpio04 ($240.95 in chips)
Seat 4: Actionni13 ($167.50 in chips)
Actionni13: posts small blind $1
scorpio04: posts big blind $3
*** HOLE CARDS ***
Actionni13: raises $3 to $6
scorpio04: calls $3
*** FLOP *** [6c 7d Ad]
scorpio04: checks
Actionni13: checks
*** TURN *** [6c 7d Ad] [Ks]
scorpio04: checks
Actionni13: bets $6
scorpio04: raises $6 to $12
Actionni13: calls $6
*** RIVER *** [6c 7d Ad Ks] [Js]
scorpio04: bets $6
Actionni13: calls $6
*** SHOW DOWN ***
scorpio04: shows [Ac Kh] (two pair, Aces and Kings)
Actionni13: mucks hand
scorpio04 collected $47.50 from pot
*** SUMMARY ***
Total pot $48 | Rake $0.50
Board [6c 7d Ad Ks Js]
Seat 1: scorpio04 (big blind) showed [Ac Kh] and won ($47.50) with two pair, Aces and Kings
Seat 4: Actionni13 (button) (small blind) mucked


PokerStars Hand #171743377045:  Hold'em Limit ($3/$6 USD) - 2017/06/13 18:58:22 ET
Table 'Perrotin' 6-max Seat #1 is the button
Seat 1: scorpio04 ($264.45 in chips)
Seat 4: Actionni13 ($150 in chips)
scorpio04: posts small blind $1
Actionni13: posts big blind $3
*** HOLE CARDS ***
scorpio04: folds
Uncalled bet ($2) returned to Actionni13
Actionni13 collected $2 from pot
Actionni13: doesn't show hand
*** SUMMARY ***
Total pot $2 | Rake $0
Seat 1: scorpio04 (button) (small blind) folded before Flop
Seat 4: Actionni13 (big blind) collected ($2)


PokerStars Hand #171743380576:  Hold'em Limit ($3/$6 USD) - 2017/06/13 18:58:29 ET
Table 'Perrotin' 6-max Seat #4 is the button
Seat 1: scorpio04 ($263.45 in chips)
Seat 4: Actionni13 ($151 in chips)
Actionni13: posts small blind $1
scorpio04: posts big blind $3
*** HOLE CARDS ***
Actionni13: raises $3 to $6
scorpio04: calls $3
*** FLOP *** [7c 7d Qh]
scorpio04: checks
Actionni13: bets $3
scorpio04: calls $3
*** TURN *** [7c 7d Qh] [Js]
scorpio04: checks
Actionni13: checks
*** RIVER *** [7c 7d Qh Js] [9s]
scorpio04: checks
Actionni13: bets $6
scorpio04: folds
Uncalled bet ($6) returned to Actionni13
Actionni13 collected $17.64 from pot
Actionni13: doesn't show hand
*** SUMMARY ***
Total pot $18 | Rake $0.36
Board [7c 7d Qh Js 9s]
Seat 1: scorpio04 (big blind) folded on the River
Seat 4: Actionni13 (button) (small blind) collected ($17.64)


PokerStars Hand #171743420110:  Hold'em Limit ($3/$6 USD) - 2017/06/13 18:59:45 ET
Table 'Perrotin' 6-max Seat #1 is the button
Seat 1: scorpio04 ($254.45 in chips)
Seat 4: Actionni13 ($159.64 in chips)
scorpio04: posts small blind $1
Actionni13: posts big blind $3
*** HOLE CARDS ***
scorpio04: folds
Uncalled bet ($2) returned to Actionni13
Actionni13 collected $2 from pot
Actionni13: doesn't show hand
*** SUMMARY ***
Total pot $2 | Rake $0
Seat 1: scorpio04 (button) (small blind) folded before Flop
Seat 4: Actionni13 (big blind) collected ($2)


PokerStars Hand #171743431322:  Hold'em Limit ($3/$6 USD) - 2017/06/13 19:00:07 ET
Table 'Perrotin' 6-max Seat #4 is the button
Seat 1: scorpio04 ($253.45 in chips)
Seat 4: Actionni13 ($160.64 in chips)
Actionni13: posts small blind $1
scorpio04: posts big blind $3
*** HOLE CARDS ***
Actionni13: raises $3 to $6
scorpio04: calls $3
*** FLOP *** [9h Jh Qh]
scorpio04: checks
Actionni13: bets $3
scorpio04: folds
Uncalled bet ($3) returned to Actionni13
Actionni13 collected $11.76 from pot
Actionni13: doesn't show hand
*** SUMMARY ***
Total pot $12 | Rake $0.24
Board [9h Jh Qh]
Seat 1: scorpio04 (big blind) folded on the Flop
Seat 4: Actionni13 (button) (small blind) collected ($11.76)


PokerStars Hand #171743448503:  Hold'em Limit ($3/$6 USD) - 2017/06/13 19:00:40 ET
Table 'Perrotin' 6-max Seat #1 is the button
Seat 1: scorpio04 ($247.45 in chips)
Seat 4: Actionni13 ($166.40 in chips)
scorpio04: posts small blind $1
Actionni13: posts big blind $3
*** HOLE CARDS ***
scorpio04: raises $3 to $6
Actionni13: calls $3
*** FLOP *** [6s Qs 5h]
Actionni13: checks
scorpio04: bets $3
Actionni13: calls $3
*** TURN *** [6s Qs 5h] [6d]
Actionni13: checks
scorpio04: checks
*** RIVER *** [6s Qs 5h 6d] [9h]
igorkabmw joins the table at seat #3
Actionni13: bets $6
scorpio04: calls $6
*** SHOW DOWN ***
Actionni13: shows [7d 9c] (two pair, Nines and Sixes)
scorpio04: mucks hand
Actionni13 collected $29.50 from pot
*** SUMMARY ***
Total pot $30 | Rake $0.50
Board [6s Qs 5h 6d 9h]
Seat 1: scorpio04 (button) (small blind) mucked
Seat 4: Actionni13 (big blind) showed [7d 9c] and won ($29.50) with two pair, Nines and Sixes


PokerStars Hand #171743461688:  Hold'em Limit ($3/$6 USD) - 2017/06/13 19:01:04 ET
Table 'Perrotin' 6-max Seat #4 is the button
Seat 1: scorpio04 ($232.45 in chips)
Seat 4: Actionni13 ($180.90 in chips)
Actionni13: posts small blind $1
scorpio04: posts big blind $3
*** HOLE CARDS ***
Actionni13: raises $3 to $6
B_loJkl joins the table at seat #5
scorpio04: calls $3
*** FLOP *** [Kc Qc Js]
scorpio04: checks
Actionni13: bets $3
Samace10 joins the table at seat #6
scorpio04: folds
Uncalled bet ($3) returned to Actionni13
Actionni13 collected $11.76 from pot
Actionni13: doesn't show hand
belik555 joins the table at seat #2
*** SUMMARY ***
Total pot $12 | Rake $0.24
Board [Kc Qc Js]
Seat 1: scorpio04 (big blind) folded on the Flop
Seat 4: Actionni13 (button) (small blind) collected ($11.76)


PokerStars Hand #171744997468:  Hold'em Limit ($3/$6 USD) - 2017/06/13 19:46:53 ET
Table 'Perrotin' 6-max Seat #3 is the button
Seat 1: scorpio04 ($315.78 in chips)
Seat 3: Bonsey_1 ($54.83 in chips)
Bonsey_1: posts small blind $1
scorpio04: posts big blind $3
*** HOLE CARDS ***
Bonsey_1: raises $3 to $6
B_loJkl joins the table at seat #4
scorpio04: raises $3 to $9
Bonsey_1: calls $3
*** FLOP *** [8d Js Td]
scorpio04: bets $3
Bonsey_1: folds
Uncalled bet ($3) returned to scorpio04
scorpio04 collected $17.64 from pot
scorpio04: doesn't show hand
*** SUMMARY ***
Total pot $18 | Rake $0.36
Board [8d Js Td]
Seat 1: scorpio04 (big blind) collected ($17.64)
Seat 3: Bonsey_1 (button) (small blind) folded on the Flop


PokerStars Hand #171745006158:  Hold'em Limit ($3/$6 USD) - 2017/06/13 19:47:10 ET
Table 'Perrotin' 6-max Seat #1 is the button
Seat 1: scorpio04 ($324.42 in chips)
Seat 3: Bonsey_1 ($45.83 in chips)
scorpio04: posts small blind $1
Bonsey_1: posts big blind $3
*** HOLE CARDS ***
scorpio04: raises $3 to $6
Bonsey_1: raises $3 to $9
scorpio04: calls $3
*** FLOP *** [2c Ac 8h]
Bonsey_1: bets $3
scorpio04: calls $3
*** TURN *** [2c Ac 8h] [7c]
Bonsey_1: bets $6
scorpio04: raises $6 to $12
Bonsey_1: calls $6
*** RIVER *** [2c Ac 8h 7c] [Qh]
Bonsey_1: checks
scorpio04: bets $6
Bonsey_1: folds
Uncalled bet ($6) returned to scorpio04
scorpio04 collected $47.50 from pot
scorpio04: doesn't show hand
*** SUMMARY ***
Total pot $48 | Rake $0.50
Board [2c Ac 8h 7c Qh]
Seat 1: scorpio04 (button) (small blind) collected ($47.50)
Seat 3: Bonsey_1 (big blind) folded on the River


