PokerStars Hand #144902757092:  Hold'em Limit ($3/$6 USD) - 2015/12/06 6:30:12 ET
Table 'Perrotin II' 6-max Seat #1 is the button
Seat 1: fluit83 ($42 in chips)
Seat 2: BelSv ($78 in chips)
fluit83: posts small blind $1
BelSv: posts big blind $3
*** HOLE CARDS ***
RockKillerTY joins the table at seat #3
fluit83: folds
Uncalled bet ($2) returned to BelSv
BelSv collected $2 from pot
BelSv: doesn't show hand
*** SUMMARY ***
Total pot $2 | Rake $0
Seat 1: fluit83 (button) (small blind) folded before Flop
Seat 2: BelSv (big blind) collected ($2)


PokerStars Hand #144903174481:  Hold'em Limit ($3/$6 USD) - 2015/12/06 6:42:34 ET
Table 'Perrotin II' 6-max Seat #2 is the button
Seat 1: fluit83 ($15.88 in chips)
Seat 2: BelSv ($120.45 in chips)
BelSv: posts small blind $1
fluit83: posts big blind $3
*** HOLE CARDS ***
BelSv: raises $3 to $6
fluit83: raises $3 to $9
BelSv: calls $3
*** FLOP *** [9s 5h 9h]
fluit83: bets $3
BelSv: calls $3
*** TURN *** [9s 5h 9h] [Tc]
fluit83: bets $3.88 and is all-in
BelSv: calls $3.88
*** RIVER *** [9s 5h 9h Tc] [3c]
*** SHOW DOWN ***
fluit83: shows [Td Jh] (two pair, Tens and Nines)
BelSv: mucks hand
fluit83 collected $31.26 from pot
*** SUMMARY ***
Total pot $31.76 | Rake $0.50
Board [9s 5h 9h Tc 3c]
Seat 1: fluit83 (big blind) showed [Td Jh] and won ($31.26) with two pair, Tens and Nines
Seat 2: BelSv (button) (small blind) mucked


PokerStars Hand #144903171757:  Hold'em Limit ($3/$6 USD) - 2015/12/06 6:42:29 ET
Table 'Perrotin II' 6-max Seat #1 is the button
Seat 1: fluit83 ($16.88 in chips)
Seat 2: BelSv ($119.45 in chips)
fluit83: posts small blind $1
BelSv: posts big blind $3
*** HOLE CARDS ***
fluit83: folds
Uncalled bet ($2) returned to BelSv
BelSv collected $2 from pot
BelSv: doesn't show hand
*** SUMMARY ***
Total pot $2 | Rake $0
Seat 1: fluit83 (button) (small blind) folded before Flop
Seat 2: BelSv (big blind) collected ($2)


PokerStars Hand #144903167727:  Hold'em Limit ($3/$6 USD) - 2015/12/06 6:42:22 ET
Table 'Perrotin II' 6-max Seat #2 is the button
Seat 1: fluit83 ($19.88 in chips)
Seat 2: BelSv ($116.45 in chips)
BelSv: posts small blind $1
RockKillerTY: is sitting out
fluit83: posts big blind $3
*** HOLE CARDS ***
BelSv: raises $3 to $6
fluit83: folds
Uncalled bet ($3) returned to BelSv
BelSv collected $6 from pot
BelSv: doesn't show hand
*** SUMMARY ***
Total pot $6 | Rake $0
Seat 1: fluit83 (big blind) folded before Flop
Seat 2: BelSv (button) (small blind) collected ($6)


PokerStars Hand #144903185164:  Hold'em Limit ($3/$6 USD) - 2015/12/06 6:42:52 ET
Table 'Perrotin II' 6-max Seat #1 is the button
Seat 1: fluit83 ($31.26 in chips)
Seat 2: BelSv ($104.57 in chips)
fluit83: posts small blind $1
BelSv: posts big blind $3
*** HOLE CARDS ***
fluit83: calls $2
BelSv: raises $3 to $6
fluit83: folds
Uncalled bet ($3) returned to BelSv
BelSv collected $6 from pot
BelSv: doesn't show hand
*** SUMMARY ***
Total pot $6 | Rake $0
Seat 1: fluit83 (button) (small blind) folded before Flop
Seat 2: BelSv (big blind) collected ($6)


PokerStars Hand #144903199048:  Hold'em Limit ($3/$6 USD) - 2015/12/06 6:43:16 ET
Table 'Perrotin II' 6-max Seat #1 is the button
Seat 1: fluit83 ($29.26 in chips)
Seat 2: BelSv ($106.57 in chips)
fluit83: posts small blind $1
BelSv: posts big blind $3
*** HOLE CARDS ***
fluit83: raises $3 to $6
BelSv: calls $3
*** FLOP *** [3s 7c 4h]
BelSv: checks
fluit83: bets $3
BelSv: raises $3 to $6
fluit83: calls $3
*** TURN *** [3s 7c 4h] [6h]
BelSv: bets $6
fluit83: calls $6
*** RIVER *** [3s 7c 4h 6h] [3c]
BelSv: bets $6
fluit83: raises $5.26 to $11.26 and is all-in
BelSv: calls $5.26
*** SHOW DOWN ***
fluit83: shows [Kh 3d] (three of a kind, Threes)
BelSv: shows [5h 7s] (a straight, Three to Seven)
BelSv collected $58.02 from pot
*** SUMMARY ***
Total pot $58.52 | Rake $0.50
Board [3s 7c 4h 6h 3c]
Seat 1: fluit83 (button) (small blind) showed [Kh 3d] and lost with three of a kind, Threes
Seat 2: BelSv (big blind) showed [5h 7s] and won ($58.02) with a straight, Three to Seven


