PokerStars Hand #144819098487:  Hold'em Limit ($3/$6 USD) - 2015/12/04 14:11:07 ET
Table 'Perseus III' 6-max Seat #4 is the button
Seat 3: morgendorffe ($160.06 in chips)
Seat 4: BelSv ($78 in chips)
BelSv: posts small blind $1
morgendorffe: posts big blind $3
*** HOLE CARDS ***
BelSv: raises $3 to $6
morgendorffe: folds
Uncalled bet ($3) returned to BelSv
BelSv collected $6 from pot
BelSv: doesn't show hand
*** SUMMARY ***
Total pot $6 | Rake $0
Seat 3: morgendorffe (big blind) folded before Flop
Seat 4: BelSv (button) (small blind) collected ($6)


PokerStars Hand #144819087620:  Hold'em Limit ($3/$6 USD) - 2015/12/04 14:10:55 ET
Table 'Perseus III' 6-max Seat #3 is the button
Seat 3: morgendorffe ($154.30 in chips)
Seat 4: BelSv ($78 in chips)
morgendorffe: posts small blind $1
BelSv: posts big blind $3
*** HOLE CARDS ***
morgendorffe: raises $3 to $6
BelSv: calls $3
*** FLOP *** [Kd Js 4d]
BelSv: checks
morgendorffe: bets $3
BelSv: folds
Uncalled bet ($3) returned to morgendorffe
morgendorffe collected $11.76 from pot
*** SUMMARY ***
Total pot $12 | Rake $0.24
Board [Kd Js 4d]
Seat 3: morgendorffe (button) (small blind) collected ($11.76)
Seat 4: BelSv (big blind) folded on the Flop


PokerStars Hand #144819068587:  Hold'em Limit ($3/$6 USD) - 2015/12/04 14:10:34 ET
Table 'Perseus III' 6-max Seat #4 is the button
Seat 3: morgendorffe ($145.66 in chips)
Seat 4: BelSv ($80.50 in chips)
BelSv: posts small blind $1
morgendorffe: posts big blind $3
*** HOLE CARDS ***
BelSv: raises $3 to $6
morgendorffe: calls $3
*** FLOP *** [4s Qh Kc]
morgendorffe: checks
BelSv: bets $3
morgendorffe: calls $3
*** TURN *** [4s Qh Kc] [Jc]
morgendorffe: checks
BelSv: checks
*** RIVER *** [4s Qh Kc Jc] [3h]
morgendorffe: checks
BelSv: checks
*** SHOW DOWN ***
morgendorffe: shows [Qc 2h] (a pair of Queens)
BelSv: mucks hand
morgendorffe collected $17.64 from pot
*** SUMMARY ***
Total pot $18 | Rake $0.36
Board [4s Qh Kc Jc 3h]
Seat 3: morgendorffe (big blind) showed [Qc 2h] and won ($17.64) with a pair of Queens
Seat 4: BelSv (button) (small blind) mucked


PokerStars Hand #144819150380:  Hold'em Limit ($3/$6 USD) - 2015/12/04 14:12:05 ET
Table 'Perseus III' 6-max Seat #4 is the button
Seat 3: morgendorffe ($168.32 in chips)
Seat 4: BelSv ($78 in chips)
BelSv: posts small blind $1
morgendorffe: posts big blind $3
*** HOLE CARDS ***
BelSv: raises $3 to $6
morgendorffe: calls $3
*** FLOP *** [4d Ac 3d]
morgendorffe: checks
BelSv: bets $3
morgendorffe: folds
Uncalled bet ($3) returned to BelSv
BelSv collected $11.76 from pot
BelSv: doesn't show hand
*** SUMMARY ***
Total pot $12 | Rake $0.24
Board [4d Ac 3d]
Seat 3: morgendorffe (big blind) folded on the Flop
Seat 4: BelSv (button) (small blind) collected ($11.76)


PokerStars Hand #144819138105:  Hold'em Limit ($3/$6 USD) - 2015/12/04 14:11:51 ET
Table 'Perseus III' 6-max Seat #3 is the button
Seat 3: morgendorffe ($162.56 in chips)
Seat 4: BelSv ($78 in chips)
morgendorffe: posts small blind $1
BelSv: posts big blind $3
*** HOLE CARDS ***
morgendorffe: raises $3 to $6
BelSv: calls $3
*** FLOP *** [As 9s 7s]
BelSv: checks
morgendorffe: bets $3
BelSv: folds
Uncalled bet ($3) returned to morgendorffe
morgendorffe collected $11.76 from pot
*** SUMMARY ***
Total pot $12 | Rake $0.24
Board [As 9s 7s]
Seat 3: morgendorffe (button) (small blind) collected ($11.76)
Seat 4: BelSv (big blind) folded on the Flop


PokerStars Hand #144819119567:  Hold'em Limit ($3/$6 USD) - 2015/12/04 14:11:31 ET
Table 'Perseus III' 6-max Seat #4 is the button
Seat 3: morgendorffe ($145.06 in chips)
Seat 4: BelSv ($92.52 in chips)
BelSv: posts small blind $1
morgendorffe: posts big blind $3
*** HOLE CARDS ***
BelSv: raises $3 to $6
morgendorffe: calls $3
*** FLOP *** [5d 6c 2d]
morgendorffe: checks
BelSv: bets $3
morgendorffe: raises $3 to $6
BelSv: calls $3
*** TURN *** [5d 6c 2d] [7d]
morgendorffe: bets $6
BelSv: calls $6
*** RIVER *** [5d 6c 2d 7d] [Qd]
morgendorffe: checks
BelSv: checks
*** SHOW DOWN ***
morgendorffe: shows [5h Th] (a pair of Fives)
BelSv: mucks hand
morgendorffe collected $35.50 from pot
*** SUMMARY ***
Total pot $36 | Rake $0.50
Board [5d 6c 2d 7d Qd]
Seat 3: morgendorffe (big blind) showed [5h Th] and won ($35.50) with a pair of Fives
Seat 4: BelSv (button) (small blind) mucked


PokerStars Hand #144819181440:  Hold'em Limit ($3/$6 USD) - 2015/12/04 14:12:40 ET
Table 'Perseus III' 6-max Seat #3 is the button
Seat 3: morgendorffe ($188.82 in chips)
Seat 4: BelSv ($81 in chips)
morgendorffe: posts small blind $1
BelSv: posts big blind $3
*** HOLE CARDS ***
morgendorffe: raises $3 to $6
Chessnok joins the table at seat #5
BelSv: calls $3
*** FLOP *** [7d 3s Tc]
BelSv: checks
morgendorffe: bets $3
BelSv: folds
Uncalled bet ($3) returned to morgendorffe
morgendorffe collected $11.76 from pot
*** SUMMARY ***
Total pot $12 | Rake $0.24
Board [7d 3s Tc]
Seat 3: morgendorffe (button) (small blind) collected ($11.76)
Seat 4: BelSv (big blind) folded on the Flop


PokerStars Hand #144819176874:  Hold'em Limit ($3/$6 USD) - 2015/12/04 14:12:34 ET
Table 'Perseus III' 6-max Seat #4 is the button
Seat 3: morgendorffe ($191.82 in chips)
Seat 4: BelSv ($78 in chips)
BelSv: posts small blind $1
morgendorffe: posts big blind $3
*** HOLE CARDS ***
BelSv: raises $3 to $6
morgendorffe: folds
Uncalled bet ($3) returned to BelSv
BelSv collected $6 from pot
BelSv: doesn't show hand
*** SUMMARY ***
Total pot $6 | Rake $0
Seat 3: morgendorffe (big blind) folded before Flop
Seat 4: BelSv (button) (small blind) collected ($6)


PokerStars Hand #144819158714:  Hold'em Limit ($3/$6 USD) - 2015/12/04 14:12:14 ET
Table 'Perseus III' 6-max Seat #3 is the button
Seat 3: morgendorffe ($162.32 in chips)
Seat 4: BelSv ($83.76 in chips)
morgendorffe: posts small blind $1
BelSv: posts big blind $3
*** HOLE CARDS ***
morgendorffe: raises $3 to $6
BelSv: calls $3
*** FLOP *** [Qs Td 3h]
BelSv: checks
morgendorffe: bets $3
BelSv: raises $3 to $6
morgendorffe: calls $3
*** TURN *** [Qs Td 3h] [As]
BelSv: bets $6
morgendorffe: calls $6
*** RIVER *** [Qs Td 3h As] [6d]
BelSv: bets $6
morgendorffe: raises $6 to $12
BelSv: calls $6
*** SHOW DOWN ***
morgendorffe: shows [Th 6h] (two pair, Tens and Sixes)
BelSv: mucks hand
morgendorffe collected $59.50 from pot
*** SUMMARY ***
Total pot $60 | Rake $0.50
Board [Qs Td 3h As 6d]
Seat 3: morgendorffe (button) (small blind) showed [Th 6h] and won ($59.50) with two pair, Tens and Sixes
Seat 4: BelSv (big blind) mucked


