PokerStars Hand #149006300768:  Hold'em Limit ($3/$6 USD) - 2016/02/18 9:21:20 ET
Table 'Persephone' 6-max Seat #1 is the button
Seat 1: PrayFTR ($120 in chips)
Seat 4: Agrotait ($72 in chips)
PrayFTR: posts small blind $1
Agrotait: posts big blind $3
*** HOLE CARDS ***
PrayFTR: raises $3 to $6
Agrotait: calls $3
*** FLOP *** [6s Ad 4h]
B_loJkl joins the table at seat #2
Agrotait: checks
Fabulous108 joins the table at seat #3
PrayFTR: bets $3
Agrotait: folds
Uncalled bet ($3) returned to PrayFTR
PrayFTR collected $11.76 from pot
PrayFTR: doesn't show hand
*** SUMMARY ***
Total pot $12 | Rake $0.24
Board [6s Ad 4h]
Seat 1: PrayFTR (button) (small blind) collected ($11.76)
Seat 4: Agrotait (big blind) folded on the Flop


PokerStars Hand #149006321060:  Hold'em Limit ($3/$6 USD) - 2016/02/18 9:21:47 ET
Table 'Persephone' 6-max Seat #4 is the button
Seat 1: PrayFTR ($125.76 in chips)
Seat 4: Agrotait ($66 in chips)
Agrotait: posts small blind $1
PrayFTR: posts big blind $3
*** HOLE CARDS ***
Agrotait: raises $3 to $6
PrayFTR: raises $3 to $9
saut731 joins the table at seat #5
Agrotait: calls $3
*** FLOP *** [7h 9c 7c]
Ale4o joins the table at seat #6
PrayFTR: bets $3
Agrotait: calls $3
*** TURN *** [7h 9c 7c] [2h]
PrayFTR: checks
Agrotait: checks
*** RIVER *** [7h 9c 7c 2h] [4c]
PrayFTR: checks
Agrotait: checks
*** SHOW DOWN ***
PrayFTR: shows [Ks Jd] (a pair of Sevens)
Agrotait: mucks hand
PrayFTR collected $23.52 from pot
*** SUMMARY ***
Total pot $24 | Rake $0.48
Board [7h 9c 7c 2h 4c]
Seat 1: PrayFTR (big blind) showed [Ks Jd] and won ($23.52) with a pair of Sevens
Seat 4: Agrotait (button) (small blind) mucked


