PokerStars Hand #164767384295:  Hold'em Limit ($3/$6 USD) - 2017/01/18 6:19:00 ET
Table 'Perseus II' 6-max Seat #4 is the button
Seat 2: sim5sim5 ($72 in chips)
Seat 4: Agrotait ($73 in chips)
Agrotait: posts small blind $1
sim5sim5: posts big blind $3
*** HOLE CARDS ***
Agrotait: raises $3 to $6
sim5sim5: folds
Uncalled bet ($3) returned to Agrotait
Agrotait collected $6 from pot
Agrotait: doesn't show hand
*** SUMMARY ***
Total pot $6 | Rake $0
Seat 2: sim5sim5 (big blind) folded before Flop
Seat 4: Agrotait (button) (small blind) collected ($6)


PokerStars Hand #164767378780:  Hold'em Limit ($3/$6 USD) - 2017/01/18 6:18:49 ET
Table 'Perseus II' 6-max Seat #2 is the button
Seat 2: sim5sim5 ($72 in chips)
Seat 4: Agrotait ($72 in chips)
sim5sim5: posts small blind $1
Agrotait: posts big blind $3
*** HOLE CARDS ***
sim5sim5: folds
Uncalled bet ($2) returned to Agrotait
Agrotait collected $2 from pot
Agrotait: doesn't show hand
*** SUMMARY ***
Total pot $2 | Rake $0
Seat 2: sim5sim5 (button) (small blind) folded before Flop
Seat 4: Agrotait (big blind) collected ($2)


PokerStars Hand #164767405647:  Hold'em Limit ($3/$6 USD) - 2017/01/18 6:19:44 ET
Table 'Perseus II' 6-max Seat #4 is the button
Seat 2: sim5sim5 ($72 in chips)
Seat 4: Agrotait ($90.50 in chips)
Agrotait: posts small blind $1
sim5sim5: posts big blind $3
*** HOLE CARDS ***
Agrotait: raises $3 to $6
sim5sim5: folds
Uncalled bet ($3) returned to Agrotait
Agrotait collected $6 from pot
Agrotait: doesn't show hand
*** SUMMARY ***
Total pot $6 | Rake $0
Seat 2: sim5sim5 (big blind) folded before Flop
Seat 4: Agrotait (button) (small blind) collected ($6)


PokerStars Hand #164767411471:  Hold'em Limit ($3/$6 USD) - 2017/01/18 6:19:56 ET
Table 'Perseus II' 6-max Seat #2 is the button
Seat 2: sim5sim5 ($72 in chips)
Seat 4: Agrotait ($93.50 in chips)
sim5sim5: posts small blind $1
Agrotait: posts big blind $3
*** HOLE CARDS ***
sim5sim5: folds
Uncalled bet ($2) returned to Agrotait
Agrotait collected $2 from pot
Agrotait: doesn't show hand
*** SUMMARY ***
Total pot $2 | Rake $0
Seat 2: sim5sim5 (button) (small blind) folded before Flop
Seat 4: Agrotait (big blind) collected ($2)


PokerStars Hand #164767414098:  Hold'em Limit ($3/$6 USD) - 2017/01/18 6:20:02 ET
Table 'Perseus II' 6-max Seat #4 is the button
Seat 2: sim5sim5 ($72 in chips)
Seat 4: Agrotait ($94.50 in chips)
Agrotait: posts small blind $1
sim5sim5: posts big blind $3
*** HOLE CARDS ***
Agrotait: raises $3 to $6
sim5sim5: folds
Uncalled bet ($3) returned to Agrotait
Agrotait collected $6 from pot
Agrotait: doesn't show hand
*** SUMMARY ***
Total pot $6 | Rake $0
Seat 2: sim5sim5 (big blind) folded before Flop
Seat 4: Agrotait (button) (small blind) collected ($6)


PokerStars Hand #164767388453:  Hold'em Limit ($3/$6 USD) - 2017/01/18 6:19:08 ET
Table 'Perseus II' 6-max Seat #2 is the button
Seat 2: sim5sim5 ($72 in chips)
Seat 4: Agrotait ($76 in chips)
sim5sim5: posts small blind $1
Agrotait: posts big blind $3
*** HOLE CARDS ***
sim5sim5: raises $3 to $6
Agrotait: calls $3
*** FLOP *** [6h 2s 2h]
Agrotait: checks
sim5sim5: bets $3
Agrotait: calls $3
*** TURN *** [6h 2s 2h] [2d]
Agrotait: checks
sim5sim5: bets $6
Agrotait: calls $6
*** RIVER *** [6h 2s 2h 2d] [Th]
Agrotait: bets $6
sim5sim5: folds
Uncalled bet ($6) returned to Agrotait
Agrotait collected $29.50 from pot
Agrotait: doesn't show hand
*** SUMMARY ***
Total pot $30 | Rake $0.50
Board [6h 2s 2h 2d Th]
Seat 2: sim5sim5 (button) (small blind) folded on the River
Seat 4: Agrotait (big blind) collected ($29.50)


PokerStars Hand #164767442398:  Hold'em Limit ($3/$6 USD) - 2017/01/18 6:21:04 ET
Table 'Perseus II' 6-max Seat #2 is the button
Seat 2: sim5sim5 ($80.64 in chips)
Seat 4: Agrotait ($100.02 in chips)
sim5sim5: posts small blind $1
Agrotait: posts big blind $3
*** HOLE CARDS ***
sim5sim5: raises $3 to $6
Agrotait: raises $3 to $9
sim5sim5: raises $3 to $12
Betting is capped
Agrotait: calls $3
*** FLOP *** [3d Qc 6h]
Agrotait: checks
sim5sim5: bets $3
Agrotait: calls $3
*** TURN *** [3d Qc 6h] [Jd]
Agrotait: checks
sim5sim5: bets $6
Agrotait: calls $6
*** RIVER *** [3d Qc 6h Jd] [8d]
Agrotait: checks
sim5sim5: bets $6
Agrotait: folds
Uncalled bet ($6) returned to sim5sim5
sim5sim5 collected $41.50 from pot
sim5sim5: doesn't show hand
*** SUMMARY ***
Total pot $42 | Rake $0.50
Board [3d Qc 6h Jd 8d]
Seat 2: sim5sim5 (button) (small blind) collected ($41.50)
Seat 4: Agrotait (big blind) folded on the River


PokerStars Hand #164767417865:  Hold'em Limit ($3/$6 USD) - 2017/01/18 6:20:10 ET
Table 'Perseus II' 6-max Seat #2 is the button
Seat 2: sim5sim5 ($72 in chips)
Seat 4: Agrotait ($97.50 in chips)
sim5sim5: posts small blind $1
Agrotait: posts big blind $3
*** HOLE CARDS ***
sim5sim5: raises $3 to $6
Agrotait: raises $3 to $9
sim5sim5: calls $3
*** FLOP *** [Qd Jh 9h]
Agrotait: bets $3
sim5sim5: calls $3
*** TURN *** [Qd Jh 9h] [9c]
Agrotait: bets $6
sim5sim5: folds
Uncalled bet ($6) returned to Agrotait
Agrotait collected $23.52 from pot
Agrotait: doesn't show hand
*** SUMMARY ***
Total pot $24 | Rake $0.48
Board [Qd Jh 9h 9c]
Seat 2: sim5sim5 (button) (small blind) folded on the Turn
Seat 4: Agrotait (big blind) collected ($23.52)


PokerStars Hand #164767456966:  Hold'em Limit ($3/$6 USD) - 2017/01/18 6:21:35 ET
Table 'Perseus II' 6-max Seat #4 is the button
Seat 2: sim5sim5 ($101.14 in chips)
Seat 4: Agrotait ($79.02 in chips)
Agrotait: posts small blind $1
sim5sim5: posts big blind $3
*** HOLE CARDS ***
Agrotait: raises $3 to $6
sim5sim5: calls $3
*** FLOP *** [Td 6h Js]
sim5sim5: checks
Agrotait: bets $3
sim5sim5: calls $3
*** TURN *** [Td 6h Js] [7d]
sim5sim5: checks
Agrotait: checks
*** RIVER *** [Td 6h Js 7d] [Qh]
sim5sim5: checks
Agrotait: bets $6
sim5sim5: folds
Uncalled bet ($6) returned to Agrotait
Agrotait collected $17.64 from pot
Agrotait: doesn't show hand
*** SUMMARY ***
Total pot $18 | Rake $0.36
Board [Td 6h Js 7d Qh]
Seat 2: sim5sim5 (big blind) folded on the River
Seat 4: Agrotait (button) (small blind) collected ($17.64)


PokerStars Hand #164767495756:  Hold'em Limit ($3/$6 USD) - 2017/01/18 6:22:57 ET
Table 'Perseus II' 6-max Seat #2 is the button
Seat 2: sim5sim5 ($77.14 in chips)
Seat 4: Agrotait ($102.18 in chips)
sim5sim5: posts small blind $1
Agrotait: posts big blind $3
*** HOLE CARDS ***
sim5sim5: raises $3 to $6
Agrotait: calls $3
*** FLOP *** [2h 9d 9c]
Agrotait: checks
sim5sim5: bets $3
Agrotait: raises $3 to $6
sim5sim5: folds
Uncalled bet ($3) returned to Agrotait
Agrotait collected $17.64 from pot
Agrotait: doesn't show hand
*** SUMMARY ***
Total pot $18 | Rake $0.36
Board [2h 9d 9c]
Seat 2: sim5sim5 (button) (small blind) folded on the Flop
Seat 4: Agrotait (big blind) collected ($17.64)


PokerStars Hand #164767475234:  Hold'em Limit ($3/$6 USD) - 2017/01/18 6:22:14 ET
Table 'Perseus II' 6-max Seat #2 is the button
Seat 2: sim5sim5 ($92.14 in chips)
Seat 4: Agrotait ($87.66 in chips)
sim5sim5: posts small blind $1
Agrotait: posts big blind $3
*** HOLE CARDS ***
sim5sim5: raises $3 to $6
Agrotait: calls $3
*** FLOP *** [Th Ts Ah]
Agrotait: checks
sim5sim5: checks
*** TURN *** [Th Ts Ah] [Kc]
Agrotait: bets $6
sim5sim5: calls $6
*** RIVER *** [Th Ts Ah Kc] [Tc]
Agrotait: bets $6
sim5sim5: folds
Uncalled bet ($6) returned to Agrotait
Agrotait collected $23.52 from pot
Agrotait: doesn't show hand
*** SUMMARY ***
Total pot $24 | Rake $0.48
Board [Th Ts Ah Kc Tc]
Seat 2: sim5sim5 (button) (small blind) folded on the River
Seat 4: Agrotait (big blind) collected ($23.52)


PokerStars Hand #164767491892:  Hold'em Limit ($3/$6 USD) - 2017/01/18 6:22:49 ET
Table 'Perseus II' 6-max Seat #4 is the button
Seat 2: sim5sim5 ($80.14 in chips)
Seat 4: Agrotait ($99.18 in chips)
Agrotait: posts small blind $1
sim5sim5: posts big blind $3
*** HOLE CARDS ***
Agrotait: raises $3 to $6
sim5sim5: folds
Uncalled bet ($3) returned to Agrotait
Agrotait collected $6 from pot
Agrotait: doesn't show hand
*** SUMMARY ***
Total pot $6 | Rake $0
Seat 2: sim5sim5 (big blind) folded before Flop
Seat 4: Agrotait (button) (small blind) collected ($6)


PokerStars Hand #164767511388:  Hold'em Limit ($3/$6 USD) - 2017/01/18 6:23:29 ET
Table 'Perseus II' 6-max Seat #4 is the button
Seat 2: sim5sim5 ($72 in chips)
Seat 4: Agrotait ($110.82 in chips)
Agrotait: posts small blind $1
sim5sim5: posts big blind $3
*** HOLE CARDS ***
Agrotait: raises $3 to $6
sim5sim5: calls $3
*** FLOP *** [5h 3s Qh]
sim5sim5: checks
Agrotait: bets $3
sim5sim5: calls $3
*** TURN *** [5h 3s Qh] [Ah]
sim5sim5: checks
Agrotait: checks
*** RIVER *** [5h 3s Qh Ah] [2c]
sim5sim5: checks
Agrotait: checks
*** SHOW DOWN ***
sim5sim5: shows [Td 8h] (high card Ace)
Agrotait: shows [5d 7d] (a pair of Fives)
Agrotait collected $17.64 from pot
*** SUMMARY ***
Total pot $18 | Rake $0.36
Board [5h 3s Qh Ah 2c]
Seat 2: sim5sim5 (big blind) showed [Td 8h] and lost with high card Ace
Seat 4: Agrotait (button) (small blind) showed [5d 7d] and won ($17.64) with a pair of Fives


PokerStars Hand #164767552157:  Hold'em Limit ($3/$6 USD) - 2017/01/18 6:24:53 ET
Table 'Perseus II' 6-max Seat #4 is the button
Seat 2: sim5sim5 ($89.50 in chips)
Seat 4: Agrotait ($101.46 in chips)
Agrotait: posts small blind $1
sim5sim5: posts big blind $3
*** HOLE CARDS ***
Agrotait: raises $3 to $6
sim5sim5: raises $3 to $9
Agrotait: calls $3
*** FLOP *** [8c Kd 9d]
sim5sim5: bets $3
Agrotait: calls $3
*** TURN *** [8c Kd 9d] [5d]
sim5sim5: checks
Agrotait: bets $6
sim5sim5: calls $6
*** RIVER *** [8c Kd 9d 5d] [9c]
sim5sim5: checks
Agrotait: bets $6
sim5sim5: calls $6
*** SHOW DOWN ***
Agrotait: shows [Qd Qc] (two pair, Queens and Nines)
sim5sim5: mucks hand
Agrotait collected $47.50 from pot
*** SUMMARY ***
Total pot $48 | Rake $0.50
Board [8c Kd 9d 5d 9c]
Seat 2: sim5sim5 (big blind) mucked
Seat 4: Agrotait (button) (small blind) showed [Qd Qc] and won ($47.50) with two pair, Queens and Nines


PokerStars Hand #164767526579:  Hold'em Limit ($3/$6 USD) - 2017/01/18 6:24:01 ET
Table 'Perseus II' 6-max Seat #2 is the button
Seat 2: sim5sim5 ($72 in chips)
Seat 4: Agrotait ($119.46 in chips)
sim5sim5: posts small blind $1
Agrotait: posts big blind $3
*** HOLE CARDS ***
sim5sim5: raises $3 to $6
Agrotait: calls $3
*** FLOP *** [Kh Qh 6s]
Agrotait: checks
sim5sim5: bets $3
Agrotait: raises $3 to $6
sim5sim5: calls $3
*** TURN *** [Kh Qh 6s] [8c]
Agrotait: checks
sim5sim5: bets $6
Agrotait: calls $6
*** RIVER *** [Kh Qh 6s 8c] [Js]
Agrotait: checks
sim5sim5: checks
*** SHOW DOWN ***
Agrotait: shows [Th 3h] (high card King)
sim5sim5: shows [5s Qs] (a pair of Queens)
sim5sim5 collected $35.50 from pot
*** SUMMARY ***
Total pot $36 | Rake $0.50
Board [Kh Qh 6s 8c Js]
Seat 2: sim5sim5 (button) (small blind) showed [5s Qs] and won ($35.50) with a pair of Queens
Seat 4: Agrotait (big blind) showed [Th 3h] and lost with high card King


PokerStars Hand #164767583561:  Hold'em Limit ($3/$6 USD) - 2017/01/18 6:25:57 ET
Table 'Perseus II' 6-max Seat #4 is the button
Seat 2: sim5sim5 ($72 in chips)
Seat 4: Agrotait ($124.71 in chips)
Agrotait: posts small blind $1
sim5sim5: posts big blind $3
*** HOLE CARDS ***
Agrotait: raises $3 to $6
sim5sim5: raises $3 to $9
Agrotait: calls $3
*** FLOP *** [Js Ks 6d]
sim5sim5: bets $3
Agrotait: folds
Uncalled bet ($3) returned to sim5sim5
sim5sim5 collected $17.64 from pot
sim5sim5: doesn't show hand
*** SUMMARY ***
Total pot $18 | Rake $0.36
Board [Js Ks 6d]
Seat 2: sim5sim5 (big blind) collected ($17.64)
Seat 4: Agrotait (button) (small blind) folded on the Flop


PokerStars Hand #164767569362:  Hold'em Limit ($3/$6 USD) - 2017/01/18 6:25:28 ET
Table 'Perseus II' 6-max Seat #2 is the button
Seat 2: sim5sim5 ($72 in chips)
Seat 4: Agrotait ($124.96 in chips)
sim5sim5: posts small blind $1
Agrotait: posts big blind $3
*** HOLE CARDS ***
sim5sim5: raises $3 to $6
Agrotait: calls $3
*** FLOP *** [Kh Ks Kc]
Agrotait: checks
sim5sim5: bets $3
Agrotait: calls $3
*** TURN *** [Kh Ks Kc] [3c]
Agrotait: checks
sim5sim5: checks
*** RIVER *** [Kh Ks Kc 3c] [3s]
Agrotait: bets $6
sim5sim5: calls $6
*** SHOW DOWN ***
Agrotait: shows [7h 8d] (a full house, Kings full of Threes)
sim5sim5: shows [Qd 8s] (a full house, Kings full of Threes)
Agrotait collected $14.75 from pot
sim5sim5 collected $14.75 from pot
*** SUMMARY ***
Total pot $30 | Rake $0.50
Board [Kh Ks Kc 3c 3s]
Seat 2: sim5sim5 (button) (small blind) showed [Qd 8s] and won ($14.75) with a full house, Kings full of Threes
Seat 4: Agrotait (big blind) showed [7h 8d] and won ($14.75) with a full house, Kings full of Threes


PokerStars Hand #164767592675:  Hold'em Limit ($3/$6 USD) - 2017/01/18 6:26:15 ET
Table 'Perseus II' 6-max Seat #2 is the button
Seat 2: sim5sim5 ($80.64 in chips)
Seat 4: Agrotait ($115.71 in chips)
sim5sim5: posts small blind $1
Agrotait: posts big blind $3
*** HOLE CARDS ***
sim5sim5: raises $3 to $6
Agrotait: calls $3
*** FLOP *** [6h Ts 4d]
Agrotait: checks
sim5sim5: bets $3
Agrotait: calls $3
*** TURN *** [6h Ts 4d] [5d]
Agrotait: checks
sim5sim5: bets $6
Agrotait: calls $6
*** RIVER *** [6h Ts 4d 5d] [3d]
Agrotait: checks
sim5sim5: bets $6
Agrotait: folds
Uncalled bet ($6) returned to sim5sim5
sim5sim5 collected $29.50 from pot
sim5sim5: doesn't show hand
*** SUMMARY ***
Total pot $30 | Rake $0.50
Board [6h Ts 4d 5d 3d]
Seat 2: sim5sim5 (button) (small blind) collected ($29.50)
Seat 4: Agrotait (big blind) folded on the River


PokerStars Hand #164767635348:  Hold'em Limit ($3/$6 USD) - 2017/01/18 6:27:41 ET
Table 'Perseus II' 6-max Seat #4 is the button
Seat 2: sim5sim5 ($95.14 in chips)
Seat 4: Agrotait ($100.71 in chips)
Agrotait: posts small blind $1
sim5sim5: posts big blind $3
*** HOLE CARDS ***
Agrotait: raises $3 to $6
sim5sim5: calls $3
*** FLOP *** [7d 9s 3s]
sim5sim5: checks
Agrotait: bets $3
sim5sim5: calls $3
*** TURN *** [7d 9s 3s] [Ad]
sim5sim5: checks
Agrotait: bets $6
sim5sim5: calls $6
*** RIVER *** [7d 9s 3s Ad] [6c]
sim5sim5: bets $6
Agrotait: calls $6
*** SHOW DOWN ***
sim5sim5: shows [2c Ac] (a pair of Aces)
Agrotait: mucks hand
sim5sim5 collected $41.50 from pot
*** SUMMARY ***
Total pot $42 | Rake $0.50
Board [7d 9s 3s Ad 6c]
Seat 2: sim5sim5 (big blind) showed [2c Ac] and won ($41.50) with a pair of Aces
Seat 4: Agrotait (button) (small blind) mucked


PokerStars Hand #164767651048:  Hold'em Limit ($3/$6 USD) - 2017/01/18 6:28:13 ET
Table 'Perseus II' 6-max Seat #2 is the button
Seat 2: sim5sim5 ($115.64 in chips)
Seat 4: Agrotait ($79.71 in chips)
sim5sim5: posts small blind $1
Agrotait: posts big blind $3
*** HOLE CARDS ***
sim5sim5: raises $3 to $6
Agrotait: calls $3
*** FLOP *** [2h 9c 7c]
Agrotait: checks
sim5sim5: bets $3
Agrotait: folds
Uncalled bet ($3) returned to sim5sim5
sim5sim5 collected $11.76 from pot
sim5sim5: doesn't show hand
*** SUMMARY ***
Total pot $12 | Rake $0.24
Board [2h 9c 7c]
Seat 2: sim5sim5 (button) (small blind) collected ($11.76)
Seat 4: Agrotait (big blind) folded on the Flop


PokerStars Hand #164767677169:  Hold'em Limit ($3/$6 USD) - 2017/01/18 6:29:06 ET
Table 'Perseus II' 6-max Seat #4 is the button
Seat 2: sim5sim5 ($124.04 in chips)
Seat 4: Agrotait ($70.47 in chips)
Agrotait: posts small blind $1
sim5sim5: posts big blind $3
*** HOLE CARDS ***
Agrotait: raises $3 to $6
sim5sim5: calls $3
*** FLOP *** [7c 8c Jd]
sim5sim5: checks
Agrotait: checks
*** TURN *** [7c 8c Jd] [2s]
sim5sim5: checks
Agrotait: bets $6
sim5sim5: folds
Uncalled bet ($6) returned to Agrotait
Agrotait collected $11.76 from pot
Agrotait: doesn't show hand
*** SUMMARY ***
Total pot $12 | Rake $0.24
Board [7c 8c Jd 2s]
Seat 2: sim5sim5 (big blind) folded on the Turn
Seat 4: Agrotait (button) (small blind) collected ($11.76)


PokerStars Hand #164767667754:  Hold'em Limit ($3/$6 USD) - 2017/01/18 6:28:47 ET
Table 'Perseus II' 6-max Seat #2 is the button
Seat 2: sim5sim5 ($115.40 in chips)
Seat 4: Agrotait ($79.47 in chips)
sim5sim5: posts small blind $1
Agrotait: posts big blind $3
*** HOLE CARDS ***
sim5sim5: raises $3 to $6
Agrotait: calls $3
*** FLOP *** [8c Qs 4c]
Agrotait: checks
sim5sim5: bets $3
Agrotait: calls $3
*** TURN *** [8c Qs 4c] [Jc]
Agrotait: checks
sim5sim5: bets $6
Agrotait: folds
Uncalled bet ($6) returned to sim5sim5
sim5sim5 collected $17.64 from pot
sim5sim5: doesn't show hand
*** SUMMARY ***
Total pot $18 | Rake $0.36
Board [8c Qs 4c Jc]
Seat 2: sim5sim5 (button) (small blind) collected ($17.64)
Seat 4: Agrotait (big blind) folded on the Turn


PokerStars Hand #164767657748:  Hold'em Limit ($3/$6 USD) - 2017/01/18 6:28:27 ET
Table 'Perseus II' 6-max Seat #4 is the button
Seat 2: sim5sim5 ($121.40 in chips)
Seat 4: Agrotait ($73.71 in chips)
Agrotait: posts small blind $1
sim5sim5: posts big blind $3
*** HOLE CARDS ***
Agrotait: raises $3 to $6
sim5sim5: calls $3
*** FLOP *** [8d Ah 9s]
sim5sim5: checks
Agrotait: bets $3
sim5sim5: folds
Uncalled bet ($3) returned to Agrotait
Agrotait collected $11.76 from pot
Agrotait: doesn't show hand
*** SUMMARY ***
Total pot $12 | Rake $0.24
Board [8d Ah 9s]
Seat 2: sim5sim5 (big blind) folded on the Flop
Seat 4: Agrotait (button) (small blind) collected ($11.76)


PokerStars Hand #164767687740:  Hold'em Limit ($3/$6 USD) - 2017/01/18 6:29:27 ET
Table 'Perseus II' 6-max Seat #2 is the button
Seat 2: sim5sim5 ($118.04 in chips)
Seat 4: Agrotait ($76.23 in chips)
sim5sim5: posts small blind $1
Agrotait: posts big blind $3
*** HOLE CARDS ***
sim5sim5: raises $3 to $6
Agrotait: calls $3
*** FLOP *** [Jd 5h Ac]
Agrotait: checks
sim5sim5: bets $3
Agrotait: calls $3
*** TURN *** [Jd 5h Ac] [9d]
Agrotait: checks
sim5sim5: checks
*** RIVER *** [Jd 5h Ac 9d] [7h]
Agrotait: bets $6
sim5sim5: folds
Uncalled bet ($6) returned to Agrotait
Agrotait collected $17.64 from pot
Agrotait: doesn't show hand
*** SUMMARY ***
Total pot $18 | Rake $0.36
Board [Jd 5h Ac 9d 7h]
Seat 2: sim5sim5 (button) (small blind) folded on the River
Seat 4: Agrotait (big blind) collected ($17.64)


PokerStars Hand #164767708398:  Hold'em Limit ($3/$6 USD) - 2017/01/18 6:30:08 ET
Table 'Perseus II' 6-max Seat #4 is the button
Seat 2: sim5sim5 ($109.04 in chips)
Seat 4: Agrotait ($84.87 in chips)
Agrotait: posts small blind $1
sim5sim5: posts big blind $3
*** HOLE CARDS ***
Agrotait: raises $3 to $6
sim5sim5: raises $3 to $9
Agrotait: calls $3
*** FLOP *** [9h 5h 2h]
sim5sim5: bets $3
Agrotait: calls $3
*** TURN *** [9h 5h 2h] [7c]
sim5sim5: bets $6
Agrotait: raises $6 to $12
sim5sim5: calls $6
*** RIVER *** [9h 5h 2h 7c] [Qd]
poker.sta306 joins the table at seat #3
sim5sim5: checks
Agrotait: bets $6
sim5sim5: calls $6
*** SHOW DOWN ***
Agrotait: shows [7h Th] (a flush, Ten high)
sim5sim5: mucks hand
Agrotait collected $59.50 from pot
B_loJkl joins the table at seat #5
*** SUMMARY ***
Total pot $60 | Rake $0.50
Board [9h 5h 2h 7c Qd]
Seat 2: sim5sim5 (big blind) mucked
Seat 4: Agrotait (button) (small blind) showed [7h Th] and won ($59.50) with a flush, Ten high


PokerStars Hand #164768047780:  Hold'em Limit ($3/$6 USD) - 2017/01/18 6:41:17 ET
Table 'Perseus II' 6-max Seat #4 is the button
Seat 2: outlook zh ($48 in chips)
Seat 4: Agrotait ($180.63 in chips)
Agrotait: posts small blind $1
outlook zh: posts big blind $3
*** HOLE CARDS ***
B_loJkl joins the table at seat #3
Agrotait: folds
Uncalled bet ($2) returned to outlook zh
outlook zh collected $2 from pot
*** SUMMARY ***
Total pot $2 | Rake $0
Seat 2: outlook zh (big blind) collected ($2)
Seat 4: Agrotait (button) (small blind) folded before Flop


PokerStars Hand #164768292578:  Hold'em Limit ($3/$6 USD) - 2017/01/18 6:49:14 ET
Table 'Perseus II' 6-max Seat #2 is the button
Seat 2: outlook zh ($52 in chips)
Seat 3: B_loJkl ($81.62 in chips)
outlook zh: posts small blind $1
B_loJkl: posts big blind $3
*** HOLE CARDS ***
outlook zh: folds
Uncalled bet ($2) returned to B_loJkl
B_loJkl collected $2 from pot
B_loJkl: doesn't show hand
*** SUMMARY ***
Total pot $2 | Rake $0
Seat 2: outlook zh (button) (small blind) folded before Flop
Seat 3: B_loJkl (big blind) collected ($2)


PokerStars Hand #164768298756:  Hold'em Limit ($3/$6 USD) - 2017/01/18 6:49:26 ET
Table 'Perseus II' 6-max Seat #3 is the button
Seat 2: outlook zh ($51 in chips)
Seat 3: B_loJkl ($82.62 in chips)
B_loJkl: posts small blind $1
outlook zh: posts big blind $3
*** HOLE CARDS ***
B_loJkl: raises $3 to $6
outlook zh: raises $3 to $9
B_loJkl: calls $3
*** FLOP *** [5s 2c 7c]
outlook zh: bets $3
B_loJkl: calls $3
*** TURN *** [5s 2c 7c] [As]
outlook zh: bets $6
B_loJkl: folds
Uncalled bet ($6) returned to outlook zh
outlook zh collected $23.52 from pot
*** SUMMARY ***
Total pot $24 | Rake $0.48
Board [5s 2c 7c As]
Seat 2: outlook zh (big blind) collected ($23.52)
Seat 3: B_loJkl (button) (small blind) folded on the Turn


PokerStars Hand #164768309133:  Hold'em Limit ($3/$6 USD) - 2017/01/18 6:49:46 ET
Table 'Perseus II' 6-max Seat #2 is the button
Seat 2: outlook zh ($62.52 in chips)
Seat 3: B_loJkl ($70.62 in chips)
outlook zh: posts small blind $1
B_loJkl: posts big blind $3
*** HOLE CARDS ***
outlook zh: calls $2
B_loJkl: checks
*** FLOP *** [8c Ac 8h]
B_loJkl: bets $3
outlook zh: folds
Uncalled bet ($3) returned to B_loJkl
B_loJkl collected $5.88 from pot
B_loJkl: doesn't show hand
*** SUMMARY ***
Total pot $6 | Rake $0.12
Board [8c Ac 8h]
Seat 2: outlook zh (button) (small blind) folded on the Flop
Seat 3: B_loJkl (big blind) collected ($5.88)


PokerStars Hand #164768317701:  Hold'em Limit ($3/$6 USD) - 2017/01/18 6:50:02 ET
Table 'Perseus II' 6-max Seat #3 is the button
Seat 2: outlook zh ($59.52 in chips)
Seat 3: B_loJkl ($73.50 in chips)
B_loJkl: posts small blind $1
outlook zh: posts big blind $3
*** HOLE CARDS ***
B_loJkl: raises $3 to $6
outlook zh: calls $3
*** FLOP *** [2h 2s 6h]
outlook zh: bets $3
B_loJkl: calls $3
*** TURN *** [2h 2s 6h] [Ad]
outlook zh: checks
B_loJkl: bets $6
outlook zh: folds
Uncalled bet ($6) returned to B_loJkl
B_loJkl collected $17.64 from pot
B_loJkl: doesn't show hand
*** SUMMARY ***
Total pot $18 | Rake $0.36
Board [2h 2s 6h Ad]
Seat 2: outlook zh (big blind) folded on the Turn
Seat 3: B_loJkl (button) (small blind) collected ($17.64)


PokerStars Hand #164768349459:  Hold'em Limit ($3/$6 USD) - 2017/01/18 6:51:04 ET
Table 'Perseus II' 6-max Seat #3 is the button
Seat 2: outlook zh ($59.16 in chips)
Seat 3: B_loJkl ($73.14 in chips)
B_loJkl: posts small blind $1
outlook zh: posts big blind $3
*** HOLE CARDS ***
B_loJkl: raises $3 to $6
outlook zh: folds
Uncalled bet ($3) returned to B_loJkl
B_loJkl collected $6 from pot
B_loJkl: doesn't show hand
*** SUMMARY ***
Total pot $6 | Rake $0
Seat 2: outlook zh (big blind) folded before Flop
Seat 3: B_loJkl (button) (small blind) collected ($6)


PokerStars Hand #164768330759:  Hold'em Limit ($3/$6 USD) - 2017/01/18 6:50:28 ET
Table 'Perseus II' 6-max Seat #2 is the button
Seat 2: outlook zh ($50.52 in chips)
Seat 3: B_loJkl ($82.14 in chips)
outlook zh: posts small blind $1
B_loJkl: posts big blind $3
*** HOLE CARDS ***
outlook zh: raises $3 to $6
B_loJkl: calls $3
*** FLOP *** [Qh Qd 7d]
B_loJkl: checks
outlook zh: bets $3
B_loJkl: calls $3
*** TURN *** [Qh Qd 7d] [Td]
B_loJkl: checks
outlook zh: bets $6
B_loJkl: folds
Uncalled bet ($6) returned to outlook zh
outlook zh collected $17.64 from pot
*** SUMMARY ***
Total pot $18 | Rake $0.36
Board [Qh Qd 7d Td]
Seat 2: outlook zh (button) (small blind) collected ($17.64)
Seat 3: B_loJkl (big blind) folded on the Turn


PokerStars Hand #164768371479:  Hold'em Limit ($3/$6 USD) - 2017/01/18 6:51:46 ET
Table 'Perseus II' 6-max Seat #3 is the button
Seat 2: outlook zh ($41.16 in chips)
Seat 3: B_loJkl ($90.64 in chips)
B_loJkl: posts small blind $1
outlook zh: posts big blind $3
*** HOLE CARDS ***
B_loJkl: raises $3 to $6
outlook zh: folds
Uncalled bet ($3) returned to B_loJkl
B_loJkl collected $6 from pot
B_loJkl: doesn't show hand
*** SUMMARY ***
Total pot $6 | Rake $0
Seat 2: outlook zh (big blind) folded before Flop
Seat 3: B_loJkl (button) (small blind) collected ($6)


PokerStars Hand #164768354105:  Hold'em Limit ($3/$6 USD) - 2017/01/18 6:51:13 ET
Table 'Perseus II' 6-max Seat #2 is the button
Seat 2: outlook zh ($56.16 in chips)
Seat 3: B_loJkl ($76.14 in chips)
outlook zh: posts small blind $1
B_loJkl: posts big blind $3
*** HOLE CARDS ***
outlook zh: raises $3 to $6
B_loJkl: calls $3
*** FLOP *** [2h Qc 7c]
B_loJkl: checks
outlook zh: bets $3
B_loJkl: calls $3
*** TURN *** [2h Qc 7c] [4s]
B_loJkl: checks
outlook zh: bets $6
B_loJkl: calls $6
*** RIVER *** [2h Qc 7c 4s] [2c]
B_loJkl: checks
outlook zh: checks
*** SHOW DOWN ***
B_loJkl: shows [As 7h] (two pair, Sevens and Deuces)
outlook zh: mucks hand
B_loJkl collected $29.50 from pot
*** SUMMARY ***
Total pot $30 | Rake $0.50
Board [2h Qc 7c 4s 2c]
Seat 2: outlook zh (button) (small blind) mucked
Seat 3: B_loJkl (big blind) showed [As 7h] and won ($29.50) with two pair, Sevens and Deuces


PokerStars Hand #164768376071:  Hold'em Limit ($3/$6 USD) - 2017/01/18 6:51:55 ET
Table 'Perseus II' 6-max Seat #2 is the button
Seat 2: outlook zh ($38.16 in chips)
Seat 3: B_loJkl ($93.64 in chips)
outlook zh: posts small blind $1
B_loJkl: posts big blind $3
*** HOLE CARDS ***
outlook zh: raises $3 to $6
Agrotait joins the table at seat #1
B_loJkl: calls $3
*** FLOP *** [Jh Qh Js]
B_loJkl: checks
outlook zh: bets $3
B_loJkl: calls $3
*** TURN *** [Jh Qh Js] [7c]
B_loJkl: checks
outlook zh: bets $6
B_loJkl: calls $6
*** RIVER *** [Jh Qh Js 7c] [6s]
B_loJkl: checks
outlook zh: bets $6
B_loJkl: calls $6
*** SHOW DOWN ***
outlook zh: shows [8c Kc] (a pair of Jacks)
B_loJkl: shows [8d Ah] (a pair of Jacks - Ace kicker)
B_loJkl collected $41.50 from pot
*** SUMMARY ***
Total pot $42 | Rake $0.50
Board [Jh Qh Js 7c 6s]
Seat 2: outlook zh (button) (small blind) showed [8c Kc] and lost with a pair of Jacks
Seat 3: B_loJkl (big blind) showed [8d Ah] and won ($41.50) with a pair of Jacks


