PokerStars Hand #161478340659:  Hold'em Limit ($3/$6 USD) - 2016/11/16 4:33:20 ET
Table 'Persephone' 6-max Seat #3 is the button
Seat 3: SLK500 ($106.85 in chips)
Seat 5: zimin10 ($221.16 in chips)
SLK500: posts small blind $1
zimin10: posts big blind $3
*** HOLE CARDS ***
SLK500: folds
Uncalled bet ($2) returned to zimin10
zimin10 collected $2 from pot
zimin10: doesn't show hand
*** SUMMARY ***
Total pot $2 | Rake $0
Seat 3: SLK500 (button) (small blind) folded before Flop
Seat 5: zimin10 (big blind) collected ($2)


PokerStars Hand #161478347861:  Hold'em Limit ($3/$6 USD) - 2016/11/16 4:33:39 ET
Table 'Persephone' 6-max Seat #5 is the button
Seat 3: SLK500 ($109.85 in chips)
Seat 5: zimin10 ($218.16 in chips)
zimin10: posts small blind $1
SLK500: posts big blind $3
*** HOLE CARDS ***
zimin10: folds
Uncalled bet ($2) returned to SLK500
SLK500 collected $2 from pot
SLK500: doesn't show hand
*** SUMMARY ***
Total pot $2 | Rake $0
Seat 3: SLK500 (big blind) collected ($2)
Seat 5: zimin10 (button) (small blind) folded before Flop


PokerStars Hand #161478344540:  Hold'em Limit ($3/$6 USD) - 2016/11/16 4:33:30 ET
Table 'Persephone' 6-max Seat #3 is the button
Seat 3: SLK500 ($106.85 in chips)
Seat 5: zimin10 ($221.16 in chips)
SLK500: posts small blind $1
zimin10: posts big blind $3
*** HOLE CARDS ***
SLK500: raises $3 to $6
zimin10: folds
Uncalled bet ($3) returned to SLK500
SLK500 collected $6 from pot
SLK500: doesn't show hand
*** SUMMARY ***
Total pot $6 | Rake $0
Seat 3: SLK500 (button) (small blind) collected ($6)
Seat 5: zimin10 (big blind) folded before Flop


PokerStars Hand #161478342479:  Hold'em Limit ($3/$6 USD) - 2016/11/16 4:33:25 ET
Table 'Persephone' 6-max Seat #5 is the button
Seat 3: SLK500 ($105.85 in chips)
Seat 5: zimin10 ($222.16 in chips)
zimin10: posts small blind $1
SLK500: posts big blind $3
*** HOLE CARDS ***
zimin10: folds
Uncalled bet ($2) returned to SLK500
SLK500 collected $2 from pot
SLK500: doesn't show hand
*** SUMMARY ***
Total pot $2 | Rake $0
Seat 3: SLK500 (big blind) collected ($2)
Seat 5: zimin10 (button) (small blind) folded before Flop


PokerStars Hand #161478370591:  Hold'em Limit ($3/$6 USD) - 2016/11/16 4:34:41 ET
Table 'Persephone' 6-max Seat #3 is the button
Seat 3: SLK500 ($130.35 in chips)
Seat 5: zimin10 ($197.16 in chips)
SLK500: posts small blind $1
zimin10: posts big blind $3
*** HOLE CARDS ***
SLK500: raises $3 to $6
zimin10: calls $3
*** FLOP *** [4s 4h 7d]
zimin10: checks
SLK500: bets $3
zimin10: calls $3
*** TURN *** [4s 4h 7d] [7c]
zimin10: checks
SLK500: bets $6
zimin10: calls $6
*** RIVER *** [4s 4h 7d 7c] [4c]
zimin10: checks
SLK500: checks
*** SHOW DOWN ***
zimin10: shows [6c Ad] (a full house, Fours full of Sevens)
SLK500: shows [Qd Kd] (a full house, Fours full of Sevens)
zimin10 collected $14.75 from pot
SLK500 collected $14.75 from pot
*** SUMMARY ***
Total pot $30 | Rake $0.50
Board [4s 4h 7d 7c 4c]
Seat 3: SLK500 (button) (small blind) showed [Qd Kd] and won ($14.75) with a full house, Fours full of Sevens
Seat 5: zimin10 (big blind) showed [6c Ad] and won ($14.75) with a full house, Fours full of Sevens


PokerStars Hand #161478379371:  Hold'em Limit ($3/$6 USD) - 2016/11/16 4:35:04 ET
Table 'Persephone' 6-max Seat #5 is the button
Seat 3: SLK500 ($130.10 in chips)
Seat 5: zimin10 ($196.91 in chips)
zimin10: posts small blind $1
SLK500: posts big blind $3
*** HOLE CARDS ***
zimin10: folds
Uncalled bet ($2) returned to SLK500
SLK500 collected $2 from pot
SLK500: doesn't show hand
*** SUMMARY ***
Total pot $2 | Rake $0
Seat 3: SLK500 (big blind) collected ($2)
Seat 5: zimin10 (button) (small blind) folded before Flop


PokerStars Hand #161478352108:  Hold'em Limit ($3/$6 USD) - 2016/11/16 4:33:51 ET
Table 'Persephone' 6-max Seat #5 is the button
Seat 3: SLK500 ($109.85 in chips)
Seat 5: zimin10 ($218.16 in chips)
zimin10: posts small blind $1
SLK500: posts big blind $3
*** HOLE CARDS ***
zimin10: raises $3 to $6
SLK500: calls $3
*** FLOP *** [Tc Qs 5h]
SLK500: bets $3
zimin10: calls $3
*** TURN *** [Tc Qs 5h] [6h]
SLK500: bets $6
zimin10: raises $6 to $12
SLK500: raises $6 to $18
zimin10: folds
Uncalled bet ($6) returned to SLK500
SLK500 collected $41.50 from pot
SLK500: doesn't show hand
*** SUMMARY ***
Total pot $42 | Rake $0.50
Board [Tc Qs 5h 6h]
Seat 3: SLK500 (big blind) collected ($41.50)
Seat 5: zimin10 (button) (small blind) folded on the Turn


PokerStars Hand #161478392359:  Hold'em Limit ($3/$6 USD) - 2016/11/16 4:35:39 ET
Table 'Persephone' 6-max Seat #5 is the button
Seat 3: SLK500 ($148.60 in chips)
Seat 5: zimin10 ($177.91 in chips)
zimin10: posts small blind $1
SLK500: posts big blind $3
*** HOLE CARDS ***
ABATAPP joins the table at seat #4
zimin10: folds
Uncalled bet ($2) returned to SLK500
SLK500 collected $2 from pot
SLK500: doesn't show hand
*** SUMMARY ***
Total pot $2 | Rake $0
Seat 3: SLK500 (big blind) collected ($2)
Seat 5: zimin10 (button) (small blind) folded before Flop


PokerStars Hand #161478382330:  Hold'em Limit ($3/$6 USD) - 2016/11/16 4:35:12 ET
Table 'Persephone' 6-max Seat #3 is the button
Seat 3: SLK500 ($131.10 in chips)
Seat 5: zimin10 ($195.91 in chips)
SLK500: posts small blind $1
zimin10: posts big blind $3
*** HOLE CARDS ***
SLK500: calls $2
zimin10: checks
*** FLOP *** [4s 3c Qs]
zimin10: bets $3
SLK500: calls $3
*** TURN *** [4s 3c Qs] [3h]
zimin10: bets $6
SLK500: calls $6
*** RIVER *** [4s 3c Qs 3h] [Ts]
zimin10: bets $6
SLK500: calls $6
*** SHOW DOWN ***
zimin10: shows [4c Th] (two pair, Tens and Fours)
SLK500: shows [5s Qd] (two pair, Queens and Threes)
SLK500 collected $35.50 from pot
*** SUMMARY ***
Total pot $36 | Rake $0.50
Board [4s 3c Qs 3h Ts]
Seat 3: SLK500 (button) (small blind) showed [5s Qd] and won ($35.50) with two pair, Queens and Threes
Seat 5: zimin10 (big blind) showed [4c Th] and lost with two pair, Tens and Fours


PokerStars Hand #161480591150:  Hold'em Limit ($3/$6 USD) - 2016/11/16 6:04:19 ET
Table 'Persephone' 6-max Seat #6 is the button
Seat 5: B_loJkl ($145.64 in chips)
Seat 6: zizonmusang ($18.07 in chips)
zizonmusang: posts small blind $1
SLK500: is sitting out
B_loJkl: posts big blind $3
*** HOLE CARDS ***
zizonmusang: folds
Uncalled bet ($2) returned to B_loJkl
B_loJkl collected $2 from pot
B_loJkl: doesn't show hand
*** SUMMARY ***
Total pot $2 | Rake $0
Seat 5: B_loJkl (big blind) collected ($2)
Seat 6: zizonmusang (button) (small blind) folded before Flop


PokerStars Hand #161480594830:  Hold'em Limit ($3/$6 USD) - 2016/11/16 6:04:27 ET
Table 'Persephone' 6-max Seat #5 is the button
Seat 5: B_loJkl ($146.64 in chips)
Seat 6: zizonmusang ($17.07 in chips)
B_loJkl: posts small blind $1
zizonmusang: posts big blind $3
*** HOLE CARDS ***
B_loJkl: raises $3 to $6
zizonmusang: calls $3
*** FLOP *** [2d 7s Tc]
zizonmusang: checks
B_loJkl: bets $3
SLK500 leaves the table
zizonmusang: calls $3
*** TURN *** [2d 7s Tc] [6d]
kolaz03 joins the table at seat #3
kolaz03 leaves the table
zizonmusang: bets $6
B_loJkl: raises $6 to $12
zizonmusang: calls $2.07 and is all-in
Uncalled bet ($3.93) returned to B_loJkl
*** RIVER *** [2d 7s Tc 6d] [5c]
*** SHOW DOWN ***
zizonmusang: shows [8d Jh] (high card Jack)
B_loJkl: shows [Kc Js] (high card King)
B_loJkl collected $33.64 from pot
*** SUMMARY ***
Total pot $34.14 | Rake $0.50
Board [2d 7s Tc 6d 5c]
Seat 5: B_loJkl (button) (small blind) showed [Kc Js] and won ($33.64) with high card King
Seat 6: zizonmusang (big blind) showed [8d Jh] and lost with high card Jack


PokerStars Hand #161480613747:  Hold'em Limit ($3/$6 USD) - 2016/11/16 6:05:09 ET
Table 'Persephone' 6-max Seat #3 is the button
Seat 3: ECP1955 ($120 in chips)
Seat 5: B_loJkl ($163.21 in chips)
ECP1955: posts small blind $1
TbIP-TbIP 88 leaves the table
B_loJkl: posts big blind $3
*** HOLE CARDS ***
ECP1955: folds
Uncalled bet ($2) returned to B_loJkl
B_loJkl collected $2 from pot
B_loJkl: doesn't show hand
*** SUMMARY ***
Total pot $2 | Rake $0
Seat 3: ECP1955 (button) (small blind) folded before Flop
Seat 5: B_loJkl (big blind) collected ($2)


PokerStars Hand #161480620534:  Hold'em Limit ($3/$6 USD) - 2016/11/16 6:05:24 ET
Table 'Persephone' 6-max Seat #5 is the button
Seat 3: ECP1955 ($179 in chips)
Seat 5: B_loJkl ($164.21 in chips)
B_loJkl: posts small blind $1
ECP1955: posts big blind $3
*** HOLE CARDS ***
B_loJkl: raises $3 to $6
ECP1955: calls $3
*** FLOP *** [4c Qh 9d]
cob8475 joins the table at seat #6
ECP1955: bets $3
B_loJkl: calls $3
*** TURN *** [4c Qh 9d] [3h]
tamnt10549 joins the table at seat #2
ECP1955: checks
B_loJkl: bets $6
ECP1955: folds
Uncalled bet ($6) returned to B_loJkl
B_loJkl collected $17.64 from pot
B_loJkl: doesn't show hand
*** SUMMARY ***
Total pot $18 | Rake $0.36
Board [4c Qh 9d 3h]
Seat 3: ECP1955 (big blind) folded on the Turn
Seat 5: B_loJkl (button) (small blind) collected ($17.64)


PokerStars Hand #161480634921:  Hold'em Limit ($3/$6 USD) - 2016/11/16 6:05:56 ET
Table 'Persephone' 6-max Seat #3 is the button
Seat 3: ECP1955 ($170 in chips)
Seat 5: B_loJkl ($172.85 in chips)
ECP1955: posts small blind $1
B_loJkl: posts big blind $3
*** HOLE CARDS ***
ECP1955: folds
Uncalled bet ($2) returned to B_loJkl
B_loJkl collected $2 from pot
B_loJkl: doesn't show hand
*** SUMMARY ***
Total pot $2 | Rake $0
Seat 3: ECP1955 (button) (small blind) folded before Flop
Seat 5: B_loJkl (big blind) collected ($2)


PokerStars Hand #161483124240:  Hold'em Limit ($3/$6 USD) - 2016/11/16 7:33:39 ET
Table 'Persephone' 6-max Seat #6 is the button
Seat 5: B_loJkl ($268.68 in chips)
Seat 6: qqppii999 ($466 in chips)
qqppii999: posts small blind $1
sim5sim5: is sitting out
B_loJkl: posts big blind $3
*** HOLE CARDS ***
qqppii999: raises $3 to $6
sim5sim5 leaves the table
B_loJkl: calls $3
*** FLOP *** [Ks 9h Jc]
B_loJkl: checks
qqppii999: bets $3
B_loJkl: calls $3
*** TURN *** [Ks 9h Jc] [Ad]
B_loJkl: checks
qqppii999: bets $6
B_loJkl: calls $6
*** RIVER *** [Ks 9h Jc Ad] [As]
B_loJkl: checks
qqppii999: checks
*** SHOW DOWN ***
B_loJkl: shows [7d Kh] (two pair, Aces and Kings)
qqppii999: mucks hand
B_loJkl collected $29.50 from pot
*** SUMMARY ***
Total pot $30 | Rake $0.50
Board [Ks 9h Jc Ad As]
Seat 5: B_loJkl (big blind) showed [7d Kh] and won ($29.50) with two pair, Aces and Kings
Seat 6: qqppii999 (button) (small blind) mucked


