PokerStars Hand #161568716000:  Hold'em Limit ($3/$6 USD) - 2016/11/17 20:51:07 ET
Table 'Persephone' 6-max Seat #6 is the button
Seat 5: GoliafUa ($120 in chips)
Seat 6: ylvesøya ($87.72 in chips)
ylvesøya: posts small blind $1
GoliafUa: posts big blind $3
*** HOLE CARDS ***
ylvesøya: folds
Uncalled bet ($2) returned to GoliafUa
GoliafUa collected $2 from pot
GoliafUa: doesn't show hand
*** SUMMARY ***
Total pot $2 | Rake $0
Seat 5: GoliafUa (big blind) collected ($2)
Seat 6: ylvesøya (button) (small blind) folded before Flop


PokerStars Hand #161568723450:  Hold'em Limit ($3/$6 USD) - 2016/11/17 20:51:23 ET
Table 'Persephone' 6-max Seat #5 is the button
Seat 5: GoliafUa ($121 in chips)
Seat 6: ylvesøya ($86.72 in chips)
GoliafUa: posts small blind $1
ylvesøya: posts big blind $3
*** HOLE CARDS ***
GoliafUa: raises $3 to $6
ylvesøya: calls $3
*** FLOP *** [Ts Qs 7d]
ylvesøya: checks
GoliafUa: bets $3
ylvesøya: calls $3
*** TURN *** [Ts Qs 7d] [Qh]
ylvesøya: checks
GoliafUa: bets $6
ylvesøya: raises $6 to $12
GoliafUa: folds
Uncalled bet ($6) returned to ylvesøya
ylvesøya collected $29.50 from pot
ylvesøya: doesn't show hand
*** SUMMARY ***
Total pot $30 | Rake $0.50
Board [Ts Qs 7d Qh]
Seat 5: GoliafUa (button) (small blind) folded on the Turn
Seat 6: ylvesøya (big blind) collected ($29.50)


PokerStars Hand #161568730256:  Hold'em Limit ($3/$6 USD) - 2016/11/17 20:51:38 ET
Table 'Persephone' 6-max Seat #6 is the button
Seat 5: GoliafUa ($106 in chips)
Seat 6: ylvesøya ($101.22 in chips)
ylvesøya: posts small blind $1
GoliafUa: posts big blind $3
*** HOLE CARDS ***
ylvesøya: raises $3 to $6
GoliafUa: calls $3
*** FLOP *** [9h 2d 2s]
GoliafUa: checks
ylvesøya: bets $3
GoliafUa: calls $3
*** TURN *** [9h 2d 2s] [Ad]
GoliafUa: checks
ylvesøya: bets $6
GoliafUa: folds
Uncalled bet ($6) returned to ylvesøya
ylvesøya collected $17.64 from pot
ylvesøya: doesn't show hand
*** SUMMARY ***
Total pot $18 | Rake $0.36
Board [9h 2d 2s Ad]
Seat 5: GoliafUa (big blind) folded on the Turn
Seat 6: ylvesøya (button) (small blind) collected ($17.64)


PokerStars Hand #161568743190:  Hold'em Limit ($3/$6 USD) - 2016/11/17 20:52:06 ET
Table 'Persephone' 6-max Seat #6 is the button
Seat 5: GoliafUa ($82 in chips)
Seat 6: ylvesøya ($124.36 in chips)
ylvesøya: posts small blind $1
GoliafUa: posts big blind $3
*** HOLE CARDS ***
ylvesøya: folds
Uncalled bet ($2) returned to GoliafUa
GoliafUa collected $2 from pot
GoliafUa: doesn't show hand
*** SUMMARY ***
Total pot $2 | Rake $0
Seat 5: GoliafUa (big blind) collected ($2)
Seat 6: ylvesøya (button) (small blind) folded before Flop


PokerStars Hand #161568736219:  Hold'em Limit ($3/$6 USD) - 2016/11/17 20:51:51 ET
Table 'Persephone' 6-max Seat #5 is the button
Seat 5: GoliafUa ($97 in chips)
Seat 6: ylvesøya ($109.86 in chips)
GoliafUa: posts small blind $1
ylvesøya: posts big blind $3
*** HOLE CARDS ***
GoliafUa: raises $3 to $6
ylvesøya: calls $3
*** FLOP *** [Jh 5h Th]
ylvesøya: checks
GoliafUa: bets $3
ylvesøya: calls $3
*** TURN *** [Jh 5h Th] [2h]
ylvesøya: checks
GoliafUa: checks
*** RIVER *** [Jh 5h Th 2h] [Ts]
ylvesøya: bets $6
GoliafUa: calls $6
*** SHOW DOWN ***
ylvesøya: shows [Kc 3h] (a flush, Jack high)
GoliafUa: mucks hand
ylvesøya collected $29.50 from pot
*** SUMMARY ***
Total pot $30 | Rake $0.50
Board [Jh 5h Th 2h Ts]
Seat 5: GoliafUa (button) (small blind) mucked
Seat 6: ylvesøya (big blind) showed [Kc 3h] and won ($29.50) with a flush, Jack high


PokerStars Hand #161568759655:  Hold'em Limit ($3/$6 USD) - 2016/11/17 20:52:42 ET
Table 'Persephone' 6-max Seat #6 is the button
Seat 5: GoliafUa ($103.50 in chips)
Seat 6: ylvesøya ($102.36 in chips)
ylvesøya: posts small blind $1
GoliafUa: posts big blind $3
*** HOLE CARDS ***
ylvesøya: folds
Uncalled bet ($2) returned to GoliafUa
GoliafUa collected $2 from pot
GoliafUa: doesn't show hand
*** SUMMARY ***
Total pot $2 | Rake $0
Seat 5: GoliafUa (big blind) collected ($2)
Seat 6: ylvesøya (button) (small blind) folded before Flop


PokerStars Hand #161568751818:  Hold'em Limit ($3/$6 USD) - 2016/11/17 20:52:25 ET
Table 'Persephone' 6-max Seat #5 is the button
Seat 5: GoliafUa ($83 in chips)
Seat 6: ylvesøya ($123.36 in chips)
GoliafUa: posts small blind $1
ylvesøya: posts big blind $3
*** HOLE CARDS ***
GoliafUa: raises $3 to $6
ylvesøya: calls $3
*** FLOP *** [7c 4c Tc]
ylvesøya: checks
GoliafUa: bets $3
ylvesøya: calls $3
*** TURN *** [7c 4c Tc] [3s]
ylvesøya: checks
GoliafUa: bets $6
ylvesøya: calls $6
*** RIVER *** [7c 4c Tc 3s] [9h]
ylvesøya: checks
GoliafUa: bets $6
ylvesøya: calls $6
*** SHOW DOWN ***
GoliafUa: shows [5s Ts] (a pair of Tens)
ylvesøya: mucks hand
GoliafUa collected $41.50 from pot
*** SUMMARY ***
Total pot $42 | Rake $0.50
Board [7c 4c Tc 3s 9h]
Seat 5: GoliafUa (button) (small blind) showed [5s Ts] and won ($41.50) with a pair of Tens
Seat 6: ylvesøya (big blind) mucked


PokerStars Hand #161568749624:  Hold'em Limit ($3/$6 USD) - 2016/11/17 20:52:20 ET
Table 'Persephone' 6-max Seat #6 is the button
Seat 5: GoliafUa ($82 in chips)
Seat 6: ylvesøya ($124.36 in chips)
ylvesøya: posts small blind $1
GoliafUa: posts big blind $3
*** HOLE CARDS ***
ylvesøya: folds
Uncalled bet ($2) returned to GoliafUa
GoliafUa collected $2 from pot
GoliafUa: doesn't show hand
*** SUMMARY ***
Total pot $2 | Rake $0
Seat 5: GoliafUa (big blind) collected ($2)
Seat 6: ylvesøya (button) (small blind) folded before Flop


PokerStars Hand #161568746761:  Hold'em Limit ($3/$6 USD) - 2016/11/17 20:52:14 ET
Table 'Persephone' 6-max Seat #5 is the button
Seat 5: GoliafUa ($83 in chips)
Seat 6: ylvesøya ($123.36 in chips)
GoliafUa: posts small blind $1
ylvesøya: posts big blind $3
*** HOLE CARDS ***
GoliafUa: folds
Uncalled bet ($2) returned to ylvesøya
ylvesøya collected $2 from pot
ylvesøya: doesn't show hand
*** SUMMARY ***
Total pot $2 | Rake $0
Seat 5: GoliafUa (button) (small blind) folded before Flop
Seat 6: ylvesøya (big blind) collected ($2)


PokerStars Hand #161568772980:  Hold'em Limit ($3/$6 USD) - 2016/11/17 20:53:10 ET
Table 'Persephone' 6-max Seat #5 is the button
Seat 5: GoliafUa ($107.02 in chips)
Seat 6: ylvesøya ($98 in chips)
GoliafUa: posts small blind $1
ylvesøya: posts big blind $3
*** HOLE CARDS ***
GoliafUa: raises $3 to $6
ylvesøya: calls $3
*** FLOP *** [4d 7h Th]
ylvesøya: checks
GoliafUa: bets $3
ylvesøya: calls $3
*** TURN *** [4d 7h Th] [2c]
ylvesøya: checks
GoliafUa: bets $6
ylvesøya: folds
Uncalled bet ($6) returned to GoliafUa
GoliafUa collected $17.64 from pot
GoliafUa: doesn't show hand
*** SUMMARY ***
Total pot $18 | Rake $0.36
Board [4d 7h Th 2c]
Seat 5: GoliafUa (button) (small blind) collected ($17.64)
Seat 6: ylvesøya (big blind) folded on the Turn


PokerStars Hand #161568766742:  Hold'em Limit ($3/$6 USD) - 2016/11/17 20:52:57 ET
Table 'Persephone' 6-max Seat #6 is the button
Seat 5: GoliafUa ($95.50 in chips)
Seat 6: ylvesøya ($110 in chips)
ylvesøya: posts small blind $1
GoliafUa: posts big blind $3
*** HOLE CARDS ***
ylvesøya: raises $3 to $6
GoliafUa: calls $3
*** FLOP *** [2s 8c 9d]
GoliafUa: checks
ylvesøya: checks
*** TURN *** [2s 8c 9d] [7d]
GoliafUa: bets $6
ylvesøya: calls $6
*** RIVER *** [2s 8c 9d 7d] [7c]
GoliafUa: bets $6
ylvesøya: folds
Uncalled bet ($6) returned to GoliafUa
GoliafUa collected $23.52 from pot
GoliafUa: doesn't show hand
*** SUMMARY ***
Total pot $24 | Rake $0.48
Board [2s 8c 9d 7d 7c]
Seat 5: GoliafUa (big blind) collected ($23.52)
Seat 6: ylvesøya (button) (small blind) folded on the River


PokerStars Hand #161568762274:  Hold'em Limit ($3/$6 USD) - 2016/11/17 20:52:47 ET
Table 'Persephone' 6-max Seat #5 is the button
Seat 5: GoliafUa ($104.50 in chips)
Seat 6: ylvesøya ($101.36 in chips)
GoliafUa: posts small blind $1
ylvesøya: posts big blind $3
*** HOLE CARDS ***
GoliafUa: raises $3 to $6
ylvesøya: raises $3 to $9
GoliafUa: calls $3
*** FLOP *** [5d 7h 7d]
ylvesøya: bets $3
GoliafUa: folds
Uncalled bet ($3) returned to ylvesøya
ylvesøya collected $17.64 from pot
ylvesøya: doesn't show hand
*** SUMMARY ***
Total pot $18 | Rake $0.36
Board [5d 7h 7d]
Seat 5: GoliafUa (button) (small blind) folded on the Flop
Seat 6: ylvesøya (big blind) collected ($17.64)


PokerStars Hand #161568780073:  Hold'em Limit ($3/$6 USD) - 2016/11/17 20:53:26 ET
Table 'Persephone' 6-max Seat #6 is the button
Seat 5: GoliafUa ($115.66 in chips)
Seat 6: ylvesøya ($89 in chips)
ylvesøya: posts small blind $1
GoliafUa: posts big blind $3
*** HOLE CARDS ***
ylvesøya: raises $3 to $6
GoliafUa: folds
Uncalled bet ($3) returned to ylvesøya
ylvesøya collected $6 from pot
ylvesøya: doesn't show hand
*** SUMMARY ***
Total pot $6 | Rake $0
Seat 5: GoliafUa (big blind) folded before Flop
Seat 6: ylvesøya (button) (small blind) collected ($6)


PokerStars Hand #161568792045:  Hold'em Limit ($3/$6 USD) - 2016/11/17 20:53:52 ET
Table 'Persephone' 6-max Seat #6 is the button
Seat 1: ToDaFelt ($120 in chips)
Seat 6: ylvesøya ($71 in chips)
ylvesøya: posts small blind $1
ToDaFelt: posts big blind $3
*** HOLE CARDS ***
ylvesøya: raises $3 to $6
ToDaFelt: calls $3
*** FLOP *** [2s 7d As]
ToDaFelt: checks
ylvesøya: bets $3
ToDaFelt: folds
Uncalled bet ($3) returned to ylvesøya
ylvesøya collected $11.76 from pot
ylvesøya: doesn't show hand
*** SUMMARY ***
Total pot $12 | Rake $0.24
Board [2s 7d As]
Seat 1: ToDaFelt (big blind) folded on the Flop
Seat 6: ylvesøya (button) (small blind) collected ($11.76)


PokerStars Hand #161568783011:  Hold'em Limit ($3/$6 USD) - 2016/11/17 20:53:32 ET
Table 'Persephone' 6-max Seat #5 is the button
Seat 5: GoliafUa ($112.66 in chips)
Seat 6: ylvesøya ($92 in chips)
GoliafUa: posts small blind $1
ylvesøya: posts big blind $3
*** HOLE CARDS ***
ToDaFelt joins the table at seat #1
GoliafUa: raises $3 to $6
ylvesøya: calls $3
*** FLOP *** [3c 4h 5d]
ylvesøya: checks
GoliafUa: bets $3
ylvesøya: calls $3
*** TURN *** [3c 4h 5d] [Ad]
ylvesøya: checks
GoliafUa: bets $6
ylvesøya: calls $6
*** RIVER *** [3c 4h 5d Ad] [Th]
ylvesøya: checks
GoliafUa: bets $6
ylvesøya: calls $6
*** SHOW DOWN ***
GoliafUa: shows [5h 3h] (two pair, Fives and Threes)
ylvesøya: mucks hand
GoliafUa collected $41.50 from pot
*** SUMMARY ***
Total pot $42 | Rake $0.50
Board [3c 4h 5d Ad Th]
Seat 5: GoliafUa (button) (small blind) showed [5h 3h] and won ($41.50) with two pair, Fives and Threes
Seat 6: ylvesøya (big blind) mucked


