PokerStars Hand #176095150374:  Hold'em Limit ($3/$6 USD) - 2017/09/25 5:13:37 ET
Table 'Persephone' 6-max Seat #1 is the button
Seat 1: aremom4e ($108 in chips)
Seat 2: TbIP-TbIP 88 ($86.40 in chips)
aremom4e: posts small blind $1
TbIP-TbIP 88: posts big blind $3
*** HOLE CARDS ***
aremom4e: raises $3 to $6
TbIP-TbIP 88: calls $3
*** FLOP *** [Ks 8c 8h]
TbIP-TbIP 88: checks
aremom4e: bets $3
TbIP-TbIP 88: raises $3 to $6
aremom4e: calls $3
*** TURN *** [Ks 8c 8h] [Kd]
TbIP-TbIP 88: checks
Anchig joins the table at seat #3
aremom4e: bets $6
TbIP-TbIP 88: calls $6
*** RIVER *** [Ks 8c 8h Kd] [3d]
TbIP-TbIP 88: checks
aremom4e: bets $6
TbIP-TbIP 88: calls $6
*** SHOW DOWN ***
aremom4e: shows [7s Kh] (a full house, Kings full of Eights)
TbIP-TbIP 88: mucks hand
aremom4e collected $47.50 from pot
*** SUMMARY ***
Total pot $48 | Rake $0.50
Board [Ks 8c 8h Kd 3d]
Seat 1: aremom4e (button) (small blind) showed [7s Kh] and won ($47.50) with a full house, Kings full of Eights
Seat 2: TbIP-TbIP 88 (big blind) mucked


PokerStars Hand #176095309483:  Hold'em Limit ($3/$6 USD) - 2017/09/25 5:21:54 ET
Table 'Persephone' 6-max Seat #1 is the button
Seat 1: aremom4e ($105.18 in chips)
Seat 5: krossguard ($151.07 in chips)
aremom4e: posts small blind $1
TbIP-TbIP 88: is sitting out
Anchig: is sitting out
krossguard: posts big blind $3
*** HOLE CARDS ***
aremom4e: calls $2
krossguard: raises $3 to $6
aremom4e: calls $3
*** FLOP *** [Jc 9c Jd]
krossguard: bets $3
aremom4e: folds
Uncalled bet ($3) returned to krossguard
krossguard collected $11.76 from pot
krossguard: doesn't show hand
*** SUMMARY ***
Total pot $12 | Rake $0.24
Board [Jc 9c Jd]
Seat 1: aremom4e (button) (small blind) folded on the Flop
Seat 5: krossguard (big blind) collected ($11.76)


PokerStars Hand #176095313639:  Hold'em Limit ($3/$6 USD) - 2017/09/25 5:22:07 ET
Table 'Persephone' 6-max Seat #5 is the button
Seat 1: aremom4e ($99.18 in chips)
Seat 5: krossguard ($156.83 in chips)
krossguard: posts small blind $1
aremom4e: posts big blind $3
*** HOLE CARDS ***
krossguard: raises $3 to $6
aremom4e: calls $3
*** FLOP *** [9c 8d Ah]
aremom4e: checks
krossguard: bets $3
aremom4e: folds
Uncalled bet ($3) returned to krossguard
krossguard collected $11.76 from pot
krossguard: doesn't show hand
*** SUMMARY ***
Total pot $12 | Rake $0.24
Board [9c 8d Ah]
Seat 1: aremom4e (big blind) folded on the Flop
Seat 5: krossguard (button) (small blind) collected ($11.76)


PokerStars Hand #176095374363:  Hold'em Limit ($3/$6 USD) - 2017/09/25 5:25:14 ET
Table 'Persephone' 6-max Seat #2 is the button
Seat 2: TbIP-TbIP 88 ($186.23 in chips)
Seat 4: nedo1414 ($107.50 in chips)
TbIP-TbIP 88: posts small blind $1
nedo1414: posts big blind $3
*** HOLE CARDS ***
TbIP-TbIP 88: raises $3 to $6
nedo1414: folds
Uncalled bet ($3) returned to TbIP-TbIP 88
TbIP-TbIP 88 collected $6 from pot
TbIP-TbIP 88: doesn't show hand
*** SUMMARY ***
Total pot $6 | Rake $0
Seat 2: TbIP-TbIP 88 (button) (small blind) collected ($6)
Seat 4: nedo1414 (big blind) folded before Flop


PokerStars Hand #176095366223:  Hold'em Limit ($3/$6 USD) - 2017/09/25 5:24:49 ET
Table 'Persephone' 6-max Seat #4 is the button
Seat 2: TbIP-TbIP 88 ($207.23 in chips)
Seat 4: nedo1414 ($87 in chips)
nedo1414: posts small blind $1
krossguard: is sitting out
TbIP-TbIP 88: posts big blind $3
*** HOLE CARDS ***
nedo1414: raises $3 to $6
TbIP-TbIP 88: calls $3
*** FLOP *** [9s Td 7d]
TbIP-TbIP 88: checks
nedo1414: bets $3
TbIP-TbIP 88: calls $3
*** TURN *** [9s Td 7d] [7s]
TbIP-TbIP 88: checks
nedo1414: bets $6
TbIP-TbIP 88: calls $6
*** RIVER *** [9s Td 7d 7s] [7c]
TbIP-TbIP 88: checks
nedo1414: bets $6
TbIP-TbIP 88: calls $6
*** SHOW DOWN ***
nedo1414: shows [Js Jh] (a full house, Sevens full of Jacks)
TbIP-TbIP 88: mucks hand
nedo1414 collected $41.50 from pot
*** SUMMARY ***
Total pot $42 | Rake $0.50
Board [9s Td 7d 7s 7c]
Seat 2: TbIP-TbIP 88 (big blind) mucked
Seat 4: nedo1414 (button) (small blind) showed [Js Jh] and won ($41.50) with a full house, Sevens full of Jacks


