PokerStars Hand #157567993998:  Hold'em Limit ($3/$6 USD) - 2016/08/21 15:59:54 ET
Table 'Petrina' 6-max Seat #6 is the button
Seat 4: Actionni13 ($150 in chips)
Seat 6: Kaukadiginte ($38.86 in chips)
Kaukadiginte: posts small blind $1
Actionni13: posts big blind $3
*** HOLE CARDS ***
Kaukadiginte: raises $3 to $6
Actionni13: calls $3
*** FLOP *** [2s 7c Ac]
Actionni13: checks
Kaukadiginte: bets $3
Actionni13: calls $3
*** TURN *** [2s 7c Ac] [9s]
Actionni13: checks
Kaukadiginte: bets $6
Actionni13: folds
Uncalled bet ($6) returned to Kaukadiginte
Kaukadiginte collected $17.64 from pot
Kaukadiginte: doesn't show hand
*** SUMMARY ***
Total pot $18 | Rake $0.36
Board [2s 7c Ac 9s]
Seat 4: Actionni13 (big blind) folded on the Turn
Seat 6: Kaukadiginte (button) (small blind) collected ($17.64)


PokerStars Hand #157567991009:  Hold'em Limit ($3/$6 USD) - 2016/08/21 15:59:49 ET
Table 'Petrina' 6-max Seat #4 is the button
Seat 4: Actionni13 ($150 in chips)
Seat 6: Kaukadiginte ($37.86 in chips)
Actionni13: posts small blind $1
Kaukadiginte: posts big blind $3
*** HOLE CARDS ***
Actionni13: folds
Uncalled bet ($2) returned to Kaukadiginte
Kaukadiginte collected $2 from pot
Kaukadiginte: doesn't show hand
*** SUMMARY ***
Total pot $2 | Rake $0
Seat 4: Actionni13 (button) (small blind) folded before Flop
Seat 6: Kaukadiginte (big blind) collected ($2)


