PokerStars Hand #154002109314:  Hold'em Limit ($3/$6 USD) - 2016/05/29 11:07:05 ET
Table 'Petrina' 6-max Seat #1 is the button
Seat 1: sonnerl ($1018.26 in chips)
Seat 2: artecris ($147.99 in chips)
sonnerl: posts small blind $1
artecris: posts big blind $3
*** HOLE CARDS ***
sonnerl: folds
Uncalled bet ($2) returned to artecris
artecris collected $2 from pot
artecris: doesn't show hand
Fess7791 joins the table at seat #4
*** SUMMARY ***
Total pot $2 | Rake $0
Seat 1: sonnerl (button) (small blind) folded before Flop
Seat 2: artecris (big blind) collected ($2)


PokerStars Hand #154002098134:  Hold'em Limit ($3/$6 USD) - 2016/05/29 11:06:50 ET
Table 'Petrina' 6-max Seat #2 is the button
Seat 1: sonnerl ($1017.26 in chips)
Seat 2: artecris ($148.99 in chips)
artecris: posts small blind $1
TbIP-TbIP 88: is sitting out
TbIP-TbIP 88 leaves the table
sonnerl: posts big blind $3
*** HOLE CARDS ***
artecris: folds
Uncalled bet ($2) returned to sonnerl
sonnerl collected $2 from pot
TbIP-TbIP 88 joins the table at seat #3
sonnerl: doesn't show hand
*** SUMMARY ***
Total pot $2 | Rake $0
Seat 1: sonnerl (big blind) collected ($2)
Seat 2: artecris (button) (small blind) folded before Flop


PokerStars Hand #154002266574:  Hold'em Limit ($3/$6 USD) - 2016/05/29 11:10:35 ET
Table 'Petrina' 6-max Seat #5 is the button
Seat 2: artecris ($129.92 in chips)
Seat 5: Hadart ($97 in chips)
Hadart: posts small blind $1
artecris: posts big blind $3
*** HOLE CARDS ***
boony444 leaves the table
Hadart: raises $3 to $6
artecris: folds
Uncalled bet ($3) returned to Hadart
Hadart collected $6 from pot
Hadart: doesn't show hand
*** SUMMARY ***
Total pot $6 | Rake $0
Seat 2: artecris (big blind) folded before Flop
Seat 5: Hadart (button) (small blind) collected ($6)


PokerStars Hand #154002262933:  Hold'em Limit ($3/$6 USD) - 2016/05/29 11:10:31 ET
Table 'Petrina' 6-max Seat #2 is the button
Seat 2: artecris ($130.92 in chips)
Seat 5: Hadart ($96 in chips)
artecris: posts small blind $1
TbIP-TbIP 88: is sitting out
boony444: is sitting out
Hadart: posts big blind $3
*** HOLE CARDS ***
artecris: folds
Uncalled bet ($2) returned to Hadart
Hadart collected $2 from pot
TbIP-TbIP 88 leaves the table
Hadart: doesn't show hand
*** SUMMARY ***
Total pot $2 | Rake $0
Seat 2: artecris (button) (small blind) folded before Flop
Seat 5: Hadart (big blind) collected ($2)


PokerStars Hand #154002271417:  Hold'em Limit ($3/$6 USD) - 2016/05/29 11:10:42 ET
Table 'Petrina' 6-max Seat #2 is the button
Seat 2: artecris ($126.92 in chips)
Seat 5: Hadart ($100 in chips)
artecris: posts small blind $1
Hadart: posts big blind $3
*** HOLE CARDS ***
artecris: raises $3 to $6
Hadart: folds
Uncalled bet ($3) returned to artecris
artecris collected $6 from pot
artecris: doesn't show hand
*** SUMMARY ***
Total pot $6 | Rake $0
Seat 2: artecris (button) (small blind) collected ($6)
Seat 5: Hadart (big blind) folded before Flop


PokerStars Hand #154002276187:  Hold'em Limit ($3/$6 USD) - 2016/05/29 11:10:48 ET
Table 'Petrina' 6-max Seat #5 is the button
Seat 2: artecris ($129.92 in chips)
Seat 5: Hadart ($97 in chips)
Hadart: posts small blind $1
artecris: posts big blind $3
*** HOLE CARDS ***
Hadart: raises $3 to $6
artecris: calls $3
*** FLOP *** [Js Kh 7h]
artecris: checks
Hadart: bets $3
artecris: calls $3
*** TURN *** [Js Kh 7h] [7s]
artecris: bets $6
Hadart: calls $6
*** RIVER *** [Js Kh 7h 7s] [8d]
artecris: bets $6
Hadart: folds
Uncalled bet ($6) returned to artecris
artecris collected $29.50 from pot
artecris: doesn't show hand
*** SUMMARY ***
Total pot $30 | Rake $0.50
Board [Js Kh 7h 7s 8d]
Seat 2: artecris (big blind) collected ($29.50)
Seat 5: Hadart (button) (small blind) folded on the River


