PokerStars Hand #154402062464:  Hold'em Limit ($3/$6 USD) - 2016/06/07 1:16:25 ET
Table 'Phad' 10-max Seat #2 is the button
Seat 2: LifeisagameX ($30 in chips)
Seat 3: SeanPeary ($120 in chips)
LifeisagameX: posts small blind $1
SeanPeary: posts big blind $3
*** HOLE CARDS ***
LifeisagameX: raises $3 to $6
SeanPeary: calls $3
*** FLOP *** [As Qh Ts]
SeanPeary: checks
LifeisagameX: bets $3
SeanPeary: folds
Uncalled bet ($3) returned to LifeisagameX
LifeisagameX collected $11.76 from pot
LifeisagameX: doesn't show hand
*** SUMMARY ***
Total pot $12 | Rake $0.24
Board [As Qh Ts]
Seat 2: LifeisagameX (button) (small blind) collected ($11.76)
Seat 3: SeanPeary (big blind) folded on the Flop


PokerStars Hand #154402071664:  Hold'em Limit ($3/$6 USD) - 2016/06/07 1:17:02 ET
Table 'Phad' 10-max Seat #3 is the button
Seat 2: LifeisagameX ($35.76 in chips)
Seat 3: SeanPeary ($114 in chips)
SeanPeary: posts small blind $1
LifeisagameX: posts big blind $3
*** HOLE CARDS ***
SeanPeary: raises $3 to $6
LifeisagameX: raises $3 to $9
SeanPeary: calls $3
*** FLOP *** [As 9c 5d]
LifeisagameX: bets $3
SeanPeary: folds
Uncalled bet ($3) returned to LifeisagameX
LifeisagameX collected $17.64 from pot
LifeisagameX: doesn't show hand
*** SUMMARY ***
Total pot $18 | Rake $0.36
Board [As 9c 5d]
Seat 2: LifeisagameX (big blind) collected ($17.64)
Seat 3: SeanPeary (button) (small blind) folded on the Flop


PokerStars Hand #154402079896:  Hold'em Limit ($3/$6 USD) - 2016/06/07 1:17:36 ET
Table 'Phad' 10-max Seat #2 is the button
Seat 2: LifeisagameX ($48.40 in chips)
Seat 3: SeanPeary ($101 in chips)
LifeisagameX: posts small blind $1
SeanPeary: posts big blind $3
*** HOLE CARDS ***
LifeisagameX: raises $3 to $6
SeanPeary: folds
Uncalled bet ($3) returned to LifeisagameX
LifeisagameX collected $6 from pot
*** SUMMARY ***
Total pot $6 | Rake $0
Seat 2: LifeisagameX (button) (small blind) collected ($6)
Seat 3: SeanPeary (big blind) folded before Flop


PokerStars Hand #154402082162:  Hold'em Limit ($3/$6 USD) - 2016/06/07 1:17:45 ET
Table 'Phad' 10-max Seat #3 is the button
Seat 2: LifeisagameX ($51.40 in chips)
Seat 3: SeanPeary ($98 in chips)
SeanPeary: posts small blind $1
LifeisagameX: posts big blind $3
*** HOLE CARDS ***
SeanPeary: raises $3 to $6
LifeisagameX: folds
Uncalled bet ($3) returned to SeanPeary
SeanPeary collected $6 from pot
SeanPeary: doesn't show hand
*** SUMMARY ***
Total pot $6 | Rake $0
Seat 2: LifeisagameX (big blind) folded before Flop
Seat 3: SeanPeary (button) (small blind) collected ($6)


PokerStars Hand #154402085172:  Hold'em Limit ($3/$6 USD) - 2016/06/07 1:17:57 ET
Table 'Phad' 10-max Seat #2 is the button
Seat 2: LifeisagameX ($48.40 in chips)
Seat 3: SeanPeary ($101 in chips)
LifeisagameX: posts small blind $1
SeanPeary: posts big blind $3
*** HOLE CARDS ***
LifeisagameX: raises $3 to $6
SeanPeary: folds
Uncalled bet ($3) returned to LifeisagameX
LifeisagameX collected $6 from pot
LifeisagameX: doesn't show hand
*** SUMMARY ***
Total pot $6 | Rake $0
Seat 2: LifeisagameX (button) (small blind) collected ($6)
Seat 3: SeanPeary (big blind) folded before Flop


PokerStars Hand #154402078644:  Hold'em Limit ($3/$6 USD) - 2016/06/07 1:17:31 ET
Table 'Phad' 10-max Seat #3 is the button
Seat 2: LifeisagameX ($47.40 in chips)
Seat 3: SeanPeary ($102 in chips)
SeanPeary: posts small blind $1
LifeisagameX: posts big blind $3
*** HOLE CARDS ***
SeanPeary: folds
Uncalled bet ($2) returned to LifeisagameX
LifeisagameX collected $2 from pot
LifeisagameX: doesn't show hand
*** SUMMARY ***
Total pot $2 | Rake $0
Seat 2: LifeisagameX (big blind) collected ($2)
Seat 3: SeanPeary (button) (small blind) folded before Flop


PokerStars Hand #154402076349:  Hold'em Limit ($3/$6 USD) - 2016/06/07 1:17:22 ET
Table 'Phad' 10-max Seat #2 is the button
Seat 2: LifeisagameX ($44.40 in chips)
Seat 3: SeanPeary ($105 in chips)
LifeisagameX: posts small blind $1
SeanPeary: posts big blind $3
*** HOLE CARDS ***
LifeisagameX: raises $3 to $6
SeanPeary: folds
Uncalled bet ($3) returned to LifeisagameX
LifeisagameX collected $6 from pot
LifeisagameX: doesn't show hand
*** SUMMARY ***
Total pot $6 | Rake $0
Seat 2: LifeisagameX (button) (small blind) collected ($6)
Seat 3: SeanPeary (big blind) folded before Flop


PokerStars Hand #154402087416:  Hold'em Limit ($3/$6 USD) - 2016/06/07 1:18:06 ET
Table 'Phad' 10-max Seat #3 is the button
Seat 2: LifeisagameX ($51.40 in chips)
Seat 3: SeanPeary ($98 in chips)
SeanPeary: posts small blind $1
LifeisagameX: posts big blind $3
*** HOLE CARDS ***
SeanPeary: raises $3 to $6
LifeisagameX: calls $3
*** FLOP *** [4c 5c Ac]
LifeisagameX: checks
SeanPeary: bets $3
LifeisagameX: calls $3
*** TURN *** [4c 5c Ac] [7s]
LifeisagameX: checks
SeanPeary: bets $6
LifeisagameX: calls $6
*** RIVER *** [4c 5c Ac 7s] [5h]
LifeisagameX: checks
SeanPeary: bets $6
LifeisagameX: calls $6
*** SHOW DOWN ***
SeanPeary: shows [As Qh] (two pair, Aces and Fives)
LifeisagameX: mucks hand
SeanPeary collected $41.50 from pot
*** SUMMARY ***
Total pot $42 | Rake $0.50
Board [4c 5c Ac 7s 5h]
Seat 2: LifeisagameX (big blind) mucked
Seat 3: SeanPeary (button) (small blind) showed [As Qh] and won ($41.50) with two pair, Aces and Fives


PokerStars Hand #154402103345:  Hold'em Limit ($3/$6 USD) - 2016/06/07 1:19:12 ET
Table 'Phad' 10-max Seat #2 is the button
Seat 2: LifeisagameX ($30.40 in chips)
Seat 3: SeanPeary ($118.50 in chips)
LifeisagameX: posts small blind $1
SeanPeary: posts big blind $3
*** HOLE CARDS ***
LifeisagameX: raises $3 to $6
SeanPeary: calls $3
*** FLOP *** [6h 3h Kd]
SeanPeary: checks
LifeisagameX: checks
*** TURN *** [6h 3h Kd] [9c]
SeanPeary: checks
LifeisagameX: checks
*** RIVER *** [6h 3h Kd 9c] [Jd]
SeanPeary: bets $6
LifeisagameX: calls $6
*** SHOW DOWN ***
SeanPeary: shows [8s Kh] (a pair of Kings)
LifeisagameX: mucks hand
SeanPeary collected $23.52 from pot
*** SUMMARY ***
Total pot $24 | Rake $0.48
Board [6h 3h Kd 9c Jd]
Seat 2: LifeisagameX (button) (small blind) mucked
Seat 3: SeanPeary (big blind) showed [8s Kh] and won ($23.52) with a pair of Kings


PokerStars Hand #154402116945:  Hold'em Limit ($3/$6 USD) - 2016/06/07 1:20:07 ET
Table 'Phad' 10-max Seat #3 is the button
Seat 2: LifeisagameX ($18.40 in chips)
Seat 3: SeanPeary ($130.02 in chips)
SeanPeary: posts small blind $1
LifeisagameX: posts big blind $3
*** HOLE CARDS ***
SeanPeary: raises $3 to $6
LifeisagameX: calls $3
*** FLOP *** [Td 2h Qh]
LifeisagameX: checks
SeanPeary: checks
*** TURN *** [Td 2h Qh] [6s]
LifeisagameX: bets $6
SeanPeary: raises $6 to $12
LifeisagameX: raises $0.40 to $12.40 and is all-in
SeanPeary: calls $0.40
*** RIVER *** [Td 2h Qh 6s] [2s]
*** SHOW DOWN ***
LifeisagameX: shows [5h Tc] (two pair, Tens and Deuces)
SeanPeary: shows [6d 8s] (two pair, Sixes and Deuces)
LifeisagameX collected $36.30 from pot
*** SUMMARY ***
Total pot $36.80 | Rake $0.50
Board [Td 2h Qh 6s 2s]
Seat 2: LifeisagameX (big blind) showed [5h Tc] and won ($36.30) with two pair, Tens and Deuces
Seat 3: SeanPeary (button) (small blind) showed [6d 8s] and lost with two pair, Sixes and Deuces


PokerStars Hand #154402144128:  Hold'em Limit ($3/$6 USD) - 2016/06/07 1:21:57 ET
Table 'Phad' 10-max Seat #3 is the button
Seat 2: LifeisagameX ($21.30 in chips)
Seat 3: SeanPeary ($126.12 in chips)
SeanPeary: posts small blind $1
LifeisagameX: posts big blind $3
*** HOLE CARDS ***
SeanPeary: folds
Uncalled bet ($2) returned to LifeisagameX
LifeisagameX collected $2 from pot
LifeisagameX: doesn't show hand
*** SUMMARY ***
Total pot $2 | Rake $0
Seat 2: LifeisagameX (big blind) collected ($2)
Seat 3: SeanPeary (button) (small blind) folded before Flop


PokerStars Hand #154402132869:  Hold'em Limit ($3/$6 USD) - 2016/06/07 1:21:12 ET
Table 'Phad' 10-max Seat #2 is the button
Seat 2: LifeisagameX ($36.30 in chips)
Seat 3: SeanPeary ($111.62 in chips)
LifeisagameX: posts small blind $1
SeanPeary: posts big blind $3
*** HOLE CARDS ***
LifeisagameX: raises $3 to $6
SeanPeary: calls $3
*** FLOP *** [7c 9h 7h]
SeanPeary: checks
LifeisagameX: bets $3
SeanPeary: calls $3
*** TURN *** [7c 9h 7h] [Th]
SeanPeary: checks
LifeisagameX: checks
*** RIVER *** [7c 9h 7h Th] [5s]
SeanPeary: bets $6
LifeisagameX: calls $6
*** SHOW DOWN ***
SeanPeary: shows [Qh 6h] (a flush, Queen high)
LifeisagameX: mucks hand
SeanPeary collected $29.50 from pot
*** SUMMARY ***
Total pot $30 | Rake $0.50
Board [7c 9h 7h Th 5s]
Seat 2: LifeisagameX (button) (small blind) mucked
Seat 3: SeanPeary (big blind) showed [Qh 6h] and won ($29.50) with a flush, Queen high


PokerStars Hand #154402145656:  Hold'em Limit ($3/$6 USD) - 2016/06/07 1:22:04 ET
Table 'Phad' 10-max Seat #2 is the button
Seat 2: LifeisagameX ($22.30 in chips)
Seat 3: SeanPeary ($125.12 in chips)
LifeisagameX: posts small blind $1
SeanPeary: posts big blind $3
*** HOLE CARDS ***
LifeisagameX: raises $3 to $6
SeanPeary: calls $3
*** FLOP *** [Qc 5h 7h]
SeanPeary: checks
LifeisagameX: bets $3
SeanPeary: calls $3
*** TURN *** [Qc 5h 7h] [6d]
SeanPeary: checks
LifeisagameX: bets $6
SeanPeary: raises $6 to $12
LifeisagameX: raises $1.30 to $13.30 and is all-in
SeanPeary: calls $1.30
*** RIVER *** [Qc 5h 7h 6d] [8d]
*** SHOW DOWN ***
SeanPeary: shows [Kh 7s] (a pair of Sevens)
LifeisagameX: shows [Qs 9h] (a straight, Five to Nine)
LifeisagameX collected $44.10 from pot
*** SUMMARY ***
Total pot $44.60 | Rake $0.50
Board [Qc 5h 7h 6d 8d]
Seat 2: LifeisagameX (button) (small blind) showed [Qs 9h] and won ($44.10) with a straight, Five to Nine
Seat 3: SeanPeary (big blind) showed [Kh 7s] and lost with a pair of Sevens


PokerStars Hand #154402169191:  Hold'em Limit ($3/$6 USD) - 2016/06/07 1:23:39 ET
Table 'Phad' 10-max Seat #2 is the button
Seat 2: LifeisagameX ($43.98 in chips)
Seat 3: SeanPeary ($102.70 in chips)
LifeisagameX: posts small blind $1
SeanPeary: posts big blind $3
*** HOLE CARDS ***
LifeisagameX: raises $3 to $6
SeanPeary: folds
Uncalled bet ($3) returned to LifeisagameX
LifeisagameX collected $6 from pot
LifeisagameX: doesn't show hand
*** SUMMARY ***
Total pot $6 | Rake $0
Seat 2: LifeisagameX (button) (small blind) collected ($6)
Seat 3: SeanPeary (big blind) folded before Flop


PokerStars Hand #154402174395:  Hold'em Limit ($3/$6 USD) - 2016/06/07 1:24:00 ET
Table 'Phad' 10-max Seat #3 is the button
Seat 2: LifeisagameX ($46.98 in chips)
Seat 3: SeanPeary ($99.70 in chips)
SeanPeary: posts small blind $1
LifeisagameX: posts big blind $3
*** HOLE CARDS ***
SeanPeary: raises $3 to $6
LifeisagameX: folds
Uncalled bet ($3) returned to SeanPeary
SeanPeary collected $6 from pot
SeanPeary: doesn't show hand
*** SUMMARY ***
Total pot $6 | Rake $0
Seat 2: LifeisagameX (big blind) folded before Flop
Seat 3: SeanPeary (button) (small blind) collected ($6)


PokerStars Hand #154402158011:  Hold'em Limit ($3/$6 USD) - 2016/06/07 1:22:54 ET
Table 'Phad' 10-max Seat #3 is the button
Seat 2: LifeisagameX ($44.10 in chips)
Seat 3: SeanPeary ($102.82 in chips)
SeanPeary: posts small blind $1
LifeisagameX: posts big blind $3
*** HOLE CARDS ***
SeanPeary: raises $3 to $6
LifeisagameX: calls $3
*** FLOP *** [9c 2s As]
LifeisagameX: checks
SeanPeary: checks
*** TURN *** [9c 2s As] [Tc]
LifeisagameX: checks
SeanPeary: checks
*** RIVER *** [9c 2s As Tc] [2c]
LifeisagameX: checks
SeanPeary: checks
*** SHOW DOWN ***
LifeisagameX: shows [3s Qs] (a pair of Deuces)
SeanPeary: shows [6d Qd] (a pair of Deuces)
LifeisagameX collected $5.88 from pot
SeanPeary collected $5.88 from pot
*** SUMMARY ***
Total pot $12 | Rake $0.24
Board [9c 2s As Tc 2c]
Seat 2: LifeisagameX (big blind) showed [3s Qs] and won ($5.88) with a pair of Deuces
Seat 3: SeanPeary (button) (small blind) showed [6d Qd] and won ($5.88) with a pair of Deuces


PokerStars Hand #154402195252:  Hold'em Limit ($3/$6 USD) - 2016/06/07 1:25:26 ET
Table 'Phad' 10-max Seat #3 is the button
Seat 2: LifeisagameX ($70.48 in chips)
Seat 3: SeanPeary ($75.70 in chips)
SeanPeary: posts small blind $1
LifeisagameX: posts big blind $3
*** HOLE CARDS ***
SeanPeary: folds
Uncalled bet ($2) returned to LifeisagameX
LifeisagameX collected $2 from pot
LifeisagameX: doesn't show hand
*** SUMMARY ***
Total pot $2 | Rake $0
Seat 2: LifeisagameX (big blind) collected ($2)
Seat 3: SeanPeary (button) (small blind) folded before Flop


PokerStars Hand #154402197059:  Hold'em Limit ($3/$6 USD) - 2016/06/07 1:25:34 ET
Table 'Phad' 10-max Seat #2 is the button
Seat 2: LifeisagameX ($71.48 in chips)
Seat 3: SeanPeary ($74.70 in chips)
LifeisagameX: posts small blind $1
SeanPeary: posts big blind $3
*** HOLE CARDS ***
SeanPeary said, "wow"
LifeisagameX: raises $3 to $6
SeanPeary: folds
Uncalled bet ($3) returned to LifeisagameX
LifeisagameX collected $6 from pot
LifeisagameX: doesn't show hand
*** SUMMARY ***
Total pot $6 | Rake $0
Seat 2: LifeisagameX (button) (small blind) collected ($6)
Seat 3: SeanPeary (big blind) folded before Flop


PokerStars Hand #154402204587:  Hold'em Limit ($3/$6 USD) - 2016/06/07 1:26:04 ET
Table 'Phad' 10-max Seat #2 is the button
Seat 2: LifeisagameX ($83.12 in chips)
Seat 3: SeanPeary ($62.70 in chips)
LifeisagameX: posts small blind $1
SeanPeary: posts big blind $3
*** HOLE CARDS ***
LifeisagameX: raises $3 to $6
SeanPeary: folds
Uncalled bet ($3) returned to LifeisagameX
LifeisagameX collected $6 from pot
LifeisagameX: doesn't show hand
*** SUMMARY ***
Total pot $6 | Rake $0
Seat 2: LifeisagameX (button) (small blind) collected ($6)
Seat 3: SeanPeary (big blind) folded before Flop


PokerStars Hand #154402199335:  Hold'em Limit ($3/$6 USD) - 2016/06/07 1:25:43 ET
Table 'Phad' 10-max Seat #3 is the button
Seat 2: LifeisagameX ($74.48 in chips)
Seat 3: SeanPeary ($71.70 in chips)
SeanPeary: posts small blind $1
LifeisagameX: posts big blind $3
*** HOLE CARDS ***
SeanPeary: raises $3 to $6
CrazyB15 joins the table at seat #4
LifeisagameX: raises $3 to $9
SeanPeary: calls $3
*** FLOP *** [2d Ac 9h]
LifeisagameX: bets $3
Balu100000 joins the table at seat #5
SeanPeary: folds
Uncalled bet ($3) returned to LifeisagameX
LifeisagameX collected $17.64 from pot
LifeisagameX: doesn't show hand
*** SUMMARY ***
Total pot $18 | Rake $0.36
Board [2d Ac 9h]
Seat 2: LifeisagameX (big blind) collected ($17.64)
Seat 3: SeanPeary (button) (small blind) folded on the Flop


PokerStars Hand #154402176934:  Hold'em Limit ($3/$6 USD) - 2016/06/07 1:24:11 ET
Table 'Phad' 10-max Seat #2 is the button
Seat 2: LifeisagameX ($43.98 in chips)
Seat 3: SeanPeary ($102.70 in chips)
LifeisagameX: posts small blind $1
SeanPeary: posts big blind $3
*** HOLE CARDS ***
LifeisagameX: raises $3 to $6
SeanPeary: calls $3
*** FLOP *** [Qs Jh 2c]
SeanPeary: checks
LifeisagameX: bets $3
SeanPeary: calls $3
*** TURN *** [Qs Jh 2c] [Kc]
SeanPeary: checks
LifeisagameX: bets $6
SeanPeary: calls $6
*** RIVER *** [Qs Jh 2c Kc] [2s]
SeanPeary: bets $6
LifeisagameX: raises $6 to $12
SeanPeary: calls $6
*** SHOW DOWN ***
LifeisagameX: shows [2h Kd] (a full house, Deuces full of Kings)
SeanPeary: mucks hand
LifeisagameX collected $53.50 from pot
*** SUMMARY ***
Total pot $54 | Rake $0.50
Board [Qs Jh 2c Kc 2s]
Seat 2: LifeisagameX (button) (small blind) showed [2h Kd] and won ($53.50) with a full house, Deuces full of Kings
Seat 3: SeanPeary (big blind) mucked


PokerStars Hand #154402302542:  Hold'em Limit ($3/$6 USD) - 2016/06/07 1:32:11 ET
Table 'Phad' 10-max Seat #4 is the button
Seat 4: CrazyB15 ($301.90 in chips)
Seat 6: HAL9QQQ ($125.82 in chips)
CrazyB15: posts small blind $1
HAL9QQQ: posts big blind $3
*** HOLE CARDS ***
CrazyB15: raises $3 to $6
HAL9QQQ: folds
Uncalled bet ($3) returned to CrazyB15
CrazyB15 collected $6 from pot
*** SUMMARY ***
Total pot $6 | Rake $0
Seat 4: CrazyB15 (button) (small blind) collected ($6)
Seat 6: HAL9QQQ (big blind) folded before Flop


PokerStars Hand #154402304114:  Hold'em Limit ($3/$6 USD) - 2016/06/07 1:32:18 ET
Table 'Phad' 10-max Seat #6 is the button
Seat 4: CrazyB15 ($304.90 in chips)
Seat 6: HAL9QQQ ($122.82 in chips)
HAL9QQQ: posts small blind $1
CrazyB15: posts big blind $3
*** HOLE CARDS ***
Balu100000 leaves the table
HAL9QQQ: folds
Uncalled bet ($2) returned to CrazyB15
CrazyB15 collected $2 from pot
*** SUMMARY ***
Total pot $2 | Rake $0
Seat 4: CrazyB15 (big blind) collected ($2)
Seat 6: HAL9QQQ (button) (small blind) folded before Flop


