PokerStars Hand #169893579680:  Hold'em Limit ($3/$6 USD) - 2017/05/03 8:35:55 ET
Table 'Phad II' 6-max Seat #4 is the button
Seat 4: Agrotait ($72 in chips)
Seat 5: ruslik1005 ($36 in chips)
Agrotait: posts small blind $1
ruslik1005: posts big blind $3
*** HOLE CARDS ***
Whatze Phuck joins the table at seat #6
Agrotait: raises $3 to $6
ruslik1005: folds
Uncalled bet ($3) returned to Agrotait
Agrotait collected $6 from pot
Agrotait: doesn't show hand
*** SUMMARY ***
Total pot $6 | Rake $0
Seat 4: Agrotait (button) (small blind) collected ($6)
Seat 5: ruslik1005 (big blind) folded before Flop


PokerStars Hand #169893938785:  Hold'em Limit ($3/$6 USD) - 2017/05/03 8:47:53 ET
Table 'Phad II' 6-max Seat #5 is the button
Seat 1: ss_barber_ss ($132.30 in chips)
Seat 5: ruslik1005 ($33.99 in chips)
TJ gutshot will be allowed to play after the button
ruslik1005: posts small blind $1
Whatze Phuck: is sitting out
ss_barber_ss: posts big blind $3
*** HOLE CARDS ***
ruslik1005: calls $2
ss_barber_ss: raises $3 to $6
TJ gutshot leaves the table
ruslik1005: calls $3
*** FLOP *** [Th Ac 5s]
ss_barber_ss: bets $3
ruslik1005: folds
Uncalled bet ($3) returned to ss_barber_ss
ss_barber_ss collected $11.76 from pot
ss_barber_ss: doesn't show hand
*** SUMMARY ***
Total pot $12 | Rake $0.24
Board [Th Ac 5s]
Seat 1: ss_barber_ss (big blind) collected ($11.76)
Seat 5: ruslik1005 (button) (small blind) folded on the Flop


PokerStars Hand #169893950376:  Hold'em Limit ($3/$6 USD) - 2017/05/03 8:48:16 ET
Table 'Phad II' 6-max Seat #1 is the button
Seat 1: ss_barber_ss ($138.06 in chips)
Seat 5: ruslik1005 ($27.99 in chips)
ss_barber_ss: posts small blind $1
ruslik1005: posts big blind $3
*** HOLE CARDS ***
ss_barber_ss: raises $3 to $6
ruslik1005: calls $3
*** FLOP *** [Kh Jh Tc]
ruslik1005: checks
ss_barber_ss: bets $3
ruslik1005: folds
Uncalled bet ($3) returned to ss_barber_ss
ss_barber_ss collected $11.76 from pot
ss_barber_ss: doesn't show hand
*** SUMMARY ***
Total pot $12 | Rake $0.24
Board [Kh Jh Tc]
Seat 1: ss_barber_ss (button) (small blind) collected ($11.76)
Seat 5: ruslik1005 (big blind) folded on the Flop


PokerStars Hand #169893964025:  Hold'em Limit ($3/$6 USD) - 2017/05/03 8:48:43 ET
Table 'Phad II' 6-max Seat #5 is the button
Seat 1: ss_barber_ss ($143.82 in chips)
Seat 5: ruslik1005 ($21.99 in chips)
ruslik1005: posts small blind $1
ss_barber_ss: posts big blind $3
*** HOLE CARDS ***
ruslik1005: folds
Uncalled bet ($2) returned to ss_barber_ss
ss_barber_ss collected $2 from pot
ss_barber_ss: doesn't show hand
*** SUMMARY ***
Total pot $2 | Rake $0
Seat 1: ss_barber_ss (big blind) collected ($2)
Seat 5: ruslik1005 (button) (small blind) folded before Flop


PokerStars Hand #169894463819:  Hold'em Limit ($3/$6 USD) - 2017/05/03 9:05:39 ET
Table 'Phad II' 6-max Seat #4 is the button
Seat 3: baagiii270 ($131.48 in chips)
Seat 4: Agrotait ($72 in chips)
Agrotait: posts small blind $1
kolaz03: is sitting out
baagiii270: posts big blind $3
*** HOLE CARDS ***
Agrotait: raises $3 to $6
kolaz03 leaves the table
baagiii270: calls $3
*** FLOP *** [3h Ts 6d]
baagiii270: checks
Agrotait: bets $3
baagiii270: calls $3
*** TURN *** [3h Ts 6d] [Qs]
baagiii270: checks
Agrotait: checks
*** RIVER *** [3h Ts 6d Qs] [7c]
baagiii270: bets $6
Agrotait: folds
Uncalled bet ($6) returned to baagiii270
baagiii270 collected $17.64 from pot
baagiii270: doesn't show hand
*** SUMMARY ***
Total pot $18 | Rake $0.36
Board [3h Ts 6d Qs 7c]
Seat 3: baagiii270 (big blind) collected ($17.64)
Seat 4: Agrotait (button) (small blind) folded on the River


