PokerStars Hand #174580748092:  Hold'em Limit ($3/$6 USD) - 2017/08/20 14:44:28 ET
Table 'Phad' 10-max Seat #7 is the button
Seat 2: agentbond007 ($120 in chips)
Seat 7: Great_Kang ($120 in chips)
Great_Kang: posts small blind $1
agentbond007: posts big blind $3
*** HOLE CARDS ***
Great_Kang: raises $3 to $6
agentbond007: calls $3
*** FLOP *** [9s 5h 8c]
agentbond007: checks
Great_Kang: bets $3
agentbond007: calls $3
*** TURN *** [9s 5h 8c] [7h]
agentbond007: checks
Great_Kang: bets $6
agentbond007: calls $6
*** RIVER *** [9s 5h 8c 7h] [4d]
agentbond007: checks
Great_Kang: bets $6
agentbond007: folds
Uncalled bet ($6) returned to Great_Kang
Great_Kang collected $29.50 from pot
Great_Kang: doesn't show hand
*** SUMMARY ***
Total pot $30 | Rake $0.50
Board [9s 5h 8c 7h 4d]
Seat 2: agentbond007 (big blind) folded on the River
Seat 7: Great_Kang (button) (small blind) collected ($29.50)


PokerStars Hand #174580776282:  Hold'em Limit ($3/$6 USD) - 2017/08/20 14:45:00 ET
Table 'Phad' 10-max Seat #2 is the button
Seat 2: agentbond007 ($105 in chips)
Seat 7: Great_Kang ($134.50 in chips)
agentbond007: posts small blind $1
Great_Kang: posts big blind $3
*** HOLE CARDS ***
agentbond007: calls $2
Great_Kang: checks
*** FLOP *** [6h 7h 5s]
Great_Kang: bets $3
agentbond007: calls $3
*** TURN *** [6h 7h 5s] [5d]
Great_Kang: bets $6
agentbond007: calls $6
*** RIVER *** [6h 7h 5s 5d] [4d]
Great_Kang: checks
agentbond007: bets $6
Great_Kang: calls $6
*** SHOW DOWN ***
agentbond007: shows [6s Qh] (two pair, Sixes and Fives)
Great_Kang: shows [5c Kh] (three of a kind, Fives)
Great_Kang collected $35.50 from pot
*** SUMMARY ***
Total pot $36 | Rake $0.50
Board [6h 7h 5s 5d 4d]
Seat 2: agentbond007 (button) (small blind) showed [6s Qh] and lost with two pair, Sixes and Fives
Seat 7: Great_Kang (big blind) showed [5c Kh] and won ($35.50) with three of a kind, Fives


PokerStars Hand #174580820633:  Hold'em Limit ($3/$6 USD) - 2017/08/20 14:45:50 ET
Table 'Phad' 10-max Seat #2 is the button
Seat 2: agentbond007 ($84 in chips)
Seat 7: Great_Kang ($155 in chips)
agentbond007: posts small blind $1
Great_Kang: posts big blind $3
*** HOLE CARDS ***
agentbond007: raises $3 to $6
Great_Kang: calls $3
*** FLOP *** [5c Qc Js]
Great_Kang: checks
agentbond007: bets $3
Great_Kang: calls $3
*** TURN *** [5c Qc Js] [Tc]
Great_Kang: checks
agentbond007: bets $6
Great_Kang: calls $6
*** RIVER *** [5c Qc Js Tc] [4d]
Great_Kang: checks
agentbond007: bets $6
Great_Kang: folds
Uncalled bet ($6) returned to agentbond007
agentbond007 collected $29.50 from pot
agentbond007: doesn't show hand
*** SUMMARY ***
Total pot $30 | Rake $0.50
Board [5c Qc Js Tc 4d]
Seat 2: agentbond007 (button) (small blind) collected ($29.50)
Seat 7: Great_Kang (big blind) folded on the River


PokerStars Hand #174580926599:  Hold'em Limit ($3/$6 USD) - 2017/08/20 14:47:51 ET
Table 'Phad' 10-max Seat #2 is the button
Seat 2: agentbond007 ($102.26 in chips)
Seat 7: Great_Kang ($136 in chips)
agentbond007: posts small blind $1
Great_Kang: posts big blind $3
*** HOLE CARDS ***
agentbond007: folds
Uncalled bet ($2) returned to Great_Kang
Great_Kang collected $2 from pot
Great_Kang: doesn't show hand
*** SUMMARY ***
Total pot $2 | Rake $0
Seat 2: agentbond007 (button) (small blind) folded before Flop
Seat 7: Great_Kang (big blind) collected ($2)


PokerStars Hand #174580917739:  Hold'em Limit ($3/$6 USD) - 2017/08/20 14:47:41 ET
Table 'Phad' 10-max Seat #7 is the button
Seat 2: agentbond007 ($101.26 in chips)
Seat 7: Great_Kang ($137 in chips)
Great_Kang: posts small blind $1
agentbond007: posts big blind $3
*** HOLE CARDS ***
Great_Kang: folds
Uncalled bet ($2) returned to agentbond007
agentbond007 collected $2 from pot
agentbond007: doesn't show hand
*** SUMMARY ***
Total pot $2 | Rake $0
Seat 2: agentbond007 (big blind) collected ($2)
Seat 7: Great_Kang (button) (small blind) folded before Flop


PokerStars Hand #174580887746:  Hold'em Limit ($3/$6 USD) - 2017/08/20 14:47:07 ET
Table 'Phad' 10-max Seat #2 is the button
Seat 2: agentbond007 ($95.50 in chips)
Seat 7: Great_Kang ($143 in chips)
agentbond007: posts small blind $1
Great_Kang: posts big blind $3
*** HOLE CARDS ***
agentbond007: raises $3 to $6
Great_Kang: calls $3
*** FLOP *** [Ah 9c 3c]
Great_Kang: checks
agentbond007: checks
*** TURN *** [Ah 9c 3c] [Kd]
Great_Kang: checks
agentbond007: bets $6
Great_Kang: folds
Uncalled bet ($6) returned to agentbond007
agentbond007 collected $11.76 from pot
agentbond007: doesn't show hand
*** SUMMARY ***
Total pot $12 | Rake $0.24
Board [Ah 9c 3c Kd]
Seat 2: agentbond007 (button) (small blind) collected ($11.76)
Seat 7: Great_Kang (big blind) folded on the Turn


PokerStars Hand #174580931632:  Hold'em Limit ($3/$6 USD) - 2017/08/20 14:47:57 ET
Table 'Phad' 10-max Seat #7 is the button
Seat 2: agentbond007 ($101.26 in chips)
Seat 7: Great_Kang ($137 in chips)
Great_Kang: posts small blind $1
agentbond007: posts big blind $3
*** HOLE CARDS ***
Great_Kang: raises $3 to $6
agentbond007: calls $3
*** FLOP *** [Qc Th Qh]
agentbond007: checks
Great_Kang: bets $3
agentbond007: calls $3
*** TURN *** [Qc Th Qh] [8c]
agentbond007: checks
Great_Kang: checks
*** RIVER *** [Qc Th Qh 8c] [4h]
agentbond007: checks
Great_Kang: bets $6
agentbond007: folds
Uncalled bet ($6) returned to Great_Kang
Great_Kang collected $17.64 from pot
Great_Kang: doesn't show hand
*** SUMMARY ***
Total pot $18 | Rake $0.36
Board [Qc Th Qh 8c 4h]
Seat 2: agentbond007 (big blind) folded on the River
Seat 7: Great_Kang (button) (small blind) collected ($17.64)


PokerStars Hand #174580979631:  Hold'em Limit ($3/$6 USD) - 2017/08/20 14:48:52 ET
Table 'Phad' 10-max Seat #2 is the button
Seat 2: agentbond007 ($92.26 in chips)
Seat 7: Great_Kang ($145.64 in chips)
agentbond007: posts small blind $1
Great_Kang: posts big blind $3
*** HOLE CARDS ***
agentbond007: folds
Uncalled bet ($2) returned to Great_Kang
Great_Kang collected $2 from pot
Great_Kang: doesn't show hand
*** SUMMARY ***
Total pot $2 | Rake $0
Seat 2: agentbond007 (button) (small blind) folded before Flop
Seat 7: Great_Kang (big blind) collected ($2)


PokerStars Hand #174580984500:  Hold'em Limit ($3/$6 USD) - 2017/08/20 14:48:57 ET
Table 'Phad' 10-max Seat #7 is the button
Seat 2: agentbond007 ($91.26 in chips)
Seat 7: Great_Kang ($146.64 in chips)
Great_Kang: posts small blind $1
agentbond007: posts big blind $3
*** HOLE CARDS ***
Great_Kang: raises $3 to $6
agentbond007: raises $3 to $9
Great_Kang: calls $3
*** FLOP *** [9h 3d Kc]
agentbond007: bets $3
Great_Kang: folds
Uncalled bet ($3) returned to agentbond007
agentbond007 collected $17.64 from pot
agentbond007: doesn't show hand
*** SUMMARY ***
Total pot $18 | Rake $0.36
Board [9h 3d Kc]
Seat 2: agentbond007 (big blind) collected ($17.64)
Seat 7: Great_Kang (button) (small blind) folded on the Flop


PokerStars Hand #174581011949:  Hold'em Limit ($3/$6 USD) - 2017/08/20 14:49:29 ET
Table 'Phad' 10-max Seat #2 is the button
Seat 2: agentbond007 ($99.90 in chips)
Seat 7: Great_Kang ($137.64 in chips)
agentbond007: posts small blind $1
Great_Kang: posts big blind $3
*** HOLE CARDS ***
agentbond007: raises $3 to $6
Great_Kang: folds
Uncalled bet ($3) returned to agentbond007
agentbond007 collected $6 from pot
agentbond007: doesn't show hand
*** SUMMARY ***
Total pot $6 | Rake $0
Seat 2: agentbond007 (button) (small blind) collected ($6)
Seat 7: Great_Kang (big blind) folded before Flop


PokerStars Hand #174581057648:  Hold'em Limit ($3/$6 USD) - 2017/08/20 14:50:21 ET
Table 'Phad' 10-max Seat #2 is the button
Seat 2: agentbond007 ($90.90 in chips)
Seat 7: Great_Kang ($146.16 in chips)
agentbond007: posts small blind $1
Great_Kang: posts big blind $3
*** HOLE CARDS ***
agentbond007: raises $3 to $6
Great_Kang: calls $3
*** FLOP *** [7d 6h 2c]
yamaxerm joins the table at seat #3
Great_Kang: checks
agentbond007: bets $3
Great_Kang: calls $3
*** TURN *** [7d 6h 2c] [Kd]
Great_Kang: checks
agentbond007: bets $6
Great_Kang: calls $6
*** RIVER *** [7d 6h 2c Kd] [Kc]
Great_Kang: checks
agentbond007: bets $6
Great_Kang: calls $6
*** SHOW DOWN ***
agentbond007: shows [Kh Td] (three of a kind, Kings)
Great_Kang: mucks hand
agentbond007 collected $41.50 from pot
*** SUMMARY ***
Total pot $42 | Rake $0.50
Board [7d 6h 2c Kd Kc]
Seat 2: agentbond007 (button) (small blind) showed [Kh Td] and won ($41.50) with three of a kind, Kings
Seat 7: Great_Kang (big blind) mucked


PokerStars Hand #174581026058:  Hold'em Limit ($3/$6 USD) - 2017/08/20 14:49:45 ET
Table 'Phad' 10-max Seat #7 is the button
Seat 2: agentbond007 ($102.90 in chips)
Seat 7: Great_Kang ($134.64 in chips)
Great_Kang: posts small blind $1
agentbond007: posts big blind $3
*** HOLE CARDS ***
Great_Kang: raises $3 to $6
nordschrott joins the table at seat #8
agentbond007: raises $3 to $9
Great_Kang: calls $3
*** FLOP *** [3c 7c Kh]
agentbond007: checks
B_loJkl joins the table at seat #9
Great_Kang: bets $3
agentbond007: calls $3
*** TURN *** [3c 7c Kh] [7d]
agentbond007: checks
Great_Kang: bets $6
agentbond007: folds
Uncalled bet ($6) returned to Great_Kang
Great_Kang collected $23.52 from pot
Great_Kang: doesn't show hand
*** SUMMARY ***
Total pot $24 | Rake $0.48
Board [3c 7c Kh 7d]
Seat 2: agentbond007 (big blind) folded on the Turn
Seat 7: Great_Kang (button) (small blind) collected ($23.52)


