PokerStars Hand #158322140754:  Hold'em Limit ($3/$6 USD) - 2016/09/08 7:58:13 ET
Table 'Phad II' 10-max Seat #7 is the button
Seat 6: xcgxcg2005 ($89 in chips)
Seat 7: B_loJkl ($180.50 in chips)
B_loJkl: posts small blind $1
xcgxcg2005: posts big blind $3
*** HOLE CARDS ***
B_loJkl: raises $3 to $6
xcgxcg2005: raises $3 to $9
B_loJkl: calls $3
*** FLOP *** [9s 5c 6h]
xcgxcg2005: bets $3
B_loJkl: calls $3
*** TURN *** [9s 5c 6h] [5h]
xcgxcg2005: bets $6
B_loJkl: raises $6 to $12
xcgxcg2005: calls $6
*** RIVER *** [9s 5c 6h 5h] [4s]
xcgxcg2005: checks
B_loJkl: bets $6
xcgxcg2005: calls $6
*** SHOW DOWN ***
B_loJkl: shows [5s 6d] (a full house, Fives full of Sixes)
xcgxcg2005: mucks hand
B_loJkl collected $59.50 from pot
*** SUMMARY ***
Total pot $60 | Rake $0.50
Board [9s 5c 6h 5h 4s]
Seat 6: xcgxcg2005 (big blind) mucked
Seat 7: B_loJkl (button) (small blind) showed [5s 6d] and won ($59.50) with a full house, Fives full of Sixes


PokerStars Hand #158322130615:  Hold'em Limit ($3/$6 USD) - 2016/09/08 7:57:47 ET
Table 'Phad II' 10-max Seat #6 is the button
Seat 6: xcgxcg2005 ($116 in chips)
Seat 7: B_loJkl ($154 in chips)
xcgxcg2005: posts small blind $1
B_loJkl: posts big blind $3
*** HOLE CARDS ***
xcgxcg2005: raises $3 to $6
B_loJkl: calls $3
*** FLOP *** [6d Ts 3h]
B_loJkl: checks
xcgxcg2005: bets $3
B_loJkl: raises $3 to $6
xcgxcg2005: raises $3 to $9
B_loJkl: calls $3
*** TURN *** [6d Ts 3h] [3d]
B_loJkl: bets $6
xcgxcg2005: calls $6
*** RIVER *** [6d Ts 3h 3d] [Qd]
B_loJkl: bets $6
xcgxcg2005: calls $6
*** SHOW DOWN ***
B_loJkl: shows [8d Tc] (two pair, Tens and Threes)
xcgxcg2005: mucks hand
B_loJkl collected $53.50 from pot
*** SUMMARY ***
Total pot $54 | Rake $0.50
Board [6d Ts 3h 3d Qd]
Seat 6: xcgxcg2005 (button) (small blind) mucked
Seat 7: B_loJkl (big blind) showed [8d Tc] and won ($53.50) with two pair, Tens and Threes


PokerStars Hand #158322128530:  Hold'em Limit ($3/$6 USD) - 2016/09/08 7:57:42 ET
Table 'Phad II' 10-max Seat #7 is the button
Seat 6: xcgxcg2005 ($115 in chips)
Seat 7: B_loJkl ($155 in chips)
B_loJkl: posts small blind $1
xcgxcg2005: posts big blind $3
*** HOLE CARDS ***
B_loJkl: folds
Uncalled bet ($2) returned to xcgxcg2005
xcgxcg2005 collected $2 from pot
xcgxcg2005: doesn't show hand
*** SUMMARY ***
Total pot $2 | Rake $0
Seat 6: xcgxcg2005 (big blind) collected ($2)
Seat 7: B_loJkl (button) (small blind) folded before Flop


PokerStars Hand #158322126613:  Hold'em Limit ($3/$6 USD) - 2016/09/08 7:57:38 ET
Table 'Phad II' 10-max Seat #6 is the button
Seat 6: xcgxcg2005 ($116 in chips)
Seat 7: B_loJkl ($154 in chips)
xcgxcg2005: posts small blind $1
B_loJkl: posts big blind $3
*** HOLE CARDS ***
xcgxcg2005: folds
Uncalled bet ($2) returned to B_loJkl
B_loJkl collected $2 from pot
B_loJkl: doesn't show hand
*** SUMMARY ***
Total pot $2 | Rake $0
Seat 6: xcgxcg2005 (button) (small blind) folded before Flop
Seat 7: B_loJkl (big blind) collected ($2)


PokerStars Hand #158322124287:  Hold'em Limit ($3/$6 USD) - 2016/09/08 7:57:32 ET
Table 'Phad II' 10-max Seat #7 is the button
Seat 6: xcgxcg2005 ($119 in chips)
Seat 7: B_loJkl ($151 in chips)
B_loJkl: posts small blind $1
xcgxcg2005: posts big blind $3
*** HOLE CARDS ***
B_loJkl: raises $3 to $6
xcgxcg2005: folds
Uncalled bet ($3) returned to B_loJkl
B_loJkl collected $6 from pot
B_loJkl: doesn't show hand
*** SUMMARY ***
Total pot $6 | Rake $0
Seat 6: xcgxcg2005 (big blind) folded before Flop
Seat 7: B_loJkl (button) (small blind) collected ($6)


PokerStars Hand #158322121733:  Hold'em Limit ($3/$6 USD) - 2016/09/08 7:57:25 ET
Table 'Phad II' 10-max Seat #6 is the button
Seat 6: xcgxcg2005 ($120 in chips)
Seat 7: B_loJkl ($150 in chips)
xcgxcg2005: posts small blind $1
B_loJkl: posts big blind $3
*** HOLE CARDS ***
xcgxcg2005: folds
Uncalled bet ($2) returned to B_loJkl
B_loJkl collected $2 from pot
B_loJkl: doesn't show hand
*** SUMMARY ***
Total pot $2 | Rake $0
Seat 6: xcgxcg2005 (button) (small blind) folded before Flop
Seat 7: B_loJkl (big blind) collected ($2)


PokerStars Hand #158322157675:  Hold'em Limit ($3/$6 USD) - 2016/09/08 7:58:54 ET
Table 'Phad II' 10-max Seat #7 is the button
Seat 6: xcgxcg2005 ($65.64 in chips)
Seat 7: B_loJkl ($203 in chips)
B_loJkl: posts small blind $1
xcgxcg2005: posts big blind $3
*** HOLE CARDS ***
B_loJkl: raises $3 to $6
xcgxcg2005: folds
Uncalled bet ($3) returned to B_loJkl
B_loJkl collected $6 from pot
B_loJkl: doesn't show hand
*** SUMMARY ***
Total pot $6 | Rake $0
Seat 6: xcgxcg2005 (big blind) folded before Flop
Seat 7: B_loJkl (button) (small blind) collected ($6)


PokerStars Hand #158322155620:  Hold'em Limit ($3/$6 USD) - 2016/09/08 7:58:49 ET
Table 'Phad II' 10-max Seat #6 is the button
Seat 6: xcgxcg2005 ($66.64 in chips)
Seat 7: B_loJkl ($202 in chips)
xcgxcg2005: posts small blind $1
B_loJkl: posts big blind $3
*** HOLE CARDS ***
xcgxcg2005: folds
Uncalled bet ($2) returned to B_loJkl
B_loJkl collected $2 from pot
B_loJkl: doesn't show hand
*** SUMMARY ***
Total pot $2 | Rake $0
Seat 6: xcgxcg2005 (button) (small blind) folded before Flop
Seat 7: B_loJkl (big blind) collected ($2)


PokerStars Hand #158322149781:  Hold'em Limit ($3/$6 USD) - 2016/09/08 7:58:34 ET
Table 'Phad II' 10-max Seat #7 is the button
Seat 6: xcgxcg2005 ($58 in chips)
Seat 7: B_loJkl ($211 in chips)
B_loJkl: posts small blind $1
xcgxcg2005: posts big blind $3
*** HOLE CARDS ***
B_loJkl: raises $3 to $6
xcgxcg2005: calls $3
*** FLOP *** [Jd Ks As]
xcgxcg2005: checks
B_loJkl: bets $3
xcgxcg2005: raises $3 to $6
B_loJkl: folds
Uncalled bet ($3) returned to xcgxcg2005
xcgxcg2005 collected $17.64 from pot
xcgxcg2005: doesn't show hand
*** SUMMARY ***
Total pot $18 | Rake $0.36
Board [Jd Ks As]
Seat 6: xcgxcg2005 (big blind) collected ($17.64)
Seat 7: B_loJkl (button) (small blind) folded on the Flop


PokerStars Hand #158322148011:  Hold'em Limit ($3/$6 USD) - 2016/09/08 7:58:30 ET
Table 'Phad II' 10-max Seat #6 is the button
Seat 6: xcgxcg2005 ($59 in chips)
Seat 7: B_loJkl ($210 in chips)
xcgxcg2005: posts small blind $1
B_loJkl: posts big blind $3
*** HOLE CARDS ***
xcgxcg2005: folds
Uncalled bet ($2) returned to B_loJkl
B_loJkl collected $2 from pot
B_loJkl: doesn't show hand
*** SUMMARY ***
Total pot $2 | Rake $0
Seat 6: xcgxcg2005 (button) (small blind) folded before Flop
Seat 7: B_loJkl (big blind) collected ($2)


PokerStars Hand #158322192186:  Hold'em Limit ($3/$6 USD) - 2016/09/08 8:00:18 ET
Table 'Phad II' 10-max Seat #7 is the button
Seat 6: xcgxcg2005 ($56.90 in chips)
Seat 7: B_loJkl ($210.50 in chips)
B_loJkl: posts small blind $1
xcgxcg2005: posts big blind $3
*** HOLE CARDS ***
B_loJkl: raises $3 to $6
xcgxcg2005: folds
Uncalled bet ($3) returned to B_loJkl
B_loJkl collected $6 from pot
B_loJkl: doesn't show hand
*** SUMMARY ***
Total pot $6 | Rake $0
Seat 6: xcgxcg2005 (big blind) folded before Flop
Seat 7: B_loJkl (button) (small blind) collected ($6)


PokerStars Hand #158322185581:  Hold'em Limit ($3/$6 USD) - 2016/09/08 8:00:02 ET
Table 'Phad II' 10-max Seat #6 is the button
Seat 6: xcgxcg2005 ($80.90 in chips)
Seat 7: B_loJkl ($187 in chips)
xcgxcg2005: posts small blind $1
B_loJkl: posts big blind $3
*** HOLE CARDS ***
xcgxcg2005: raises $3 to $6
B_loJkl: calls $3
*** FLOP *** [9h 2s 2c]
B_loJkl: checks
xcgxcg2005: bets $3
B_loJkl: raises $3 to $6
xcgxcg2005: calls $3
*** TURN *** [9h 2s 2c] [Js]
B_loJkl: bets $6
xcgxcg2005: calls $6
*** RIVER *** [9h 2s 2c Js] [8s]
B_loJkl: bets $6
xcgxcg2005: calls $6
*** SHOW DOWN ***
B_loJkl: shows [9d Qc] (two pair, Nines and Deuces)
xcgxcg2005: mucks hand
B_loJkl collected $47.50 from pot
*** SUMMARY ***
Total pot $48 | Rake $0.50
Board [9h 2s 2c Js 8s]
Seat 6: xcgxcg2005 (button) (small blind) mucked
Seat 7: B_loJkl (big blind) showed [9d Qc] and won ($47.50) with two pair, Nines and Deuces


PokerStars Hand #158322183472:  Hold'em Limit ($3/$6 USD) - 2016/09/08 7:59:57 ET
Table 'Phad II' 10-max Seat #7 is the button
Seat 6: xcgxcg2005 ($79.90 in chips)
Seat 7: B_loJkl ($188 in chips)
B_loJkl: posts small blind $1
xcgxcg2005: posts big blind $3
*** HOLE CARDS ***
B_loJkl: folds
Uncalled bet ($2) returned to xcgxcg2005
xcgxcg2005 collected $2 from pot
xcgxcg2005: doesn't show hand
*** SUMMARY ***
Total pot $2 | Rake $0
Seat 6: xcgxcg2005 (big blind) collected ($2)
Seat 7: B_loJkl (button) (small blind) folded before Flop


PokerStars Hand #158322178521:  Hold'em Limit ($3/$6 USD) - 2016/09/08 7:59:45 ET
Table 'Phad II' 10-max Seat #6 is the button
Seat 6: xcgxcg2005 ($74.14 in chips)
Seat 7: B_loJkl ($194 in chips)
xcgxcg2005: posts small blind $1
B_loJkl: posts big blind $3
*** HOLE CARDS ***
xcgxcg2005: raises $3 to $6
B_loJkl: calls $3
*** FLOP *** [Jh Kc Ks]
B_loJkl: checks
xcgxcg2005: bets $3
B_loJkl: folds
Uncalled bet ($3) returned to xcgxcg2005
xcgxcg2005 collected $11.76 from pot
xcgxcg2005: doesn't show hand
*** SUMMARY ***
Total pot $12 | Rake $0.24
Board [Jh Kc Ks]
Seat 6: xcgxcg2005 (button) (small blind) collected ($11.76)
Seat 7: B_loJkl (big blind) folded on the Flop


PokerStars Hand #158322175391:  Hold'em Limit ($3/$6 USD) - 2016/09/08 7:59:37 ET
Table 'Phad II' 10-max Seat #7 is the button
Seat 6: xcgxcg2005 ($77.14 in chips)
Seat 7: B_loJkl ($191 in chips)
B_loJkl: posts small blind $1
xcgxcg2005: posts big blind $3
*** HOLE CARDS ***
B_loJkl: raises $3 to $6
xcgxcg2005: folds
Uncalled bet ($3) returned to B_loJkl
B_loJkl collected $6 from pot
B_loJkl: doesn't show hand
*** SUMMARY ***
Total pot $6 | Rake $0
Seat 6: xcgxcg2005 (big blind) folded before Flop
Seat 7: B_loJkl (button) (small blind) collected ($6)


PokerStars Hand #158322159944:  Hold'em Limit ($3/$6 USD) - 2016/09/08 7:58:59 ET
Table 'Phad II' 10-max Seat #6 is the button
Seat 6: xcgxcg2005 ($62.64 in chips)
Seat 7: B_loJkl ($206 in chips)
xcgxcg2005: posts small blind $1
B_loJkl: posts big blind $3
*** HOLE CARDS ***
xcgxcg2005: raises $3 to $6
B_loJkl: calls $3
*** FLOP *** [2c As 8s]
B_loJkl: checks
xcgxcg2005: bets $3
B_loJkl: raises $3 to $6
xcgxcg2005: raises $3 to $9
B_loJkl: calls $3
*** TURN *** [2c As 8s] [Jd]
B_loJkl: checks
xcgxcg2005: bets $6
B_loJkl: folds
Uncalled bet ($6) returned to xcgxcg2005
xcgxcg2005 collected $29.50 from pot
xcgxcg2005: doesn't show hand
*** SUMMARY ***
Total pot $30 | Rake $0.50
Board [2c As 8s Jd]
Seat 6: xcgxcg2005 (button) (small blind) collected ($29.50)
Seat 7: B_loJkl (big blind) folded on the Turn


PokerStars Hand #158322221388:  Hold'em Limit ($3/$6 USD) - 2016/09/08 8:01:24 ET
Table 'Phad II' 10-max Seat #7 is the button
Seat 6: xcgxcg2005 ($51.01 in chips)
Seat 7: B_loJkl ($243.52 in chips)
B_loJkl: posts small blind $1
xcgxcg2005: posts big blind $3
*** HOLE CARDS ***
B_loJkl: raises $3 to $6
xcgxcg2005: folds
Uncalled bet ($3) returned to B_loJkl
B_loJkl collected $6 from pot
B_loJkl: doesn't show hand
*** SUMMARY ***
Total pot $6 | Rake $0
Seat 6: xcgxcg2005 (big blind) folded before Flop
Seat 7: B_loJkl (button) (small blind) collected ($6)


PokerStars Hand #158322219269:  Hold'em Limit ($3/$6 USD) - 2016/09/08 8:01:19 ET
Table 'Phad II' 10-max Seat #6 is the button
Seat 6: xcgxcg2005 ($52.01 in chips)
Seat 7: B_loJkl ($242.52 in chips)
xcgxcg2005: posts small blind $1
B_loJkl: posts big blind $3
*** HOLE CARDS ***
xcgxcg2005: folds
Uncalled bet ($2) returned to B_loJkl
B_loJkl collected $2 from pot
B_loJkl: doesn't show hand
*** SUMMARY ***
Total pot $2 | Rake $0
Seat 6: xcgxcg2005 (button) (small blind) folded before Flop
Seat 7: B_loJkl (big blind) collected ($2)


PokerStars Hand #158322207656:  Hold'em Limit ($3/$6 USD) - 2016/09/08 8:00:53 ET
Table 'Phad II' 10-max Seat #7 is the button
Seat 6: xcgxcg2005 ($35.90 in chips)
Seat 7: B_loJkl ($231 in chips)
B_loJkl: posts small blind $1
xcgxcg2005: posts big blind $3
*** HOLE CARDS ***
B_loJkl: raises $3 to $6
xcgxcg2005: raises $3 to $9
B_loJkl: calls $3
*** FLOP *** [8h 8d 6s]
xcgxcg2005: bets $3
B_loJkl: calls $3
*** TURN *** [8h 8d 6s] [Qs]
xcgxcg2005: checks
B_loJkl: checks
*** RIVER *** [8h 8d 6s Qs] [Qc]
xcgxcg2005: checks
B_loJkl: checks
*** SHOW DOWN ***
xcgxcg2005: shows [Th Ks] (two pair, Queens and Eights)
B_loJkl: shows [Ac Jh] (two pair, Queens and Eights - Ace kicker)
B_loJkl collected $23.52 from pot
*** SUMMARY ***
Total pot $24 | Rake $0.48
Board [8h 8d 6s Qs Qc]
Seat 6: xcgxcg2005 (big blind) showed [Th Ks] and lost with two pair, Queens and Eights
Seat 7: B_loJkl (button) (small blind) showed [Ac Jh] and won ($23.52) with two pair, Queens and Eights


PokerStars Hand #158322194310:  Hold'em Limit ($3/$6 USD) - 2016/09/08 8:00:23 ET
Table 'Phad II' 10-max Seat #6 is the button
Seat 6: xcgxcg2005 ($53.90 in chips)
Seat 7: B_loJkl ($213.50 in chips)
xcgxcg2005: posts small blind $1
B_loJkl: posts big blind $3
*** HOLE CARDS ***
xcgxcg2005: raises $3 to $6
B_loJkl: calls $3
*** FLOP *** [Td 3s 5h]
B_loJkl: checks
xcgxcg2005: checks
*** TURN *** [Td 3s 5h] [9h]
B_loJkl: bets $6
xcgxcg2005: calls $6
*** RIVER *** [Td 3s 5h 9h] [Kc]
B_loJkl: checks
xcgxcg2005: bets $6
B_loJkl: calls $6
*** SHOW DOWN ***
xcgxcg2005: shows [9c Jc] (a pair of Nines)
B_loJkl: shows [4c Tc] (a pair of Tens)
B_loJkl collected $35.50 from pot
*** SUMMARY ***
Total pot $36 | Rake $0.50
Board [Td 3s 5h 9h Kc]
Seat 6: xcgxcg2005 (button) (small blind) showed [9c Jc] and lost with a pair of Nines
Seat 7: B_loJkl (big blind) showed [4c Tc] and won ($35.50) with a pair of Tens


PokerStars Hand #158322236140:  Hold'em Limit ($3/$6 USD) - 2016/09/08 8:01:57 ET
Table 'Phad II' 10-max Seat #6 is the button
Seat 6: xcgxcg2005 ($62.53 in chips)
Seat 7: B_loJkl ($231.52 in chips)
xcgxcg2005: posts small blind $1
B_loJkl: posts big blind $3
*** HOLE CARDS ***
xcgxcg2005: raises $3 to $6
B_loJkl: calls $3
*** FLOP *** [2s Ks Kd]
B_loJkl: checks
xcgxcg2005: bets $3
B_loJkl: folds
Uncalled bet ($3) returned to xcgxcg2005
xcgxcg2005 collected $11.76 from pot
xcgxcg2005: doesn't show hand
*** SUMMARY ***
Total pot $12 | Rake $0.24
Board [2s Ks Kd]
Seat 6: xcgxcg2005 (button) (small blind) collected ($11.76)
Seat 7: B_loJkl (big blind) folded on the Flop


PokerStars Hand #158322226947:  Hold'em Limit ($3/$6 USD) - 2016/09/08 8:01:37 ET
Table 'Phad II' 10-max Seat #7 is the button
Seat 6: xcgxcg2005 ($51.01 in chips)
Seat 7: B_loJkl ($243.52 in chips)
B_loJkl: posts small blind $1
xcgxcg2005: posts big blind $3
*** HOLE CARDS ***
B_loJkl: raises $3 to $6
xcgxcg2005: raises $3 to $9
B_loJkl: calls $3
*** FLOP *** [8s 8h Kc]
xcgxcg2005: bets $3
B_loJkl: calls $3
*** TURN *** [8s 8h Kc] [3d]
xcgxcg2005: bets $6
B_loJkl: folds
Uncalled bet ($6) returned to xcgxcg2005
xcgxcg2005 collected $23.52 from pot
xcgxcg2005: doesn't show hand
*** SUMMARY ***
Total pot $24 | Rake $0.48
Board [8s 8h Kc 3d]
Seat 6: xcgxcg2005 (big blind) collected ($23.52)
Seat 7: B_loJkl (button) (small blind) folded on the Turn


PokerStars Hand #158322224018:  Hold'em Limit ($3/$6 USD) - 2016/09/08 8:01:30 ET
Table 'Phad II' 10-max Seat #6 is the button
Seat 6: xcgxcg2005 ($48.01 in chips)
Seat 7: B_loJkl ($246.52 in chips)
xcgxcg2005: posts small blind $1
B_loJkl: posts big blind $3
*** HOLE CARDS ***
xcgxcg2005: raises $3 to $6
B_loJkl: folds
Uncalled bet ($3) returned to xcgxcg2005
xcgxcg2005 collected $6 from pot
xcgxcg2005: doesn't show hand
*** SUMMARY ***
Total pot $6 | Rake $0
Seat 6: xcgxcg2005 (button) (small blind) collected ($6)
Seat 7: B_loJkl (big blind) folded before Flop


PokerStars Hand #158322274149:  Hold'em Limit ($3/$6 USD) - 2016/09/08 8:03:19 ET
Table 'Phad II' 10-max Seat #6 is the button
Seat 6: xcgxcg2005 ($67.57 in chips)
Seat 7: B_loJkl ($224.80 in chips)
xcgxcg2005: posts small blind $1
B_loJkl: posts big blind $3
*** HOLE CARDS ***
xcgxcg2005: folds
Uncalled bet ($2) returned to B_loJkl
B_loJkl collected $2 from pot
B_loJkl: doesn't show hand
*** SUMMARY ***
Total pot $2 | Rake $0
Seat 6: xcgxcg2005 (button) (small blind) folded before Flop
Seat 7: B_loJkl (big blind) collected ($2)


PokerStars Hand #158322265008:  Hold'em Limit ($3/$6 USD) - 2016/09/08 8:02:59 ET
Table 'Phad II' 10-max Seat #7 is the button
Seat 6: xcgxcg2005 ($79.57 in chips)
Seat 7: B_loJkl ($213.28 in chips)
B_loJkl: posts small blind $1
xcgxcg2005: posts big blind $3
*** HOLE CARDS ***
B_loJkl: raises $3 to $6
xcgxcg2005: raises $3 to $9
B_loJkl: calls $3
*** FLOP *** [8c 8s Ks]
xcgxcg2005: bets $3
B_loJkl: raises $3 to $6
xcgxcg2005: folds
Uncalled bet ($3) returned to B_loJkl
B_loJkl collected $23.52 from pot
B_loJkl: doesn't show hand
*** SUMMARY ***
Total pot $24 | Rake $0.48
Board [8c 8s Ks]
Seat 6: xcgxcg2005 (big blind) folded on the Flop
Seat 7: B_loJkl (button) (small blind) collected ($23.52)


PokerStars Hand #158322255188:  Hold'em Limit ($3/$6 USD) - 2016/09/08 8:02:38 ET
Table 'Phad II' 10-max Seat #6 is the button
Seat 6: xcgxcg2005 ($68.05 in chips)
Seat 7: B_loJkl ($225.28 in chips)
xcgxcg2005: posts small blind $1
B_loJkl: posts big blind $3
*** HOLE CARDS ***
xcgxcg2005: raises $3 to $6
B_loJkl: raises $3 to $9
xcgxcg2005: calls $3
*** FLOP *** [Ah Qc 2d]
B_loJkl: bets $3
xcgxcg2005: raises $3 to $6
B_loJkl: folds
Uncalled bet ($3) returned to xcgxcg2005
xcgxcg2005 collected $23.52 from pot
xcgxcg2005: doesn't show hand
*** SUMMARY ***
Total pot $24 | Rake $0.48
Board [Ah Qc 2d]
Seat 6: xcgxcg2005 (button) (small blind) collected ($23.52)
Seat 7: B_loJkl (big blind) folded on the Flop


PokerStars Hand #158322242544:  Hold'em Limit ($3/$6 USD) - 2016/09/08 8:02:11 ET
Table 'Phad II' 10-max Seat #7 is the button
Seat 6: xcgxcg2005 ($68.29 in chips)
Seat 7: B_loJkl ($225.52 in chips)
B_loJkl: posts small blind $1
xcgxcg2005: posts big blind $3
*** HOLE CARDS ***
B_loJkl: raises $3 to $6
xcgxcg2005: raises $3 to $9
B_loJkl: calls $3
*** FLOP *** [7d 9h Ah]
xcgxcg2005: bets $3
B_loJkl: calls $3
*** TURN *** [7d 9h Ah] [7h]
xcgxcg2005: checks
B_loJkl: checks
*** RIVER *** [7d 9h Ah 7h] [9c]
xcgxcg2005: checks
B_loJkl: checks
*** SHOW DOWN ***
xcgxcg2005: shows [6c Kd] (two pair, Nines and Sevens)
B_loJkl: shows [5s Kc] (two pair, Nines and Sevens)
xcgxcg2005 collected $11.76 from pot
B_loJkl collected $11.76 from pot
*** SUMMARY ***
Total pot $24 | Rake $0.48
Board [7d 9h Ah 7h 9c]
Seat 6: xcgxcg2005 (big blind) showed [6c Kd] and won ($11.76) with two pair, Nines and Sevens
Seat 7: B_loJkl (button) (small blind) showed [5s Kc] and won ($11.76) with two pair, Nines and Sevens


PokerStars Hand #158322282544:  Hold'em Limit ($3/$6 USD) - 2016/09/08 8:03:36 ET
Table 'Phad II' 10-max Seat #6 is the button
Seat 6: xcgxcg2005 ($75.21 in chips)
Seat 7: B_loJkl ($216.80 in chips)
xcgxcg2005: posts small blind $1
B_loJkl: posts big blind $3
*** HOLE CARDS ***
xcgxcg2005: raises $3 to $6
B_loJkl: calls $3
*** FLOP *** [As 4d 6s]
B_loJkl: checks
xcgxcg2005: bets $3
B_loJkl: calls $3
*** TURN *** [As 4d 6s] [3h]
B_loJkl: checks
xcgxcg2005: bets $6
B_loJkl: folds
Uncalled bet ($6) returned to xcgxcg2005
xcgxcg2005 collected $17.64 from pot
xcgxcg2005: doesn't show hand
*** SUMMARY ***
Total pot $18 | Rake $0.36
Board [As 4d 6s 3h]
Seat 6: xcgxcg2005 (button) (small blind) collected ($17.64)
Seat 7: B_loJkl (big blind) folded on the Turn


PokerStars Hand #158322276395:  Hold'em Limit ($3/$6 USD) - 2016/09/08 8:03:23 ET
Table 'Phad II' 10-max Seat #7 is the button
Seat 6: xcgxcg2005 ($66.57 in chips)
Seat 7: B_loJkl ($225.80 in chips)
B_loJkl: posts small blind $1
xcgxcg2005: posts big blind $3
*** HOLE CARDS ***
B_loJkl: raises $3 to $6
xcgxcg2005: raises $3 to $9
B_loJkl: calls $3
*** FLOP *** [2s Kc 3s]
xcgxcg2005: bets $3
B_loJkl: folds
Uncalled bet ($3) returned to xcgxcg2005
xcgxcg2005 collected $17.64 from pot
xcgxcg2005: doesn't show hand
*** SUMMARY ***
Total pot $18 | Rake $0.36
Board [2s Kc 3s]
Seat 6: xcgxcg2005 (big blind) collected ($17.64)
Seat 7: B_loJkl (button) (small blind) folded on the Flop


PokerStars Hand #158322332779:  Hold'em Limit ($3/$6 USD) - 2016/09/08 8:05:23 ET
Table 'Phad II' 10-max Seat #7 is the button
Seat 6: xcgxcg2005 ($86.35 in chips)
Seat 7: B_loJkl ($204.08 in chips)
B_loJkl: posts small blind $1
xcgxcg2005: posts big blind $3
*** HOLE CARDS ***
B_loJkl: raises $3 to $6
xcgxcg2005: folds
Uncalled bet ($3) returned to B_loJkl
B_loJkl collected $6 from pot
B_loJkl: doesn't show hand
*** SUMMARY ***
Total pot $6 | Rake $0
Seat 6: xcgxcg2005 (big blind) folded before Flop
Seat 7: B_loJkl (button) (small blind) collected ($6)


PokerStars Hand #158322330262:  Hold'em Limit ($3/$6 USD) - 2016/09/08 8:05:18 ET
Table 'Phad II' 10-max Seat #6 is the button
Seat 6: xcgxcg2005 ($87.35 in chips)
Seat 7: B_loJkl ($203.08 in chips)
xcgxcg2005: posts small blind $1
B_loJkl: posts big blind $3
*** HOLE CARDS ***
xcgxcg2005: folds
Uncalled bet ($2) returned to B_loJkl
B_loJkl collected $2 from pot
B_loJkl: doesn't show hand
*** SUMMARY ***
Total pot $2 | Rake $0
Seat 6: xcgxcg2005 (button) (small blind) folded before Flop
Seat 7: B_loJkl (big blind) collected ($2)


PokerStars Hand #158322320248:  Hold'em Limit ($3/$6 USD) - 2016/09/08 8:04:57 ET
Table 'Phad II' 10-max Seat #7 is the button
Seat 6: xcgxcg2005 ($63.85 in chips)
Seat 7: B_loJkl ($227.08 in chips)
B_loJkl: posts small blind $1
xcgxcg2005: posts big blind $3
*** HOLE CARDS ***
B_loJkl: raises $3 to $6
xcgxcg2005: raises $3 to $9
B_loJkl: calls $3
*** FLOP *** [Kc 9s Qd]
xcgxcg2005: bets $3
B_loJkl: calls $3
*** TURN *** [Kc 9s Qd] [3d]
xcgxcg2005: checks
B_loJkl: bets $6
xcgxcg2005: calls $6
*** RIVER *** [Kc 9s Qd 3d] [2h]
xcgxcg2005: checks
B_loJkl: bets $6
xcgxcg2005: calls $6
*** SHOW DOWN ***
B_loJkl: shows [Th 5h] (high card King)
xcgxcg2005: shows [Jc 3c] (a pair of Threes)
xcgxcg2005 collected $47.50 from pot
*** SUMMARY ***
Total pot $48 | Rake $0.50
Board [Kc 9s Qd 3d 2h]
Seat 6: xcgxcg2005 (big blind) showed [Jc 3c] and won ($47.50) with a pair of Threes
Seat 7: B_loJkl (button) (small blind) showed [Th 5h] and lost with high card King


PokerStars Hand #158322318090:  Hold'em Limit ($3/$6 USD) - 2016/09/08 8:04:52 ET
Table 'Phad II' 10-max Seat #6 is the button
Seat 6: xcgxcg2005 ($64.85 in chips)
Seat 7: B_loJkl ($226.08 in chips)
xcgxcg2005: posts small blind $1
B_loJkl: posts big blind $3
*** HOLE CARDS ***
xcgxcg2005: folds
Uncalled bet ($2) returned to B_loJkl
B_loJkl collected $2 from pot
B_loJkl: doesn't show hand
*** SUMMARY ***
Total pot $2 | Rake $0
Seat 6: xcgxcg2005 (button) (small blind) folded before Flop
Seat 7: B_loJkl (big blind) collected ($2)


PokerStars Hand #158322312511:  Hold'em Limit ($3/$6 USD) - 2016/09/08 8:04:40 ET
Table 'Phad II' 10-max Seat #7 is the button
Seat 6: xcgxcg2005 ($70.85 in chips)
Seat 7: B_loJkl ($220.32 in chips)
B_loJkl: posts small blind $1
xcgxcg2005: posts big blind $3
*** HOLE CARDS ***
B_loJkl: raises $3 to $6
xcgxcg2005: calls $3
*** FLOP *** [Qs 8s 4s]
xcgxcg2005: checks
B_loJkl: bets $3
xcgxcg2005: folds
Uncalled bet ($3) returned to B_loJkl
B_loJkl collected $11.76 from pot
B_loJkl: doesn't show hand
*** SUMMARY ***
Total pot $12 | Rake $0.24
Board [Qs 8s 4s]
Seat 6: xcgxcg2005 (big blind) folded on the Flop
Seat 7: B_loJkl (button) (small blind) collected ($11.76)


PokerStars Hand #158322309720:  Hold'em Limit ($3/$6 USD) - 2016/09/08 8:04:34 ET
Table 'Phad II' 10-max Seat #6 is the button
Seat 6: xcgxcg2005 ($71.85 in chips)
Seat 7: B_loJkl ($219.32 in chips)
xcgxcg2005: posts small blind $1
B_loJkl: posts big blind $3
*** HOLE CARDS ***
xcgxcg2005: folds
Uncalled bet ($2) returned to B_loJkl
B_loJkl collected $2 from pot
B_loJkl: doesn't show hand
*** SUMMARY ***
Total pot $2 | Rake $0
Seat 6: xcgxcg2005 (button) (small blind) folded before Flop
Seat 7: B_loJkl (big blind) collected ($2)


PokerStars Hand #158322301038:  Hold'em Limit ($3/$6 USD) - 2016/09/08 8:04:16 ET
Table 'Phad II' 10-max Seat #7 is the button
Seat 6: xcgxcg2005 ($83.85 in chips)
Seat 7: B_loJkl ($207.80 in chips)
B_loJkl: posts small blind $1
xcgxcg2005: posts big blind $3
*** HOLE CARDS ***
B_loJkl: raises $3 to $6
xcgxcg2005: raises $3 to $9
B_loJkl: calls $3
*** FLOP *** [As 9h 7c]
xcgxcg2005: bets $3
B_loJkl: raises $3 to $6
xcgxcg2005: folds
Uncalled bet ($3) returned to B_loJkl
B_loJkl collected $23.52 from pot
B_loJkl: doesn't show hand
*** SUMMARY ***
Total pot $24 | Rake $0.48
Board [As 9h 7c]
Seat 6: xcgxcg2005 (big blind) folded on the Flop
Seat 7: B_loJkl (button) (small blind) collected ($23.52)


PokerStars Hand #158322349142:  Hold'em Limit ($3/$6 USD) - 2016/09/08 8:05:59 ET
Table 'Phad II' 10-max Seat #6 is the button
Seat 6: xcgxcg2005 ($82.10 in chips)
Seat 7: B_loJkl ($207.83 in chips)
xcgxcg2005: posts small blind $1
B_loJkl: posts big blind $3
*** HOLE CARDS ***
xcgxcg2005: folds
Uncalled bet ($2) returned to B_loJkl
B_loJkl collected $2 from pot
B_loJkl: doesn't show hand
*** SUMMARY ***
Total pot $2 | Rake $0
Seat 6: xcgxcg2005 (button) (small blind) folded before Flop
Seat 7: B_loJkl (big blind) collected ($2)


PokerStars Hand #158322338011:  Hold'em Limit ($3/$6 USD) - 2016/09/08 8:05:34 ET
Table 'Phad II' 10-max Seat #7 is the button
Seat 6: xcgxcg2005 ($82.35 in chips)
Seat 7: B_loJkl ($208.08 in chips)
B_loJkl: posts small blind $1
xcgxcg2005: posts big blind $3
*** HOLE CARDS ***
B_loJkl: raises $3 to $6
xcgxcg2005: raises $3 to $9
B_loJkl: calls $3
*** FLOP *** [8h As 9d]
xcgxcg2005: bets $3
B_loJkl: calls $3
*** TURN *** [8h As 9d] [8c]
xcgxcg2005: checks
B_loJkl: bets $6
xcgxcg2005: calls $6
*** RIVER *** [8h As 9d 8c] [7c]
xcgxcg2005: checks
B_loJkl: checks
*** SHOW DOWN ***
xcgxcg2005: shows [2s Kc] (a pair of Eights)
B_loJkl: shows [Kd 5c] (a pair of Eights)
xcgxcg2005 collected $17.75 from pot
B_loJkl collected $17.75 from pot
*** SUMMARY ***
Total pot $36 | Rake $0.50
Board [8h As 9d 8c 7c]
Seat 6: xcgxcg2005 (big blind) showed [2s Kc] and won ($17.75) with a pair of Eights
Seat 7: B_loJkl (button) (small blind) showed [Kd 5c] and won ($17.75) with a pair of Eights


PokerStars Hand #158322335656:  Hold'em Limit ($3/$6 USD) - 2016/09/08 8:05:29 ET
Table 'Phad II' 10-max Seat #6 is the button
Seat 6: xcgxcg2005 ($83.35 in chips)
Seat 7: B_loJkl ($207.08 in chips)
xcgxcg2005: posts small blind $1
B_loJkl: posts big blind $3
*** HOLE CARDS ***
xcgxcg2005: folds
Uncalled bet ($2) returned to B_loJkl
B_loJkl collected $2 from pot
*** SUMMARY ***
Total pot $2 | Rake $0
Seat 6: xcgxcg2005 (button) (small blind) folded before Flop
Seat 7: B_loJkl (big blind) collected ($2)


PokerStars Hand #158322382843:  Hold'em Limit ($3/$6 USD) - 2016/09/08 8:07:11 ET
Table 'Phad II' 10-max Seat #6 is the button
Seat 6: xcgxcg2005 ($85.60 in chips)
Seat 7: B_loJkl ($203.33 in chips)
xcgxcg2005: posts small blind $1
B_loJkl: posts big blind $3
*** HOLE CARDS ***
xcgxcg2005: raises $3 to $6
B_loJkl: folds
Uncalled bet ($3) returned to xcgxcg2005
xcgxcg2005 collected $6 from pot
xcgxcg2005: doesn't show hand
*** SUMMARY ***
Total pot $6 | Rake $0
Seat 6: xcgxcg2005 (button) (small blind) collected ($6)
Seat 7: B_loJkl (big blind) folded before Flop


PokerStars Hand #158322371091:  Hold'em Limit ($3/$6 USD) - 2016/09/08 8:06:45 ET
Table 'Phad II' 10-max Seat #7 is the button
Seat 6: xcgxcg2005 ($56.10 in chips)
Seat 7: B_loJkl ($233.33 in chips)
B_loJkl: posts small blind $1
xcgxcg2005: posts big blind $3
*** HOLE CARDS ***
B_loJkl: raises $3 to $6
xcgxcg2005: raises $3 to $9
B_loJkl: calls $3
*** FLOP *** [Ah Th 5c]
xcgxcg2005: bets $3
B_loJkl: calls $3
*** TURN *** [Ah Th 5c] [2s]
xcgxcg2005: checks
B_loJkl: bets $6
xcgxcg2005: raises $6 to $12
B_loJkl: calls $6
*** RIVER *** [Ah Th 5c 2s] [4s]
xcgxcg2005: bets $6
B_loJkl: calls $6
*** SHOW DOWN ***
xcgxcg2005: shows [6d 3c] (a straight, Deuce to Six)
B_loJkl: mucks hand
xcgxcg2005 collected $59.50 from pot
*** SUMMARY ***
Total pot $60 | Rake $0.50
Board [Ah Th 5c 2s 4s]
Seat 6: xcgxcg2005 (big blind) showed [6d 3c] and won ($59.50) with a straight, Deuce to Six
Seat 7: B_loJkl (button) (small blind) mucked


PokerStars Hand #158322368716:  Hold'em Limit ($3/$6 USD) - 2016/09/08 8:06:40 ET
Table 'Phad II' 10-max Seat #6 is the button
Seat 6: xcgxcg2005 ($57.10 in chips)
Seat 7: B_loJkl ($232.33 in chips)
xcgxcg2005: posts small blind $1
B_loJkl: posts big blind $3
*** HOLE CARDS ***
xcgxcg2005: folds
Uncalled bet ($2) returned to B_loJkl
B_loJkl collected $2 from pot
B_loJkl: doesn't show hand
*** SUMMARY ***
Total pot $2 | Rake $0
Seat 6: xcgxcg2005 (button) (small blind) folded before Flop
Seat 7: B_loJkl (big blind) collected ($2)


PokerStars Hand #158322351313:  Hold'em Limit ($3/$6 USD) - 2016/09/08 8:06:03 ET
Table 'Phad II' 10-max Seat #7 is the button
Seat 6: xcgxcg2005 ($81.10 in chips)
Seat 7: B_loJkl ($208.83 in chips)
B_loJkl: posts small blind $1
xcgxcg2005: posts big blind $3
*** HOLE CARDS ***
B_loJkl: raises $3 to $6
xcgxcg2005: raises $3 to $9
B_loJkl: calls $3
*** FLOP *** [8d Kh 4d]
xcgxcg2005: bets $3
B_loJkl: calls $3
*** TURN *** [8d Kh 4d] [8s]
xcgxcg2005: bets $6
B_loJkl: calls $6
*** RIVER *** [8d Kh 4d 8s] [2s]
xcgxcg2005: bets $6
B_loJkl: calls $6
*** SHOW DOWN ***
xcgxcg2005: shows [Tc 9h] (a pair of Eights)
B_loJkl: shows [Kc 7s] (two pair, Kings and Eights)
B_loJkl collected $47.50 from pot
*** SUMMARY ***
Total pot $48 | Rake $0.50
Board [8d Kh 4d 8s 2s]
Seat 6: xcgxcg2005 (big blind) showed [Tc 9h] and lost with a pair of Eights
Seat 7: B_loJkl (button) (small blind) showed [Kc 7s] and won ($47.50) with two pair, Kings and Eights


PokerStars Hand #158322453403:  Hold'em Limit ($3/$6 USD) - 2016/09/08 8:09:40 ET
Table 'Phad II' 10-max Seat #6 is the button
Seat 6: xcgxcg2005 ($29.63 in chips)
Seat 7: B_loJkl ($244.97 in chips)
xcgxcg2005: posts small blind $1
B_loJkl: posts big blind $3
*** HOLE CARDS ***
xcgxcg2005: folds
Uncalled bet ($2) returned to B_loJkl
B_loJkl collected $2 from pot
B_loJkl: doesn't show hand
*** SUMMARY ***
Total pot $2 | Rake $0
Seat 6: xcgxcg2005 (button) (small blind) folded before Flop
Seat 7: B_loJkl (big blind) collected ($2)


PokerStars Hand #158322466189:  Hold'em Limit ($3/$6 USD) - 2016/09/08 8:10:07 ET
Table 'Phad II' 10-max Seat #6 is the button
Seat 6: xcgxcg2005 ($19.63 in chips)
Seat 7: B_loJkl ($254.61 in chips)
xcgxcg2005: posts small blind $1
B_loJkl: posts big blind $3
*** HOLE CARDS ***
xcgxcg2005: folds
Uncalled bet ($2) returned to B_loJkl
B_loJkl collected $2 from pot
B_loJkl: doesn't show hand
*** SUMMARY ***
Total pot $2 | Rake $0
Seat 6: xcgxcg2005 (button) (small blind) folded before Flop
Seat 7: B_loJkl (big blind) collected ($2)


PokerStars Hand #158322455579:  Hold'em Limit ($3/$6 USD) - 2016/09/08 8:09:45 ET
Table 'Phad II' 10-max Seat #7 is the button
Seat 6: xcgxcg2005 ($28.63 in chips)
Seat 7: B_loJkl ($245.97 in chips)
B_loJkl: posts small blind $1
xcgxcg2005: posts big blind $3
*** HOLE CARDS ***
B_loJkl: raises $3 to $6
xcgxcg2005: calls $3
*** FLOP *** [4d 3d 9c]
xcgxcg2005: checks
B_loJkl: bets $3
xcgxcg2005: calls $3
*** TURN *** [4d 3d 9c] [Qd]
xcgxcg2005: checks
B_loJkl: bets $6
xcgxcg2005: folds
Uncalled bet ($6) returned to B_loJkl
B_loJkl collected $17.64 from pot
B_loJkl: doesn't show hand
*** SUMMARY ***
Total pot $18 | Rake $0.36
Board [4d 3d 9c Qd]
Seat 6: xcgxcg2005 (big blind) folded on the Turn
Seat 7: B_loJkl (button) (small blind) collected ($17.64)


PokerStars Hand #158322450661:  Hold'em Limit ($3/$6 USD) - 2016/09/08 8:09:34 ET
Table 'Phad II' 10-max Seat #7 is the button
Seat 6: xcgxcg2005 ($32.63 in chips)
Seat 7: B_loJkl ($241.97 in chips)
B_loJkl: posts small blind $1
simper11: is sitting out
xcgxcg2005: posts big blind $3
*** HOLE CARDS ***
B_loJkl: raises $3 to $6
xcgxcg2005: folds
Uncalled bet ($3) returned to B_loJkl
B_loJkl collected $6 from pot
B_loJkl: doesn't show hand
*** SUMMARY ***
Total pot $6 | Rake $0
Seat 6: xcgxcg2005 (big blind) folded before Flop
Seat 7: B_loJkl (button) (small blind) collected ($6)


PokerStars Hand #158322482461:  Hold'em Limit ($3/$6 USD) - 2016/09/08 8:10:41 ET
Table 'Phad II' 10-max Seat #6 is the button
Seat 6: xcgxcg2005 ($30.15 in chips)
Seat 7: B_loJkl ($243.61 in chips)
xcgxcg2005: posts small blind $1
B_loJkl: posts big blind $3
*** HOLE CARDS ***
xcgxcg2005: raises $3 to $6
B_loJkl: calls $3
*** FLOP *** [2s Jh 6d]
B_loJkl: checks
xcgxcg2005: bets $3
B_loJkl: calls $3
*** TURN *** [2s Jh 6d] [Kc]
B_loJkl: checks
xcgxcg2005: checks
*** RIVER *** [2s Jh 6d Kc] [4c]
B_loJkl: bets $6
xcgxcg2005: calls $6
*** SHOW DOWN ***
B_loJkl: shows [9s 6s] (a pair of Sixes)
xcgxcg2005: mucks hand
B_loJkl collected $29.50 from pot
*** SUMMARY ***
Total pot $30 | Rake $0.50
Board [2s Jh 6d Kc 4c]
Seat 6: xcgxcg2005 (button) (small blind) mucked
Seat 7: B_loJkl (big blind) showed [9s 6s] and won ($29.50) with a pair of Sixes


PokerStars Hand #158322496749:  Hold'em Limit ($3/$6 USD) - 2016/09/08 8:11:10 ET
Table 'Phad II' 10-max Seat #7 is the button
Seat 6: xcgxcg2005 ($15.15 in chips)
Seat 7: B_loJkl ($258.11 in chips)
B_loJkl: posts small blind $1
xcgxcg2005: posts big blind $3
*** HOLE CARDS ***
B_loJkl: raises $3 to $6
xcgxcg2005: folds
Uncalled bet ($3) returned to B_loJkl
B_loJkl collected $6 from pot
B_loJkl: doesn't show hand
*** SUMMARY ***
Total pot $6 | Rake $0
Seat 6: xcgxcg2005 (big blind) folded before Flop
Seat 7: B_loJkl (button) (small blind) collected ($6)


PokerStars Hand #158322468568:  Hold'em Limit ($3/$6 USD) - 2016/09/08 8:10:12 ET
Table 'Phad II' 10-max Seat #7 is the button
Seat 6: xcgxcg2005 ($18.63 in chips)
Seat 7: B_loJkl ($255.61 in chips)
B_loJkl: posts small blind $1
xcgxcg2005: posts big blind $3
*** HOLE CARDS ***
B_loJkl: raises $3 to $6
xcgxcg2005: raises $3 to $9
B_loJkl: calls $3
*** FLOP *** [Qc 9h 4h]
xcgxcg2005: bets $3
B_loJkl: calls $3
*** TURN *** [Qc 9h 4h] [5s]
xcgxcg2005: bets $6
B_loJkl: folds
Uncalled bet ($6) returned to xcgxcg2005
xcgxcg2005 collected $23.52 from pot
xcgxcg2005: doesn't show hand
*** SUMMARY ***
Total pot $24 | Rake $0.48
Board [Qc 9h 4h 5s]
Seat 6: xcgxcg2005 (big blind) collected ($23.52)
Seat 7: B_loJkl (button) (small blind) folded on the Turn


PokerStars Hand #158322499124:  Hold'em Limit ($3/$6 USD) - 2016/09/08 8:11:15 ET
Table 'Phad II' 10-max Seat #6 is the button
Seat 6: xcgxcg2005 ($12.15 in chips)
Seat 7: B_loJkl ($261.11 in chips)
xcgxcg2005: posts small blind $1
B_loJkl: posts big blind $3
*** HOLE CARDS ***
xcgxcg2005: calls $2
B_loJkl: checks
*** FLOP *** [7d Jc 3s]
B_loJkl: checks
xcgxcg2005: bets $3
B_loJkl: calls $3
*** TURN *** [7d Jc 3s] [7s]
B_loJkl: checks
xcgxcg2005: bets $6
B_loJkl: folds
Uncalled bet ($6) returned to xcgxcg2005
xcgxcg2005 collected $11.76 from pot
xcgxcg2005: doesn't show hand
*** SUMMARY ***
Total pot $12 | Rake $0.24
Board [7d Jc 3s 7s]
Seat 6: xcgxcg2005 (button) (small blind) collected ($11.76)
Seat 7: B_loJkl (big blind) folded on the Turn


PokerStars Hand #158322518348:  Hold'em Limit ($3/$6 USD) - 2016/09/08 8:11:55 ET
Table 'Phad II' 10-max Seat #7 is the button
Seat 6: xcgxcg2005 ($17.91 in chips)
Seat 7: B_loJkl ($255.11 in chips)
B_loJkl: posts small blind $1
xcgxcg2005: posts big blind $3
*** HOLE CARDS ***
B_loJkl: raises $3 to $6
xcgxcg2005: raises $3 to $9
B_loJkl: calls $3
*** FLOP *** [6h 4c Kh]
xcgxcg2005: bets $3
B_loJkl: calls $3
*** TURN *** [6h 4c Kh] [9s]
xcgxcg2005: bets $5.91 and is all-in
B_loJkl: calls $5.91
*** RIVER *** [6h 4c Kh 9s] [Th]
*** SHOW DOWN ***
xcgxcg2005: shows [3d 3h] (a pair of Threes)
B_loJkl: shows [Ts Jd] (a pair of Tens)
B_loJkl collected $35.32 from pot
*** SUMMARY ***
Total pot $35.82 | Rake $0.50
Board [6h 4c Kh 9s Th]
Seat 6: xcgxcg2005 (big blind) showed [3d 3h] and lost with a pair of Threes
Seat 7: B_loJkl (button) (small blind) showed [Ts Jd] and won ($35.32) with a pair of Tens


