PokerStars Hand #176455132228:  Hold'em Limit ($3/$6 USD) - 2017/10/03 17:15:23 ET
Table 'Phad' 6-max Seat #1 is the button
Seat 1: Zubasa07 ($300 in chips)
Seat 3: p0cketAz ($120 in chips)
Zubasa07: posts small blind $1
p0cketAz: posts big blind $3
*** HOLE CARDS ***
Zubasa07: raises $3 to $6
p0cketAz: calls $3
*** FLOP *** [Qh 3d 3h]
p0cketAz: checks
Zubasa07: checks
*** TURN *** [Qh 3d 3h] [3s]
p0cketAz: bets $6
Zubasa07: folds
Uncalled bet ($6) returned to p0cketAz
p0cketAz collected $11.76 from pot
*** SUMMARY ***
Total pot $12 | Rake $0.24
Board [Qh 3d 3h 3s]
Seat 1: Zubasa07 (button) (small blind) folded on the Turn
Seat 3: p0cketAz (big blind) collected ($11.76)


PokerStars Hand #176455158514:  Hold'em Limit ($3/$6 USD) - 2017/10/03 17:15:57 ET
Table 'Phad' 6-max Seat #3 is the button
Seat 1: Zubasa07 ($294 in chips)
Seat 3: p0cketAz ($125.76 in chips)
p0cketAz: posts small blind $1
Zubasa07: posts big blind $3
*** HOLE CARDS ***
p0cketAz: raises $3 to $6
Zubasa07: calls $3
*** FLOP *** [4d 5c Ks]
Zubasa07: checks
p0cketAz: bets $3
Zubasa07: calls $3
*** TURN *** [4d 5c Ks] [2s]
Zubasa07: checks
p0cketAz: bets $6
Zubasa07: calls $6
*** RIVER *** [4d 5c Ks 2s] [Th]
Zubasa07: checks
p0cketAz: bets $6
Ag3r0n joins the table at seat #4
Zubasa07: calls $6
*** SHOW DOWN ***
p0cketAz: shows [8c Kc] (a pair of Kings)
Zubasa07: mucks hand
p0cketAz collected $41.50 from pot
*** SUMMARY ***
Total pot $42 | Rake $0.50
Board [4d 5c Ks 2s Th]
Seat 1: Zubasa07 (big blind) mucked
Seat 3: p0cketAz (button) (small blind) showed [8c Kc] and won ($41.50) with a pair of Kings


PokerStars Hand #176455216023:  Hold'em Limit ($3/$6 USD) - 2017/10/03 17:17:10 ET
Table 'Phad' 6-max Seat #1 is the button
Seat 1: Zubasa07 ($273 in chips)
Seat 3: p0cketAz ($146.26 in chips)
Zubasa07: posts small blind $1
p0cketAz: posts big blind $3
*** HOLE CARDS ***
Zubasa07: raises $3 to $6
p0cketAz: folds
Uncalled bet ($3) returned to Zubasa07
Zubasa07 collected $6 from pot
Zubasa07: doesn't show hand
*** SUMMARY ***
Total pot $6 | Rake $0
Seat 1: Zubasa07 (button) (small blind) collected ($6)
Seat 3: p0cketAz (big blind) folded before Flop


PokerStars Hand #176457238269:  Hold'em Limit ($3/$6 USD) - 2017/10/03 18:03:27 ET
Table 'Phad' 6-max Seat #4 is the button
Seat 2: ben-dover74 ($186.11 in chips)
Seat 4: Ag3r0n ($157.61 in chips)
Ag3r0n: posts small blind $1
ben-dover74: posts big blind $3
*** HOLE CARDS ***
Ag3r0n: folds
Uncalled bet ($2) returned to ben-dover74
ben-dover74 collected $2 from pot
ben-dover74: doesn't show hand
*** SUMMARY ***
Total pot $2 | Rake $0
Seat 2: ben-dover74 (big blind) collected ($2)
Seat 4: Ag3r0n (button) (small blind) folded before Flop


PokerStars Hand #176457235372:  Hold'em Limit ($3/$6 USD) - 2017/10/03 18:03:23 ET
Table 'Phad' 6-max Seat #2 is the button
Seat 2: ben-dover74 ($187.11 in chips)
Seat 4: Ag3r0n ($156.61 in chips)
ben-dover74: posts small blind $1
Ag3r0n: posts big blind $3
*** HOLE CARDS ***
ben-dover74: folds
Uncalled bet ($2) returned to Ag3r0n
Ag3r0n collected $2 from pot
Ag3r0n: doesn't show hand
*** SUMMARY ***
Total pot $2 | Rake $0
Seat 2: ben-dover74 (button) (small blind) folded before Flop
Seat 4: Ag3r0n (big blind) collected ($2)


PokerStars Hand #176457229588:  Hold'em Limit ($3/$6 USD) - 2017/10/03 18:03:14 ET
Table 'Phad' 6-max Seat #4 is the button
Seat 2: ben-dover74 ($190.11 in chips)
Seat 4: Ag3r0n ($153.61 in chips)
Ag3r0n: posts small blind $1
ben-dover74: posts big blind $3
*** HOLE CARDS ***
Ag3r0n: raises $3 to $6
ben-dover74: folds
Uncalled bet ($3) returned to Ag3r0n
Ag3r0n collected $6 from pot
Ag3r0n: doesn't show hand
*** SUMMARY ***
Total pot $6 | Rake $0
Seat 2: ben-dover74 (big blind) folded before Flop
Seat 4: Ag3r0n (button) (small blind) collected ($6)


PokerStars Hand #176457241058:  Hold'em Limit ($3/$6 USD) - 2017/10/03 18:03:31 ET
Table 'Phad' 6-max Seat #2 is the button
Seat 2: ben-dover74 ($187.11 in chips)
Seat 4: Ag3r0n ($156.61 in chips)
ben-dover74: posts small blind $1
Ag3r0n: posts big blind $3
*** HOLE CARDS ***
ben-dover74: raises $3 to $6
Ag3r0n: raises $3 to $9
ben-dover74: raises $3 to $12
Betting is capped
Ag3r0n: calls $3
*** FLOP *** [6h 9s 6d]
Ag3r0n: checks
ben-dover74: bets $3
NAUTJE1337 joins the table at seat #1
Ag3r0n: calls $3
*** TURN *** [6h 9s 6d] [Jh]
Ag3r0n: checks
ben-dover74: bets $6
Ag3r0n: calls $6
*** RIVER *** [6h 9s 6d Jh] [9d]
Ag3r0n: checks
ben-dover74: bets $6
Ag3r0n: folds
Uncalled bet ($6) returned to ben-dover74
ben-dover74 collected $41.50 from pot
ben-dover74: doesn't show hand
*** SUMMARY ***
Total pot $42 | Rake $0.50
Board [6h 9s 6d Jh 9d]
Seat 2: ben-dover74 (button) (small blind) collected ($41.50)
Seat 4: Ag3r0n (big blind) folded on the River


PokerStars Hand #176457340446:  Hold'em Limit ($3/$6 USD) - 2017/10/03 18:05:53 ET
Table 'Phad' 6-max Seat #2 is the button
Seat 2: ben-dover74 ($256.16 in chips)
Seat 4: Ag3r0n ($100.61 in chips)
ben-dover74: posts small blind $1
Ag3r0n: posts big blind $3
*** HOLE CARDS ***
ben-dover74: raises $3 to $6
Ag3r0n: folds
Uncalled bet ($3) returned to ben-dover74
ben-dover74 collected $6 from pot
ben-dover74: doesn't show hand
*** SUMMARY ***
Total pot $6 | Rake $0
Seat 2: ben-dover74 (button) (small blind) collected ($6)
Seat 4: Ag3r0n (big blind) folded before Flop


PokerStars Hand #176457337109:  Hold'em Limit ($3/$6 USD) - 2017/10/03 18:05:49 ET
Table 'Phad' 6-max Seat #4 is the button
Seat 2: ben-dover74 ($255.16 in chips)
Seat 4: Ag3r0n ($101.61 in chips)
Ag3r0n: posts small blind $1
NAUTJE1337: is sitting out
ben-dover74: posts big blind $3
*** HOLE CARDS ***
Ag3r0n: folds
Uncalled bet ($2) returned to ben-dover74
NAUTJE1337 leaves the table
ben-dover74 collected $2 from pot
ben-dover74: doesn't show hand
*** SUMMARY ***
Total pot $2 | Rake $0
Seat 2: ben-dover74 (big blind) collected ($2)
Seat 4: Ag3r0n (button) (small blind) folded before Flop


PokerStars Hand #176457347801:  Hold'em Limit ($3/$6 USD) - 2017/10/03 18:06:04 ET
Table 'Phad' 6-max Seat #2 is the button
Seat 2: ben-dover74 ($256.16 in chips)
Seat 4: Ag3r0n ($100.61 in chips)
ben-dover74: posts small blind $1
Ag3r0n: posts big blind $3
*** HOLE CARDS ***
ben-dover74: folds
Uncalled bet ($2) returned to Ag3r0n
Ag3r0n collected $2 from pot
Ag3r0n: doesn't show hand
*** SUMMARY ***
Total pot $2 | Rake $0
Seat 2: ben-dover74 (button) (small blind) folded before Flop
Seat 4: Ag3r0n (big blind) collected ($2)


PokerStars Hand #176457343796:  Hold'em Limit ($3/$6 USD) - 2017/10/03 18:05:58 ET
Table 'Phad' 6-max Seat #4 is the button
Seat 2: ben-dover74 ($259.16 in chips)
Seat 4: Ag3r0n ($97.61 in chips)
Ag3r0n: posts small blind $1
ben-dover74: posts big blind $3
*** HOLE CARDS ***
Ag3r0n: raises $3 to $6
ben-dover74: folds
Uncalled bet ($3) returned to Ag3r0n
Ag3r0n collected $6 from pot
Ag3r0n: doesn't show hand
*** SUMMARY ***
Total pot $6 | Rake $0
Seat 2: ben-dover74 (big blind) folded before Flop
Seat 4: Ag3r0n (button) (small blind) collected ($6)


PokerStars Hand #176457351646:  Hold'em Limit ($3/$6 USD) - 2017/10/03 18:06:09 ET
Table 'Phad' 6-max Seat #4 is the button
Seat 2: ben-dover74 ($255.16 in chips)
Seat 4: Ag3r0n ($101.61 in chips)
Ag3r0n: posts small blind $1
ben-dover74: posts big blind $3
*** HOLE CARDS ***
Ag3r0n: folds
Uncalled bet ($2) returned to ben-dover74
ben-dover74 collected $2 from pot
ben-dover74: doesn't show hand
*** SUMMARY ***
Total pot $2 | Rake $0
Seat 2: ben-dover74 (big blind) collected ($2)
Seat 4: Ag3r0n (button) (small blind) folded before Flop


PokerStars Hand #176457389363:  Hold'em Limit ($3/$6 USD) - 2017/10/03 18:07:04 ET
Table 'Phad' 6-max Seat #4 is the button
Seat 2: ben-dover74 ($208.16 in chips)
Seat 4: Ag3r0n ($147.61 in chips)
Ag3r0n: posts small blind $1
ben-dover74: posts big blind $3
*** HOLE CARDS ***
Ag3r0n: folds
Uncalled bet ($2) returned to ben-dover74
ben-dover74 collected $2 from pot
ben-dover74: doesn't show hand
*** SUMMARY ***
Total pot $2 | Rake $0
Seat 2: ben-dover74 (big blind) collected ($2)
Seat 4: Ag3r0n (button) (small blind) folded before Flop


PokerStars Hand #176457373329:  Hold'em Limit ($3/$6 USD) - 2017/10/03 18:06:41 ET
Table 'Phad' 6-max Seat #2 is the button
Seat 2: ben-dover74 ($229.16 in chips)
Seat 4: Ag3r0n ($127.11 in chips)
ben-dover74: posts small blind $1
Ag3r0n: posts big blind $3
*** HOLE CARDS ***
ben-dover74: raises $3 to $6
Ag3r0n: calls $3
*** FLOP *** [7d 5h 7s]
Ag3r0n: checks
ben-dover74: bets $3
Ag3r0n: calls $3
*** TURN *** [7d 5h 7s] [Ah]
NAUTJE1337 joins the table at seat #3
Ag3r0n: checks
ben-dover74: bets $6
Ag3r0n: calls $6
*** RIVER *** [7d 5h 7s Ah] [Js]
Ag3r0n: checks
ben-dover74: bets $6
Ag3r0n: calls $6
*** SHOW DOWN ***
ben-dover74: shows [Qh Jd] (two pair, Jacks and Sevens)
Ag3r0n: shows [3s Ac] (two pair, Aces and Sevens)
Ag3r0n collected $41.50 from pot
*** SUMMARY ***
Total pot $42 | Rake $0.50
Board [7d 5h 7s Ah Js]
Seat 2: ben-dover74 (button) (small blind) showed [Qh Jd] and lost with two pair, Jacks and Sevens
Seat 4: Ag3r0n (big blind) showed [3s Ac] and won ($41.50) with two pair, Aces and Sevens


PokerStars Hand #176457368016:  Hold'em Limit ($3/$6 USD) - 2017/10/03 18:06:33 ET
Table 'Phad' 6-max Seat #4 is the button
Seat 2: ben-dover74 ($232.16 in chips)
Seat 4: Ag3r0n ($124.11 in chips)
Ag3r0n: posts small blind $1
ben-dover74: posts big blind $3
*** HOLE CARDS ***
Ag3r0n: raises $3 to $6
ben-dover74: folds
Uncalled bet ($3) returned to Ag3r0n
Ag3r0n collected $6 from pot
Ag3r0n: doesn't show hand
*** SUMMARY ***
Total pot $6 | Rake $0
Seat 2: ben-dover74 (big blind) folded before Flop
Seat 4: Ag3r0n (button) (small blind) collected ($6)


PokerStars Hand #176457356062:  Hold'em Limit ($3/$6 USD) - 2017/10/03 18:06:16 ET
Table 'Phad' 6-max Seat #2 is the button
Seat 2: ben-dover74 ($256.16 in chips)
Seat 4: Ag3r0n ($100.61 in chips)
ben-dover74: posts small blind $1
Ag3r0n: posts big blind $3
*** HOLE CARDS ***
ben-dover74: raises $3 to $6
Ag3r0n: calls $3
*** FLOP *** [Qc 9c 3s]
Ag3r0n: checks
ben-dover74: bets $3
Ag3r0n: raises $3 to $6
ben-dover74: calls $3
*** TURN *** [Qc 9c 3s] [3h]
Ag3r0n: bets $6
ben-dover74: calls $6
*** RIVER *** [Qc 9c 3s 3h] [Jd]
Ag3r0n: bets $6
ben-dover74: calls $6
*** SHOW DOWN ***
Ag3r0n: shows [Tc 3c] (three of a kind, Threes)
ben-dover74: mucks hand
Ag3r0n collected $47.50 from pot
*** SUMMARY ***
Total pot $48 | Rake $0.50
Board [Qc 9c 3s 3h Jd]
Seat 2: ben-dover74 (button) (small blind) mucked
Seat 4: Ag3r0n (big blind) showed [Tc 3c] and won ($47.50) with three of a kind, Threes


PokerStars Hand #176458198846:  Hold'em Limit ($3/$6 USD) - 2017/10/03 18:27:11 ET
Table 'Phad' 6-max Seat #1 is the button
Seat 1: Actionni13 ($155 in chips)
Seat 6: SEQUOIA2012 ($200.39 in chips)
Actionni13: posts small blind $1
Ag3r0n: is sitting out
SEQUOIA2012: posts big blind $3
*** HOLE CARDS ***
Ag3r0n leaves the table
Actionni13: raises $3 to $6
SEQUOIA2012: calls $3
*** FLOP *** [Jc 8s 8c]
SEQUOIA2012: checks
Actionni13: bets $3
SEQUOIA2012: calls $3
*** TURN *** [Jc 8s 8c] [4h]
SEQUOIA2012: checks
Actionni13: bets $6
SEQUOIA2012: calls $6
*** RIVER *** [Jc 8s 8c 4h] [3h]
SEQUOIA2012: checks
Actionni13: bets $6
SEQUOIA2012: calls $6
*** SHOW DOWN ***
Actionni13: shows [3d Jh] (two pair, Jacks and Eights)
SEQUOIA2012: mucks hand
Actionni13 collected $41.50 from pot
*** SUMMARY ***
Total pot $42 | Rake $0.50
Board [Jc 8s 8c 4h 3h]
Seat 1: Actionni13 (button) (small blind) showed [3d Jh] and won ($41.50) with two pair, Jacks and Eights
Seat 6: SEQUOIA2012 (big blind) mucked


