PokerStars Hand #168972366354:  Hold'em Limit ($3/$6 USD) - 2017/04/13 7:18:15 ET
Table 'Phad II' 6-max Seat #5 is the button
Seat 5: kaypoker619 ($47 in chips)
Seat 6: Ale4o ($125.76 in chips)
kaypoker619: posts small blind $1
Ale4o: posts big blind $3
*** HOLE CARDS ***
kaypoker619: folds
Uncalled bet ($2) returned to Ale4o
Ale4o collected $2 from pot
Ale4o: doesn't show hand
*** SUMMARY ***
Total pot $2 | Rake $0
Seat 5: kaypoker619 (button) (small blind) folded before Flop
Seat 6: Ale4o (big blind) collected ($2)


PokerStars Hand #168972348436:  Hold'em Limit ($3/$6 USD) - 2017/04/13 7:17:36 ET
Table 'Phad II' 6-max Seat #6 is the button
Seat 5: kaypoker619 ($53 in chips)
Seat 6: Ale4o ($120 in chips)
Ale4o: posts small blind $1
AzureCaper joins the table at seat #1
sim5sim5: is sitting out
sim5sim5 leaves the table
kaypoker619: posts big blind $3
*** HOLE CARDS ***
Ale4o: calls $2
kaypoker619: checks
*** FLOP *** [Kd 9c Th]
kaypoker619: bets $3
Ale4o: calls $3
*** TURN *** [Kd 9c Th] [8d]
kaypoker619: checks
Ale4o: bets $6
kaypoker619: folds
Uncalled bet ($6) returned to Ale4o
Ale4o collected $11.76 from pot
Ale4o: doesn't show hand
*** SUMMARY ***
Total pot $12 | Rake $0.24
Board [Kd 9c Th 8d]
Seat 5: kaypoker619 (big blind) folded on the Turn
Seat 6: Ale4o (button) (small blind) collected ($11.76)


PokerStars Hand #168972469955:  Hold'em Limit ($3/$6 USD) - 2017/04/13 7:22:00 ET
Table 'Phad II' 6-max Seat #6 is the button
Seat 1: AzureCaper ($91.92 in chips)
Seat 6: Ale4o ($151 in chips)
Ale4o: posts small blind $1
AzureCaper: posts big blind $3
*** HOLE CARDS ***
kaypoker619 leaves the table
Ale4o: raises $3 to $6
AzureCaper: calls $3
*** FLOP *** [Js 2d Tc]
AzureCaper: checks
Ale4o: bets $3
AzureCaper: folds
Uncalled bet ($3) returned to Ale4o
Ale4o collected $11.76 from pot
Ale4o: doesn't show hand
*** SUMMARY ***
Total pot $12 | Rake $0.24
Board [Js 2d Tc]
Seat 1: AzureCaper (big blind) folded on the Flop
Seat 6: Ale4o (button) (small blind) collected ($11.76)


