PokerStars Hand #156849385551:  Hold'em Limit ($3/$6 USD) - 2016/08/04 8:36:57 ET
Table 'Phaedra II' 6-max Seat #4 is the button
Seat 1: Ag3r0n ($72 in chips)
Seat 4: liza3008 ($127.76 in chips)
liza3008: posts small blind $1
Ag3r0n: posts big blind $3
*** HOLE CARDS ***
liza3008: folds
Uncalled bet ($2) returned to Ag3r0n
Ag3r0n collected $2 from pot
*** SUMMARY ***
Total pot $2 | Rake $0
Seat 1: Ag3r0n (big blind) collected ($2)
Seat 4: liza3008 (button) (small blind) folded before Flop


PokerStars Hand #156849383197:  Hold'em Limit ($3/$6 USD) - 2016/08/04 8:36:52 ET
Table 'Phaedra II' 6-max Seat #1 is the button
Seat 1: Ag3r0n ($73 in chips)
Seat 4: liza3008 ($126.76 in chips)
Ag3r0n: posts small blind $1
liza3008: posts big blind $3
*** HOLE CARDS ***
Ag3r0n: folds
Uncalled bet ($2) returned to liza3008
liza3008 collected $2 from pot
liza3008: doesn't show hand
*** SUMMARY ***
Total pot $2 | Rake $0
Seat 1: Ag3r0n (button) (small blind) folded before Flop
Seat 4: liza3008 (big blind) collected ($2)


PokerStars Hand #156849380901:  Hold'em Limit ($3/$6 USD) - 2016/08/04 8:36:47 ET
Table 'Phaedra II' 6-max Seat #4 is the button
Seat 1: Ag3r0n ($72 in chips)
Seat 4: liza3008 ($127.76 in chips)
liza3008: posts small blind $1
Ag3r0n: posts big blind $3
*** HOLE CARDS ***
liza3008: folds
Uncalled bet ($2) returned to Ag3r0n
Ag3r0n collected $2 from pot
*** SUMMARY ***
Total pot $2 | Rake $0
Seat 1: Ag3r0n (big blind) collected ($2)
Seat 4: liza3008 (button) (small blind) folded before Flop


PokerStars Hand #156849378517:  Hold'em Limit ($3/$6 USD) - 2016/08/04 8:36:43 ET
Table 'Phaedra II' 6-max Seat #1 is the button
Seat 1: Ag3r0n ($72 in chips)
Seat 4: liza3008 ($126.76 in chips)
Ag3r0n: posts small blind $1
liza3008: posts big blind $3
*** HOLE CARDS ***
Ag3r0n: folds
Uncalled bet ($2) returned to liza3008
liza3008 collected $2 from pot
liza3008: doesn't show hand
*** SUMMARY ***
Total pot $2 | Rake $0
Seat 1: Ag3r0n (button) (small blind) folded before Flop
Seat 4: liza3008 (big blind) collected ($2)


PokerStars Hand #156849398474:  Hold'em Limit ($3/$6 USD) - 2016/08/04 8:37:24 ET
Table 'Phaedra II' 6-max Seat #1 is the button
Seat 1: Ag3r0n ($99.50 in chips)
Seat 4: liza3008 ($99.76 in chips)
Ag3r0n: posts small blind $1
liza3008: posts big blind $3
*** HOLE CARDS ***
Ag3r0n: raises $3 to $6
liza3008: calls $3
*** FLOP *** [4h 8d Jc]
liza3008: checks
Ag3r0n: checks
*** TURN *** [4h 8d Jc] [5c]
liza3008: checks
Ag3r0n: checks
*** RIVER *** [4h 8d Jc 5c] [6c]
liza3008: bets $6
Ag3r0n: calls $6
*** SHOW DOWN ***
liza3008: shows [3s Kh] (high card King)
Ag3r0n: shows [6s As] (a pair of Sixes)
Ag3r0n collected $23.52 from pot
*** SUMMARY ***
Total pot $24 | Rake $0.48
Board [4h 8d Jc 5c 6c]
Seat 1: Ag3r0n (button) (small blind) showed [6s As] and won ($23.52) with a pair of Sixes
Seat 4: liza3008 (big blind) showed [3s Kh] and lost with high card King


PokerStars Hand #156849390182:  Hold'em Limit ($3/$6 USD) - 2016/08/04 8:37:07 ET
Table 'Phaedra II' 6-max Seat #4 is the button
Seat 1: Ag3r0n ($76 in chips)
Seat 4: liza3008 ($123.76 in chips)
liza3008: posts small blind $1
Ag3r0n: posts big blind $3
*** HOLE CARDS ***
liza3008: raises $3 to $6
Ag3r0n: raises $3 to $9
liza3008: calls $3
*** FLOP *** [5h As 7d]
Ag3r0n: bets $3
liza3008: calls $3
*** TURN *** [5h As 7d] [5s]
Ag3r0n: checks
liza3008: bets $6
Ag3r0n: calls $6
*** RIVER *** [5h As 7d 5s] [9s]
Ag3r0n: checks
liza3008: bets $6
Ag3r0n: calls $6
*** SHOW DOWN ***
liza3008: shows [2s 2h] (two pair, Fives and Deuces)
Ag3r0n: shows [Ts Th] (two pair, Tens and Fives)
Ag3r0n collected $47.50 from pot
*** SUMMARY ***
Total pot $48 | Rake $0.50
Board [5h As 7d 5s 9s]
Seat 1: Ag3r0n (big blind) showed [Ts Th] and won ($47.50) with two pair, Tens and Fives
Seat 4: liza3008 (button) (small blind) showed [2s 2h] and lost with two pair, Fives and Deuces


PokerStars Hand #156849408073:  Hold'em Limit ($3/$6 USD) - 2016/08/04 8:37:44 ET
Table 'Phaedra II' 6-max Seat #4 is the button
Seat 1: Ag3r0n ($111.02 in chips)
Seat 4: liza3008 ($87.76 in chips)
liza3008: posts small blind $1
Ag3r0n: posts big blind $3
*** HOLE CARDS ***
liza3008: raises $3 to $6
Ag3r0n: raises $3 to $9
liza3008: calls $3
*** FLOP *** [3c 8h 2c]
Ag3r0n: bets $3
liza3008: calls $3
*** TURN *** [3c 8h 2c] [Td]
Ag3r0n: bets $6
liza3008: calls $6
*** RIVER *** [3c 8h 2c Td] [Qs]
Ag3r0n: bets $6
liza3008: folds
Uncalled bet ($6) returned to Ag3r0n
Ag3r0n collected $35.50 from pot
*** SUMMARY ***
Total pot $36 | Rake $0.50
Board [3c 8h 2c Td Qs]
Seat 1: Ag3r0n (big blind) collected ($35.50)
Seat 4: liza3008 (button) (small blind) folded on the River


PokerStars Hand #156849414643:  Hold'em Limit ($3/$6 USD) - 2016/08/04 8:37:58 ET
Table 'Phaedra II' 6-max Seat #1 is the button
Seat 1: Ag3r0n ($128.52 in chips)
Seat 4: liza3008 ($69.76 in chips)
Ag3r0n: posts small blind $1
liza3008: posts big blind $3
*** HOLE CARDS ***
Ag3r0n: raises $3 to $6
liza3008: calls $3
*** FLOP *** [Ad Js 5c]
liza3008: checks
Ag3r0n: bets $3
liza3008: calls $3
*** TURN *** [Ad Js 5c] [6h]
liza3008: checks
Ag3r0n: checks
*** RIVER *** [Ad Js 5c 6h] [5h]
liza3008: bets $6
Ag3r0n: folds
Uncalled bet ($6) returned to liza3008
liza3008 collected $17.64 from pot
liza3008: doesn't show hand
*** SUMMARY ***
Total pot $18 | Rake $0.36
Board [Ad Js 5c 6h 5h]
Seat 1: Ag3r0n (button) (small blind) folded on the River
Seat 4: liza3008 (big blind) collected ($17.64)


PokerStars Hand #156849430539:  Hold'em Limit ($3/$6 USD) - 2016/08/04 8:38:31 ET
Table 'Phaedra II' 6-max Seat #4 is the button
Seat 1: Ag3r0n ($129.16 in chips)
Seat 4: liza3008 ($68.40 in chips)
liza3008: posts small blind $1
Ag3r0n: posts big blind $3
*** HOLE CARDS ***
liza3008: folds
Uncalled bet ($2) returned to Ag3r0n
Ag3r0n collected $2 from pot
*** SUMMARY ***
Total pot $2 | Rake $0
Seat 1: Ag3r0n (big blind) collected ($2)
Seat 4: liza3008 (button) (small blind) folded before Flop


PokerStars Hand #156849424568:  Hold'em Limit ($3/$6 USD) - 2016/08/04 8:38:18 ET
Table 'Phaedra II' 6-max Seat #1 is the button
Seat 1: Ag3r0n ($120.52 in chips)
Seat 4: liza3008 ($77.40 in chips)
Ag3r0n: posts small blind $1
liza3008: posts big blind $3
*** HOLE CARDS ***
Ag3r0n: raises $3 to $6
liza3008: calls $3
*** FLOP *** [6h 6s 2c]
liza3008: checks
Ag3r0n: bets $3
liza3008: calls $3
*** TURN *** [6h 6s 2c] [8h]
liza3008: checks
Ag3r0n: bets $6
liza3008: folds
Uncalled bet ($6) returned to Ag3r0n
Ag3r0n collected $17.64 from pot
*** SUMMARY ***
Total pot $18 | Rake $0.36
Board [6h 6s 2c 8h]
Seat 1: Ag3r0n (button) (small blind) collected ($17.64)
Seat 4: liza3008 (big blind) folded on the Turn


PokerStars Hand #156849432810:  Hold'em Limit ($3/$6 USD) - 2016/08/04 8:38:35 ET
Table 'Phaedra II' 6-max Seat #1 is the button
Seat 1: Ag3r0n ($130.16 in chips)
Seat 4: liza3008 ($67.40 in chips)
Ag3r0n: posts small blind $1
liza3008: posts big blind $3
*** HOLE CARDS ***
Ag3r0n: raises $3 to $6
liza3008: calls $3
*** FLOP *** [Ah 7h Qs]
liza3008: checks
Ag3r0n: bets $3
liza3008: calls $3
*** TURN *** [Ah 7h Qs] [Ad]
liza3008: checks
Ag3r0n: bets $6
liza3008: calls $6
*** RIVER *** [Ah 7h Qs Ad] [Jc]
liza3008: checks
Ag3r0n: checks
*** SHOW DOWN ***
liza3008: shows [7d Jd] (two pair, Aces and Jacks)
Ag3r0n: mucks hand
liza3008 collected $29.50 from pot
*** SUMMARY ***
Total pot $30 | Rake $0.50
Board [Ah 7h Qs Ad Jc]
Seat 1: Ag3r0n (button) (small blind) mucked
Seat 4: liza3008 (big blind) showed [7d Jd] and won ($29.50) with two pair, Aces and Jacks


PokerStars Hand #156849440154:  Hold'em Limit ($3/$6 USD) - 2016/08/04 8:38:51 ET
Table 'Phaedra II' 6-max Seat #4 is the button
Seat 1: Ag3r0n ($115.16 in chips)
Seat 4: liza3008 ($81.90 in chips)
liza3008: posts small blind $1
Ag3r0n: posts big blind $3
*** HOLE CARDS ***
liza3008: raises $3 to $6
Ag3r0n: calls $3
*** FLOP *** [2h 5d 4c]
Ag3r0n: checks
liza3008: checks
*** TURN *** [2h 5d 4c] [4h]
Ag3r0n: checks
liza3008: checks
*** RIVER *** [2h 5d 4c 4h] [6s]
Ag3r0n: bets $6
liza3008: folds
Uncalled bet ($6) returned to Ag3r0n
Ag3r0n collected $11.76 from pot
*** SUMMARY ***
Total pot $12 | Rake $0.24
Board [2h 5d 4c 4h 6s]
Seat 1: Ag3r0n (big blind) collected ($11.76)
Seat 4: liza3008 (button) (small blind) folded on the River


PokerStars Hand #156849422232:  Hold'em Limit ($3/$6 USD) - 2016/08/04 8:38:13 ET
Table 'Phaedra II' 6-max Seat #4 is the button
Seat 1: Ag3r0n ($119.52 in chips)
Seat 4: liza3008 ($78.40 in chips)
liza3008: posts small blind $1
Ag3r0n: posts big blind $3
*** HOLE CARDS ***
liza3008: folds
Uncalled bet ($2) returned to Ag3r0n
Ag3r0n collected $2 from pot
*** SUMMARY ***
Total pot $2 | Rake $0
Seat 1: Ag3r0n (big blind) collected ($2)
Seat 4: liza3008 (button) (small blind) folded before Flop


PokerStars Hand #156849446700:  Hold'em Limit ($3/$6 USD) - 2016/08/04 8:39:04 ET
Table 'Phaedra II' 6-max Seat #1 is the button
Seat 1: Ag3r0n ($120.92 in chips)
Seat 4: liza3008 ($75.90 in chips)
Ag3r0n: posts small blind $1
liza3008: posts big blind $3
*** HOLE CARDS ***
Ag3r0n: raises $3 to $6
liza3008: calls $3
*** FLOP *** [As 5c Th]
liza3008: checks
Ag3r0n: bets $3
liza3008: calls $3
*** TURN *** [As 5c Th] [Ah]
liza3008: checks
Ag3r0n: checks
*** RIVER *** [As 5c Th Ah] [2h]
liza3008: bets $6
Murrrr_@T joins the table at seat #5
Ag3r0n: folds
Uncalled bet ($6) returned to liza3008
liza3008 collected $17.64 from pot
liza3008: doesn't show hand
*** SUMMARY ***
Total pot $18 | Rake $0.36
Board [As 5c Th Ah 2h]
Seat 1: Ag3r0n (button) (small blind) folded on the River
Seat 4: liza3008 (big blind) collected ($17.64)


PokerStars Hand #156852970958:  Hold'em Limit ($3/$6 USD) - 2016/08/04 10:31:10 ET
Table 'Phaedra II' 6-max Seat #1 is the button
Seat 1: Krillbjörn ($172.69 in chips)
Seat 6: RaisemyNut$ ($209.71 in chips)
Krillbjörn: posts small blind $1
Necromadx: is sitting out
RaisemyNut$: posts big blind $3
*** HOLE CARDS ***
Murrrr_@T leaves the table
Necromadx leaves the table
Krillbjörn: calls $2
RaisemyNut$: raises $3 to $6
Krillbjörn: calls $3
*** FLOP *** [2d 4d Jh]
RaisemyNut$: bets $3
Krillbjörn: folds
Uncalled bet ($3) returned to RaisemyNut$
RaisemyNut$ collected $11.76 from pot
RaisemyNut$: doesn't show hand
*** SUMMARY ***
Total pot $12 | Rake $0.24
Board [2d 4d Jh]
Seat 1: Krillbjörn (button) (small blind) folded on the Flop
Seat 6: RaisemyNut$ (big blind) collected ($11.76)


PokerStars Hand #156856857283:  Hold'em Limit ($3/$6 USD) - 2016/08/04 12:21:39 ET
Table 'Phaedra II' 6-max Seat #6 is the button
Seat 2: ChipsOrre ($131.50 in chips)
Seat 6: RaisemyNut$ ($203.47 in chips)
RaisemyNut$: posts small blind $1
ChipsOrre: posts big blind $3
*** HOLE CARDS ***
RaisemyNut$: folds
Uncalled bet ($2) returned to ChipsOrre
ChipsOrre collected $2 from pot
ChipsOrre: doesn't show hand
*** SUMMARY ***
Total pot $2 | Rake $0
Seat 2: ChipsOrre (big blind) collected ($2)
Seat 6: RaisemyNut$ (button) (small blind) folded before Flop


PokerStars Hand #156856842862:  Hold'em Limit ($3/$6 USD) - 2016/08/04 12:21:15 ET
Table 'Phaedra II' 6-max Seat #2 is the button
Seat 2: ChipsOrre ($117 in chips)
Seat 6: RaisemyNut$ ($218.47 in chips)
ChipsOrre: posts small blind $1
RaisemyNut$: posts big blind $3
*** HOLE CARDS ***
ChipsOrre: raises $3 to $6
RaisemyNut$: calls $3
*** FLOP *** [Jd Ts 9d]
RaisemyNut$: checks
ChipsOrre: bets $3
RaisemyNut$: calls $3
*** TURN *** [Jd Ts 9d] [Jc]
RaisemyNut$: bets $6
ChipsOrre: raises $6 to $12
RaisemyNut$: folds
Uncalled bet ($6) returned to ChipsOrre
ChipsOrre collected $29.50 from pot
ChipsOrre: doesn't show hand
*** SUMMARY ***
Total pot $30 | Rake $0.50
Board [Jd Ts 9d Jc]
Seat 2: ChipsOrre (button) (small blind) collected ($29.50)
Seat 6: RaisemyNut$ (big blind) folded on the Turn


PokerStars Hand #156856860311:  Hold'em Limit ($3/$6 USD) - 2016/08/04 12:21:44 ET
Table 'Phaedra II' 6-max Seat #2 is the button
Seat 2: ChipsOrre ($132.50 in chips)
Seat 6: RaisemyNut$ ($202.47 in chips)
ChipsOrre: posts small blind $1
RaisemyNut$: posts big blind $3
*** HOLE CARDS ***
ChipsOrre: folds
Uncalled bet ($2) returned to RaisemyNut$
RaisemyNut$ collected $2 from pot
RaisemyNut$: doesn't show hand
*** SUMMARY ***
Total pot $2 | Rake $0
Seat 2: ChipsOrre (button) (small blind) folded before Flop
Seat 6: RaisemyNut$ (big blind) collected ($2)


PokerStars Hand #156856885378:  Hold'em Limit ($3/$6 USD) - 2016/08/04 12:22:24 ET
Table 'Phaedra II' 6-max Seat #2 is the button
Seat 2: ChipsOrre ($140.14 in chips)
Seat 6: RaisemyNut$ ($194.47 in chips)
ChipsOrre: posts small blind $1
RaisemyNut$: posts big blind $3
*** HOLE CARDS ***
ChipsOrre: raises $3 to $6
RaisemyNut$: folds
Uncalled bet ($3) returned to ChipsOrre
ChipsOrre collected $6 from pot
ChipsOrre: doesn't show hand
*** SUMMARY ***
Total pot $6 | Rake $0
Seat 2: ChipsOrre (button) (small blind) collected ($6)
Seat 6: RaisemyNut$ (big blind) folded before Flop


PokerStars Hand #156856875621:  Hold'em Limit ($3/$6 USD) - 2016/08/04 12:22:09 ET
Table 'Phaedra II' 6-max Seat #6 is the button
Seat 2: ChipsOrre ($131.50 in chips)
Seat 6: RaisemyNut$ ($203.47 in chips)
RaisemyNut$: posts small blind $1
ChipsOrre: posts big blind $3
*** HOLE CARDS ***
RaisemyNut$: raises $3 to $6
ChipsOrre: raises $3 to $9
RaisemyNut$: calls $3
*** FLOP *** [4c 8d Qh]
ChipsOrre: bets $3
RaisemyNut$: folds
Uncalled bet ($3) returned to ChipsOrre
ChipsOrre collected $17.64 from pot
ChipsOrre: doesn't show hand
*** SUMMARY ***
Total pot $18 | Rake $0.36
Board [4c 8d Qh]
Seat 2: ChipsOrre (big blind) collected ($17.64)
Seat 6: RaisemyNut$ (button) (small blind) folded on the Flop


PokerStars Hand #156856868662:  Hold'em Limit ($3/$6 USD) - 2016/08/04 12:21:57 ET
Table 'Phaedra II' 6-max Seat #2 is the button
Seat 2: ChipsOrre ($132.50 in chips)
Seat 6: RaisemyNut$ ($202.47 in chips)
ChipsOrre: posts small blind $1
RaisemyNut$: posts big blind $3
*** HOLE CARDS ***
ChipsOrre: folds
Uncalled bet ($2) returned to RaisemyNut$
RaisemyNut$ collected $2 from pot
RaisemyNut$: doesn't show hand
*** SUMMARY ***
Total pot $2 | Rake $0
Seat 2: ChipsOrre (button) (small blind) folded before Flop
Seat 6: RaisemyNut$ (big blind) collected ($2)


PokerStars Hand #156856863176:  Hold'em Limit ($3/$6 USD) - 2016/08/04 12:21:48 ET
Table 'Phaedra II' 6-max Seat #6 is the button
Seat 2: ChipsOrre ($131.50 in chips)
Seat 6: RaisemyNut$ ($203.47 in chips)
RaisemyNut$: posts small blind $1
ChipsOrre: posts big blind $3
*** HOLE CARDS ***
RaisemyNut$: folds
Uncalled bet ($2) returned to ChipsOrre
ChipsOrre collected $2 from pot
ChipsOrre: doesn't show hand
*** SUMMARY ***
Total pot $2 | Rake $0
Seat 2: ChipsOrre (big blind) collected ($2)
Seat 6: RaisemyNut$ (button) (small blind) folded before Flop


PokerStars Hand #156856890163:  Hold'em Limit ($3/$6 USD) - 2016/08/04 12:22:32 ET
Table 'Phaedra II' 6-max Seat #6 is the button
Seat 2: ChipsOrre ($143.14 in chips)
Seat 6: RaisemyNut$ ($191.47 in chips)
RaisemyNut$: posts small blind $1
ChipsOrre: posts big blind $3
*** HOLE CARDS ***
RaisemyNut$: folds
Uncalled bet ($2) returned to ChipsOrre
ChipsOrre collected $2 from pot
ChipsOrre: doesn't show hand
*** SUMMARY ***
Total pot $2 | Rake $0
Seat 2: ChipsOrre (big blind) collected ($2)
Seat 6: RaisemyNut$ (button) (small blind) folded before Flop


PokerStars Hand #156856893006:  Hold'em Limit ($3/$6 USD) - 2016/08/04 12:22:37 ET
Table 'Phaedra II' 6-max Seat #2 is the button
Seat 2: ChipsOrre ($144.14 in chips)
Seat 6: RaisemyNut$ ($190.47 in chips)
ChipsOrre: posts small blind $1
RaisemyNut$: posts big blind $3
*** HOLE CARDS ***
ChipsOrre: raises $3 to $6
RaisemyNut$: calls $3
*** FLOP *** [5d 5c 7c]
RaisemyNut$: checks
ChipsOrre: bets $3
RaisemyNut$: calls $3
*** TURN *** [5d 5c 7c] [Js]
RaisemyNut$: checks
ChipsOrre: bets $6
RaisemyNut$: raises $6 to $12
ChipsOrre: raises $6 to $18
RaisemyNut$: calls $6
*** RIVER *** [5d 5c 7c Js] [Kc]
RaisemyNut$: checks
ChipsOrre: bets $6
RaisemyNut$: raises $6 to $12
ChipsOrre: raises $6 to $18
RaisemyNut$: calls $6
*** SHOW DOWN ***
ChipsOrre: shows [5s Qd] (three of a kind, Fives)
RaisemyNut$: shows [4c Tc] (a flush, King high)
RaisemyNut$ collected $89.50 from pot
*** SUMMARY ***
Total pot $90 | Rake $0.50
Board [5d 5c 7c Js Kc]
Seat 2: ChipsOrre (button) (small blind) showed [5s Qd] and lost with three of a kind, Fives
Seat 6: RaisemyNut$ (big blind) showed [4c Tc] and won ($89.50) with a flush, King high


PokerStars Hand #156856921944:  Hold'em Limit ($3/$6 USD) - 2016/08/04 12:23:23 ET
Table 'Phaedra II' 6-max Seat #6 is the button
Seat 2: ChipsOrre ($99.14 in chips)
Seat 6: RaisemyNut$ ($234.97 in chips)
RaisemyNut$: posts small blind $1
ChipsOrre: posts big blind $3
*** HOLE CARDS ***
ChipsOrre said, "youre such a ****ing don"
RaisemyNut$: raises $3 to $6
ChipsOrre: calls $3
*** FLOP *** [Jh 7h 6d]
ChipsOrre: checks
RaisemyNut$: bets $3
ChipsOrre: calls $3
*** TURN *** [Jh 7h 6d] [6s]
ChipsOrre: checks
RaisemyNut$: bets $6
ChipsOrre: folds
Uncalled bet ($6) returned to RaisemyNut$
RaisemyNut$ collected $17.64 from pot
RaisemyNut$: doesn't show hand
*** SUMMARY ***
Total pot $18 | Rake $0.36
Board [Jh 7h 6d 6s]
Seat 2: ChipsOrre (big blind) folded on the Turn
Seat 6: RaisemyNut$ (button) (small blind) collected ($17.64)


PokerStars Hand #156856950255:  Hold'em Limit ($3/$6 USD) - 2016/08/04 12:24:08 ET
Table 'Phaedra II' 6-max Seat #6 is the button
Seat 2: ChipsOrre ($116.64 in chips)
Seat 6: RaisemyNut$ ($216.61 in chips)
RaisemyNut$: posts small blind $1
ChipsOrre: posts big blind $3
*** HOLE CARDS ***
RaisemyNut$: raises $3 to $6
ChipsOrre: calls $3
*** FLOP *** [4h Td 3c]
ChipsOrre: checks
RaisemyNut$: bets $3
ChipsOrre: raises $3 to $6
RaisemyNut$: calls $3
*** TURN *** [4h Td 3c] [9d]
ChipsOrre: bets $6
RaisemyNut$: calls $6
*** RIVER *** [4h Td 3c 9d] [8d]
ChipsOrre: bets $6
RaisemyNut$: folds
Uncalled bet ($6) returned to ChipsOrre
ChipsOrre collected $35.50 from pot
ChipsOrre: doesn't show hand
*** SUMMARY ***
Total pot $36 | Rake $0.50
Board [4h Td 3c 9d 8d]
Seat 2: ChipsOrre (big blind) collected ($35.50)
Seat 6: RaisemyNut$ (button) (small blind) folded on the River


PokerStars Hand #156856935520:  Hold'em Limit ($3/$6 USD) - 2016/08/04 12:23:45 ET
Table 'Phaedra II' 6-max Seat #2 is the button
Seat 2: ChipsOrre ($90.14 in chips)
Seat 6: RaisemyNut$ ($243.61 in chips)
ChipsOrre: posts small blind $1
RaisemyNut$: posts big blind $3
*** HOLE CARDS ***
ChipsOrre: raises $3 to $6
RaisemyNut$: calls $3
*** FLOP *** [8h Jh 5d]
RaisemyNut$: checks
ChipsOrre: bets $3
RaisemyNut$: raises $3 to $6
ChipsOrre: raises $3 to $9
RaisemyNut$: calls $3
*** TURN *** [8h Jh 5d] [2d]
RaisemyNut$: checks
ChipsOrre: bets $6
RaisemyNut$: calls $6
*** RIVER *** [8h Jh 5d 2d] [7d]
RaisemyNut$: checks
ChipsOrre: bets $6
RaisemyNut$: calls $6
*** SHOW DOWN ***
ChipsOrre: shows [8c Ah] (a pair of Eights)
RaisemyNut$: mucks hand
ChipsOrre collected $53.50 from pot
*** SUMMARY ***
Total pot $54 | Rake $0.50
Board [8h Jh 5d 2d 7d]
Seat 2: ChipsOrre (button) (small blind) showed [8c Ah] and won ($53.50) with a pair of Eights
Seat 6: RaisemyNut$ (big blind) mucked


PokerStars Hand #156856963734:  Hold'em Limit ($3/$6 USD) - 2016/08/04 12:24:28 ET
Table 'Phaedra II' 6-max Seat #2 is the button
Seat 2: ChipsOrre ($134.14 in chips)
Seat 6: RaisemyNut$ ($198.61 in chips)
ChipsOrre: posts small blind $1
RaisemyNut$: posts big blind $3
*** HOLE CARDS ***
ChipsOrre: raises $3 to $6
RaisemyNut$: calls $3
*** FLOP *** [2c 2h 2s]
RaisemyNut$: checks
ChipsOrre: bets $3
RaisemyNut$: calls $3
*** TURN *** [2c 2h 2s] [Js]
RaisemyNut$: checks
ChipsOrre: bets $6
RaisemyNut$: calls $6
*** RIVER *** [2c 2h 2s Js] [Kd]
RaisemyNut$: checks
ChipsOrre: checks
*** SHOW DOWN ***
RaisemyNut$: shows [3h Kh] (a full house, Deuces full of Kings)
ChipsOrre: mucks hand
megabaitt joins the table at seat #3
RaisemyNut$ collected $29.50 from pot
*** SUMMARY ***
Total pot $30 | Rake $0.50
Board [2c 2h 2s Js Kd]
Seat 2: ChipsOrre (button) (small blind) mucked
Seat 6: RaisemyNut$ (big blind) showed [3h Kh] and won ($29.50) with a full house, Deuces full of Kings


PokerStars Hand #156856980131:  Hold'em Limit ($3/$6 USD) - 2016/08/04 12:24:54 ET
Table 'Phaedra II' 6-max Seat #6 is the button
Seat 2: ChipsOrre ($119.14 in chips)
Seat 6: RaisemyNut$ ($213.11 in chips)
RaisemyNut$: posts small blind $1
ChipsOrre: posts big blind $3
*** HOLE CARDS ***
RaisemyNut$: raises $3 to $6
ChipsOrre: raises $3 to $9
RaisemyNut$: calls $3
*** FLOP *** [2h 7d Ah]
ChipsOrre: bets $3
RaisemyNut$: folds
Uncalled bet ($3) returned to ChipsOrre
ChipsOrre collected $17.64 from pot
ChipsOrre: doesn't show hand
*** SUMMARY ***
Total pot $18 | Rake $0.36
Board [2h 7d Ah]
Seat 2: ChipsOrre (big blind) collected ($17.64)
Seat 6: RaisemyNut$ (button) (small blind) folded on the Flop


PokerStars Hand #156863306782:  Hold'em Limit ($3/$6 USD) - 2016/08/04 14:59:24 ET
Table 'Phaedra II' 6-max Seat #4 is the button
Seat 4: hasky156 ($82.27 in chips)
Seat 5: BuzovaPro ($72 in chips)
hasky156: posts small blind $1
BuzovaPro: posts big blind $3
*** HOLE CARDS ***
hasky156: raises $3 to $6
BuzovaPro: calls $3
*** FLOP *** [4d Qc Ah]
BuzovaPro: checks
hasky156: bets $3
BuzovaPro: raises $3 to $6
hasky156: calls $3
*** TURN *** [4d Qc Ah] [6s]
BuzovaPro: bets $6
hasky156: calls $6
*** RIVER *** [4d Qc Ah 6s] [Td]
BuzovaPro: bets $6
hasky156: calls $6
*** SHOW DOWN ***
BuzovaPro: shows [4h Qh] (two pair, Queens and Fours)
hasky156: mucks hand
BuzovaPro collected $47.50 from pot
*** SUMMARY ***
Total pot $48 | Rake $0.50
Board [4d Qc Ah 6s Td]
Seat 4: hasky156 (button) (small blind) mucked
Seat 5: BuzovaPro (big blind) showed [4h Qh] and won ($47.50) with two pair, Queens and Fours


PokerStars Hand #156863326910:  Hold'em Limit ($3/$6 USD) - 2016/08/04 14:59:59 ET
Table 'Phaedra II' 6-max Seat #4 is the button
Seat 4: hasky156 ($59.27 in chips)
Seat 5: BuzovaPro ($94.50 in chips)
hasky156: posts small blind $1
BuzovaPro: posts big blind $3
*** HOLE CARDS ***
hasky156: raises $3 to $6
BuzovaPro: folds
Uncalled bet ($3) returned to hasky156
hasky156 collected $6 from pot
hasky156: doesn't show hand
*** SUMMARY ***
Total pot $6 | Rake $0
Seat 4: hasky156 (button) (small blind) collected ($6)
Seat 5: BuzovaPro (big blind) folded before Flop


PokerStars Hand #156863333675:  Hold'em Limit ($3/$6 USD) - 2016/08/04 15:00:08 ET
Table 'Phaedra II' 6-max Seat #5 is the button
Seat 4: hasky156 ($62.27 in chips)
Seat 5: BuzovaPro ($91.50 in chips)
BuzovaPro: posts small blind $1
komornik was removed from the table for failing to post
hasky156: posts big blind $3
*** HOLE CARDS ***
BuzovaPro: raises $3 to $6
hasky156: calls $3
*** FLOP *** [2c 2s 6c]
hasky156: checks
BuzovaPro: bets $3
hasky156: calls $3
*** TURN *** [2c 2s 6c] [9c]
hasky156: checks
BuzovaPro: checks
*** RIVER *** [2c 2s 6c 9c] [Ad]
hasky156: checks
BuzovaPro: bets $6
hasky156: folds
Uncalled bet ($6) returned to BuzovaPro
BuzovaPro collected $17.64 from pot
BuzovaPro: doesn't show hand
*** SUMMARY ***
Total pot $18 | Rake $0.36
Board [2c 2s 6c 9c Ad]
Seat 4: hasky156 (big blind) folded on the River
Seat 5: BuzovaPro (button) (small blind) collected ($17.64)


PokerStars Hand #156863358818:  Hold'em Limit ($3/$6 USD) - 2016/08/04 15:00:49 ET
Table 'Phaedra II' 6-max Seat #4 is the button
Seat 4: hasky156 ($53.27 in chips)
Seat 5: BuzovaPro ($100.14 in chips)
hasky156: posts small blind $1
BuzovaPro: posts big blind $3
*** HOLE CARDS ***
hasky156: raises $3 to $6
BuzovaPro: raises $3 to $9
hasky156: calls $3
*** FLOP *** [Qs 6c 3h]
BuzovaPro: bets $3
hasky156: calls $3
*** TURN *** [Qs 6c 3h] [5d]
BuzovaPro: bets $6
hasky156: folds
Uncalled bet ($6) returned to BuzovaPro
BuzovaPro collected $23.52 from pot
BuzovaPro: doesn't show hand
*** SUMMARY ***
Total pot $24 | Rake $0.48
Board [Qs 6c 3h 5d]
Seat 4: hasky156 (button) (small blind) folded on the Turn
Seat 5: BuzovaPro (big blind) collected ($23.52)


PokerStars Hand #156863609783:  Hold'em Limit ($3/$6 USD) - 2016/08/04 15:06:14 ET
Table 'Phaedra II' 6-max Seat #4 is the button
Seat 4: pasha6o ($37.02 in chips)
Seat 5: BuzovaPro ($115.40 in chips)
pasha6o: posts small blind $1
BuzovaPro: posts big blind $3
*** HOLE CARDS ***
pasha6o: raises $3 to $6
BuzovaPro: folds
Uncalled bet ($3) returned to pasha6o
pasha6o collected $6 from pot
pasha6o: doesn't show hand
*** SUMMARY ***
Total pot $6 | Rake $0
Seat 4: pasha6o (button) (small blind) collected ($6)
Seat 5: BuzovaPro (big blind) folded before Flop


PokerStars Hand #156863596845:  Hold'em Limit ($3/$6 USD) - 2016/08/04 15:05:58 ET
Table 'Phaedra II' 6-max Seat #5 is the button
Seat 4: pasha6o ($18.76 in chips)
Seat 5: BuzovaPro ($134.16 in chips)
BuzovaPro: posts small blind $1
pasha6o: posts big blind $3
*** HOLE CARDS ***
BuzovaPro: raises $3 to $6
pasha6o: raises $3 to $9
BuzovaPro: calls $3
*** FLOP *** [Kc Js Td]
pasha6o: bets $3
BuzovaPro: calls $3
*** TURN *** [Kc Js Td] [5c]
pasha6o: bets $6
BuzovaPro: calls $6
*** RIVER *** [Kc Js Td 5c] [Qc]
pasha6o: bets $0.76 and is all-in
BuzovaPro: calls $0.76
*** SHOW DOWN ***
pasha6o: shows [Ah 9c] (a straight, Ten to Ace)
BuzovaPro: shows [Th 9d] (a straight, Nine to King)
pasha6o collected $37.02 from pot
*** SUMMARY ***
Total pot $37.52 | Rake $0.50
Board [Kc Js Td 5c Qc]
Seat 4: pasha6o (big blind) showed [Ah 9c] and won ($37.02) with a straight, Ten to Ace
Seat 5: BuzovaPro (button) (small blind) showed [Th 9d] and lost with a straight, Nine to King


PokerStars Hand #156863627893:  Hold'em Limit ($3/$6 USD) - 2016/08/04 15:06:38 ET
Table 'Phaedra II' 6-max Seat #4 is the button
Seat 4: pasha6o ($34.02 in chips)
Seat 5: BuzovaPro ($118.16 in chips)
pasha6o: posts small blind $1
BuzovaPro: posts big blind $3
*** HOLE CARDS ***
pasha6o: raises $3 to $6
vovojc joins the table at seat #6
perten joins the table at seat #1
BuzovaPro: calls $3
*** FLOP *** [Ad 7h Kd]
BuzovaPro: checks
pasha6o: checks
*** TURN *** [Ad 7h Kd] [As]
ValeryRon joins the table at seat #2
BuzovaPro: bets $6
pasha6o: folds
Uncalled bet ($6) returned to BuzovaPro
BuzovaPro collected $11.76 from pot
BuzovaPro: doesn't show hand
*** SUMMARY ***
Total pot $12 | Rake $0.24
Board [Ad 7h Kd As]
Seat 4: pasha6o (button) (small blind) folded on the Turn
Seat 5: BuzovaPro (big blind) collected ($11.76)


PokerStars Hand #156863614716:  Hold'em Limit ($3/$6 USD) - 2016/08/04 15:06:21 ET
Table 'Phaedra II' 6-max Seat #5 is the button
Seat 4: pasha6o ($40.02 in chips)
Seat 5: BuzovaPro ($112.40 in chips)
BuzovaPro: posts small blind $1
pasha6o: posts big blind $3
*** HOLE CARDS ***
BuzovaPro: raises $3 to $6
pasha6o: calls $3
*** FLOP *** [Th 2d 3d]
pasha6o: checks
BuzovaPro: checks
*** TURN *** [Th 2d 3d] [Ah]
pasha6o: checks
BuzovaPro: bets $6
pasha6o: folds
Uncalled bet ($6) returned to BuzovaPro
BuzovaPro collected $11.76 from pot
BuzovaPro: doesn't show hand
*** SUMMARY ***
Total pot $12 | Rake $0.24
Board [Th 2d 3d Ah]
Seat 4: pasha6o (big blind) folded on the Turn
Seat 5: BuzovaPro (button) (small blind) collected ($11.76)


PokerStars Hand #156866610389:  Hold'em Limit ($3/$6 USD) - 2016/08/04 16:11:13 ET
Table 'Phaedra II' 6-max Seat #4 is the button
Seat 2: Murrrr_@T ($250.98 in chips)
Seat 4: esaool ($34.33 in chips)
esaool: posts small blind $1
Murrrr_@T: posts big blind $3
*** HOLE CARDS ***
esaool: folds
Uncalled bet ($2) returned to Murrrr_@T
Murrrr_@T collected $2 from pot
Murrrr_@T: doesn't show hand
*** SUMMARY ***
Total pot $2 | Rake $0
Seat 2: Murrrr_@T (big blind) collected ($2)
Seat 4: esaool (button) (small blind) folded before Flop


PokerStars Hand #156866606964:  Hold'em Limit ($3/$6 USD) - 2016/08/04 16:11:08 ET
Table 'Phaedra II' 6-max Seat #2 is the button
Seat 2: Murrrr_@T ($251.98 in chips)
Seat 4: esaool ($33.33 in chips)
Murrrr_@T: posts small blind $1
esaool: posts big blind $3
*** HOLE CARDS ***
Murrrr_@T: folds
Uncalled bet ($2) returned to esaool
esaool collected $2 from pot
esaool: doesn't show hand
*** SUMMARY ***
Total pot $2 | Rake $0
Seat 2: Murrrr_@T (button) (small blind) folded before Flop
Seat 4: esaool (big blind) collected ($2)


PokerStars Hand #156866595925:  Hold'em Limit ($3/$6 USD) - 2016/08/04 16:10:54 ET
Table 'Phaedra II' 6-max Seat #4 is the button
Seat 2: Murrrr_@T ($254.98 in chips)
Seat 4: esaool ($30.45 in chips)
esaool: posts small blind $1
Murrrr_@T: posts big blind $3
*** HOLE CARDS ***
fishbla leaves the table
esaool: calls $2
Murrrr_@T: checks
*** FLOP *** [5c 5d Tc]
Murrrr_@T: checks
esaool: bets $3
Murrrr_@T: folds
Uncalled bet ($3) returned to esaool
esaool collected $5.88 from pot
esaool: doesn't show hand
*** SUMMARY ***
Total pot $6 | Rake $0.12
Board [5c 5d Tc]
Seat 2: Murrrr_@T (big blind) folded on the Flop
Seat 4: esaool (button) (small blind) collected ($5.88)


PokerStars Hand #156866615461:  Hold'em Limit ($3/$6 USD) - 2016/08/04 16:11:19 ET
Table 'Phaedra II' 6-max Seat #2 is the button
Seat 2: Murrrr_@T ($251.98 in chips)
Seat 4: esaool ($33.33 in chips)
Murrrr_@T: posts small blind $1
esaool: posts big blind $3
*** HOLE CARDS ***
Murrrr_@T: raises $3 to $6
esaool: folds
Uncalled bet ($3) returned to Murrrr_@T
Murrrr_@T collected $6 from pot
Murrrr_@T: doesn't show hand
*** SUMMARY ***
Total pot $6 | Rake $0
Seat 2: Murrrr_@T (button) (small blind) collected ($6)
Seat 4: esaool (big blind) folded before Flop


PokerStars Hand #156867625963:  Hold'em Limit ($3/$6 USD) - 2016/08/04 16:32:57 ET
Table 'Phaedra II' 6-max Seat #3 is the button
Seat 3: Murrrr_@T ($108.75 in chips)
Seat 5: ChipsOrre ($148.93 in chips)
Murrrr_@T: posts small blind $1
ChipsOrre: posts big blind $3
*** HOLE CARDS ***
Murrrr_@T: raises $3 to $6
ChipsOrre: folds
Uncalled bet ($3) returned to Murrrr_@T
Murrrr_@T collected $6 from pot
Murrrr_@T: doesn't show hand
*** SUMMARY ***
Total pot $6 | Rake $0
Seat 3: Murrrr_@T (button) (small blind) collected ($6)
Seat 5: ChipsOrre (big blind) folded before Flop


PokerStars Hand #156867606065:  Hold'em Limit ($3/$6 USD) - 2016/08/04 16:32:31 ET
Table 'Phaedra II' 6-max Seat #5 is the button
Seat 3: Murrrr_@T ($123.75 in chips)
Seat 5: ChipsOrre ($134.43 in chips)
ChipsOrre: posts small blind $1
Longstaaf: is sitting out
Murrrr_@T: posts big blind $3
*** HOLE CARDS ***
Longstaaf leaves the table
ChipsOrre: raises $3 to $6
Murrrr_@T: calls $3
*** FLOP *** [3s Ac Js]
Murrrr_@T: checks
ChipsOrre: bets $3
Murrrr_@T: calls $3
*** TURN *** [3s Ac Js] [5d]
Murrrr_@T: checks
ChipsOrre: bets $6
Murrrr_@T: calls $6
*** RIVER *** [3s Ac Js 5d] [6s]
Murrrr_@T: checks
ChipsOrre: checks
*** SHOW DOWN ***
Murrrr_@T: shows [Ks 4c] (high card Ace)
ChipsOrre: shows [Kd 9s] (high card Ace - King+Jack+Nine kicker)
ChipsOrre collected $29.50 from pot
*** SUMMARY ***
Total pot $30 | Rake $0.50
Board [3s Ac Js 5d 6s]
Seat 3: Murrrr_@T (big blind) showed [Ks 4c] and lost with high card Ace
Seat 5: ChipsOrre (button) (small blind) showed [Kd 9s] and won ($29.50) with high card Ace


