PokerStars Hand #153638700817:  Hold'em Limit ($3/$6 USD) - 2016/05/21 13:00:57 ET
Table 'Phaetusa' 6-max Seat #4 is the button
Seat 4: bluebird7551 ($168.70 in chips)
Seat 6: BuzovaPro ($92 in chips)
bluebird7551: posts small blind $1
Bonkman05: is sitting out
BuzovaPro: posts big blind $3
*** HOLE CARDS ***
bluebird7551: raises $3 to $6
Bonkman05 leaves the table
BuzovaPro: calls $3
*** FLOP *** [7s 2h 9c]
BuzovaPro: checks
bluebird7551: bets $3
BuzovaPro: raises $3 to $6
bluebird7551: calls $3
*** TURN *** [7s 2h 9c] [4d]
BuzovaPro: bets $6
bluebird7551: folds
Uncalled bet ($6) returned to BuzovaPro
BuzovaPro collected $23.52 from pot
BuzovaPro: doesn't show hand
*** SUMMARY ***
Total pot $24 | Rake $0.48
Board [7s 2h 9c 4d]
Seat 4: bluebird7551 (button) (small blind) folded on the Turn
Seat 6: BuzovaPro (big blind) collected ($23.52)


PokerStars Hand #153638744529:  Hold'em Limit ($3/$6 USD) - 2016/05/21 13:02:00 ET
Table 'Phaetusa' 6-max Seat #6 is the button
Seat 4: bluebird7551 ($167.97 in chips)
Seat 6: BuzovaPro ($91.27 in chips)
BuzovaPro: posts small blind $1
bluebird7551: posts big blind $3
*** HOLE CARDS ***
BuzovaPro: folds
Uncalled bet ($2) returned to bluebird7551
bluebird7551 collected $2 from pot
*** SUMMARY ***
Total pot $2 | Rake $0
Seat 4: bluebird7551 (big blind) collected ($2)
Seat 6: BuzovaPro (button) (small blind) folded before Flop


PokerStars Hand #153638727647:  Hold'em Limit ($3/$6 USD) - 2016/05/21 13:01:36 ET
Table 'Phaetusa' 6-max Seat #4 is the button
Seat 4: bluebird7551 ($168.22 in chips)
Seat 6: BuzovaPro ($91.52 in chips)
bluebird7551: posts small blind $1
BuzovaPro: posts big blind $3
*** HOLE CARDS ***
bluebird7551: raises $3 to $6
BuzovaPro: calls $3
*** FLOP *** [8d Ah Jd]
BuzovaPro: checks
bluebird7551: bets $3
BuzovaPro: calls $3
*** TURN *** [8d Ah Jd] [Kc]
BuzovaPro: checks
at45newlife joins the table at seat #5
bluebird7551: bets $6
BuzovaPro: calls $6
*** RIVER *** [8d Ah Jd Kc] [6s]
BuzovaPro: checks
bluebird7551: bets $6
BuzovaPro: calls $6
*** SHOW DOWN ***
bluebird7551: shows [Ks 7h] (a pair of Kings)
BuzovaPro: shows [3h Kd] (a pair of Kings)
BuzovaPro collected $20.75 from pot
bluebird7551 collected $20.75 from pot
*** SUMMARY ***
Total pot $42 | Rake $0.50
Board [8d Ah Jd Kc 6s]
Seat 4: bluebird7551 (button) (small blind) showed [Ks 7h] and won ($20.75) with a pair of Kings
Seat 6: BuzovaPro (big blind) showed [3h Kd] and won ($20.75) with a pair of Kings


PokerStars Hand #153638714258:  Hold'em Limit ($3/$6 USD) - 2016/05/21 13:01:17 ET
Table 'Phaetusa' 6-max Seat #6 is the button
Seat 4: bluebird7551 ($156.70 in chips)
Seat 6: BuzovaPro ($103.52 in chips)
BuzovaPro: posts small blind $1
Tryptamean was removed from the table for failing to post
bluebird7551: posts big blind $3
*** HOLE CARDS ***
BuzovaPro: raises $3 to $6
bluebird7551: raises $3 to $9
BuzovaPro: calls $3
*** FLOP *** [Ks 5d 8c]
bluebird7551: bets $3
BuzovaPro: calls $3
*** TURN *** [Ks 5d 8c] [Qh]
bluebird7551: bets $6
BuzovaPro: folds
Uncalled bet ($6) returned to bluebird7551
bluebird7551 collected $23.52 from pot
*** SUMMARY ***
Total pot $24 | Rake $0.48
Board [Ks 5d 8c Qh]
Seat 4: bluebird7551 (big blind) collected ($23.52)
Seat 6: BuzovaPro (button) (small blind) folded on the Turn


