PokerStars Hand #146126752543:  Hold'em Limit ($3/$6 USD) - 2015/12/29 14:24:34 ET
Table 'Phaedra II' 6-max Seat #4 is the button
Seat 4: PelonCabelao ($60 in chips)
Seat 5: Kjetil1505 ($120 in chips)
vestimokrec joins the table at seat #1
PelonCabelao: posts small blind $1
Kjetil1505: posts big blind $3
*** HOLE CARDS ***
PelonCabelao: raises $3 to $6
Kjetil1505: calls $3
*** FLOP *** [7c 8d Jh]
Kjetil1505: checks
PelonCabelao: bets $3
Kjetil1505: calls $3
*** TURN *** [7c 8d Jh] [Th]
Kjetil1505: checks
12groszy666 joins the table at seat #6
PelonCabelao: bets $6
Kjetil1505: folds
Uncalled bet ($6) returned to PelonCabelao
PelonCabelao collected $17.64 from pot
PelonCabelao: doesn't show hand
*** SUMMARY ***
Total pot $18 | Rake $0.36
Board [7c 8d Jh Th]
Seat 4: PelonCabelao (button) (small blind) collected ($17.64)
Seat 5: Kjetil1505 (big blind) folded on the Turn


PokerStars Hand #146128400098:  Hold'em Limit ($3/$6 USD) - 2015/12/29 14:53:06 ET
Table 'Phaedra II' 6-max Seat #1 is the button
Seat 1: SashaYuvelir ($74.50 in chips)
Seat 6: feilinho ($169.41 in chips)
SashaYuvelir: posts small blind $1
feilinho: posts big blind $3
*** HOLE CARDS ***
SashaYuvelir: folds
Uncalled bet ($2) returned to feilinho
feilinho collected $2 from pot
feilinho: doesn't show hand
*** SUMMARY ***
Total pot $2 | Rake $0
Seat 1: SashaYuvelir (button) (small blind) folded before Flop
Seat 6: feilinho (big blind) collected ($2)


PokerStars Hand #146128380348:  Hold'em Limit ($3/$6 USD) - 2015/12/29 14:52:47 ET
Table 'Phaedra II' 6-max Seat #6 is the button
Seat 1: SashaYuvelir ($101.50 in chips)
Seat 6: feilinho ($142.91 in chips)
feilinho: posts small blind $1
SashaYuvelir: posts big blind $3
*** HOLE CARDS ***
feilinho: raises $3 to $6
SashaYuvelir: calls $3
*** FLOP *** [9h 7h Qh]
SashaYuvelir: checks
feilinho: bets $3
SashaYuvelir: calls $3
*** TURN *** [9h 7h Qh] [3c]
SashaYuvelir: checks
feilinho: bets $6
SashaYuvelir: raises $6 to $12
feilinho: calls $6
*** RIVER *** [9h 7h Qh 3c] [As]
SashaYuvelir: checks
feilinho: bets $6
SashaYuvelir: calls $6
*** SHOW DOWN ***
feilinho: shows [Qc Qs] (three of a kind, Queens)
SashaYuvelir: mucks hand
feilinho collected $53.50 from pot
*** SUMMARY ***
Total pot $54 | Rake $0.50
Board [9h 7h Qh 3c As]
Seat 1: SashaYuvelir (big blind) mucked
Seat 6: feilinho (button) (small blind) showed [Qc Qs] and won ($53.50) with three of a kind, Queens


PokerStars Hand #146128361420:  Hold'em Limit ($3/$6 USD) - 2015/12/29 14:52:29 ET
Table 'Phaedra II' 6-max Seat #1 is the button
Seat 1: SashaYuvelir ($72 in chips)
Seat 6: feilinho ($172.91 in chips)
SashaYuvelir: posts small blind $1
feilinho: posts big blind $3
*** HOLE CARDS ***
SashaYuvelir: raises $3 to $6
feilinho: raises $3 to $9
SashaYuvelir: calls $3
*** FLOP *** [8d 6s 5c]
feilinho: bets $3
SashaYuvelir: calls $3
*** TURN *** [8d 6s 5c] [5h]
feilinho: bets $6
SashaYuvelir: raises $6 to $12
feilinho: calls $6
*** RIVER *** [8d 6s 5c 5h] [Qs]
feilinho: checks
SashaYuvelir: bets $6
feilinho: calls $6
*** SHOW DOWN ***
SashaYuvelir: shows [9d 7h] (a straight, Five to Nine)
feilinho: mucks hand
SashaYuvelir collected $59.50 from pot
*** SUMMARY ***
Total pot $60 | Rake $0.50
Board [8d 6s 5c 5h Qs]
Seat 1: SashaYuvelir (button) (small blind) showed [9d 7h] and won ($59.50) with a straight, Five to Nine
Seat 6: feilinho (big blind) mucked


PokerStars Hand #146128342701:  Hold'em Limit ($3/$6 USD) - 2015/12/29 14:52:11 ET
Table 'Phaedra II' 6-max Seat #6 is the button
Seat 3: Dubris144 ($126.89 in chips)
Seat 6: feilinho ($169.91 in chips)
feilinho: posts small blind $1
SashaYuvelir: is sitting out
Dubris144: posts big blind $3
*** HOLE CARDS ***
feilinho: raises $3 to $6
Dubris144: folds
Uncalled bet ($3) returned to feilinho
SashaYuvelir leaves the table
feilinho collected $6 from pot
feilinho: doesn't show hand
*** SUMMARY ***
Total pot $6 | Rake $0
Seat 3: Dubris144 (big blind) folded before Flop
Seat 6: feilinho (button) (small blind) collected ($6)


PokerStars Hand #146128444286:  Hold'em Limit ($3/$6 USD) - 2015/12/29 14:53:48 ET
Table 'Phaedra II' 6-max Seat #1 is the button
Seat 1: SashaYuvelir ($85 in chips)
Seat 6: feilinho ($157.81 in chips)
SashaYuvelir: posts small blind $1
feilinho: posts big blind $3
*** HOLE CARDS ***
SashaYuvelir: raises $3 to $6
feilinho: raises $3 to $9
SashaYuvelir: calls $3
*** FLOP *** [8c Kc 4s]
feilinho: bets $3
SashaYuvelir: calls $3
*** TURN *** [8c Kc 4s] [2d]
feilinho: bets $6
SashaYuvelir: folds
Uncalled bet ($6) returned to feilinho
feilinho collected $23.52 from pot
feilinho: doesn't show hand
*** SUMMARY ***
Total pot $24 | Rake $0.48
Board [8c Kc 4s 2d]
Seat 1: SashaYuvelir (button) (small blind) folded on the Turn
Seat 6: feilinho (big blind) collected ($23.52)


PokerStars Hand #146128434543:  Hold'em Limit ($3/$6 USD) - 2015/12/29 14:53:39 ET
Table 'Phaedra II' 6-max Seat #6 is the button
Seat 1: SashaYuvelir ($91 in chips)
Seat 6: feilinho ($152.05 in chips)
feilinho: posts small blind $1
SashaYuvelir: posts big blind $3
*** HOLE CARDS ***
feilinho: raises $3 to $6
SashaYuvelir: calls $3
*** FLOP *** [7h 6s Jd]
SashaYuvelir: checks
feilinho: bets $3
SashaYuvelir: folds
Uncalled bet ($3) returned to feilinho
feilinho collected $11.76 from pot
feilinho: doesn't show hand
*** SUMMARY ***
Total pot $12 | Rake $0.24
Board [7h 6s Jd]
Seat 1: SashaYuvelir (big blind) folded on the Flop
Seat 6: feilinho (button) (small blind) collected ($11.76)


PokerStars Hand #146128420832:  Hold'em Limit ($3/$6 USD) - 2015/12/29 14:53:25 ET
Table 'Phaedra II' 6-max Seat #1 is the button
Seat 1: SashaYuvelir ($100 in chips)
Seat 6: feilinho ($143.41 in chips)
SashaYuvelir: posts small blind $1
feilinho: posts big blind $3
*** HOLE CARDS ***
SashaYuvelir: raises $3 to $6
feilinho: calls $3
*** FLOP *** [4d 9c As]
feilinho: checks
SashaYuvelir: bets $3
feilinho: calls $3
*** TURN *** [4d 9c As] [9d]
feilinho: checks
SashaYuvelir: checks
*** RIVER *** [4d 9c As 9d] [9s]
feilinho: bets $6
SashaYuvelir: folds
Uncalled bet ($6) returned to feilinho
feilinho collected $17.64 from pot
feilinho: doesn't show hand
*** SUMMARY ***
Total pot $18 | Rake $0.36
Board [4d 9c As 9d 9s]
Seat 1: SashaYuvelir (button) (small blind) folded on the River
Seat 6: feilinho (big blind) collected ($17.64)


PokerStars Hand #146128405339:  Hold'em Limit ($3/$6 USD) - 2015/12/29 14:53:11 ET
Table 'Phaedra II' 6-max Seat #6 is the button
Seat 1: SashaYuvelir ($73.50 in chips)
Seat 6: feilinho ($170.41 in chips)
feilinho: posts small blind $1
SashaYuvelir: posts big blind $3
*** HOLE CARDS ***
feilinho: raises $3 to $6
SashaYuvelir: calls $3
*** FLOP *** [7h 8d 8s]
SashaYuvelir: checks
feilinho: bets $3
SashaYuvelir: calls $3
*** TURN *** [7h 8d 8s] [5h]
SashaYuvelir: checks
feilinho: bets $6
SashaYuvelir: raises $6 to $12
feilinho: calls $6
*** RIVER *** [7h 8d 8s 5h] [Jh]
SashaYuvelir: bets $6
feilinho: calls $6
*** SHOW DOWN ***
SashaYuvelir: shows [Jc Jd] (a full house, Jacks full of Eights)
feilinho: mucks hand
SashaYuvelir collected $53.50 from pot
*** SUMMARY ***
Total pot $54 | Rake $0.50
Board [7h 8d 8s 5h Jh]
Seat 1: SashaYuvelir (big blind) showed [Jc Jd] and won ($53.50) with a full house, Jacks full of Eights
Seat 6: feilinho (button) (small blind) mucked


PokerStars Hand #146128511307:  Hold'em Limit ($3/$6 USD) - 2015/12/29 14:54:51 ET
Table 'Phaedra II' 6-max Seat #6 is the button
Seat 1: SashaYuvelir ($66.75 in chips)
Seat 6: feilinho ($174.84 in chips)
feilinho: posts small blind $1
SashaYuvelir: posts big blind $3
*** HOLE CARDS ***
feilinho: raises $3 to $6
SashaYuvelir: calls $3
*** FLOP *** [6d 9s Kh]
SashaYuvelir: checks
feilinho: bets $3
SashaYuvelir: calls $3
*** TURN *** [6d 9s Kh] [3d]
SashaYuvelir: checks
feilinho: checks
*** RIVER *** [6d 9s Kh 3d] [Jh]
SashaYuvelir: checks
feilinho: checks
*** SHOW DOWN ***
SashaYuvelir: shows [6s Td] (a pair of Sixes)
feilinho: mucks hand
SashaYuvelir collected $17.64 from pot
*** SUMMARY ***
Total pot $18 | Rake $0.36
Board [6d 9s Kh 3d Jh]
Seat 1: SashaYuvelir (big blind) showed [6s Td] and won ($17.64) with a pair of Sixes
Seat 6: feilinho (button) (small blind) mucked


PokerStars Hand #146128472463:  Hold'em Limit ($3/$6 USD) - 2015/12/29 14:54:14 ET
Table 'Phaedra II' 6-max Seat #1 is the button
Seat 1: SashaYuvelir ($67 in chips)
Seat 6: feilinho ($175.09 in chips)
SashaYuvelir: posts small blind $1
feilinho: posts big blind $3
*** HOLE CARDS ***
SashaYuvelir: raises $3 to $6
feilinho: raises $3 to $9
SashaYuvelir: calls $3
*** FLOP *** [2c 4c 3c]
feilinho: bets $3
SashaYuvelir: calls $3
*** TURN *** [2c 4c 3c] [5s]
feilinho: bets $6
SashaYuvelir: calls $6
*** RIVER *** [2c 4c 3c 5s] [As]
feilinho: checks
SashaYuvelir: checks
*** SHOW DOWN ***
feilinho: shows [2d Ac] (a straight, Ace to Five)
SashaYuvelir: shows [Qd 2s] (a straight, Ace to Five)
feilinho collected $17.75 from pot
SashaYuvelir collected $17.75 from pot
*** SUMMARY ***
Total pot $36 | Rake $0.50
Board [2c 4c 3c 5s As]
Seat 1: SashaYuvelir (button) (small blind) showed [Qd 2s] and won ($17.75) with a straight, Ace to Five
Seat 6: feilinho (big blind) showed [2d Ac] and won ($17.75) with a straight, Ace to Five


PokerStars Hand #146128463576:  Hold'em Limit ($3/$6 USD) - 2015/12/29 14:54:06 ET
Table 'Phaedra II' 6-max Seat #6 is the button
Seat 1: SashaYuvelir ($73 in chips)
Seat 6: feilinho ($169.33 in chips)
feilinho: posts small blind $1
SashaYuvelir: posts big blind $3
*** HOLE CARDS ***
feilinho: raises $3 to $6
SashaYuvelir: calls $3
*** FLOP *** [Qd Td As]
SashaYuvelir: checks
feilinho: bets $3
SashaYuvelir: folds
Uncalled bet ($3) returned to feilinho
feilinho collected $11.76 from pot
feilinho: doesn't show hand
*** SUMMARY ***
Total pot $12 | Rake $0.24
Board [Qd Td As]
Seat 1: SashaYuvelir (big blind) folded on the Flop
Seat 6: feilinho (button) (small blind) collected ($11.76)


PokerStars Hand #146128567208:  Hold'em Limit ($3/$6 USD) - 2015/12/29 14:55:56 ET
Table 'Phaedra II' 6-max Seat #6 is the button
Seat 1: SashaYuvelir ($42.15 in chips)
Seat 6: feilinho ($197.84 in chips)
feilinho: posts small blind $1
SashaYuvelir: posts big blind $3
*** HOLE CARDS ***
feilinho: raises $3 to $6
SashaYuvelir: calls $3
*** FLOP *** [8d 2h 4s]
SashaYuvelir: checks
feilinho: bets $3
SashaYuvelir: folds
Uncalled bet ($3) returned to feilinho
feilinho collected $11.76 from pot
feilinho: doesn't show hand
*** SUMMARY ***
Total pot $12 | Rake $0.24
Board [8d 2h 4s]
Seat 1: SashaYuvelir (big blind) folded on the Flop
Seat 6: feilinho (button) (small blind) collected ($11.76)


PokerStars Hand #146128553034:  Hold'em Limit ($3/$6 USD) - 2015/12/29 14:55:39 ET
Table 'Phaedra II' 6-max Seat #1 is the button
Seat 1: SashaYuvelir ($57.15 in chips)
Seat 6: feilinho ($183.34 in chips)
SashaYuvelir: posts small blind $1
feilinho: posts big blind $3
*** HOLE CARDS ***
SashaYuvelir: raises $3 to $6
feilinho: calls $3
*** FLOP *** [5h Ac 9c]
feilinho: checks
SashaYuvelir: bets $3
feilinho: calls $3
*** TURN *** [5h Ac 9c] [Th]
feilinho: checks
SashaYuvelir: checks
*** RIVER *** [5h Ac 9c Th] [6d]
feilinho: checks
SashaYuvelir: bets $6
feilinho: calls $6
*** SHOW DOWN ***
SashaYuvelir: shows [8d 4h] (high card Ace)
feilinho: shows [5s 3s] (a pair of Fives)
feilinho collected $29.50 from pot
*** SUMMARY ***
Total pot $30 | Rake $0.50
Board [5h Ac 9c Th 6d]
Seat 1: SashaYuvelir (button) (small blind) showed [8d 4h] and lost with high card Ace
Seat 6: feilinho (big blind) showed [5s 3s] and won ($29.50) with a pair of Fives


PokerStars Hand #146128537370:  Hold'em Limit ($3/$6 USD) - 2015/12/29 14:55:19 ET
Table 'Phaedra II' 6-max Seat #6 is the button
Seat 1: SashaYuvelir ($81.15 in chips)
Seat 6: feilinho ($159.84 in chips)
feilinho: posts small blind $1
SashaYuvelir: posts big blind $3
*** HOLE CARDS ***
feilinho: raises $3 to $6
SashaYuvelir: calls $3
*** FLOP *** [3d 7d 9d]
SashaYuvelir: checks
feilinho: bets $3
SashaYuvelir: raises $3 to $6
feilinho: calls $3
*** TURN *** [3d 7d 9d] [Qs]
SashaYuvelir: bets $6
feilinho: calls $6
*** RIVER *** [3d 7d 9d Qs] [As]
SashaYuvelir: bets $6
feilinho: calls $6
*** SHOW DOWN ***
SashaYuvelir: shows [Th 8h] (high card Ace)
feilinho: shows [Tc Ah] (a pair of Aces)
feilinho collected $47.50 from pot
*** SUMMARY ***
Total pot $48 | Rake $0.50
Board [3d 7d 9d Qs As]
Seat 1: SashaYuvelir (big blind) showed [Th 8h] and lost with high card Ace
Seat 6: feilinho (button) (small blind) showed [Tc Ah] and won ($47.50) with a pair of Aces


PokerStars Hand #146128526782:  Hold'em Limit ($3/$6 USD) - 2015/12/29 14:55:06 ET
Table 'Phaedra II' 6-max Seat #1 is the button
Seat 1: SashaYuvelir ($75.39 in chips)
Seat 6: feilinho ($165.84 in chips)
SashaYuvelir: posts small blind $1
feilinho: posts big blind $3
*** HOLE CARDS ***
SashaYuvelir: raises $3 to $6
feilinho: calls $3
*** FLOP *** [4c Kc 9c]
feilinho: checks
SashaYuvelir: bets $3
feilinho: folds
Uncalled bet ($3) returned to SashaYuvelir
SashaYuvelir collected $11.76 from pot
SashaYuvelir: doesn't show hand
*** SUMMARY ***
Total pot $12 | Rake $0.24
Board [4c Kc 9c]
Seat 1: SashaYuvelir (button) (small blind) collected ($11.76)
Seat 6: feilinho (big blind) folded on the Flop


PokerStars Hand #146128610286:  Hold'em Limit ($3/$6 USD) - 2015/12/29 14:56:49 ET
Table 'Phaedra II' 6-max Seat #1 is the button
Seat 1: SashaYuvelir ($51.41 in chips)
Seat 6: feilinho ($187.36 in chips)
SashaYuvelir: posts small blind $1
feilinho: posts big blind $3
*** HOLE CARDS ***
SashaYuvelir: raises $3 to $6
feilinho: raises $3 to $9
SashaYuvelir: calls $3
*** FLOP *** [Js 2s 4d]
feilinho: bets $3
SashaYuvelir: calls $3
*** TURN *** [Js 2s 4d] [4s]
feilinho: bets $6
SashaYuvelir: folds
Uncalled bet ($6) returned to feilinho
feilinho collected $23.52 from pot
feilinho: doesn't show hand
*** SUMMARY ***
Total pot $24 | Rake $0.48
Board [Js 2s 4d 4s]
Seat 1: SashaYuvelir (button) (small blind) folded on the Turn
Seat 6: feilinho (big blind) collected ($23.52)


PokerStars Hand #146128606240:  Hold'em Limit ($3/$6 USD) - 2015/12/29 14:56:44 ET
Table 'Phaedra II' 6-max Seat #6 is the button
Seat 1: SashaYuvelir ($50.41 in chips)
Seat 6: feilinho ($188.36 in chips)
feilinho: posts small blind $1
SashaYuvelir: posts big blind $3
*** HOLE CARDS ***
feilinho: folds
Uncalled bet ($2) returned to SashaYuvelir
SashaYuvelir collected $2 from pot
SashaYuvelir: doesn't show hand
*** SUMMARY ***
Total pot $2 | Rake $0
Seat 1: SashaYuvelir (big blind) collected ($2)
Seat 6: feilinho (button) (small blind) folded before Flop


PokerStars Hand #146128596420:  Hold'em Limit ($3/$6 USD) - 2015/12/29 14:56:32 ET
Table 'Phaedra II' 6-max Seat #1 is the button
Seat 1: SashaYuvelir ($44.65 in chips)
Seat 6: feilinho ($194.36 in chips)
SashaYuvelir: posts small blind $1
feilinho: posts big blind $3
*** HOLE CARDS ***
SashaYuvelir: raises $3 to $6
feilinho: calls $3
*** FLOP *** [Qh Qs 9c]
feilinho: checks
SashaYuvelir: bets $3
feilinho: folds
Uncalled bet ($3) returned to SashaYuvelir
SashaYuvelir collected $11.76 from pot
SashaYuvelir: doesn't show hand
*** SUMMARY ***
Total pot $12 | Rake $0.24
Board [Qh Qs 9c]
Seat 1: SashaYuvelir (button) (small blind) collected ($11.76)
Seat 6: feilinho (big blind) folded on the Flop


PokerStars Hand #146128584410:  Hold'em Limit ($3/$6 USD) - 2015/12/29 14:56:18 ET
Table 'Phaedra II' 6-max Seat #6 is the button
Seat 1: SashaYuvelir ($50.65 in chips)
Seat 6: feilinho ($188.60 in chips)
feilinho: posts small blind $1
SashaYuvelir: posts big blind $3
*** HOLE CARDS ***
feilinho: raises $3 to $6
SashaYuvelir: calls $3
*** FLOP *** [Ac 8h 9h]
SashaYuvelir: checks
feilinho: bets $3
SashaYuvelir: folds
Uncalled bet ($3) returned to feilinho
feilinho collected $11.76 from pot
feilinho: doesn't show hand
*** SUMMARY ***
Total pot $12 | Rake $0.24
Board [Ac 8h 9h]
Seat 1: SashaYuvelir (big blind) folded on the Flop
Seat 6: feilinho (button) (small blind) collected ($11.76)


PokerStars Hand #146128574585:  Hold'em Limit ($3/$6 USD) - 2015/12/29 14:56:06 ET
Table 'Phaedra II' 6-max Seat #1 is the button
Seat 1: SashaYuvelir ($36.15 in chips)
Seat 6: feilinho ($203.60 in chips)
SashaYuvelir: posts small blind $1
feilinho: posts big blind $3
*** HOLE CARDS ***
SashaYuvelir: raises $3 to $6
feilinho: calls $3
*** FLOP *** [3h 8d Ad]
feilinho: checks
SashaYuvelir: bets $3
feilinho: calls $3
*** TURN *** [3h 8d Ad] [6d]
feilinho: checks
SashaYuvelir: checks
*** RIVER *** [3h 8d Ad 6d] [8c]
feilinho: bets $6
SashaYuvelir: calls $6
*** SHOW DOWN ***
feilinho: shows [5h 4c] (a pair of Eights)
SashaYuvelir: shows [5s Ks] (a pair of Eights - Ace+King kicker)
SashaYuvelir collected $29.50 from pot
*** SUMMARY ***
Total pot $30 | Rake $0.50
Board [3h 8d Ad 6d 8c]
Seat 1: SashaYuvelir (button) (small blind) showed [5s Ks] and won ($29.50) with a pair of Eights
Seat 6: feilinho (big blind) showed [5h 4c] and lost with a pair of Eights


PokerStars Hand #146128624111:  Hold'em Limit ($3/$6 USD) - 2015/12/29 14:57:05 ET
Table 'Phaedra II' 6-max Seat #6 is the button
Seat 1: SashaYuvelir ($39.41 in chips)
Seat 6: feilinho ($198.88 in chips)
feilinho: posts small blind $1
SashaYuvelir: posts big blind $3
*** HOLE CARDS ***
feilinho: raises $3 to $6
SashaYuvelir: calls $3
*** FLOP *** [4s 5s As]
SashaYuvelir: checks
feilinho: bets $3
SashaYuvelir: calls $3
*** TURN *** [4s 5s As] [Qh]
SashaYuvelir: checks
feilinho: checks
*** RIVER *** [4s 5s As Qh] [Th]
SashaYuvelir: checks
feilinho: checks
*** SHOW DOWN ***
SashaYuvelir: shows [6s 3h] (high card Ace)
feilinho: shows [2h 4h] (a pair of Fours)
feilinho collected $17.64 from pot
*** SUMMARY ***
Total pot $18 | Rake $0.36
Board [4s 5s As Qh Th]
Seat 1: SashaYuvelir (big blind) showed [6s 3h] and lost with high card Ace
Seat 6: feilinho (button) (small blind) showed [2h 4h] and won ($17.64) with a pair of Fours


PokerStars Hand #146128664965:  Hold'em Limit ($3/$6 USD) - 2015/12/29 14:57:54 ET
Table 'Phaedra II' 6-max Seat #1 is the button
Seat 1: SashaYuvelir ($41.91 in chips)
Seat 6: feilinho ($195.16 in chips)
SashaYuvelir: posts small blind $1
feilinho: posts big blind $3
*** HOLE CARDS ***
SashaYuvelir: raises $3 to $6
feilinho: raises $3 to $9
SashaYuvelir: calls $3
*** FLOP *** [6s Ah Ad]
feilinho: bets $3
SashaYuvelir: calls $3
*** TURN *** [6s Ah Ad] [8s]
feilinho: checks
SashaYuvelir: checks
*** RIVER *** [6s Ah Ad 8s] [8h]
feilinho: checks
SashaYuvelir: bets $6
feilinho: calls $6
*** SHOW DOWN ***
SashaYuvelir: shows [Kc 3h] (two pair, Aces and Eights)
feilinho: shows [Qh Ks] (two pair, Aces and Eights)
feilinho collected $17.75 from pot
SashaYuvelir collected $17.75 from pot
*** SUMMARY ***
Total pot $36 | Rake $0.50
Board [6s Ah Ad 8s 8h]
Seat 1: SashaYuvelir (button) (small blind) showed [Kc 3h] and won ($17.75) with two pair, Aces and Eights
Seat 6: feilinho (big blind) showed [Qh Ks] and won ($17.75) with two pair, Aces and Eights


PokerStars Hand #146128651006:  Hold'em Limit ($3/$6 USD) - 2015/12/29 14:57:38 ET
Table 'Phaedra II' 6-max Seat #6 is the button
Seat 1: SashaYuvelir ($21.41 in chips)
Seat 6: feilinho ($216.16 in chips)
feilinho: posts small blind $1
SashaYuvelir: posts big blind $3
*** HOLE CARDS ***
feilinho: raises $3 to $6
SashaYuvelir: calls $3
*** FLOP *** [9h 3c 7d]
SashaYuvelir: checks
feilinho: bets $3
SashaYuvelir: calls $3
*** TURN *** [9h 3c 7d] [3h]
SashaYuvelir: checks
feilinho: bets $6
SashaYuvelir: calls $6
*** RIVER *** [9h 3c 7d 3h] [8s]
SashaYuvelir: bets $6
feilinho: calls $6
*** SHOW DOWN ***
SashaYuvelir: shows [Th 8d] (two pair, Eights and Threes)
feilinho: mucks hand
SashaYuvelir collected $41.50 from pot
*** SUMMARY ***
Total pot $42 | Rake $0.50
Board [9h 3c 7d 3h 8s]
Seat 1: SashaYuvelir (big blind) showed [Th 8d] and won ($41.50) with two pair, Eights and Threes
Seat 6: feilinho (button) (small blind) mucked


PokerStars Hand #146128639021:  Hold'em Limit ($3/$6 USD) - 2015/12/29 14:57:23 ET
Table 'Phaedra II' 6-max Seat #1 is the button
Seat 1: SashaYuvelir ($30.41 in chips)
Seat 6: feilinho ($207.52 in chips)
SashaYuvelir: posts small blind $1
feilinho: posts big blind $3
*** HOLE CARDS ***
SashaYuvelir: raises $3 to $6
feilinho: raises $3 to $9
SashaYuvelir: calls $3
*** FLOP *** [Qs Tc Ts]
feilinho: bets $3
SashaYuvelir: folds
Uncalled bet ($3) returned to feilinho
feilinho collected $17.64 from pot
feilinho: doesn't show hand
*** SUMMARY ***
Total pot $18 | Rake $0.36
Board [Qs Tc Ts]
Seat 1: SashaYuvelir (button) (small blind) folded on the Flop
Seat 6: feilinho (big blind) collected ($17.64)


PokerStars Hand #146128675656:  Hold'em Limit ($3/$6 USD) - 2015/12/29 14:58:07 ET
Table 'Phaedra II' 6-max Seat #6 is the button
Seat 1: SashaYuvelir ($41.66 in chips)
Seat 6: feilinho ($194.91 in chips)
feilinho: posts small blind $1
SashaYuvelir: posts big blind $3
*** HOLE CARDS ***
feilinho: raises $3 to $6
SashaYuvelir: calls $3
*** FLOP *** [7c 3s 7h]
SashaYuvelir: checks
feilinho: bets $3
SashaYuvelir: calls $3
*** TURN *** [7c 3s 7h] [5s]
SashaYuvelir: checks
feilinho: bets $6
SashaYuvelir: calls $6
*** RIVER *** [7c 3s 7h 5s] [9c]
SashaYuvelir: checks
feilinho: bets $6
SashaYuvelir: calls $6
*** SHOW DOWN ***
feilinho: shows [7s Ad] (three of a kind, Sevens)
SashaYuvelir: mucks hand
feilinho collected $41.50 from pot
*** SUMMARY ***
Total pot $42 | Rake $0.50
Board [7c 3s 7h 5s 9c]
Seat 1: SashaYuvelir (big blind) mucked
Seat 6: feilinho (button) (small blind) showed [7s Ad] and won ($41.50) with three of a kind, Sevens


PokerStars Hand #146128712901:  Hold'em Limit ($3/$6 USD) - 2015/12/29 14:58:51 ET
Table 'Phaedra II' 6-max Seat #6 is the button
Seat 1: SashaYuvelir ($11.66 in chips)
Seat 6: feilinho ($224.05 in chips)
feilinho: posts small blind $1
SashaYuvelir: posts big blind $3
*** HOLE CARDS ***
feilinho: raises $3 to $6
SashaYuvelir: raises $3 to $9
feilinho: raises $3 to $12
Betting is capped
SashaYuvelir: calls $2.66 and is all-in
Uncalled bet ($0.34) returned to feilinho
*** FLOP *** [Ah 4h 6h]
*** TURN *** [Ah 4h 6h] [7h]
*** RIVER *** [Ah 4h 6h 7h] [Jc]
*** SHOW DOWN ***
SashaYuvelir: shows [Ad 9d] (a pair of Aces)
feilinho: shows [Kh Ts] (a flush, Ace high)
feilinho collected $22.85 from pot
*** SUMMARY ***
Total pot $23.32 | Rake $0.47
Board [Ah 4h 6h 7h Jc]
Seat 1: SashaYuvelir (big blind) showed [Ad 9d] and lost with a pair of Aces
Seat 6: feilinho (button) (small blind) showed [Kh Ts] and won ($22.85) with a flush, Ace high


PokerStars Hand #146128691280:  Hold'em Limit ($3/$6 USD) - 2015/12/29 14:58:26 ET
Table 'Phaedra II' 6-max Seat #1 is the button
Seat 1: SashaYuvelir ($20.66 in chips)
Seat 6: feilinho ($215.41 in chips)
SashaYuvelir: posts small blind $1
feilinho: posts big blind $3
*** HOLE CARDS ***
SashaYuvelir: raises $3 to $6
feilinho: calls $3
*** FLOP *** [7d 4c 4d]
feilinho: checks
SashaYuvelir: bets $3
feilinho: calls $3
*** TURN *** [7d 4c 4d] [2s]
feilinho: checks
SashaYuvelir: checks
*** RIVER *** [7d 4c 4d 2s] [9s]
feilinho: bets $6
SashaYuvelir: folds
Uncalled bet ($6) returned to feilinho
feilinho collected $17.64 from pot
feilinho: doesn't show hand
*** SUMMARY ***
Total pot $18 | Rake $0.36
Board [7d 4c 4d 2s 9s]
Seat 1: SashaYuvelir (button) (small blind) folded on the River
Seat 6: feilinho (big blind) collected ($17.64)


