PokerStars Hand #145350832448:  Hold'em Limit ($3/$6 USD) - 2015/12/14 16:41:55 ET
Table 'Phaeo' 6-max Seat #5 is the button
Seat 4: AzureCaper ($72.75 in chips)
Seat 5: perten ($119.75 in chips)
perten: posts small blind $1
AzureCaper: posts big blind $3
*** HOLE CARDS ***
perten: raises $3 to $6
AzureCaper: folds
Uncalled bet ($3) returned to perten
perten collected $6 from pot
perten: doesn't show hand
*** SUMMARY ***
Total pot $6 | Rake $0
Seat 4: AzureCaper (big blind) folded before Flop
Seat 5: perten (button) (small blind) collected ($6)


PokerStars Hand #145350808046:  Hold'em Limit ($3/$6 USD) - 2015/12/14 16:41:29 ET
Table 'Phaeo' 6-max Seat #4 is the button
Seat 4: AzureCaper ($73 in chips)
Seat 5: perten ($120 in chips)
AzureCaper: posts small blind $1
perten: posts big blind $3
*** HOLE CARDS ***
AzureCaper: raises $3 to $6
perten: raises $3 to $9
AzureCaper: calls $3
*** FLOP *** [6d 8s 8h]
perten: bets $3
AzureCaper: calls $3
*** TURN *** [6d 8s 8h] [8d]
perten: bets $6
AzureCaper: calls $6
*** RIVER *** [6d 8s 8h 8d] [6s]
perten: checks
AzureCaper: checks
*** SHOW DOWN ***
perten: shows [9h Ac] (a full house, Eights full of Sixes)
AzureCaper: shows [Kh Qc] (a full house, Eights full of Sixes)
perten collected $17.75 from pot
AzureCaper collected $17.75 from pot
*** SUMMARY ***
Total pot $36 | Rake $0.50
Board [6d 8s 8h 8d 6s]
Seat 4: AzureCaper (button) (small blind) showed [Kh Qc] and won ($17.75) with a full house, Eights full of Sixes
Seat 5: perten (big blind) showed [9h Ac] and won ($17.75) with a full house, Eights full of Sixes


PokerStars Hand #145350862159:  Hold'em Limit ($3/$6 USD) - 2015/12/14 16:42:25 ET
Table 'Phaeo' 6-max Seat #4 is the button
Seat 4: AzureCaper ($96.50 in chips)
Seat 5: perten ($97.75 in chips)
AzureCaper: posts small blind $1
perten: posts big blind $3
*** HOLE CARDS ***
oregordog joins the table at seat #6
AzureCaper: raises $3 to $6
perten: calls $3
*** FLOP *** [3c 3h 2c]
perten: checks
AzureCaper: bets $3
perten: folds
Uncalled bet ($3) returned to AzureCaper
AzureCaper collected $11.76 from pot
AzureCaper: doesn't show hand
ValeryRon joins the table at seat #1
*** SUMMARY ***
Total pot $12 | Rake $0.24
Board [3c 3h 2c]
Seat 4: AzureCaper (button) (small blind) collected ($11.76)
Seat 5: perten (big blind) folded on the Flop


PokerStars Hand #145350857336:  Hold'em Limit ($3/$6 USD) - 2015/12/14 16:42:20 ET
Table 'Phaeo' 6-max Seat #5 is the button
Seat 4: AzureCaper ($95.50 in chips)
Seat 5: perten ($98.75 in chips)
perten: posts small blind $1
AzureCaper: posts big blind $3
*** HOLE CARDS ***
perten: folds
Uncalled bet ($2) returned to AzureCaper
AzureCaper collected $2 from pot
AzureCaper: doesn't show hand
*** SUMMARY ***
Total pot $2 | Rake $0
Seat 4: AzureCaper (big blind) collected ($2)
Seat 5: perten (button) (small blind) folded before Flop


PokerStars Hand #145350838275:  Hold'em Limit ($3/$6 USD) - 2015/12/14 16:42:00 ET
Table 'Phaeo' 6-max Seat #4 is the button
Seat 4: AzureCaper ($72 in chips)
Seat 5: perten ($122.75 in chips)
AzureCaper: posts small blind $1
perten: posts big blind $3
*** HOLE CARDS ***
AzureCaper: raises $3 to $6
perten: raises $3 to $9
AzureCaper: calls $3
*** FLOP *** [Qh 4c Tc]
perten: bets $3
AzureCaper: calls $3
*** TURN *** [Qh 4c Tc] [4d]
perten: bets $6
AzureCaper: calls $6
*** RIVER *** [Qh 4c Tc 4d] [2c]
perten: bets $6
AzureCaper: calls $6
*** SHOW DOWN ***
perten: shows [Jc 8s] (a pair of Fours)
AzureCaper: shows [Ts 6s] (two pair, Tens and Fours)
AzureCaper collected $47.50 from pot
*** SUMMARY ***
Total pot $48 | Rake $0.50
Board [Qh 4c Tc 4d 2c]
Seat 4: AzureCaper (button) (small blind) showed [Ts 6s] and won ($47.50) with two pair, Tens and Fours
Seat 5: perten (big blind) showed [Jc 8s] and lost with a pair of Fours


PokerStars Hand #145351347123:  Hold'em Limit ($3/$6 USD) - 2015/12/14 16:50:56 ET
Table 'Phaeo' 6-max Seat #2 is the button
Seat 2: kenuna00 ($24.87 in chips)
Seat 5: perten ($75.01 in chips)
kenuna00: posts small blind $1
perten: posts big blind $3
*** HOLE CARDS ***
kenuna00: raises $3 to $6
perten: calls $3
*** FLOP *** [8s 5d Tc]
perten: bets $3
kenuna00: calls $3
*** TURN *** [8s 5d Tc] [6s]
perten: bets $6
kenuna00: calls $6
*** RIVER *** [8s 5d Tc 6s] [2s]
Karpik09 joins the table at seat #3
perten: checks
kenuna00: checks
*** SHOW DOWN ***
perten: shows [7h 6c] (a pair of Sixes)
kenuna00: mucks hand
perten collected $29.50 from pot
*** SUMMARY ***
Total pot $30 | Rake $0.50
Board [8s 5d Tc 6s 2s]
Seat 2: kenuna00 (button) (small blind) mucked
Seat 5: perten (big blind) showed [7h 6c] and won ($29.50) with a pair of Sixes


PokerStars Hand #145351362774:  Hold'em Limit ($3/$6 USD) - 2015/12/14 16:51:12 ET
Table 'Phaeo' 6-max Seat #5 is the button
Seat 2: kenuna00 ($9.87 in chips)
Seat 5: perten ($89.51 in chips)
perten: posts small blind $1
kenuna00: posts big blind $3
*** HOLE CARDS ***
perten: raises $3 to $6
kenuna00: calls $3
*** FLOP *** [Qc Qs 2h]
kenuna00: bets $3
perten: raises $3 to $6
Karpik09 leaves the table
kenuna00: calls $0.87 and is all-in
Uncalled bet ($2.13) returned to perten
*** TURN *** [Qc Qs 2h] [3d]
*** RIVER *** [Qc Qs 2h 3d] [9s]
*** SHOW DOWN ***
kenuna00: shows [5d Ac] (a pair of Queens)
perten: shows [6h Ad] (a pair of Queens - Ace+Nine+Six kicker)
perten collected $19.35 from pot
*** SUMMARY ***
Total pot $19.74 | Rake $0.39
Board [Qc Qs 2h 3d 9s]
Seat 2: kenuna00 (big blind) showed [5d Ac] and lost with a pair of Queens
Seat 5: perten (button) (small blind) showed [6h Ad] and won ($19.35) with a pair of Queens


