PokerStars Hand #150840582478:  Hold'em Limit ($3/$6 USD) - 2016/03/24 4:54:08 ET
Table 'Phecda' 6-max Seat #1 is the button
Seat 1: SALZHERZ ($113.04 in chips)
Seat 4: Agrotait ($65.13 in chips)
SALZHERZ: posts small blind $1
Agrotait: posts big blind $3
*** HOLE CARDS ***
SALZHERZ: folds
Uncalled bet ($2) returned to Agrotait
Agrotait collected $2 from pot
Agrotait: doesn't show hand
*** SUMMARY ***
Total pot $2 | Rake $0
Seat 1: SALZHERZ (button) (small blind) folded before Flop
Seat 4: Agrotait (big blind) collected ($2)


PokerStars Hand #150840580743:  Hold'em Limit ($3/$6 USD) - 2016/03/24 4:54:03 ET
Table 'Phecda' 6-max Seat #4 is the button
Seat 1: SALZHERZ ($112.04 in chips)
Seat 4: Agrotait ($66.13 in chips)
Agrotait: posts small blind $1
SALZHERZ: posts big blind $3
*** HOLE CARDS ***
Agrotait: folds
Uncalled bet ($2) returned to SALZHERZ
SALZHERZ collected $2 from pot
SALZHERZ: doesn't show hand
*** SUMMARY ***
Total pot $2 | Rake $0
Seat 1: SALZHERZ (big blind) collected ($2)
Seat 4: Agrotait (button) (small blind) folded before Flop


PokerStars Hand #150840573361:  Hold'em Limit ($3/$6 USD) - 2016/03/24 4:53:43 ET
Table 'Phecda' 6-max Seat #1 is the button
Seat 1: SALZHERZ ($106.28 in chips)
Seat 4: Agrotait ($72.13 in chips)
SALZHERZ: posts small blind $1
Agrotait: posts big blind $3
*** HOLE CARDS ***
SALZHERZ: raises $3 to $6
Agrotait: calls $3
*** FLOP *** [4s Qs 6h]
Agrotait: checks
SALZHERZ: bets $3
Agrotait: folds
Uncalled bet ($3) returned to SALZHERZ
SALZHERZ collected $11.76 from pot
SALZHERZ: doesn't show hand
*** SUMMARY ***
Total pot $12 | Rake $0.24
Board [4s Qs 6h]
Seat 1: SALZHERZ (button) (small blind) collected ($11.76)
Seat 4: Agrotait (big blind) folded on the Flop


PokerStars Hand #150840568907:  Hold'em Limit ($3/$6 USD) - 2016/03/24 4:53:31 ET
Table 'Phecda' 6-max Seat #4 is the button
Seat 1: SALZHERZ ($112.28 in chips)
Seat 4: Agrotait ($66.37 in chips)
Agrotait: posts small blind $1
SALZHERZ: posts big blind $3
*** HOLE CARDS ***
Agrotait: raises $3 to $6
SALZHERZ: calls $3
*** FLOP *** [Jh Ac 3h]
SALZHERZ: checks
Agrotait: bets $3
SALZHERZ: folds
Uncalled bet ($3) returned to Agrotait
Agrotait collected $11.76 from pot
Agrotait: doesn't show hand
*** SUMMARY ***
Total pot $12 | Rake $0.24
Board [Jh Ac 3h]
Seat 1: SALZHERZ (big blind) folded on the Flop
Seat 4: Agrotait (button) (small blind) collected ($11.76)


PokerStars Hand #150840551055:  Hold'em Limit ($3/$6 USD) - 2016/03/24 4:52:42 ET
Table 'Phecda' 6-max Seat #1 is the button
Seat 1: SALZHERZ ($91.78 in chips)
Seat 4: Agrotait ($87.37 in chips)
SALZHERZ: posts small blind $1
Agrotait: posts big blind $3
*** HOLE CARDS ***
SALZHERZ: raises $3 to $6
Agrotait: raises $3 to $9
SALZHERZ: raises $3 to $12
Betting is capped
Agrotait: calls $3
*** FLOP *** [4s 3c Qh]
Agrotait: checks
SALZHERZ: bets $3
Agrotait: calls $3
*** TURN *** [4s 3c Qh] [2d]
Agrotait: checks
SALZHERZ: bets $6
Agrotait: calls $6
*** RIVER *** [4s 3c Qh 2d] [8c]
Agrotait: checks
SALZHERZ: checks
*** SHOW DOWN ***
Agrotait: shows [Jc Ac] (high card Ace)
SALZHERZ: shows [3h Ad] (a pair of Threes)
SALZHERZ collected $41.50 from pot
*** SUMMARY ***
Total pot $42 | Rake $0.50
Board [4s 3c Qh 2d 8c]
Seat 1: SALZHERZ (button) (small blind) showed [3h Ad] and won ($41.50) with a pair of Threes
Seat 4: Agrotait (big blind) showed [Jc Ac] and lost with high card Ace


PokerStars Hand #150840604738:  Hold'em Limit ($3/$6 USD) - 2016/03/24 4:55:09 ET
Table 'Phecda' 6-max Seat #1 is the button
Seat 1: SALZHERZ ($83.04 in chips)
Seat 4: Agrotait ($94.27 in chips)
SALZHERZ: posts small blind $1
Agrotait: posts big blind $3
*** HOLE CARDS ***
SALZHERZ: folds
Uncalled bet ($2) returned to Agrotait
Agrotait collected $2 from pot
Agrotait: doesn't show hand
*** SUMMARY ***
Total pot $2 | Rake $0
Seat 1: SALZHERZ (button) (small blind) folded before Flop
Seat 4: Agrotait (big blind) collected ($2)


PokerStars Hand #150840602892:  Hold'em Limit ($3/$6 USD) - 2016/03/24 4:55:03 ET
Table 'Phecda' 6-max Seat #4 is the button
Seat 1: SALZHERZ ($82.04 in chips)
Seat 4: Agrotait ($95.27 in chips)
Agrotait: posts small blind $1
SALZHERZ: posts big blind $3
*** HOLE CARDS ***
Agrotait: folds
Uncalled bet ($2) returned to SALZHERZ
SALZHERZ collected $2 from pot
SALZHERZ: doesn't show hand
*** SUMMARY ***
Total pot $2 | Rake $0
Seat 1: SALZHERZ (big blind) collected ($2)
Seat 4: Agrotait (button) (small blind) folded before Flop


PokerStars Hand #150840596300:  Hold'em Limit ($3/$6 USD) - 2016/03/24 4:54:46 ET
Table 'Phecda' 6-max Seat #1 is the button
Seat 1: SALZHERZ ($91.04 in chips)
Seat 4: Agrotait ($86.63 in chips)
SALZHERZ: posts small blind $1
Agrotait: posts big blind $3
*** HOLE CARDS ***
SALZHERZ: raises $3 to $6
Agrotait: raises $3 to $9
SALZHERZ: calls $3
*** FLOP *** [4s Qh Ts]
Agrotait: bets $3
SALZHERZ: folds
Uncalled bet ($3) returned to Agrotait
Agrotait collected $17.64 from pot
Agrotait: doesn't show hand
*** SUMMARY ***
Total pot $18 | Rake $0.36
Board [4s Qh Ts]
Seat 1: SALZHERZ (button) (small blind) folded on the Flop
Seat 4: Agrotait (big blind) collected ($17.64)


PokerStars Hand #150840584330:  Hold'em Limit ($3/$6 USD) - 2016/03/24 4:54:13 ET
Table 'Phecda' 6-max Seat #4 is the button
Seat 1: SALZHERZ ($112.04 in chips)
Seat 4: Agrotait ($66.13 in chips)
Agrotait: posts small blind $1
SALZHERZ: posts big blind $3
*** HOLE CARDS ***
Agrotait: raises $3 to $6
SALZHERZ: calls $3
*** FLOP *** [9s 7h Jd]
SALZHERZ: checks
Agrotait: bets $3
SALZHERZ: calls $3
*** TURN *** [9s 7h Jd] [Th]
SALZHERZ: checks
Agrotait: bets $6
SALZHERZ: calls $6
*** RIVER *** [9s 7h Jd Th] [9c]
SALZHERZ: checks
Agrotait: bets $6
SALZHERZ: calls $6
*** SHOW DOWN ***
Agrotait: shows [9h 9d] (four of a kind, Nines)
SALZHERZ: mucks hand
Agrotait collected $41.50 from pot
*** SUMMARY ***
Total pot $42 | Rake $0.50
Board [9s 7h Jd Th 9c]
Seat 1: SALZHERZ (big blind) mucked
Seat 4: Agrotait (button) (small blind) showed [9h 9d] and won ($41.50) with four of a kind, Nines


PokerStars Hand #150840615965:  Hold'em Limit ($3/$6 USD) - 2016/03/24 4:55:42 ET
Table 'Phecda' 6-max Seat #1 is the button
Seat 1: SALZHERZ ($99.54 in chips)
Seat 4: Agrotait ($77.27 in chips)
SALZHERZ: posts small blind $1
Agrotait: posts big blind $3
*** HOLE CARDS ***
SALZHERZ: raises $3 to $6
Agrotait: calls $3
*** FLOP *** [Js 9s Qh]
Agrotait: checks
SALZHERZ: bets $3
Agrotait: calls $3
*** TURN *** [Js 9s Qh] [Ts]
Caxa922 joins the table at seat #5
Agrotait: checks
SALZHERZ: checks
*** RIVER *** [Js 9s Qh Ts] [9d]
Agrotait: checks
SALZHERZ: bets $6
Agrotait: folds
Uncalled bet ($6) returned to SALZHERZ
SALZHERZ collected $17.64 from pot
SALZHERZ: doesn't show hand
*** SUMMARY ***
Total pot $18 | Rake $0.36
Board [Js 9s Qh Ts 9d]
Seat 1: SALZHERZ (button) (small blind) collected ($17.64)
Seat 4: Agrotait (big blind) folded on the River


PokerStars Hand #150840606614:  Hold'em Limit ($3/$6 USD) - 2016/03/24 4:55:14 ET
Table 'Phecda' 6-max Seat #4 is the button
Seat 1: SALZHERZ ($82.04 in chips)
Seat 4: Agrotait ($95.27 in chips)
Agrotait: posts small blind $1
SALZHERZ: posts big blind $3
*** HOLE CARDS ***
Agrotait: raises $3 to $6
SALZHERZ: raises $3 to $9
Agrotait: calls $3
*** FLOP *** [Jc 5c 4s]
SALZHERZ: bets $3
Agrotait: calls $3
*** TURN *** [Jc 5c 4s] [3h]
SALZHERZ: bets $6
Agrotait: calls $6
*** RIVER *** [Jc 5c 4s 3h] [2c]
SALZHERZ: bets $6
Agrotait: folds
Uncalled bet ($6) returned to SALZHERZ
SALZHERZ collected $35.50 from pot
SALZHERZ: doesn't show hand
*** SUMMARY ***
Total pot $36 | Rake $0.50
Board [Jc 5c 4s 3h 2c]
Seat 1: SALZHERZ (big blind) collected ($35.50)
Seat 4: Agrotait (button) (small blind) folded on the River


PokerStars Hand #150840841577:  Hold'em Limit ($3/$6 USD) - 2016/03/24 5:06:28 ET
Table 'Phecda' 6-max Seat #4 is the button
Seat 1: SALZHERZ ($156.44 in chips)
Seat 4: BuzovaPro ($72 in chips)
BuzovaPro: posts small blind $1
SALZHERZ: posts big blind $3
*** HOLE CARDS ***
BuzovaPro: raises $3 to $6
SALZHERZ: calls $3
*** FLOP *** [7d 9h 7s]
SphinX88 leaves the table
SALZHERZ: checks
BuzovaPro: bets $3
SALZHERZ: calls $3
*** TURN *** [7d 9h 7s] [4c]
SALZHERZ: checks
BuzovaPro: bets $6
SALZHERZ: folds
Uncalled bet ($6) returned to BuzovaPro
BuzovaPro collected $17.64 from pot
BuzovaPro: doesn't show hand
*** SUMMARY ***
Total pot $18 | Rake $0.36
Board [7d 9h 7s 4c]
Seat 1: SALZHERZ (big blind) folded on the Turn
Seat 4: BuzovaPro (button) (small blind) collected ($17.64)


PokerStars Hand #150840850652:  Hold'em Limit ($3/$6 USD) - 2016/03/24 5:06:52 ET
Table 'Phecda' 6-max Seat #1 is the button
Seat 1: SALZHERZ ($147.44 in chips)
Seat 4: BuzovaPro ($80.64 in chips)
SALZHERZ: posts small blind $1
BuzovaPro: posts big blind $3
*** HOLE CARDS ***
SALZHERZ: raises $3 to $6
BuzovaPro: raises $3 to $9
SALZHERZ: calls $3
*** FLOP *** [Td Jh 9h]
BuzovaPro: bets $3
SALZHERZ: calls $3
*** TURN *** [Td Jh 9h] [9d]
BuzovaPro: bets $6
SALZHERZ: calls $6
*** RIVER *** [Td Jh 9h 9d] [Js]
BuzovaPro: bets $6
SALZHERZ: raises $6 to $12
BuzovaPro: calls $6
*** SHOW DOWN ***
SALZHERZ: shows [9s Kd] (a full house, Nines full of Jacks)
BuzovaPro: mucks hand
SALZHERZ collected $59.50 from pot
*** SUMMARY ***
Total pot $60 | Rake $0.50
Board [Td Jh 9h 9d Js]
Seat 1: SALZHERZ (button) (small blind) showed [9s Kd] and won ($59.50) with a full house, Nines full of Jacks
Seat 4: BuzovaPro (big blind) mucked


PokerStars Hand #150840863292:  Hold'em Limit ($3/$6 USD) - 2016/03/24 5:07:25 ET
Table 'Phecda' 6-max Seat #1 is the button
Seat 1: SALZHERZ ($170.94 in chips)
Seat 4: BuzovaPro ($77.76 in chips)
SALZHERZ: posts small blind $1
liolilove was removed from the table for failing to post
BuzovaPro: posts big blind $3
*** HOLE CARDS ***
SALZHERZ: folds
Uncalled bet ($2) returned to BuzovaPro
BuzovaPro collected $2 from pot
BuzovaPro: doesn't show hand
*** SUMMARY ***
Total pot $2 | Rake $0
Seat 1: SALZHERZ (button) (small blind) folded before Flop
Seat 4: BuzovaPro (big blind) collected ($2)


PokerStars Hand #150840859284:  Hold'em Limit ($3/$6 USD) - 2016/03/24 5:07:14 ET
Table 'Phecda' 6-max Seat #4 is the button
Seat 1: SALZHERZ ($176.94 in chips)
Seat 4: BuzovaPro ($72 in chips)
BuzovaPro: posts small blind $1
SALZHERZ: posts big blind $3
*** HOLE CARDS ***
BuzovaPro: raises $3 to $6
SALZHERZ: calls $3
*** FLOP *** [9c 3c 9s]
SALZHERZ: checks
BuzovaPro: bets $3
SALZHERZ: folds
Uncalled bet ($3) returned to BuzovaPro
BuzovaPro collected $11.76 from pot
BuzovaPro: doesn't show hand
*** SUMMARY ***
Total pot $12 | Rake $0.24
Board [9c 3c 9s]
Seat 1: SALZHERZ (big blind) folded on the Flop
Seat 4: BuzovaPro (button) (small blind) collected ($11.76)


PokerStars Hand #150841740314:  Hold'em Limit ($3/$6 USD) - 2016/03/24 5:44:09 ET
Table 'Phecda' 6-max Seat #3 is the button
Seat 2: liolilove ($81.71 in chips)
Seat 3: bugsbubble ($79.43 in chips)
bugsbubble: posts small blind $1
oregordog was removed from the table for failing to post
hairy1961: is sitting out
liolilove: posts big blind $3
*** HOLE CARDS ***
hairy1961 leaves the table
bugsbubble: folds
Uncalled bet ($2) returned to liolilove
liolilove collected $2 from pot
liolilove: doesn't show hand
*** SUMMARY ***
Total pot $2 | Rake $0
Seat 2: liolilove (big blind) collected ($2)
Seat 3: bugsbubble (button) (small blind) folded before Flop


