PokerStars Hand #148452464913:  Hold'em Limit ($3/$6 USD) - 2016/02/08 11:47:27 ET
Table 'Phecda' 10-max Seat #1 is the button
Seat 1: VolkovDmitri ($120 in chips)
Seat 10: Headgtboy ($123 in chips)
VolkovDmitri: posts small blind $1
Headgtboy: posts big blind $3
*** HOLE CARDS ***
VolkovDmitri: raises $3 to $6
Headgtboy: raises $3 to $9
VolkovDmitri: calls $3
*** FLOP *** [8c 7h 3c]
Headgtboy: bets $3
VolkovDmitri: raises $3 to $6
Headgtboy: calls $3
*** TURN *** [8c 7h 3c] [6s]
Headgtboy: checks
VolkovDmitri: bets $6
Headgtboy: folds
Uncalled bet ($6) returned to VolkovDmitri
VolkovDmitri collected $29.50 from pot
VolkovDmitri: doesn't show hand
*** SUMMARY ***
Total pot $30 | Rake $0.50
Board [8c 7h 3c 6s]
Seat 1: VolkovDmitri (button) (small blind) collected ($29.50)
Seat 10: Headgtboy (big blind) folded on the Turn


PokerStars Hand #148452520575:  Hold'em Limit ($3/$6 USD) - 2016/02/08 11:48:30 ET
Table 'Phecda' 10-max Seat #10 is the button
Seat 1: VolkovDmitri ($120 in chips)
Seat 10: Headgtboy ($125.28 in chips)
Headgtboy: posts small blind $1
VolkovDmitri: posts big blind $3
*** HOLE CARDS ***
Headgtboy: raises $3 to $6
VolkovDmitri: raises $3 to $9
Headgtboy: raises $3 to $12
Betting is capped
VolkovDmitri: calls $3
*** FLOP *** [8c Qs Ad]
VolkovDmitri: checks
Headgtboy: bets $3
VolkovDmitri: calls $3
*** TURN *** [8c Qs Ad] [2d]
VolkovDmitri: checks
Headgtboy: bets $6
VolkovDmitri: calls $6
*** RIVER *** [8c Qs Ad 2d] [4s]
VolkovDmitri: checks
Headgtboy: bets $6
VolkovDmitri: folds
Uncalled bet ($6) returned to Headgtboy
Headgtboy collected $41.50 from pot
Headgtboy: doesn't show hand
*** SUMMARY ***
Total pot $42 | Rake $0.50
Board [8c Qs Ad 2d 4s]
Seat 1: VolkovDmitri (big blind) folded on the River
Seat 10: Headgtboy (button) (small blind) collected ($41.50)


PokerStars Hand #148452507427:  Hold'em Limit ($3/$6 USD) - 2016/02/08 11:48:15 ET
Table 'Phecda' 10-max Seat #1 is the button
Seat 1: VolkovDmitri ($125.50 in chips)
Seat 10: Headgtboy ($116.64 in chips)
VolkovDmitri: posts small blind $1
Headgtboy: posts big blind $3
*** HOLE CARDS ***
VolkovDmitri: raises $3 to $6
Headgtboy: calls $3
*** FLOP *** [5c Ad Kd]
Headgtboy: checks
VolkovDmitri: bets $3
Headgtboy: raises $3 to $6
VolkovDmitri: folds
Uncalled bet ($3) returned to Headgtboy
Headgtboy collected $17.64 from pot
Headgtboy: doesn't show hand
*** SUMMARY ***
Total pot $18 | Rake $0.36
Board [5c Ad Kd]
Seat 1: VolkovDmitri (button) (small blind) folded on the Flop
Seat 10: Headgtboy (big blind) collected ($17.64)


PokerStars Hand #148452485446:  Hold'em Limit ($3/$6 USD) - 2016/02/08 11:47:50 ET
Table 'Phecda' 10-max Seat #10 is the button
Seat 1: VolkovDmitri ($134.50 in chips)
Seat 10: Headgtboy ($108 in chips)
Headgtboy: posts small blind $1
VolkovDmitri: posts big blind $3
*** HOLE CARDS ***
Headgtboy: raises $3 to $6
VolkovDmitri: calls $3
*** FLOP *** [5d 6c 3c]
VolkovDmitri: checks
Headgtboy: bets $3
VolkovDmitri: calls $3
*** TURN *** [5d 6c 3c] [8d]
VolkovDmitri: checks
Headgtboy: bets $6
VolkovDmitri: folds
Uncalled bet ($6) returned to Headgtboy
Headgtboy collected $17.64 from pot
Headgtboy: doesn't show hand
*** SUMMARY ***
Total pot $18 | Rake $0.36
Board [5d 6c 3c 8d]
Seat 1: VolkovDmitri (big blind) folded on the Turn
Seat 10: Headgtboy (button) (small blind) collected ($17.64)


PokerStars Hand #148452560761:  Hold'em Limit ($3/$6 USD) - 2016/02/08 11:49:15 ET
Table 'Phecda' 10-max Seat #1 is the button
Seat 1: VolkovDmitri ($121 in chips)
Seat 10: Headgtboy ($145.78 in chips)
VolkovDmitri: posts small blind $1
Headgtboy: posts big blind $3
*** HOLE CARDS ***
VolkovDmitri: raises $3 to $6
Headgtboy: calls $3
*** FLOP *** [Qs 6d 8h]
Headgtboy: checks
VolkovDmitri: bets $3
Headgtboy: calls $3
*** TURN *** [Qs 6d 8h] [6h]
Headgtboy: checks
VolkovDmitri: checks
*** RIVER *** [Qs 6d 8h 6h] [5d]
Headgtboy: bets $6
VolkovDmitri: folds
Uncalled bet ($6) returned to Headgtboy
Headgtboy collected $17.64 from pot
Headgtboy: doesn't show hand
*** SUMMARY ***
Total pot $18 | Rake $0.36
Board [Qs 6d 8h 6h 5d]
Seat 1: VolkovDmitri (button) (small blind) folded on the River
Seat 10: Headgtboy (big blind) collected ($17.64)


PokerStars Hand #148452555745:  Hold'em Limit ($3/$6 USD) - 2016/02/08 11:49:09 ET
Table 'Phecda' 10-max Seat #10 is the button
Seat 1: VolkovDmitri ($120 in chips)
Seat 10: Headgtboy ($146.78 in chips)
Headgtboy: posts small blind $1
VolkovDmitri: posts big blind $3
*** HOLE CARDS ***
Headgtboy: folds
Uncalled bet ($2) returned to VolkovDmitri
VolkovDmitri collected $2 from pot
*** SUMMARY ***
Total pot $2 | Rake $0
Seat 1: VolkovDmitri (big blind) collected ($2)
Seat 10: Headgtboy (button) (small blind) folded before Flop


PokerStars Hand #148452549935:  Hold'em Limit ($3/$6 USD) - 2016/02/08 11:49:02 ET
Table 'Phecda' 10-max Seat #1 is the button
Seat 1: VolkovDmitri ($120 in chips)
Seat 10: Headgtboy ($145.78 in chips)
VolkovDmitri: posts small blind $1
Headgtboy: posts big blind $3
*** HOLE CARDS ***
VolkovDmitri: folds
Uncalled bet ($2) returned to Headgtboy
Headgtboy collected $2 from pot
Headgtboy: doesn't show hand
*** SUMMARY ***
Total pot $2 | Rake $0
Seat 1: VolkovDmitri (button) (small blind) folded before Flop
Seat 10: Headgtboy (big blind) collected ($2)


PokerStars Hand #148452635449:  Hold'em Limit ($3/$6 USD) - 2016/02/08 11:50:39 ET
Table 'Phecda' 10-max Seat #10 is the button
Seat 1: VolkovDmitri ($129.76 in chips)
Seat 10: Headgtboy ($170.92 in chips)
Headgtboy: posts small blind $1
VolkovDmitri: posts big blind $3
*** HOLE CARDS ***
Headgtboy: raises $3 to $6
VolkovDmitri: calls $3
*** FLOP *** [Qd Jd 2s]
VolkovDmitri: checks
Headgtboy: bets $3
VolkovDmitri: folds
Uncalled bet ($3) returned to Headgtboy
Headgtboy collected $11.76 from pot
Headgtboy: doesn't show hand
*** SUMMARY ***
Total pot $12 | Rake $0.24
Board [Qd Jd 2s]
Seat 1: VolkovDmitri (big blind) folded on the Flop
Seat 10: Headgtboy (button) (small blind) collected ($11.76)


PokerStars Hand #148452624016:  Hold'em Limit ($3/$6 USD) - 2016/02/08 11:50:26 ET
Table 'Phecda' 10-max Seat #1 is the button
Seat 1: VolkovDmitri ($124 in chips)
Seat 10: Headgtboy ($176.92 in chips)
VolkovDmitri: posts small blind $1
Headgtboy: posts big blind $3
*** HOLE CARDS ***
VolkovDmitri: raises $3 to $6
Headgtboy: calls $3
*** FLOP *** [4c Qs Ac]
Headgtboy: checks
VolkovDmitri: bets $3
Headgtboy: folds
Uncalled bet ($3) returned to VolkovDmitri
VolkovDmitri collected $11.76 from pot
VolkovDmitri: doesn't show hand
*** SUMMARY ***
Total pot $12 | Rake $0.24
Board [4c Qs Ac]
Seat 1: VolkovDmitri (button) (small blind) collected ($11.76)
Seat 10: Headgtboy (big blind) folded on the Flop


PokerStars Hand #148452618244:  Hold'em Limit ($3/$6 USD) - 2016/02/08 11:50:19 ET
Table 'Phecda' 10-max Seat #10 is the button
Seat 1: VolkovDmitri ($123 in chips)
Seat 10: Headgtboy ($177.92 in chips)
Headgtboy: posts small blind $1
VolkovDmitri: posts big blind $3
*** HOLE CARDS ***
Headgtboy: folds
Uncalled bet ($2) returned to VolkovDmitri
VolkovDmitri collected $2 from pot
VolkovDmitri: doesn't show hand
*** SUMMARY ***
Total pot $2 | Rake $0
Seat 1: VolkovDmitri (big blind) collected ($2)
Seat 10: Headgtboy (button) (small blind) folded before Flop


PokerStars Hand #148452612369:  Hold'em Limit ($3/$6 USD) - 2016/02/08 11:50:13 ET
Table 'Phecda' 10-max Seat #1 is the button
Seat 1: VolkovDmitri ($120 in chips)
Seat 10: Headgtboy ($180.92 in chips)
VolkovDmitri: posts small blind $1
Headgtboy: posts big blind $3
*** HOLE CARDS ***
VolkovDmitri: raises $3 to $6
Headgtboy: folds
Uncalled bet ($3) returned to VolkovDmitri
VolkovDmitri collected $6 from pot
*** SUMMARY ***
Total pot $6 | Rake $0
Seat 1: VolkovDmitri (button) (small blind) collected ($6)
Seat 10: Headgtboy (big blind) folded before Flop


PokerStars Hand #148452586770:  Hold'em Limit ($3/$6 USD) - 2016/02/08 11:49:44 ET
Table 'Phecda' 10-max Seat #10 is the button
Seat 1: VolkovDmitri ($120 in chips)
Seat 10: Headgtboy ($154.42 in chips)
Headgtboy: posts small blind $1
VolkovDmitri: posts big blind $3
*** HOLE CARDS ***
Headgtboy: raises $3 to $6
VolkovDmitri: raises $3 to $9
Headgtboy: calls $3
*** FLOP *** [6d Td 2c]
VolkovDmitri: bets $3
Headgtboy: raises $3 to $6
VolkovDmitri: calls $3
*** TURN *** [6d Td 2c] [5c]
VolkovDmitri: checks
Headgtboy: bets $6
VolkovDmitri: calls $6
*** RIVER *** [6d Td 2c 5c] [6s]
VolkovDmitri: checks
Headgtboy: bets $6
VolkovDmitri: calls $6
*** SHOW DOWN ***
Headgtboy: shows [Ah 2h] (two pair, Sixes and Deuces)
VolkovDmitri: mucks hand
Headgtboy collected $53.50 from pot
*** SUMMARY ***
Total pot $54 | Rake $0.50
Board [6d Td 2c 5c 6s]
Seat 1: VolkovDmitri (big blind) mucked
Seat 10: Headgtboy (button) (small blind) showed [Ah 2h] and won ($53.50) with two pair, Sixes and Deuces


PokerStars Hand #148452675635:  Hold'em Limit ($3/$6 USD) - 2016/02/08 11:51:24 ET
Table 'Phecda' 10-max Seat #10 is the button
Seat 1: VolkovDmitri ($135.28 in chips)
Seat 10: Headgtboy ($164.68 in chips)
Headgtboy: posts small blind $1
VolkovDmitri: posts big blind $3
*** HOLE CARDS ***
Headgtboy: raises $3 to $6
VolkovDmitri: calls $3
*** FLOP *** [Td 9s 3d]
VolkovDmitri: bets $3
Headgtboy: raises $3 to $6
VolkovDmitri: calls $3
*** TURN *** [Td 9s 3d] [As]
VolkovDmitri: checks
Headgtboy: checks
*** RIVER *** [Td 9s 3d As] [9d]
VolkovDmitri: bets $6
Headgtboy: folds
Uncalled bet ($6) returned to VolkovDmitri
VolkovDmitri collected $23.52 from pot
*** SUMMARY ***
Total pot $24 | Rake $0.48
Board [Td 9s 3d As 9d]
Seat 1: VolkovDmitri (big blind) collected ($23.52)
Seat 10: Headgtboy (button) (small blind) folded on the River


PokerStars Hand #148452654445:  Hold'em Limit ($3/$6 USD) - 2016/02/08 11:51:00 ET
Table 'Phecda' 10-max Seat #1 is the button
Seat 1: VolkovDmitri ($123.76 in chips)
Seat 10: Headgtboy ($176.68 in chips)
VolkovDmitri: posts small blind $1
Headgtboy: posts big blind $3
*** HOLE CARDS ***
VolkovDmitri: raises $3 to $6
Headgtboy: calls $3
*** FLOP *** [Qh Kc 2s]
Headgtboy: checks
VolkovDmitri: checks
*** TURN *** [Qh Kc 2s] [7h]
Headgtboy: checks
VolkovDmitri: bets $6
Headgtboy: calls $6
*** RIVER *** [Qh Kc 2s 7h] [Ts]
Headgtboy: checks
VolkovDmitri: bets $6
Headgtboy: folds
Uncalled bet ($6) returned to VolkovDmitri
VolkovDmitri collected $23.52 from pot
*** SUMMARY ***
Total pot $24 | Rake $0.48
Board [Qh Kc 2s 7h Ts]
Seat 1: VolkovDmitri (button) (small blind) collected ($23.52)
Seat 10: Headgtboy (big blind) folded on the River


