PokerStars Hand #144270689489:  Hold'em Limit ($3/$6 USD) - 2015/11/23 12:57:11 ET
Table 'Phegeus II' 2-max Seat #1 is the button
Seat 1: favete lin ($73 in chips)
Seat 2: piet735 ($119 in chips)
favete lin: posts small blind $1
piet735: posts big blind $3
*** HOLE CARDS ***
favete lin: raises $3 to $6
piet735: calls $3
*** FLOP *** [Jd 7h 2c]
piet735: checks
favete lin: bets $3
piet735: calls $3
*** TURN *** [Jd 7h 2c] [9d]
piet735: checks
favete lin: bets $6
piet735: calls $6
*** RIVER *** [Jd 7h 2c 9d] [6s]
piet735: checks
favete lin: bets $6
piet735: calls $6
*** SHOW DOWN ***
favete lin: shows [Ts 8h] (a straight, Seven to Jack)
piet735: mucks hand
favete lin collected $41.50 from pot
*** SUMMARY ***
Total pot $42 | Rake $0.50
Board [Jd 7h 2c 9d 6s]
Seat 1: favete lin (button) (small blind) showed [Ts 8h] and won ($41.50) with a straight, Seven to Jack
Seat 2: piet735 (big blind) mucked


PokerStars Hand #144270710022:  Hold'em Limit ($3/$6 USD) - 2015/11/23 12:57:40 ET
Table 'Phegeus II' 2-max Seat #2 is the button
Seat 1: favete lin ($93.50 in chips)
Seat 2: piet735 ($98 in chips)
piet735: posts small blind $1
favete lin: posts big blind $3
*** HOLE CARDS ***
piet735: raises $3 to $6
favete lin: calls $3
*** FLOP *** [5c Qc Qs]
favete lin: checks
piet735: checks
*** TURN *** [5c Qc Qs] [Jd]
favete lin: checks
piet735: checks
*** RIVER *** [5c Qc Qs Jd] [4c]
favete lin: bets $6
piet735: folds
Uncalled bet ($6) returned to favete lin
favete lin collected $11.76 from pot
*** SUMMARY ***
Total pot $12 | Rake $0.24
Board [5c Qc Qs Jd 4c]
Seat 1: favete lin (big blind) collected ($11.76)
Seat 2: piet735 (button) (small blind) folded on the River


PokerStars Hand #144270720879:  Hold'em Limit ($3/$6 USD) - 2015/11/23 12:57:55 ET
Table 'Phegeus II' 2-max Seat #1 is the button
Seat 1: favete lin ($99.26 in chips)
Seat 2: piet735 ($92 in chips)
favete lin: posts small blind $1
piet735: posts big blind $3
*** HOLE CARDS ***
favete lin: raises $3 to $6
piet735: raises $3 to $9
favete lin: calls $3
*** FLOP *** [Jc 4s 6h]
piet735: bets $3
favete lin: calls $3
*** TURN *** [Jc 4s 6h] [7h]
piet735: bets $6
favete lin: raises $6 to $12
piet735: folds
Uncalled bet ($6) returned to favete lin
favete lin collected $35.50 from pot
*** SUMMARY ***
Total pot $36 | Rake $0.50
Board [Jc 4s 6h 7h]
Seat 1: favete lin (button) (small blind) collected ($35.50)
Seat 2: piet735 (big blind) folded on the Turn


PokerStars Hand #144270732182:  Hold'em Limit ($3/$6 USD) - 2015/11/23 12:58:11 ET
Table 'Phegeus II' 2-max Seat #2 is the button
Seat 1: favete lin ($116.76 in chips)
Seat 2: piet735 ($74 in chips)
piet735: posts small blind $1
favete lin: posts big blind $3
*** HOLE CARDS ***
piet735: raises $3 to $6
favete lin: calls $3
*** FLOP *** [3c 8s Ah]
favete lin: checks
piet735: bets $3
favete lin: calls $3
*** TURN *** [3c 8s Ah] [Qc]
favete lin: checks
piet735: checks
*** RIVER *** [3c 8s Ah Qc] [5d]
favete lin: bets $6
piet735: calls $6
*** SHOW DOWN ***
favete lin: shows [3s 7c] (a pair of Threes)
piet735: shows [Kd 3d] (a pair of Threes - Ace+King kicker)
piet735 collected $29.50 from pot
*** SUMMARY ***
Total pot $30 | Rake $0.50
Board [3c 8s Ah Qc 5d]
Seat 1: favete lin (big blind) showed [3s 7c] and lost with a pair of Threes
Seat 2: piet735 (button) (small blind) showed [Kd 3d] and won ($29.50) with a pair of Threes


PokerStars Hand #144270742202:  Hold'em Limit ($3/$6 USD) - 2015/11/23 12:58:25 ET
Table 'Phegeus II' 2-max Seat #1 is the button
Seat 1: favete lin ($101.76 in chips)
Seat 2: piet735 ($88.50 in chips)
favete lin: posts small blind $1
piet735: posts big blind $3
*** HOLE CARDS ***
favete lin: raises $3 to $6
piet735: calls $3
*** FLOP *** [2d 2h Ah]
piet735: checks
favete lin: bets $3
piet735: folds
Uncalled bet ($3) returned to favete lin
favete lin collected $11.76 from pot
*** SUMMARY ***
Total pot $12 | Rake $0.24
Board [2d 2h Ah]
Seat 1: favete lin (button) (small blind) collected ($11.76)
Seat 2: piet735 (big blind) folded on the Flop


PokerStars Hand #144270759727:  Hold'em Limit ($3/$6 USD) - 2015/11/23 12:58:50 ET
Table 'Phegeus II' 2-max Seat #1 is the button
Seat 1: favete lin ($101.52 in chips)
Seat 2: piet735 ($88.26 in chips)
favete lin: posts small blind $1
piet735: posts big blind $3
*** HOLE CARDS ***
favete lin: folds
Uncalled bet ($2) returned to piet735
piet735 collected $2 from pot
*** SUMMARY ***
Total pot $2 | Rake $0
Seat 1: favete lin (button) (small blind) folded before Flop
Seat 2: piet735 (big blind) collected ($2)


PokerStars Hand #144270750162:  Hold'em Limit ($3/$6 USD) - 2015/11/23 12:58:36 ET
Table 'Phegeus II' 2-max Seat #2 is the button
Seat 1: favete lin ($107.52 in chips)
Seat 2: piet735 ($82.50 in chips)
piet735: posts small blind $1
favete lin: posts big blind $3
*** HOLE CARDS ***
piet735: raises $3 to $6
favete lin: calls $3
*** FLOP *** [3h 7s Ks]
favete lin: checks
piet735: checks
*** TURN *** [3h 7s Ks] [4c]
favete lin: checks
piet735: checks
*** RIVER *** [3h 7s Ks 4c] [6d]
favete lin: checks
piet735: checks
*** SHOW DOWN ***
favete lin: shows [Qh 9s] (high card King)
piet735: shows [8h 4h] (a pair of Fours)
piet735 collected $11.76 from pot
*** SUMMARY ***
Total pot $12 | Rake $0.24
Board [3h 7s Ks 4c 6d]
Seat 1: favete lin (big blind) showed [Qh 9s] and lost with high card King
Seat 2: piet735 (button) (small blind) showed [8h 4h] and won ($11.76) with a pair of Fours


PokerStars Hand #144270762771:  Hold'em Limit ($3/$6 USD) - 2015/11/23 12:58:54 ET
Table 'Phegeus II' 2-max Seat #2 is the button
Seat 1: favete lin ($100.52 in chips)
Seat 2: piet735 ($89.26 in chips)
piet735: posts small blind $1
favete lin: posts big blind $3
*** HOLE CARDS ***
piet735: raises $3 to $6
favete lin: raises $3 to $9
piet735: calls $3
*** FLOP *** [2c Th Tc]
favete lin: bets $3
piet735: raises $3 to $6
favete lin: calls $3
*** TURN *** [2c Th Tc] [3d]
favete lin: checks
piet735: bets $6
favete lin: raises $6 to $12
piet735: folds
Uncalled bet ($6) returned to favete lin
favete lin collected $41.50 from pot
*** SUMMARY ***
Total pot $42 | Rake $0.50
Board [2c Th Tc 3d]
Seat 1: favete lin (big blind) collected ($41.50)
Seat 2: piet735 (button) (small blind) folded on the Turn


PokerStars Hand #144270774356:  Hold'em Limit ($3/$6 USD) - 2015/11/23 12:59:10 ET
Table 'Phegeus II' 2-max Seat #1 is the button
Seat 1: favete lin ($121.02 in chips)
Seat 2: piet735 ($68.26 in chips)
favete lin: posts small blind $1
piet735: posts big blind $3
*** HOLE CARDS ***
favete lin: calls $2
piet735: checks
*** FLOP *** [Qd 4s 2c]
piet735: checks
favete lin: bets $3
piet735: calls $3
*** TURN *** [Qd 4s 2c] [Qh]
piet735: checks
favete lin: bets $6
piet735: raises $6 to $12
favete lin: raises $6 to $18
piet735: folds
Uncalled bet ($6) returned to favete lin
favete lin collected $35.50 from pot
*** SUMMARY ***
Total pot $36 | Rake $0.50
Board [Qd 4s 2c Qh]
Seat 1: favete lin (button) (small blind) collected ($35.50)
Seat 2: piet735 (big blind) folded on the Turn


PokerStars Hand #144270787454:  Hold'em Limit ($3/$6 USD) - 2015/11/23 12:59:29 ET
Table 'Phegeus II' 2-max Seat #2 is the button
Seat 1: favete lin ($138.52 in chips)
Seat 2: piet735 ($50.26 in chips)
piet735: posts small blind $1
favete lin: posts big blind $3
*** HOLE CARDS ***
piet735: raises $3 to $6
favete lin: calls $3
*** FLOP *** [4c Ad 4s]
favete lin: checks
piet735: checks
*** TURN *** [4c Ad 4s] [Kh]
favete lin: bets $6
piet735: folds
Uncalled bet ($6) returned to favete lin
favete lin collected $11.76 from pot
*** SUMMARY ***
Total pot $12 | Rake $0.24
Board [4c Ad 4s Kh]
Seat 1: favete lin (big blind) collected ($11.76)
Seat 2: piet735 (button) (small blind) folded on the Turn


PokerStars Hand #144270795377:  Hold'em Limit ($3/$6 USD) - 2015/11/23 12:59:41 ET
Table 'Phegeus II' 2-max Seat #1 is the button
Seat 1: favete lin ($144.28 in chips)
Seat 2: piet735 ($44.26 in chips)
favete lin: posts small blind $1
piet735: posts big blind $3
*** HOLE CARDS ***
favete lin: raises $3 to $6
piet735: calls $3
*** FLOP *** [Tc 4d 9h]
piet735: checks
favete lin: checks
*** TURN *** [Tc 4d 9h] [Ac]
piet735: checks
favete lin: checks
*** RIVER *** [Tc 4d 9h Ac] [Ah]
piet735: checks
favete lin: checks
*** SHOW DOWN ***
piet735: shows [Ks 6h] (a pair of Aces)
favete lin: shows [2d Kd] (a pair of Aces)
piet735 collected $5.88 from pot
favete lin collected $5.88 from pot
*** SUMMARY ***
Total pot $12 | Rake $0.24
Board [Tc 4d 9h Ac Ah]
Seat 1: favete lin (button) (small blind) showed [2d Kd] and won ($5.88) with a pair of Aces
Seat 2: piet735 (big blind) showed [Ks 6h] and won ($5.88) with a pair of Aces


PokerStars Hand #144270808496:  Hold'em Limit ($3/$6 USD) - 2015/11/23 12:59:59 ET
Table 'Phegeus II' 2-max Seat #1 is the button
Seat 1: favete lin ($145.16 in chips)
Seat 2: piet735 ($43.14 in chips)
favete lin: posts small blind $1
piet735: posts big blind $3
*** HOLE CARDS ***
favete lin: raises $3 to $6
piet735: folds
Uncalled bet ($3) returned to favete lin
favete lin collected $6 from pot
*** SUMMARY ***
Total pot $6 | Rake $0
Seat 1: favete lin (button) (small blind) collected ($6)
Seat 2: piet735 (big blind) folded before Flop


PokerStars Hand #144270805410:  Hold'em Limit ($3/$6 USD) - 2015/11/23 12:59:55 ET
Table 'Phegeus II' 2-max Seat #2 is the button
Seat 1: favete lin ($144.16 in chips)
Seat 2: piet735 ($44.14 in chips)
piet735: posts small blind $1
favete lin: posts big blind $3
*** HOLE CARDS ***
piet735: folds
Uncalled bet ($2) returned to favete lin
favete lin collected $2 from pot
*** SUMMARY ***
Total pot $2 | Rake $0
Seat 1: favete lin (big blind) collected ($2)
Seat 2: piet735 (button) (small blind) folded before Flop


PokerStars Hand #144270814865:  Hold'em Limit ($3/$6 USD) - 2015/11/23 13:00:05 ET
Table 'Phegeus II' 2-max Seat #2 is the button
Seat 1: favete lin ($148.16 in chips)
Seat 2: piet735 ($40.14 in chips)
piet735: posts small blind $1
favete lin: posts big blind $3
*** HOLE CARDS ***
piet735: folds
Uncalled bet ($2) returned to favete lin
favete lin collected $2 from pot
*** SUMMARY ***
Total pot $2 | Rake $0
Seat 1: favete lin (big blind) collected ($2)
Seat 2: piet735 (button) (small blind) folded before Flop


PokerStars Hand #144270819521:  Hold'em Limit ($3/$6 USD) - 2015/11/23 13:00:10 ET
Table 'Phegeus II' 2-max Seat #1 is the button
Seat 1: favete lin ($149.16 in chips)
Seat 2: piet735 ($39.14 in chips)
favete lin: posts small blind $1
piet735: posts big blind $3
*** HOLE CARDS ***
favete lin: raises $3 to $6
piet735: calls $3
*** FLOP *** [7d Ad Js]
piet735: checks
favete lin: bets $3
piet735: folds
Uncalled bet ($3) returned to favete lin
favete lin collected $11.76 from pot
*** SUMMARY ***
Total pot $12 | Rake $0.24
Board [7d Ad Js]
Seat 1: favete lin (button) (small blind) collected ($11.76)
Seat 2: piet735 (big blind) folded on the Flop


PokerStars Hand #144270827136:  Hold'em Limit ($3/$6 USD) - 2015/11/23 13:00:20 ET
Table 'Phegeus II' 2-max Seat #2 is the button
Seat 1: favete lin ($154.92 in chips)
Seat 2: piet735 ($33.14 in chips)
piet735: posts small blind $1
favete lin: posts big blind $3
*** HOLE CARDS ***
piet735: raises $3 to $6
favete lin: raises $3 to $9
piet735: calls $3
*** FLOP *** [5s Qh 3d]
favete lin: bets $3
piet735: calls $3
*** TURN *** [5s Qh 3d] [5h]
favete lin: bets $6
piet735: calls $6
*** RIVER *** [5s Qh 3d 5h] [Qd]
favete lin: checks
piet735: checks
*** SHOW DOWN ***
favete lin: shows [4h Ah] (two pair, Queens and Fives)
piet735: shows [2h Ac] (two pair, Queens and Fives)
favete lin collected $17.75 from pot
piet735 collected $17.75 from pot
*** SUMMARY ***
Total pot $36 | Rake $0.50
Board [5s Qh 3d 5h Qd]
Seat 1: favete lin (big blind) showed [4h Ah] and won ($17.75) with two pair, Queens and Fives
Seat 2: piet735 (button) (small blind) showed [2h Ac] and won ($17.75) with two pair, Queens and Fives


PokerStars Hand #144270839745:  Hold'em Limit ($3/$6 USD) - 2015/11/23 13:00:37 ET
Table 'Phegeus II' 2-max Seat #1 is the button
Seat 1: favete lin ($154.67 in chips)
Seat 2: piet735 ($32.89 in chips)
favete lin: posts small blind $1
piet735: posts big blind $3
*** HOLE CARDS ***
favete lin: raises $3 to $6
piet735: calls $3
*** FLOP *** [2d 7h Jd]
piet735: checks
favete lin: bets $3
piet735: folds
Uncalled bet ($3) returned to favete lin
favete lin collected $11.76 from pot
*** SUMMARY ***
Total pot $12 | Rake $0.24
Board [2d 7h Jd]
Seat 1: favete lin (button) (small blind) collected ($11.76)
Seat 2: piet735 (big blind) folded on the Flop


PokerStars Hand #144270847989:  Hold'em Limit ($3/$6 USD) - 2015/11/23 13:00:48 ET
Table 'Phegeus II' 2-max Seat #2 is the button
Seat 1: favete lin ($160.43 in chips)
Seat 2: piet735 ($26.89 in chips)
piet735: posts small blind $1
favete lin: posts big blind $3
*** HOLE CARDS ***
piet735: raises $3 to $6
favete lin: calls $3
*** FLOP *** [8d 4c 3c]
favete lin: checks
piet735: bets $3
favete lin: calls $3
*** TURN *** [8d 4c 3c] [Qd]
favete lin: checks
piet735: bets $6
favete lin: folds
Uncalled bet ($6) returned to piet735
piet735 collected $17.64 from pot
*** SUMMARY ***
Total pot $18 | Rake $0.36
Board [8d 4c 3c Qd]
Seat 1: favete lin (big blind) folded on the Turn
Seat 2: piet735 (button) (small blind) collected ($17.64)


PokerStars Hand #144270872139:  Hold'em Limit ($3/$6 USD) - 2015/11/23 13:01:18 ET
Table 'Phegeus II' 2-max Seat #2 is the button
Seat 1: favete lin ($127.43 in chips)
Seat 2: piet735 ($59.03 in chips)
piet735: posts small blind $1
favete lin: posts big blind $3
*** HOLE CARDS ***
piet735: folds
Uncalled bet ($2) returned to favete lin
favete lin collected $2 from pot
*** SUMMARY ***
Total pot $2 | Rake $0
Seat 1: favete lin (big blind) collected ($2)
Seat 2: piet735 (button) (small blind) folded before Flop


PokerStars Hand #144270857425:  Hold'em Limit ($3/$6 USD) - 2015/11/23 13:01:00 ET
Table 'Phegeus II' 2-max Seat #1 is the button
Seat 1: favete lin ($151.43 in chips)
Seat 2: piet735 ($35.53 in chips)
favete lin: posts small blind $1
piet735: posts big blind $3
*** HOLE CARDS ***
favete lin: raises $3 to $6
piet735: calls $3
*** FLOP *** [Td 8h 6d]
piet735: checks
favete lin: checks
*** TURN *** [Td 8h 6d] [6s]
piet735: checks
favete lin: bets $6
piet735: raises $6 to $12
favete lin: calls $6
*** RIVER *** [Td 8h 6d 6s] [5d]
piet735: bets $6
favete lin: calls $6
*** SHOW DOWN ***
piet735: shows [6c Ac] (three of a kind, Sixes)
favete lin: mucks hand
piet735 collected $47.50 from pot
*** SUMMARY ***
Total pot $48 | Rake $0.50
Board [Td 8h 6d 6s 5d]
Seat 1: favete lin (button) (small blind) mucked
Seat 2: piet735 (big blind) showed [6c Ac] and won ($47.50) with three of a kind, Sixes


PokerStars Hand #144270883903:  Hold'em Limit ($3/$6 USD) - 2015/11/23 13:01:32 ET
Table 'Phegeus II' 2-max Seat #1 is the button
Seat 1: favete lin ($128.43 in chips)
Seat 2: piet735 ($58.03 in chips)
favete lin: posts small blind $1
piet735: posts big blind $3
*** HOLE CARDS ***
favete lin: folds
Uncalled bet ($2) returned to piet735
piet735 collected $2 from pot
*** SUMMARY ***
Total pot $2 | Rake $0
Seat 1: favete lin (button) (small blind) folded before Flop
Seat 2: piet735 (big blind) collected ($2)


PokerStars Hand #144270880314:  Hold'em Limit ($3/$6 USD) - 2015/11/23 13:01:28 ET
Table 'Phegeus II' 2-max Seat #2 is the button
Seat 1: favete lin ($127.43 in chips)
Seat 2: piet735 ($59.03 in chips)
piet735: posts small blind $1
favete lin: posts big blind $3
*** HOLE CARDS ***
piet735: folds
Uncalled bet ($2) returned to favete lin
favete lin collected $2 from pot
*** SUMMARY ***
Total pot $2 | Rake $0
Seat 1: favete lin (big blind) collected ($2)
Seat 2: piet735 (button) (small blind) folded before Flop


PokerStars Hand #144270876794:  Hold'em Limit ($3/$6 USD) - 2015/11/23 13:01:23 ET
Table 'Phegeus II' 2-max Seat #1 is the button
Seat 1: favete lin ($128.43 in chips)
Seat 2: piet735 ($58.03 in chips)
favete lin: posts small blind $1
piet735: posts big blind $3
*** HOLE CARDS ***
favete lin: folds
Uncalled bet ($2) returned to piet735
piet735 collected $2 from pot
*** SUMMARY ***
Total pot $2 | Rake $0
Seat 1: favete lin (button) (small blind) folded before Flop
Seat 2: piet735 (big blind) collected ($2)


PokerStars Hand #144270887875:  Hold'em Limit ($3/$6 USD) - 2015/11/23 13:01:36 ET
Table 'Phegeus II' 2-max Seat #2 is the button
Seat 1: favete lin ($127.43 in chips)
Seat 2: piet735 ($59.03 in chips)
piet735: posts small blind $1
favete lin: posts big blind $3
*** HOLE CARDS ***
piet735: raises $3 to $6
favete lin: calls $3
*** FLOP *** [9s Kc 7h]
favete lin: checks
piet735: checks
*** TURN *** [9s Kc 7h] [Jh]
favete lin: checks
piet735: bets $6
favete lin: calls $6
*** RIVER *** [9s Kc 7h Jh] [4h]
favete lin: checks
piet735: bets $6
favete lin: calls $6
*** SHOW DOWN ***
piet735: shows [Jc 2c] (a pair of Jacks)
favete lin: mucks hand
piet735 collected $35.50 from pot
*** SUMMARY ***
Total pot $36 | Rake $0.50
Board [9s Kc 7h Jh 4h]
Seat 1: favete lin (big blind) mucked
Seat 2: piet735 (button) (small blind) showed [Jc 2c] and won ($35.50) with a pair of Jacks


PokerStars Hand #144270910220:  Hold'em Limit ($3/$6 USD) - 2015/11/23 13:02:02 ET
Table 'Phegeus II' 2-max Seat #2 is the button
Seat 1: favete lin ($115.19 in chips)
Seat 2: piet735 ($70.53 in chips)
piet735: posts small blind $1
favete lin: posts big blind $3
*** HOLE CARDS ***
piet735: folds
Uncalled bet ($2) returned to favete lin
favete lin collected $2 from pot
*** SUMMARY ***
Total pot $2 | Rake $0
Seat 1: favete lin (big blind) collected ($2)
Seat 2: piet735 (button) (small blind) folded before Flop


PokerStars Hand #144270902031:  Hold'em Limit ($3/$6 USD) - 2015/11/23 13:01:53 ET
Table 'Phegeus II' 2-max Seat #1 is the button
Seat 1: favete lin ($109.43 in chips)
Seat 2: piet735 ($76.53 in chips)
favete lin: posts small blind $1
piet735: posts big blind $3
*** HOLE CARDS ***
favete lin: raises $3 to $6
piet735: calls $3
*** FLOP *** [Th Ts Ah]
piet735: checks
favete lin: bets $3
piet735: folds
Uncalled bet ($3) returned to favete lin
favete lin collected $11.76 from pot
*** SUMMARY ***
Total pot $12 | Rake $0.24
Board [Th Ts Ah]
Seat 1: favete lin (button) (small blind) collected ($11.76)
Seat 2: piet735 (big blind) folded on the Flop


PokerStars Hand #144270914492:  Hold'em Limit ($3/$6 USD) - 2015/11/23 13:02:06 ET
Table 'Phegeus II' 2-max Seat #1 is the button
Seat 1: favete lin ($116.19 in chips)
Seat 2: piet735 ($69.53 in chips)
favete lin: posts small blind $1
piet735: posts big blind $3
*** HOLE CARDS ***
favete lin: raises $3 to $6
piet735: raises $3 to $9
favete lin: calls $3
*** FLOP *** [4d 2d Qh]
piet735: bets $3
favete lin: calls $3
*** TURN *** [4d 2d Qh] [3c]
piet735: bets $6
favete lin: calls $6
*** RIVER *** [4d 2d Qh 3c] [4s]
piet735: bets $6
favete lin: calls $6
*** SHOW DOWN ***
piet735: shows [Qd Qs] (a full house, Queens full of Fours)
favete lin: mucks hand
piet735 collected $47.50 from pot
*** SUMMARY ***
Total pot $48 | Rake $0.50
Board [4d 2d Qh 3c 4s]
Seat 1: favete lin (button) (small blind) mucked
Seat 2: piet735 (big blind) showed [Qd Qs] and won ($47.50) with a full house, Queens full of Fours


PokerStars Hand #144270934893:  Hold'em Limit ($3/$6 USD) - 2015/11/23 13:02:29 ET
Table 'Phegeus II' 2-max Seat #1 is the button
Seat 1: favete lin ($93.19 in chips)
Seat 2: piet735 ($92.03 in chips)
favete lin: posts small blind $1
piet735: posts big blind $3
*** HOLE CARDS ***
favete lin: folds
Uncalled bet ($2) returned to piet735
piet735 collected $2 from pot
*** SUMMARY ***
Total pot $2 | Rake $0
Seat 1: favete lin (button) (small blind) folded before Flop
Seat 2: piet735 (big blind) collected ($2)


PokerStars Hand #144270930342:  Hold'em Limit ($3/$6 USD) - 2015/11/23 13:02:25 ET
Table 'Phegeus II' 2-max Seat #2 is the button
Seat 1: favete lin ($92.19 in chips)
Seat 2: piet735 ($93.03 in chips)
piet735: posts small blind $1
favete lin: posts big blind $3
*** HOLE CARDS ***
piet735: folds
Uncalled bet ($2) returned to favete lin
favete lin collected $2 from pot
*** SUMMARY ***
Total pot $2 | Rake $0
Seat 1: favete lin (big blind) collected ($2)
Seat 2: piet735 (button) (small blind) folded before Flop


PokerStars Hand #144270939438:  Hold'em Limit ($3/$6 USD) - 2015/11/23 13:02:34 ET
Table 'Phegeus II' 2-max Seat #2 is the button
Seat 1: favete lin ($92.19 in chips)
Seat 2: piet735 ($93.03 in chips)
piet735: posts small blind $1
favete lin: posts big blind $3
*** HOLE CARDS ***
piet735: raises $3 to $6
favete lin: calls $3
*** FLOP *** [9c Tc Kc]
favete lin: checks
piet735: bets $3
favete lin: calls $3
*** TURN *** [9c Tc Kc] [6c]
favete lin: checks
piet735: bets $6
favete lin: calls $6
*** RIVER *** [9c Tc Kc 6c] [2d]
favete lin: checks
piet735: bets $6
favete lin: calls $6
*** SHOW DOWN ***
piet735: shows [Jc Td] (a flush, King high)
favete lin: mucks hand
piet735 collected $41.50 from pot
*** SUMMARY ***
Total pot $42 | Rake $0.50
Board [9c Tc Kc 6c 2d]
Seat 1: favete lin (big blind) mucked
Seat 2: piet735 (button) (small blind) showed [Jc Td] and won ($41.50) with a flush, King high


PokerStars Hand #144270955550:  Hold'em Limit ($3/$6 USD) - 2015/11/23 13:02:53 ET
Table 'Phegeus II' 2-max Seat #1 is the button
Seat 1: favete lin ($71.19 in chips)
Seat 2: piet735 ($113.53 in chips)
favete lin: posts small blind $1
piet735: posts big blind $3
*** HOLE CARDS ***
favete lin: raises $3 to $6
piet735: calls $3
*** FLOP *** [2s Kc Jd]
piet735: checks
favete lin: bets $3
piet735: calls $3
*** TURN *** [2s Kc Jd] [9s]
piet735: checks
favete lin: checks
*** RIVER *** [2s Kc Jd 9s] [7h]
piet735: checks
favete lin: checks
*** SHOW DOWN ***
piet735: shows [6d Qd] (high card King)
favete lin: shows [3d 3h] (a pair of Threes)
favete lin collected $17.64 from pot
*** SUMMARY ***
Total pot $18 | Rake $0.36
Board [2s Kc Jd 9s 7h]
Seat 1: favete lin (button) (small blind) showed [3d 3h] and won ($17.64) with a pair of Threes
Seat 2: piet735 (big blind) showed [6d Qd] and lost with high card King


PokerStars Hand #144270968214:  Hold'em Limit ($3/$6 USD) - 2015/11/23 13:03:07 ET
Table 'Phegeus II' 2-max Seat #2 is the button
Seat 1: favete lin ($79.83 in chips)
Seat 2: piet735 ($104.53 in chips)
piet735: posts small blind $1
favete lin: posts big blind $3
*** HOLE CARDS ***
piet735: folds
Uncalled bet ($2) returned to favete lin
favete lin collected $2 from pot
*** SUMMARY ***
Total pot $2 | Rake $0
Seat 1: favete lin (big blind) collected ($2)
Seat 2: piet735 (button) (small blind) folded before Flop


PokerStars Hand #144270973422:  Hold'em Limit ($3/$6 USD) - 2015/11/23 13:03:12 ET
Table 'Phegeus II' 2-max Seat #1 is the button
Seat 1: favete lin ($80.83 in chips)
Seat 2: piet735 ($103.53 in chips)
favete lin: posts small blind $1
piet735: posts big blind $3
*** HOLE CARDS ***
favete lin: raises $3 to $6
piet735: calls $3
*** FLOP *** [Jh Kd 3s]
piet735: checks
favete lin: bets $3
piet735: folds
Uncalled bet ($3) returned to favete lin
favete lin collected $11.76 from pot
*** SUMMARY ***
Total pot $12 | Rake $0.24
Board [Jh Kd 3s]
Seat 1: favete lin (button) (small blind) collected ($11.76)
Seat 2: piet735 (big blind) folded on the Flop


PokerStars Hand #144270981570:  Hold'em Limit ($3/$6 USD) - 2015/11/23 13:03:21 ET
Table 'Phegeus II' 2-max Seat #2 is the button
Seat 1: favete lin ($86.59 in chips)
Seat 2: piet735 ($97.53 in chips)
piet735: posts small blind $1
favete lin: posts big blind $3
*** HOLE CARDS ***
piet735: raises $3 to $6
favete lin: raises $3 to $9
piet735: calls $3
*** FLOP *** [Qd Td Qc]
favete lin: bets $3
piet735: calls $3
*** TURN *** [Qd Td Qc] [3h]
favete lin: bets $6
piet735: folds
Uncalled bet ($6) returned to favete lin
favete lin collected $23.52 from pot
*** SUMMARY ***
Total pot $24 | Rake $0.48
Board [Qd Td Qc 3h]
Seat 1: favete lin (big blind) collected ($23.52)
Seat 2: piet735 (button) (small blind) folded on the Turn


PokerStars Hand #144270993361:  Hold'em Limit ($3/$6 USD) - 2015/11/23 13:03:34 ET
Table 'Phegeus II' 2-max Seat #1 is the button
Seat 1: favete lin ($98.11 in chips)
Seat 2: piet735 ($85.53 in chips)
favete lin: posts small blind $1
piet735: posts big blind $3
*** HOLE CARDS ***
favete lin: folds
Uncalled bet ($2) returned to piet735
piet735 collected $2 from pot
*** SUMMARY ***
Total pot $2 | Rake $0
Seat 1: favete lin (button) (small blind) folded before Flop
Seat 2: piet735 (big blind) collected ($2)


PokerStars Hand #144271002001:  Hold'em Limit ($3/$6 USD) - 2015/11/23 13:03:44 ET
Table 'Phegeus II' 2-max Seat #1 is the button
Seat 1: favete lin ($94.11 in chips)
Seat 2: piet735 ($89.53 in chips)
favete lin: posts small blind $1
piet735: posts big blind $3
*** HOLE CARDS ***
favete lin: raises $3 to $6
piet735: calls $3
*** FLOP *** [3s 4d 8h]
piet735: checks
favete lin: bets $3
piet735: calls $3
*** TURN *** [3s 4d 8h] [Qc]
piet735: checks
favete lin: bets $6
piet735: calls $6
*** RIVER *** [3s 4d 8h Qc] [2c]
piet735: checks
favete lin: checks
*** SHOW DOWN ***
piet735: shows [4h 6d] (a pair of Fours)
favete lin: mucks hand
piet735 collected $29.50 from pot
*** SUMMARY ***
Total pot $30 | Rake $0.50
Board [3s 4d 8h Qc 2c]
Seat 1: favete lin (button) (small blind) mucked
Seat 2: piet735 (big blind) showed [4h 6d] and won ($29.50) with a pair of Fours


PokerStars Hand #144271019835:  Hold'em Limit ($3/$6 USD) - 2015/11/23 13:04:03 ET
Table 'Phegeus II' 2-max Seat #2 is the button
Seat 1: favete lin ($79.11 in chips)
Seat 2: piet735 ($104.03 in chips)
piet735: posts small blind $1
favete lin: posts big blind $3
*** HOLE CARDS ***
piet735: raises $3 to $6
favete lin: calls $3
*** FLOP *** [Kd 2d Qs]
favete lin: checks
piet735: checks
*** TURN *** [Kd 2d Qs] [5d]
favete lin: bets $6
piet735: folds
Uncalled bet ($6) returned to favete lin
favete lin collected $11.76 from pot
*** SUMMARY ***
Total pot $12 | Rake $0.24
Board [Kd 2d Qs 5d]
Seat 1: favete lin (big blind) collected ($11.76)
Seat 2: piet735 (button) (small blind) folded on the Turn


PokerStars Hand #144271030128:  Hold'em Limit ($3/$6 USD) - 2015/11/23 13:04:15 ET
Table 'Phegeus II' 2-max Seat #1 is the button
Seat 1: favete lin ($84.87 in chips)
Seat 2: piet735 ($98.03 in chips)
favete lin: posts small blind $1
piet735: posts big blind $3
*** HOLE CARDS ***
favete lin: raises $3 to $6
piet735: calls $3
*** FLOP *** [7c Qc 4c]
piet735: checks
favete lin: bets $3
piet735: raises $3 to $6
favete lin: folds
Uncalled bet ($3) returned to piet735
piet735 collected $17.64 from pot
*** SUMMARY ***
Total pot $18 | Rake $0.36
Board [7c Qc 4c]
Seat 1: favete lin (button) (small blind) folded on the Flop
Seat 2: piet735 (big blind) collected ($17.64)


PokerStars Hand #144271041842:  Hold'em Limit ($3/$6 USD) - 2015/11/23 13:04:28 ET
Table 'Phegeus II' 2-max Seat #2 is the button
Seat 1: favete lin ($75.87 in chips)
Seat 2: piet735 ($106.67 in chips)
piet735: posts small blind $1
favete lin: posts big blind $3
*** HOLE CARDS ***
piet735: raises $3 to $6
favete lin: raises $3 to $9
piet735: calls $3
*** FLOP *** [9d 6h Td]
favete lin: bets $3
piet735: calls $3
*** TURN *** [9d 6h Td] [8h]
favete lin: checks
piet735: checks
*** RIVER *** [9d 6h Td 8h] [5s]
favete lin: bets $6
piet735: calls $6
*** SHOW DOWN ***
favete lin: shows [Ac 9s] (a pair of Nines)
piet735: mucks hand
favete lin collected $35.50 from pot
*** SUMMARY ***
Total pot $36 | Rake $0.50
Board [9d 6h Td 8h 5s]
Seat 1: favete lin (big blind) showed [Ac 9s] and won ($35.50) with a pair of Nines
Seat 2: piet735 (button) (small blind) mucked


PokerStars Hand #144271072677:  Hold'em Limit ($3/$6 USD) - 2015/11/23 13:05:01 ET
Table 'Phegeus II' 2-max Seat #2 is the button
Seat 1: favete lin ($93.12 in chips)
Seat 2: piet735 ($88.42 in chips)
piet735: posts small blind $1
favete lin: posts big blind $3
*** HOLE CARDS ***
piet735: folds
Uncalled bet ($2) returned to favete lin
favete lin collected $2 from pot
*** SUMMARY ***
Total pot $2 | Rake $0
Seat 1: favete lin (big blind) collected ($2)
Seat 2: piet735 (button) (small blind) folded before Flop


PokerStars Hand #144271058071:  Hold'em Limit ($3/$6 USD) - 2015/11/23 13:04:45 ET
Table 'Phegeus II' 2-max Seat #1 is the button
Seat 1: favete lin ($93.37 in chips)
Seat 2: piet735 ($88.67 in chips)
favete lin: posts small blind $1
piet735: posts big blind $3
*** HOLE CARDS ***
favete lin: raises $3 to $6
piet735: raises $3 to $9
favete lin: calls $3
*** FLOP *** [6s 5s 2c]
piet735: bets $3
favete lin: calls $3
*** TURN *** [6s 5s 2c] [Ts]
piet735: checks
favete lin: bets $6
piet735: calls $6
*** RIVER *** [6s 5s 2c Ts] [Jd]
piet735: checks
favete lin: checks
*** SHOW DOWN ***
piet735: shows [Qh Ah] (high card Ace)
favete lin: shows [Qs Ac] (high card Ace)
piet735 collected $17.75 from pot
favete lin collected $17.75 from pot
*** SUMMARY ***
Total pot $36 | Rake $0.50
Board [6s 5s 2c Ts Jd]
Seat 1: favete lin (button) (small blind) showed [Qs Ac] and won ($17.75) with high card Ace
Seat 2: piet735 (big blind) showed [Qh Ah] and won ($17.75) with high card Ace


PokerStars Hand #144271091056:  Hold'em Limit ($3/$6 USD) - 2015/11/23 13:05:21 ET
Table 'Phegeus II' 2-max Seat #2 is the button
Seat 1: favete lin ($102.76 in chips)
Seat 2: piet735 ($78.42 in chips)
piet735: posts small blind $1
favete lin: posts big blind $3
*** HOLE CARDS ***
piet735: folds
Uncalled bet ($2) returned to favete lin
favete lin collected $2 from pot
*** SUMMARY ***
Total pot $2 | Rake $0
Seat 1: favete lin (big blind) collected ($2)
Seat 2: piet735 (button) (small blind) folded before Flop


PokerStars Hand #144271076701:  Hold'em Limit ($3/$6 USD) - 2015/11/23 13:05:05 ET
Table 'Phegeus II' 2-max Seat #1 is the button
Seat 1: favete lin ($94.12 in chips)
Seat 2: piet735 ($87.42 in chips)
favete lin: posts small blind $1
piet735: posts big blind $3
*** HOLE CARDS ***
favete lin: raises $3 to $6
piet735: calls $3
*** FLOP *** [Th 7c 8s]
piet735: checks
favete lin: bets $3
piet735: calls $3
*** TURN *** [Th 7c 8s] [Tc]
piet735: checks
favete lin: bets $6
piet735: folds
Uncalled bet ($6) returned to favete lin
favete lin collected $17.64 from pot
*** SUMMARY ***
Total pot $18 | Rake $0.36
Board [Th 7c 8s Tc]
Seat 1: favete lin (button) (small blind) collected ($17.64)
Seat 2: piet735 (big blind) folded on the Turn


PokerStars Hand #144271095157:  Hold'em Limit ($3/$6 USD) - 2015/11/23 13:05:25 ET
Table 'Phegeus II' 2-max Seat #1 is the button
Seat 1: favete lin ($103.76 in chips)
Seat 2: piet735 ($77.42 in chips)
favete lin: posts small blind $1
piet735: posts big blind $3
*** HOLE CARDS ***
favete lin: calls $2
piet735: checks
*** FLOP *** [Tc As 4s]
piet735: checks
favete lin: checks
*** TURN *** [Tc As 4s] [9s]
piet735: checks
favete lin: checks
*** RIVER *** [Tc As 4s 9s] [Jh]
piet735: bets $6
favete lin: folds
Uncalled bet ($6) returned to piet735
piet735 collected $5.88 from pot
*** SUMMARY ***
Total pot $6 | Rake $0.12
Board [Tc As 4s 9s Jh]
Seat 1: favete lin (button) (small blind) folded on the River
Seat 2: piet735 (big blind) collected ($5.88)


PokerStars Hand #144271117662:  Hold'em Limit ($3/$6 USD) - 2015/11/23 13:05:50 ET
Table 'Phegeus II' 2-max Seat #1 is the button
Seat 1: favete lin ($94.76 in chips)
Seat 2: piet735 ($86.06 in chips)
favete lin: posts small blind $1
piet735: posts big blind $3
*** HOLE CARDS ***
favete lin: raises $3 to $6
piet735: calls $3
*** FLOP *** [2c Kh Ah]
piet735: checks
favete lin: bets $3
piet735: folds
Uncalled bet ($3) returned to favete lin
favete lin collected $11.76 from pot
*** SUMMARY ***
Total pot $12 | Rake $0.24
Board [2c Kh Ah]
Seat 1: favete lin (button) (small blind) collected ($11.76)
Seat 2: piet735 (big blind) folded on the Flop


PokerStars Hand #144271108743:  Hold'em Limit ($3/$6 USD) - 2015/11/23 13:05:40 ET
Table 'Phegeus II' 2-max Seat #2 is the button
Seat 1: favete lin ($100.76 in chips)
Seat 2: piet735 ($80.30 in chips)
piet735: posts small blind $1
favete lin: posts big blind $3
*** HOLE CARDS ***
piet735: raises $3 to $6
favete lin: calls $3
*** FLOP *** [Qh Qc 8c]
favete lin: checks
piet735: bets $3
favete lin: folds
Uncalled bet ($3) returned to piet735
piet735 collected $11.76 from pot
*** SUMMARY ***
Total pot $12 | Rake $0.24
Board [Qh Qc 8c]
Seat 1: favete lin (big blind) folded on the Flop
Seat 2: piet735 (button) (small blind) collected ($11.76)


PokerStars Hand #144271125838:  Hold'em Limit ($3/$6 USD) - 2015/11/23 13:05:58 ET
Table 'Phegeus II' 2-max Seat #2 is the button
Seat 1: favete lin ($100.52 in chips)
Seat 2: piet735 ($80.06 in chips)
piet735: posts small blind $1
favete lin: posts big blind $3
*** HOLE CARDS ***
piet735: folds
Uncalled bet ($2) returned to favete lin
favete lin collected $2 from pot
*** SUMMARY ***
Total pot $2 | Rake $0
Seat 1: favete lin (big blind) collected ($2)
Seat 2: piet735 (button) (small blind) folded before Flop


PokerStars Hand #144271148323:  Hold'em Limit ($3/$6 USD) - 2015/11/23 13:06:23 ET
Table 'Phegeus II' 2-max Seat #2 is the button
Seat 1: favete lin ($122.02 in chips)
Seat 2: piet735 ($58.06 in chips)
piet735: posts small blind $1
favete lin: posts big blind $3
*** HOLE CARDS ***
piet735: folds
Uncalled bet ($2) returned to favete lin
favete lin collected $2 from pot
*** SUMMARY ***
Total pot $2 | Rake $0
Seat 1: favete lin (big blind) collected ($2)
Seat 2: piet735 (button) (small blind) folded before Flop


PokerStars Hand #144271158331:  Hold'em Limit ($3/$6 USD) - 2015/11/23 13:06:34 ET
Table 'Phegeus II' 2-max Seat #2 is the button
Seat 1: favete lin ($126.02 in chips)
Seat 2: piet735 ($54.06 in chips)
piet735: posts small blind $1
favete lin: posts big blind $3
*** HOLE CARDS ***
piet735: folds
Uncalled bet ($2) returned to favete lin
favete lin collected $2 from pot
*** SUMMARY ***
Total pot $2 | Rake $0
Seat 1: favete lin (big blind) collected ($2)
Seat 2: piet735 (button) (small blind) folded before Flop


PokerStars Hand #144271152270:  Hold'em Limit ($3/$6 USD) - 2015/11/23 13:06:27 ET
Table 'Phegeus II' 2-max Seat #1 is the button
Seat 1: favete lin ($123.02 in chips)
Seat 2: piet735 ($57.06 in chips)
favete lin: posts small blind $1
piet735: posts big blind $3
*** HOLE CARDS ***
favete lin: raises $3 to $6
piet735: folds
Uncalled bet ($3) returned to favete lin
favete lin collected $6 from pot
*** SUMMARY ***
Total pot $6 | Rake $0
Seat 1: favete lin (button) (small blind) collected ($6)
Seat 2: piet735 (big blind) folded before Flop


PokerStars Hand #144271162390:  Hold'em Limit ($3/$6 USD) - 2015/11/23 13:06:38 ET
Table 'Phegeus II' 2-max Seat #1 is the button
Seat 1: favete lin ($127.02 in chips)
Seat 2: piet735 ($53.06 in chips)
favete lin: posts small blind $1
piet735: posts big blind $3
*** HOLE CARDS ***
favete lin: folds
Uncalled bet ($2) returned to piet735
piet735 collected $2 from pot
*** SUMMARY ***
Total pot $2 | Rake $0
Seat 1: favete lin (button) (small blind) folded before Flop
Seat 2: piet735 (big blind) collected ($2)


PokerStars Hand #144271166044:  Hold'em Limit ($3/$6 USD) - 2015/11/23 13:06:42 ET
Table 'Phegeus II' 2-max Seat #2 is the button
Seat 1: favete lin ($126.02 in chips)
Seat 2: piet735 ($54.06 in chips)
piet735: posts small blind $1
favete lin: posts big blind $3
*** HOLE CARDS ***
piet735: raises $3 to $6
favete lin: raises $3 to $9
piet735: calls $3
*** FLOP *** [Ah Qs Kh]
favete lin: bets $3
piet735: calls $3
*** TURN *** [Ah Qs Kh] [2h]
favete lin: bets $6
piet735: raises $6 to $12
favete lin: calls $6
*** RIVER *** [Ah Qs Kh 2h] [Ks]
favete lin: checks
piet735: bets $6
favete lin: calls $6
*** SHOW DOWN ***
piet735: shows [Ac 6c] (two pair, Aces and Kings)
favete lin: shows [9d Ad] (two pair, Aces and Kings)
favete lin collected $29.75 from pot
piet735 collected $29.75 from pot
*** SUMMARY ***
Total pot $60 | Rake $0.50
Board [Ah Qs Kh 2h Ks]
Seat 1: favete lin (big blind) showed [9d Ad] and won ($29.75) with two pair, Aces and Kings
Seat 2: piet735 (button) (small blind) showed [Ac 6c] and won ($29.75) with two pair, Aces and Kings


PokerStars Hand #144271200952:  Hold'em Limit ($3/$6 USD) - 2015/11/23 13:07:20 ET
Table 'Phegeus II' 2-max Seat #2 is the button
Seat 1: favete lin ($110.77 in chips)
Seat 2: piet735 ($68.31 in chips)
piet735: posts small blind $1
favete lin: posts big blind $3
*** HOLE CARDS ***
piet735: folds
Uncalled bet ($2) returned to favete lin
favete lin collected $2 from pot
*** SUMMARY ***
Total pot $2 | Rake $0
Seat 1: favete lin (big blind) collected ($2)
Seat 2: piet735 (button) (small blind) folded before Flop


PokerStars Hand #144271184475:  Hold'em Limit ($3/$6 USD) - 2015/11/23 13:07:02 ET
Table 'Phegeus II' 2-max Seat #1 is the button
Seat 1: favete lin ($125.77 in chips)
Seat 2: piet735 ($53.81 in chips)
favete lin: posts small blind $1
piet735: posts big blind $3
*** HOLE CARDS ***
favete lin: raises $3 to $6
piet735: calls $3
*** FLOP *** [Qh Js 2s]
piet735: checks
favete lin: bets $3
piet735: calls $3
*** TURN *** [Qh Js 2s] [2d]
piet735: checks
favete lin: checks
*** RIVER *** [Qh Js 2s 2d] [4c]
piet735: bets $6
favete lin: calls $6
*** SHOW DOWN ***
piet735: shows [8s Qd] (two pair, Queens and Deuces)
favete lin: mucks hand
piet735 collected $29.50 from pot
*** SUMMARY ***
Total pot $30 | Rake $0.50
Board [Qh Js 2s 2d 4c]
Seat 1: favete lin (button) (small blind) mucked
Seat 2: piet735 (big blind) showed [8s Qd] and won ($29.50) with two pair, Queens and Deuces


PokerStars Hand #144271213262:  Hold'em Limit ($3/$6 USD) - 2015/11/23 13:07:34 ET
Table 'Phegeus II' 2-max Seat #2 is the button
Seat 1: favete lin ($114.65 in chips)
Seat 2: piet735 ($64.31 in chips)
piet735: posts small blind $1
favete lin: posts big blind $3
*** HOLE CARDS ***
piet735: folds
Uncalled bet ($2) returned to favete lin
favete lin collected $2 from pot
*** SUMMARY ***
Total pot $2 | Rake $0
Seat 1: favete lin (big blind) collected ($2)
Seat 2: piet735 (button) (small blind) folded before Flop


PokerStars Hand #144271204907:  Hold'em Limit ($3/$6 USD) - 2015/11/23 13:07:25 ET
Table 'Phegeus II' 2-max Seat #1 is the button
Seat 1: favete lin ($111.77 in chips)
Seat 2: piet735 ($67.31 in chips)
favete lin: posts small blind $1
piet735: posts big blind $3
*** HOLE CARDS ***
favete lin: calls $2
piet735: checks
*** FLOP *** [9s 6c Ac]
piet735: checks
favete lin: bets $3
piet735: folds
Uncalled bet ($3) returned to favete lin
favete lin collected $5.88 from pot
*** SUMMARY ***
Total pot $6 | Rake $0.12
Board [9s 6c Ac]
Seat 1: favete lin (button) (small blind) collected ($5.88)
Seat 2: piet735 (big blind) folded on the Flop


PokerStars Hand #144271221905:  Hold'em Limit ($3/$6 USD) - 2015/11/23 13:07:43 ET
Table 'Phegeus II' 2-max Seat #2 is the button
Seat 1: favete lin ($118.65 in chips)
Seat 2: piet735 ($60.31 in chips)
piet735: posts small blind $1
favete lin: posts big blind $3
*** HOLE CARDS ***
piet735: folds
Uncalled bet ($2) returned to favete lin
favete lin collected $2 from pot
*** SUMMARY ***
Total pot $2 | Rake $0
Seat 1: favete lin (big blind) collected ($2)
Seat 2: piet735 (button) (small blind) folded before Flop


PokerStars Hand #144271217254:  Hold'em Limit ($3/$6 USD) - 2015/11/23 13:07:38 ET
Table 'Phegeus II' 2-max Seat #1 is the button
Seat 1: favete lin ($115.65 in chips)
Seat 2: piet735 ($63.31 in chips)
favete lin: posts small blind $1
piet735: posts big blind $3
*** HOLE CARDS ***
favete lin: raises $3 to $6
piet735: folds
Uncalled bet ($3) returned to favete lin
favete lin collected $6 from pot
*** SUMMARY ***
Total pot $6 | Rake $0
Seat 1: favete lin (button) (small blind) collected ($6)
Seat 2: piet735 (big blind) folded before Flop


PokerStars Hand #144271225782:  Hold'em Limit ($3/$6 USD) - 2015/11/23 13:07:48 ET
Table 'Phegeus II' 2-max Seat #1 is the button
Seat 1: favete lin ($119.65 in chips)
Seat 2: piet735 ($59.31 in chips)
favete lin: posts small blind $1
piet735: posts big blind $3
*** HOLE CARDS ***
favete lin: raises $3 to $6
piet735: calls $3
*** FLOP *** [6d 2d 2c]
piet735: checks
favete lin: bets $3
piet735: calls $3
*** TURN *** [6d 2d 2c] [Ad]
piet735: checks
favete lin: bets $6
piet735: raises $6 to $12
favete lin: folds
Uncalled bet ($6) returned to piet735
piet735 collected $29.50 from pot
*** SUMMARY ***
Total pot $30 | Rake $0.50
Board [6d 2d 2c Ad]
Seat 1: favete lin (button) (small blind) folded on the Turn
Seat 2: piet735 (big blind) collected ($29.50)


PokerStars Hand #144271256492:  Hold'em Limit ($3/$6 USD) - 2015/11/23 13:08:21 ET
Table 'Phegeus II' 2-max Seat #2 is the button
Seat 1: favete lin ($104.65 in chips)
Seat 2: piet735 ($73.81 in chips)
piet735: posts small blind $1
favete lin: posts big blind $3
*** HOLE CARDS ***
piet735: folds
Uncalled bet ($2) returned to favete lin
favete lin collected $2 from pot
*** SUMMARY ***
Total pot $2 | Rake $0
Seat 1: favete lin (big blind) collected ($2)
Seat 2: piet735 (button) (small blind) folded before Flop


PokerStars Hand #144271287470:  Hold'em Limit ($3/$6 USD) - 2015/11/23 13:08:55 ET
Table 'Phegeus II' 2-max Seat #1 is the button
Seat 1: favete lin ($110.47 in chips)
Seat 2: piet735 ($67.63 in chips)
favete lin: posts small blind $1
piet735: posts big blind $3
*** HOLE CARDS ***
favete lin: folds
Uncalled bet ($2) returned to piet735
piet735 collected $2 from pot
*** SUMMARY ***
Total pot $2 | Rake $0
Seat 1: favete lin (button) (small blind) folded before Flop
Seat 2: piet735 (big blind) collected ($2)


PokerStars Hand #144271283379:  Hold'em Limit ($3/$6 USD) - 2015/11/23 13:08:51 ET
Table 'Phegeus II' 2-max Seat #2 is the button
Seat 1: favete lin ($109.47 in chips)
Seat 2: piet735 ($68.63 in chips)
piet735: posts small blind $1
favete lin: posts big blind $3
*** HOLE CARDS ***
piet735: folds
Uncalled bet ($2) returned to favete lin
favete lin collected $2 from pot
*** SUMMARY ***
Total pot $2 | Rake $0
Seat 1: favete lin (big blind) collected ($2)
Seat 2: piet735 (button) (small blind) folded before Flop


PokerStars Hand #144271270299:  Hold'em Limit ($3/$6 USD) - 2015/11/23 13:08:36 ET
Table 'Phegeus II' 2-max Seat #1 is the button
Seat 1: favete lin ($109.65 in chips)
Seat 2: piet735 ($68.81 in chips)
favete lin: posts small blind $1
piet735: posts big blind $3
*** HOLE CARDS ***
favete lin: raises $3 to $6
piet735: calls $3
*** FLOP *** [5c Jd 4d]
piet735: checks
favete lin: bets $3
piet735: calls $3
*** TURN *** [5c Jd 4d] [4c]
piet735: checks
favete lin: checks
*** RIVER *** [5c Jd 4d 4c] [Ah]
piet735: checks
favete lin: checks
*** SHOW DOWN ***
piet735: shows [Ks 3s] (a pair of Fours)
favete lin: shows [Kc 9d] (a pair of Fours)
piet735 collected $8.82 from pot
favete lin collected $8.82 from pot
*** SUMMARY ***
Total pot $18 | Rake $0.36
Board [5c Jd 4d 4c Ah]
Seat 1: favete lin (button) (small blind) showed [Kc 9d] and won ($8.82) with a pair of Fours
Seat 2: piet735 (big blind) showed [Ks 3s] and won ($8.82) with a pair of Fours


PokerStars Hand #144271266187:  Hold'em Limit ($3/$6 USD) - 2015/11/23 13:08:32 ET
Table 'Phegeus II' 2-max Seat #2 is the button
Seat 1: favete lin ($108.65 in chips)
Seat 2: piet735 ($69.81 in chips)
piet735: posts small blind $1
favete lin: posts big blind $3
*** HOLE CARDS ***
piet735: folds
Uncalled bet ($2) returned to favete lin
favete lin collected $2 from pot
*** SUMMARY ***
Total pot $2 | Rake $0
Seat 1: favete lin (big blind) collected ($2)
Seat 2: piet735 (button) (small blind) folded before Flop


PokerStars Hand #144271260744:  Hold'em Limit ($3/$6 USD) - 2015/11/23 13:08:26 ET
Table 'Phegeus II' 2-max Seat #1 is the button
Seat 1: favete lin ($105.65 in chips)
Seat 2: piet735 ($72.81 in chips)
favete lin: posts small blind $1
piet735: posts big blind $3
*** HOLE CARDS ***
favete lin: raises $3 to $6
piet735: folds
Uncalled bet ($3) returned to favete lin
favete lin collected $6 from pot
*** SUMMARY ***
Total pot $6 | Rake $0
Seat 1: favete lin (button) (small blind) collected ($6)
Seat 2: piet735 (big blind) folded before Flop


PokerStars Hand #144271334630:  Hold'em Limit ($3/$6 USD) - 2015/11/23 13:09:47 ET
Table 'Phegeus II' 2-max Seat #2 is the button
Seat 1: favete lin ($98.11 in chips)
Seat 2: piet735 ($78.89 in chips)
piet735: posts small blind $1
favete lin: posts big blind $3
*** HOLE CARDS ***
piet735: raises $3 to $6
favete lin: calls $3
*** FLOP *** [3c Jh 7c]
favete lin: checks
piet735: checks
*** TURN *** [3c Jh 7c] [6c]
favete lin: checks
piet735: checks
*** RIVER *** [3c Jh 7c 6c] [7d]
favete lin: checks
piet735: checks
*** SHOW DOWN ***
favete lin: shows [4s 2c] (a pair of Sevens)
piet735: shows [4h 6h] (two pair, Sevens and Sixes)
piet735 collected $11.76 from pot
*** SUMMARY ***
Total pot $12 | Rake $0.24
Board [3c Jh 7c 6c 7d]
Seat 1: favete lin (big blind) showed [4s 2c] and lost with a pair of Sevens
Seat 2: piet735 (button) (small blind) showed [4h 6h] and won ($11.76) with two pair, Sevens and Sixes


PokerStars Hand #144271323817:  Hold'em Limit ($3/$6 USD) - 2015/11/23 13:09:35 ET
Table 'Phegeus II' 2-max Seat #1 is the button
Seat 1: favete lin ($89.47 in chips)
Seat 2: piet735 ($87.89 in chips)
favete lin: posts small blind $1
piet735: posts big blind $3
*** HOLE CARDS ***
favete lin: raises $3 to $6
piet735: calls $3
*** FLOP *** [Jd Td 4s]
piet735: checks
favete lin: bets $3
piet735: calls $3
*** TURN *** [Jd Td 4s] [Kd]
piet735: checks
favete lin: bets $6
piet735: folds
Uncalled bet ($6) returned to favete lin
favete lin collected $17.64 from pot
*** SUMMARY ***
Total pot $18 | Rake $0.36
Board [Jd Td 4s Kd]
Seat 1: favete lin (button) (small blind) collected ($17.64)
Seat 2: piet735 (big blind) folded on the Turn


PokerStars Hand #144271313686:  Hold'em Limit ($3/$6 USD) - 2015/11/23 13:09:24 ET
Table 'Phegeus II' 2-max Seat #2 is the button
Seat 1: favete lin ($95.47 in chips)
Seat 2: piet735 ($82.13 in chips)
piet735: posts small blind $1
favete lin: posts big blind $3
*** HOLE CARDS ***
piet735: raises $3 to $6
favete lin: calls $3
*** FLOP *** [Js 3s 3h]
favete lin: checks
piet735: bets $3
favete lin: folds
Uncalled bet ($3) returned to piet735
piet735 collected $11.76 from pot
*** SUMMARY ***
Total pot $12 | Rake $0.24
Board [Js 3s 3h]
Seat 1: favete lin (big blind) folded on the Flop
Seat 2: piet735 (button) (small blind) collected ($11.76)


PokerStars Hand #144271295742:  Hold'em Limit ($3/$6 USD) - 2015/11/23 13:09:04 ET
Table 'Phegeus II' 2-max Seat #1 is the button
Seat 1: favete lin ($110.47 in chips)
Seat 2: piet735 ($67.63 in chips)
favete lin: posts small blind $1
piet735: posts big blind $3
*** HOLE CARDS ***
favete lin: raises $3 to $6
piet735: raises $3 to $9
favete lin: calls $3
*** FLOP *** [Qs 5s Qd]
piet735: checks
favete lin: checks
*** TURN *** [Qs 5s Qd] [5h]
piet735: checks
favete lin: checks
*** RIVER *** [Qs 5s Qd 5h] [5c]
piet735: bets $6
favete lin: calls $6
*** SHOW DOWN ***
piet735: shows [Qc Ah] (a full house, Queens full of Fives)
favete lin: mucks hand
piet735 collected $29.50 from pot
*** SUMMARY ***
Total pot $30 | Rake $0.50
Board [Qs 5s Qd 5h 5c]
Seat 1: favete lin (button) (small blind) mucked
Seat 2: piet735 (big blind) showed [Qc Ah] and won ($29.50) with a full house, Queens full of Fives


PokerStars Hand #144271291712:  Hold'em Limit ($3/$6 USD) - 2015/11/23 13:09:00 ET
Table 'Phegeus II' 2-max Seat #2 is the button
Seat 1: favete lin ($109.47 in chips)
Seat 2: piet735 ($68.63 in chips)
piet735: posts small blind $1
favete lin: posts big blind $3
*** HOLE CARDS ***
piet735: folds
Uncalled bet ($2) returned to favete lin
favete lin collected $2 from pot
*** SUMMARY ***
Total pot $2 | Rake $0
Seat 1: favete lin (big blind) collected ($2)
Seat 2: piet735 (button) (small blind) folded before Flop


PokerStars Hand #144271384526:  Hold'em Limit ($3/$6 USD) - 2015/11/23 13:10:43 ET
Table 'Phegeus II' 2-max Seat #1 is the button
Seat 1: favete lin ($63.11 in chips)
Seat 2: piet735 ($112.79 in chips)
favete lin: posts small blind $1
piet735: posts big blind $3
*** HOLE CARDS ***
favete lin: raises $3 to $6
piet735: calls $3
*** FLOP *** [2c 4h Th]
piet735: checks
favete lin: bets $3
piet735: folds
Uncalled bet ($3) returned to favete lin
favete lin collected $11.76 from pot
*** SUMMARY ***
Total pot $12 | Rake $0.24
Board [2c 4h Th]
Seat 1: favete lin (button) (small blind) collected ($11.76)
Seat 2: piet735 (big blind) folded on the Flop


PokerStars Hand #144271369507:  Hold'em Limit ($3/$6 USD) - 2015/11/23 13:10:26 ET
Table 'Phegeus II' 2-max Seat #2 is the button
Seat 1: favete lin ($87.11 in chips)
Seat 2: piet735 ($89.29 in chips)
piet735: posts small blind $1
favete lin: posts big blind $3
*** HOLE CARDS ***
piet735: raises $3 to $6
favete lin: calls $3
*** FLOP *** [7h 2c 6c]
favete lin: checks
piet735: checks
*** TURN *** [7h 2c 6c] [Qc]
favete lin: bets $6
piet735: raises $6 to $12
favete lin: calls $6
*** RIVER *** [7h 2c 6c Qc] [Qd]
favete lin: checks
piet735: bets $6
favete lin: calls $6
*** SHOW DOWN ***
piet735: shows [Qh Jh] (three of a kind, Queens)
favete lin: mucks hand
piet735 collected $47.50 from pot
*** SUMMARY ***
Total pot $48 | Rake $0.50
Board [7h 2c 6c Qc Qd]
Seat 1: favete lin (big blind) mucked
Seat 2: piet735 (button) (small blind) showed [Qh Jh] and won ($47.50) with three of a kind, Queens


PokerStars Hand #144271355916:  Hold'em Limit ($3/$6 USD) - 2015/11/23 13:10:11 ET
Table 'Phegeus II' 2-max Seat #1 is the button
Seat 1: favete lin ($96.11 in chips)
Seat 2: piet735 ($80.65 in chips)
favete lin: posts small blind $1
piet735: posts big blind $3
*** HOLE CARDS ***
favete lin: calls $2
piet735: checks
*** FLOP *** [7c Jc Ts]
piet735: checks
favete lin: checks
*** TURN *** [7c Jc Ts] [Ad]
piet735: checks
favete lin: checks
*** RIVER *** [7c Jc Ts Ad] [5s]
piet735: bets $6
favete lin: calls $6
*** SHOW DOWN ***
piet735: shows [As 4s] (a pair of Aces)
favete lin: mucks hand
piet735 collected $17.64 from pot
*** SUMMARY ***
Total pot $18 | Rake $0.36
Board [7c Jc Ts Ad 5s]
Seat 1: favete lin (button) (small blind) mucked
Seat 2: piet735 (big blind) showed [As 4s] and won ($17.64) with a pair of Aces


PokerStars Hand #144271351855:  Hold'em Limit ($3/$6 USD) - 2015/11/23 13:10:06 ET
Table 'Phegeus II' 2-max Seat #2 is the button
Seat 1: favete lin ($95.11 in chips)
Seat 2: piet735 ($81.65 in chips)
piet735: posts small blind $1
favete lin: posts big blind $3
*** HOLE CARDS ***
piet735: folds
Uncalled bet ($2) returned to favete lin
favete lin collected $2 from pot
*** SUMMARY ***
Total pot $2 | Rake $0
Seat 1: favete lin (big blind) collected ($2)
Seat 2: piet735 (button) (small blind) folded before Flop


PokerStars Hand #144271346958:  Hold'em Limit ($3/$6 USD) - 2015/11/23 13:10:01 ET
Table 'Phegeus II' 2-max Seat #1 is the button
Seat 1: favete lin ($92.11 in chips)
Seat 2: piet735 ($84.65 in chips)
favete lin: posts small blind $1
piet735: posts big blind $3
*** HOLE CARDS ***
favete lin: raises $3 to $6
piet735: folds
Uncalled bet ($3) returned to favete lin
favete lin collected $6 from pot
*** SUMMARY ***
Total pot $6 | Rake $0
Seat 1: favete lin (button) (small blind) collected ($6)
Seat 2: piet735 (big blind) folded before Flop


PokerStars Hand #144271439447:  Hold'em Limit ($3/$6 USD) - 2015/11/23 13:11:43 ET
Table 'Phegeus II' 2-max Seat #1 is the button
Seat 1: favete lin ($56.37 in chips)
Seat 2: piet735 ($118.05 in chips)
favete lin: posts small blind $1
piet735: posts big blind $3
*** HOLE CARDS ***
favete lin: raises $3 to $6
piet735: calls $3
*** FLOP *** [4h Qs Ks]
piet735: checks
favete lin: bets $3
piet735: calls $3
*** TURN *** [4h Qs Ks] [Kc]
piet735: checks
favete lin: checks
*** RIVER *** [4h Qs Ks Kc] [9h]
piet735: bets $6
favete lin: folds
Uncalled bet ($6) returned to piet735
piet735 collected $17.64 from pot
*** SUMMARY ***
Total pot $18 | Rake $0.36
Board [4h Qs Ks Kc 9h]
Seat 1: favete lin (button) (small blind) folded on the River
Seat 2: piet735 (big blind) collected ($17.64)


PokerStars Hand #144271419721:  Hold'em Limit ($3/$6 USD) - 2015/11/23 13:11:21 ET
Table 'Phegeus II' 2-max Seat #2 is the button
Seat 1: favete lin ($83.37 in chips)
Seat 2: piet735 ($91.55 in chips)
piet735: posts small blind $1
favete lin: posts big blind $3
*** HOLE CARDS ***
piet735: raises $3 to $6
favete lin: raises $3 to $9
piet735: calls $3
*** FLOP *** [3s Ac Qc]
favete lin: bets $3
piet735: raises $3 to $6
favete lin: calls $3
*** TURN *** [3s Ac Qc] [5c]
favete lin: checks
piet735: bets $6
favete lin: calls $6
*** RIVER *** [3s Ac Qc 5c] [Ts]
favete lin: checks
piet735: bets $6
favete lin: calls $6
*** SHOW DOWN ***
piet735: shows [Kc 3c] (a flush, Ace high)
favete lin: mucks hand
piet735 collected $53.50 from pot
*** SUMMARY ***
Total pot $54 | Rake $0.50
Board [3s Ac Qc 5c Ts]
Seat 1: favete lin (big blind) mucked
Seat 2: piet735 (button) (small blind) showed [Kc 3c] and won ($53.50) with a flush, Ace high


PokerStars Hand #144271404554:  Hold'em Limit ($3/$6 USD) - 2015/11/23 13:11:05 ET
Table 'Phegeus II' 2-max Seat #1 is the button
Seat 1: favete lin ($62.87 in chips)
Seat 2: piet735 ($112.55 in chips)
favete lin: posts small blind $1
piet735: posts big blind $3
*** HOLE CARDS ***
favete lin: raises $3 to $6
piet735: calls $3
*** FLOP *** [8d 6h 6s]
piet735: bets $3
favete lin: calls $3
*** TURN *** [8d 6h 6s] [5h]
piet735: bets $6
favete lin: calls $6
*** RIVER *** [8d 6h 6s 5h] [7d]
piet735: bets $6
favete lin: raises $6 to $12
piet735: folds
Uncalled bet ($6) returned to favete lin
favete lin collected $41.50 from pot
*** SUMMARY ***
Total pot $42 | Rake $0.50
Board [8d 6h 6s 5h 7d]
Seat 1: favete lin (button) (small blind) collected ($41.50)
Seat 2: piet735 (big blind) folded on the River


PokerStars Hand #144271392421:  Hold'em Limit ($3/$6 USD) - 2015/11/23 13:10:51 ET
Table 'Phegeus II' 2-max Seat #2 is the button
Seat 1: favete lin ($68.87 in chips)
Seat 2: piet735 ($106.79 in chips)
piet735: posts small blind $1
favete lin: posts big blind $3
*** HOLE CARDS ***
piet735: raises $3 to $6
favete lin: calls $3
*** FLOP *** [8s Qs Ac]
favete lin: checks
piet735: bets $3
favete lin: folds
Uncalled bet ($3) returned to piet735
piet735 collected $11.76 from pot
*** SUMMARY ***
Total pot $12 | Rake $0.24
Board [8s Qs Ac]
Seat 1: favete lin (big blind) folded on the Flop
Seat 2: piet735 (button) (small blind) collected ($11.76)


PokerStars Hand #144271495014:  Hold'em Limit ($3/$6 USD) - 2015/11/23 13:12:44 ET
Table 'Phegeus II' 2-max Seat #2 is the button
Seat 1: favete lin ($103.13 in chips)
Seat 2: piet735 ($130.19 in chips)
piet735: posts small blind $1
favete lin: posts big blind $3
*** HOLE CARDS ***
piet735: raises $3 to $6
favete lin: calls $3
*** FLOP *** [8c 2c 2s]
favete lin: checks
piet735: bets $3
favete lin: raises $3 to $6
piet735: raises $3 to $9
favete lin: folds
Uncalled bet ($3) returned to piet735
piet735 collected $23.52 from pot
*** SUMMARY ***
Total pot $24 | Rake $0.48
Board [8c 2c 2s]
Seat 1: favete lin (big blind) folded on the Flop
Seat 2: piet735 (button) (small blind) collected ($23.52)


PokerStars Hand #144271490049:  Hold'em Limit ($3/$6 USD) - 2015/11/23 13:12:39 ET
Table 'Phegeus II' 2-max Seat #1 is the button
Seat 1: favete lin ($100.13 in chips)
Seat 2: piet735 ($133.19 in chips)
favete lin: posts small blind $1
piet735: posts big blind $3
*** HOLE CARDS ***
favete lin: raises $3 to $6
piet735: folds
Uncalled bet ($3) returned to favete lin
favete lin collected $6 from pot
*** SUMMARY ***
Total pot $6 | Rake $0
Seat 1: favete lin (button) (small blind) collected ($6)
Seat 2: piet735 (big blind) folded before Flop


PokerStars Hand #144271486191:  Hold'em Limit ($3/$6 USD) - 2015/11/23 13:12:34 ET
Table 'Phegeus II' 2-max Seat #2 is the button
Seat 1: favete lin ($99.13 in chips)
Seat 2: piet735 ($134.19 in chips)
piet735: posts small blind $1
favete lin: posts big blind $3
*** HOLE CARDS ***
piet735: folds
Uncalled bet ($2) returned to favete lin
favete lin collected $2 from pot
*** SUMMARY ***
Total pot $2 | Rake $0
Seat 1: favete lin (big blind) collected ($2)
Seat 2: piet735 (button) (small blind) folded before Flop


PokerStars Hand #144271478044:  Hold'em Limit ($3/$6 USD) - 2015/11/23 13:12:26 ET
Table 'Phegeus II' 2-max Seat #1 is the button
Seat 1: favete lin ($93.37 in chips)
Seat 2: piet735 ($140.19 in chips)
favete lin: posts small blind $1
piet735: posts big blind $3
*** HOLE CARDS ***
favete lin: raises $3 to $6
piet735: calls $3
*** FLOP *** [Ad 3h 4h]
piet735: checks
favete lin: bets $3
piet735: folds
Uncalled bet ($3) returned to favete lin
favete lin collected $11.76 from pot
*** SUMMARY ***
Total pot $12 | Rake $0.24
Board [Ad 3h 4h]
Seat 1: favete lin (button) (small blind) collected ($11.76)
Seat 2: piet735 (big blind) folded on the Flop


PokerStars Hand #144271474114:  Hold'em Limit ($3/$6 USD) - 2015/11/23 13:12:21 ET
Table 'Phegeus II' 2-max Seat #2 is the button
Seat 1: favete lin ($92.37 in chips)
Seat 2: piet735 ($141.19 in chips)
piet735: posts small blind $1
favete lin: posts big blind $3
*** HOLE CARDS ***
piet735: folds
Uncalled bet ($2) returned to favete lin
favete lin collected $2 from pot
*** SUMMARY ***
Total pot $2 | Rake $0
Seat 1: favete lin (big blind) collected ($2)
Seat 2: piet735 (button) (small blind) folded before Flop


PokerStars Hand #144271469080:  Hold'em Limit ($3/$6 USD) - 2015/11/23 13:12:16 ET
Table 'Phegeus II' 2-max Seat #1 is the button
Seat 1: favete lin ($29.37 in chips)
Seat 2: piet735 ($144.19 in chips)
favete lin: posts small blind $1
piet735: posts big blind $3
*** HOLE CARDS ***
favete lin: raises $3 to $6
piet735: folds
Uncalled bet ($3) returned to favete lin
favete lin collected $6 from pot
*** SUMMARY ***
Total pot $6 | Rake $0
Seat 1: favete lin (button) (small blind) collected ($6)
Seat 2: piet735 (big blind) folded before Flop


PokerStars Hand #144271546071:  Hold'em Limit ($3/$6 USD) - 2015/11/23 13:13:41 ET
Table 'Phegeus II' 2-max Seat #2 is the button
Seat 1: favete lin ($84.64 in chips)
Seat 2: piet735 ($146.98 in chips)
piet735: posts small blind $1
favete lin: posts big blind $3
*** HOLE CARDS ***
piet735: raises $3 to $6
favete lin: calls $3
*** FLOP *** [Qh 2h 9s]
favete lin: checks
piet735: bets $3
favete lin: calls $3
*** TURN *** [Qh 2h 9s] [7c]
favete lin: checks
piet735: bets $6
favete lin: calls $6
*** RIVER *** [Qh 2h 9s 7c] [4s]
favete lin: checks
piet735: bets $6
favete lin: calls $6
*** SHOW DOWN ***
piet735: shows [Kd Ks] (a pair of Kings)
favete lin: mucks hand
piet735 collected $41.50 from pot
*** SUMMARY ***
Total pot $42 | Rake $0.50
Board [Qh 2h 9s 7c 4s]
Seat 1: favete lin (big blind) mucked
Seat 2: piet735 (button) (small blind) showed [Kd Ks] and won ($41.50) with a pair of Kings


PokerStars Hand #144271516586:  Hold'em Limit ($3/$6 USD) - 2015/11/23 13:13:08 ET
Table 'Phegeus II' 2-max Seat #2 is the button
Seat 1: favete lin ($96.89 in chips)
Seat 2: piet735 ($135.71 in chips)
piet735: posts small blind $1
favete lin: posts big blind $3
*** HOLE CARDS ***
piet735: raises $3 to $6
favete lin: raises $3 to $9
piet735: calls $3
*** FLOP *** [3s Td 8s]
favete lin: bets $3
piet735: calls $3
*** TURN *** [3s Td 8s] [7c]
favete lin: checks
piet735: checks
*** RIVER *** [3s Td 8s 7c] [6h]
favete lin: checks
piet735: checks
*** SHOW DOWN ***
favete lin: shows [Ad 5h] (high card Ace)
piet735: shows [Jd Ac] (high card Ace - Jack kicker)
piet735 collected $23.52 from pot
*** SUMMARY ***
Total pot $24 | Rake $0.48
Board [3s Td 8s 7c 6h]
Seat 1: favete lin (big blind) showed [Ad 5h] and lost with high card Ace
Seat 2: piet735 (button) (small blind) showed [Jd Ac] and won ($23.52) with high card Ace


PokerStars Hand #144271508046:  Hold'em Limit ($3/$6 USD) - 2015/11/23 13:12:59 ET
Table 'Phegeus II' 2-max Seat #1 is the button
Seat 1: favete lin ($91.13 in chips)
Seat 2: piet735 ($141.71 in chips)
favete lin: posts small blind $1
piet735: posts big blind $3
*** HOLE CARDS ***
favete lin: raises $3 to $6
piet735: calls $3
*** FLOP *** [8s Ts 5c]
piet735: checks
favete lin: bets $3
piet735: folds
Uncalled bet ($3) returned to favete lin
favete lin collected $11.76 from pot
*** SUMMARY ***
Total pot $12 | Rake $0.24
Board [8s Ts 5c]
Seat 1: favete lin (button) (small blind) collected ($11.76)
Seat 2: piet735 (big blind) folded on the Flop


PokerStars Hand #144271603398:  Hold'em Limit ($3/$6 USD) - 2015/11/23 13:14:44 ET
Table 'Phegeus II' 2-max Seat #2 is the button
Seat 1: favete lin ($48.28 in chips)
Seat 2: piet735 ($181.62 in chips)
piet735: posts small blind $1
favete lin: posts big blind $3
*** HOLE CARDS ***
piet735: raises $3 to $6
favete lin: calls $3
*** FLOP *** [Ad Td 2h]
favete lin: checks
piet735: bets $3
favete lin: folds
Uncalled bet ($3) returned to piet735
piet735 collected $11.76 from pot
*** SUMMARY ***
Total pot $12 | Rake $0.24
Board [Ad Td 2h]
Seat 1: favete lin (big blind) folded on the Flop
Seat 2: piet735 (button) (small blind) collected ($11.76)


PokerStars Hand #144271591919:  Hold'em Limit ($3/$6 USD) - 2015/11/23 13:14:32 ET
Table 'Phegeus II' 2-max Seat #1 is the button
Seat 1: favete lin ($39.64 in chips)
Seat 2: piet735 ($190.62 in chips)
favete lin: posts small blind $1
piet735: posts big blind $3
*** HOLE CARDS ***
favete lin: raises $3 to $6
piet735: calls $3
*** FLOP *** [7d Ks 5s]
piet735: checks
favete lin: bets $3
piet735: calls $3
*** TURN *** [7d Ks 5s] [3h]
piet735: checks
favete lin: bets $6
piet735: folds
Uncalled bet ($6) returned to favete lin
favete lin collected $17.64 from pot
*** SUMMARY ***
Total pot $18 | Rake $0.36
Board [7d Ks 5s 3h]
Seat 1: favete lin (button) (small blind) collected ($17.64)
Seat 2: piet735 (big blind) folded on the Turn


PokerStars Hand #144271579059:  Hold'em Limit ($3/$6 USD) - 2015/11/23 13:14:17 ET
Table 'Phegeus II' 2-max Seat #2 is the button
Seat 1: favete lin ($48.64 in chips)
Seat 2: piet735 ($181.98 in chips)
piet735: posts small blind $1
favete lin: posts big blind $3
*** HOLE CARDS ***
piet735: calls $2
favete lin: checks
*** FLOP *** [7c 9h Jc]
favete lin: checks
piet735: checks
*** TURN *** [7c 9h Jc] [2c]
favete lin: bets $6
piet735: calls $6
*** RIVER *** [7c 9h Jc 2c] [Ah]
favete lin: checks
piet735: checks
*** SHOW DOWN ***
favete lin: shows [Qs 8c] (high card Ace)
piet735: shows [Qh 2h] (a pair of Deuces)
piet735 collected $17.64 from pot
*** SUMMARY ***
Total pot $18 | Rake $0.36
Board [7c 9h Jc 2c Ah]
Seat 1: favete lin (big blind) showed [Qs 8c] and lost with high card Ace
Seat 2: piet735 (button) (small blind) showed [Qh 2h] and won ($17.64) with a pair of Deuces


PokerStars Hand #144271561766:  Hold'em Limit ($3/$6 USD) - 2015/11/23 13:13:58 ET
Table 'Phegeus II' 2-max Seat #1 is the button
Seat 1: favete lin ($63.64 in chips)
Seat 2: piet735 ($167.48 in chips)
favete lin: posts small blind $1
piet735: posts big blind $3
*** HOLE CARDS ***
favete lin: raises $3 to $6
piet735: calls $3
*** FLOP *** [Kd As 7s]
piet735: checks
favete lin: bets $3
piet735: calls $3
*** TURN *** [Kd As 7s] [8d]
piet735: checks
favete lin: bets $6
piet735: calls $6
*** RIVER *** [Kd As 7s 8d] [6s]
piet735: checks
favete lin: checks
*** SHOW DOWN ***
piet735: shows [Ks Jh] (a pair of Kings)
favete lin: mucks hand
piet735 collected $29.50 from pot
*** SUMMARY ***
Total pot $30 | Rake $0.50
Board [Kd As 7s 8d 6s]
Seat 1: favete lin (button) (small blind) mucked
Seat 2: piet735 (big blind) showed [Ks Jh] and won ($29.50) with a pair of Kings


PokerStars Hand #144271666397:  Hold'em Limit ($3/$6 USD) - 2015/11/23 13:15:53 ET
Table 'Phegeus II' 2-max Seat #2 is the button
Seat 1: favete lin ($78.82 in chips)
Seat 2: piet735 ($149.02 in chips)
piet735: posts small blind $1
favete lin: posts big blind $3
*** HOLE CARDS ***
piet735: folds
Uncalled bet ($2) returned to favete lin
favete lin collected $2 from pot
*** SUMMARY ***
Total pot $2 | Rake $0
Seat 1: favete lin (big blind) collected ($2)
Seat 2: piet735 (button) (small blind) folded before Flop


PokerStars Hand #144271654772:  Hold'em Limit ($3/$6 USD) - 2015/11/23 13:15:40 ET
Table 'Phegeus II' 2-max Seat #1 is the button
Seat 1: favete lin ($87.82 in chips)
Seat 2: piet735 ($140.38 in chips)
favete lin: posts small blind $1
piet735: posts big blind $3
*** HOLE CARDS ***
favete lin: raises $3 to $6
piet735: raises $3 to $9
favete lin: calls $3
*** FLOP *** [8d 8s 8h]
piet735: bets $3
favete lin: folds
Uncalled bet ($3) returned to piet735
piet735 collected $17.64 from pot
*** SUMMARY ***
Total pot $18 | Rake $0.36
Board [8d 8s 8h]
Seat 1: favete lin (button) (small blind) folded on the Flop
Seat 2: piet735 (big blind) collected ($17.64)


PokerStars Hand #144271638647:  Hold'em Limit ($3/$6 USD) - 2015/11/23 13:15:23 ET
Table 'Phegeus II' 2-max Seat #2 is the button
Seat 1: favete lin ($64.32 in chips)
Seat 2: piet735 ($164.38 in chips)
piet735: posts small blind $1
favete lin: posts big blind $3
*** HOLE CARDS ***
piet735: raises $3 to $6
favete lin: calls $3
*** FLOP *** [As 9d 8d]
favete lin: checks
piet735: bets $3
favete lin: raises $3 to $6
piet735: calls $3
*** TURN *** [As 9d 8d] [4d]
favete lin: bets $6
piet735: calls $6
*** RIVER *** [As 9d 8d 4d] [9h]
favete lin: bets $6
piet735: calls $6
*** SHOW DOWN ***
favete lin: shows [7s Ah] (two pair, Aces and Nines)
piet735: mucks hand
favete lin collected $47.50 from pot
*** SUMMARY ***
Total pot $48 | Rake $0.50
Board [As 9d 8d 4d 9h]
Seat 1: favete lin (big blind) showed [7s Ah] and won ($47.50) with two pair, Aces and Nines
Seat 2: piet735 (button) (small blind) mucked


PokerStars Hand #144271634941:  Hold'em Limit ($3/$6 USD) - 2015/11/23 13:15:19 ET
Table 'Phegeus II' 2-max Seat #1 is the button
Seat 1: favete lin ($65.32 in chips)
Seat 2: piet735 ($163.38 in chips)
favete lin: posts small blind $1
piet735: posts big blind $3
*** HOLE CARDS ***
favete lin: folds
Uncalled bet ($2) returned to piet735
piet735 collected $2 from pot
*** SUMMARY ***
Total pot $2 | Rake $0
Seat 1: favete lin (button) (small blind) folded before Flop
Seat 2: piet735 (big blind) collected ($2)


PokerStars Hand #144271623320:  Hold'em Limit ($3/$6 USD) - 2015/11/23 13:15:06 ET
Table 'Phegeus II' 2-max Seat #2 is the button
Seat 1: favete lin ($53.80 in chips)
Seat 2: piet735 ($175.38 in chips)
piet735: posts small blind $1
favete lin: posts big blind $3
*** HOLE CARDS ***
piet735: raises $3 to $6
favete lin: raises $3 to $9
piet735: calls $3
*** FLOP *** [3s Kc 7d]
favete lin: bets $3
piet735: calls $3
*** TURN *** [3s Kc 7d] [5h]
favete lin: bets $6
piet735: folds
Uncalled bet ($6) returned to favete lin
favete lin collected $23.52 from pot
*** SUMMARY ***
Total pot $24 | Rake $0.48
Board [3s Kc 7d 5h]
Seat 1: favete lin (big blind) collected ($23.52)
Seat 2: piet735 (button) (small blind) folded on the Turn


PokerStars Hand #144271612628:  Hold'em Limit ($3/$6 USD) - 2015/11/23 13:14:54 ET
Table 'Phegeus II' 2-max Seat #1 is the button
Seat 1: favete lin ($42.28 in chips)
Seat 2: piet735 ($187.38 in chips)
favete lin: posts small blind $1
piet735: posts big blind $3
*** HOLE CARDS ***
favete lin: raises $3 to $6
piet735: calls $3
*** FLOP *** [6d Ac Ah]
piet735: checks
favete lin: bets $3
piet735: raises $3 to $6
favete lin: raises $3 to $9
piet735: folds
Uncalled bet ($3) returned to favete lin
favete lin collected $23.52 from pot
*** SUMMARY ***
Total pot $24 | Rake $0.48
Board [6d Ac Ah]
Seat 1: favete lin (button) (small blind) collected ($23.52)
Seat 2: piet735 (big blind) folded on the Flop


PokerStars Hand #144271713092:  Hold'em Limit ($3/$6 USD) - 2015/11/23 13:16:44 ET
Table 'Phegeus II' 2-max Seat #1 is the button
Seat 1: favete lin ($94.32 in chips)
Seat 2: piet735 ($132.52 in chips)
favete lin: posts small blind $1
piet735: posts big blind $3
*** HOLE CARDS ***
favete lin: raises $3 to $6
piet735: calls $3
*** FLOP *** [Kh 2h 6c]
piet735: checks
favete lin: bets $3
piet735: calls $3
*** TURN *** [Kh 2h 6c] [Qs]
piet735: checks
favete lin: checks
*** RIVER *** [Kh 2h 6c Qs] [5c]
piet735: bets $6
favete lin: calls $6
*** SHOW DOWN ***
piet735: shows [6s Kc] (two pair, Kings and Sixes)
favete lin: mucks hand
piet735 collected $29.50 from pot
*** SUMMARY ***
Total pot $30 | Rake $0.50
Board [Kh 2h 6c Qs 5c]
Seat 1: favete lin (button) (small blind) mucked
Seat 2: piet735 (big blind) showed [6s Kc] and won ($29.50) with two pair, Kings and Sixes


PokerStars Hand #144271708901:  Hold'em Limit ($3/$6 USD) - 2015/11/23 13:16:39 ET
Table 'Phegeus II' 2-max Seat #2 is the button
Seat 1: favete lin ($93.32 in chips)
Seat 2: piet735 ($133.52 in chips)
piet735: posts small blind $1
favete lin: posts big blind $3
*** HOLE CARDS ***
piet735: folds
Uncalled bet ($2) returned to favete lin
favete lin collected $2 from pot
*** SUMMARY ***
Total pot $2 | Rake $0
Seat 1: favete lin (big blind) collected ($2)
Seat 2: piet735 (button) (small blind) folded before Flop


PokerStars Hand #144271704884:  Hold'em Limit ($3/$6 USD) - 2015/11/23 13:16:35 ET
Table 'Phegeus II' 2-max Seat #1 is the button
Seat 1: favete lin ($94.32 in chips)
Seat 2: piet735 ($132.52 in chips)
favete lin: posts small blind $1
piet735: posts big blind $3
*** HOLE CARDS ***
favete lin: folds
Uncalled bet ($2) returned to piet735
piet735 collected $2 from pot
*** SUMMARY ***
Total pot $2 | Rake $0
Seat 1: favete lin (button) (small blind) folded before Flop
Seat 2: piet735 (big blind) collected ($2)


PokerStars Hand #144271687055:  Hold'em Limit ($3/$6 USD) - 2015/11/23 13:16:15 ET
Table 'Phegeus II' 2-max Seat #2 is the button
Seat 1: favete lin ($64.82 in chips)
Seat 2: piet735 ($162.52 in chips)
piet735: posts small blind $1
favete lin: posts big blind $3
*** HOLE CARDS ***
piet735: raises $3 to $6
favete lin: calls $3
*** FLOP *** [4c Jd 3s]
favete lin: checks
piet735: bets $3
favete lin: raises $3 to $6
piet735: calls $3
*** TURN *** [4c Jd 3s] [As]
favete lin: bets $6
piet735: raises $6 to $12
favete lin: calls $6
*** RIVER *** [4c Jd 3s As] [Jc]
favete lin: bets $6
piet735: calls $6
*** SHOW DOWN ***
favete lin: shows [Jh 9s] (three of a kind, Jacks)
piet735: mucks hand
favete lin collected $59.50 from pot
*** SUMMARY ***
Total pot $60 | Rake $0.50
Board [4c Jd 3s As Jc]
Seat 1: favete lin (big blind) showed [Jh 9s] and won ($59.50) with three of a kind, Jacks
Seat 2: piet735 (button) (small blind) mucked


PokerStars Hand #144271670431:  Hold'em Limit ($3/$6 USD) - 2015/11/23 13:15:57 ET
Table 'Phegeus II' 2-max Seat #1 is the button
Seat 1: favete lin ($79.82 in chips)
Seat 2: piet735 ($148.02 in chips)
favete lin: posts small blind $1
piet735: posts big blind $3
*** HOLE CARDS ***
favete lin: raises $3 to $6
piet735: calls $3
*** FLOP *** [9s 2c 4h]
piet735: checks
favete lin: bets $3
piet735: calls $3
*** TURN *** [9s 2c 4h] [Ks]
piet735: checks
favete lin: bets $6
piet735: calls $6
*** RIVER *** [9s 2c 4h Ks] [Th]
piet735: checks
favete lin: checks
*** SHOW DOWN ***
piet735: shows [As Ts] (a pair of Tens)
favete lin: mucks hand
piet735 collected $29.50 from pot
*** SUMMARY ***
Total pot $30 | Rake $0.50
Board [9s 2c 4h Ks Th]
Seat 1: favete lin (button) (small blind) mucked
Seat 2: piet735 (big blind) showed [As Ts] and won ($29.50) with a pair of Tens


PokerStars Hand #144271766739:  Hold'em Limit ($3/$6 USD) - 2015/11/23 13:17:42 ET
Table 'Phegeus II' 2-max Seat #2 is the button
Seat 1: favete lin ($111 in chips)
Seat 2: piet735 ($114.02 in chips)
piet735: posts small blind $1
favete lin: posts big blind $3
*** HOLE CARDS ***
piet735: calls $2
favete lin: checks
*** FLOP *** [5h 7c 7s]
favete lin: checks
piet735: checks
*** TURN *** [5h 7c 7s] [5c]
favete lin: checks
piet735: checks
*** RIVER *** [5h 7c 7s 5c] [9s]
favete lin: bets $6
piet735: calls $6
*** SHOW DOWN ***
favete lin: shows [Ac 7d] (a full house, Sevens full of Fives)
piet735: mucks hand
favete lin collected $17.64 from pot
*** SUMMARY ***
Total pot $18 | Rake $0.36
Board [5h 7c 7s 5c 9s]
Seat 1: favete lin (big blind) showed [Ac 7d] and won ($17.64) with a full house, Sevens full of Fives
Seat 2: piet735 (button) (small blind) mucked


PokerStars Hand #144271758244:  Hold'em Limit ($3/$6 USD) - 2015/11/23 13:17:33 ET
Table 'Phegeus II' 2-max Seat #1 is the button
Seat 1: favete lin ($105.24 in chips)
Seat 2: piet735 ($120.02 in chips)
favete lin: posts small blind $1
piet735: posts big blind $3
*** HOLE CARDS ***
favete lin: raises $3 to $6
piet735: calls $3
*** FLOP *** [Ac 3s 5s]
piet735: checks
favete lin: bets $3
piet735: folds
Uncalled bet ($3) returned to favete lin
favete lin collected $11.76 from pot
*** SUMMARY ***
Total pot $12 | Rake $0.24
Board [Ac 3s 5s]
Seat 1: favete lin (button) (small blind) collected ($11.76)
Seat 2: piet735 (big blind) folded on the Flop


PokerStars Hand #144271746400:  Hold'em Limit ($3/$6 USD) - 2015/11/23 13:17:20 ET
Table 'Phegeus II' 2-max Seat #2 is the button
Seat 1: favete lin ($93.72 in chips)
Seat 2: piet735 ($132.02 in chips)
piet735: posts small blind $1
favete lin: posts big blind $3
*** HOLE CARDS ***
piet735: raises $3 to $6
favete lin: calls $3
*** FLOP *** [Jh Jd 8d]
favete lin: checks
piet735: checks
*** TURN *** [Jh Jd 8d] [6s]
favete lin: bets $6
piet735: calls $6
*** RIVER *** [Jh Jd 8d 6s] [9d]
favete lin: bets $6
piet735: folds
Uncalled bet ($6) returned to favete lin
favete lin collected $23.52 from pot
*** SUMMARY ***
Total pot $24 | Rake $0.48
Board [Jh Jd 8d 6s 9d]
Seat 1: favete lin (big blind) collected ($23.52)
Seat 2: piet735 (button) (small blind) folded on the River


PokerStars Hand #144271738300:  Hold'em Limit ($3/$6 USD) - 2015/11/23 13:17:11 ET
Table 'Phegeus II' 2-max Seat #1 is the button
Seat 1: favete lin ($87.96 in chips)
Seat 2: piet735 ($138.02 in chips)
favete lin: posts small blind $1
piet735: posts big blind $3
*** HOLE CARDS ***
favete lin: raises $3 to $6
piet735: calls $3
*** FLOP *** [Ts 3d 6d]
piet735: checks
favete lin: bets $3
piet735: folds
Uncalled bet ($3) returned to favete lin
favete lin collected $11.76 from pot
*** SUMMARY ***
Total pot $12 | Rake $0.24
Board [Ts 3d 6d]
Seat 1: favete lin (button) (small blind) collected ($11.76)
Seat 2: piet735 (big blind) folded on the Flop


PokerStars Hand #144271728363:  Hold'em Limit ($3/$6 USD) - 2015/11/23 13:17:00 ET
Table 'Phegeus II' 2-max Seat #2 is the button
Seat 1: favete lin ($79.32 in chips)
Seat 2: piet735 ($147.02 in chips)
piet735: posts small blind $1
favete lin: posts big blind $3
*** HOLE CARDS ***
piet735: raises $3 to $6
favete lin: calls $3
*** FLOP *** [8h Jd Kc]
favete lin: checks
piet735: bets $3
favete lin: raises $3 to $6
piet735: folds
Uncalled bet ($3) returned to favete lin
favete lin collected $17.64 from pot
*** SUMMARY ***
Total pot $18 | Rake $0.36
Board [8h Jd Kc]
Seat 1: favete lin (big blind) collected ($17.64)
Seat 2: piet735 (button) (small blind) folded on the Flop


PokerStars Hand #144271834594:  Hold'em Limit ($3/$6 USD) - 2015/11/23 13:18:57 ET
Table 'Phegeus II' 2-max Seat #1 is the button
Seat 1: favete lin ($118.92 in chips)
Seat 2: piet735 ($104.52 in chips)
favete lin: posts small blind $1
piet735: posts big blind $3
*** HOLE CARDS ***
favete lin: calls $2
piet735: checks
*** FLOP *** [4d 3s Qc]
piet735: checks
favete lin: bets $3
piet735: folds
Uncalled bet ($3) returned to favete lin
favete lin collected $5.88 from pot
*** SUMMARY ***
Total pot $6 | Rake $0.12
Board [4d 3s Qc]
Seat 1: favete lin (button) (small blind) collected ($5.88)
Seat 2: piet735 (big blind) folded on the Flop


PokerStars Hand #144271821202:  Hold'em Limit ($3/$6 USD) - 2015/11/23 13:18:42 ET
Table 'Phegeus II' 2-max Seat #2 is the button
Seat 1: favete lin ($113.16 in chips)
Seat 2: piet735 ($110.52 in chips)
piet735: posts small blind $1
favete lin: posts big blind $3
*** HOLE CARDS ***
piet735: raises $3 to $6
favete lin: calls $3
*** FLOP *** [4c Qs 8h]
favete lin: checks
piet735: checks
*** TURN *** [4c Qs 8h] [Kd]
favete lin: checks
piet735: checks
*** RIVER *** [4c Qs 8h Kd] [Qh]
favete lin: checks
piet735: checks
*** SHOW DOWN ***
favete lin: shows [6s Ac] (a pair of Queens)
piet735: mucks hand
favete lin collected $11.76 from pot
*** SUMMARY ***
Total pot $12 | Rake $0.24
Board [4c Qs 8h Kd Qh]
Seat 1: favete lin (big blind) showed [6s Ac] and won ($11.76) with a pair of Queens
Seat 2: piet735 (button) (small blind) mucked


PokerStars Hand #144271804746:  Hold'em Limit ($3/$6 USD) - 2015/11/23 13:18:24 ET
Table 'Phegeus II' 2-max Seat #1 is the button
Seat 1: favete lin ($131.16 in chips)
Seat 2: piet735 ($93.02 in chips)
favete lin: posts small blind $1
piet735: posts big blind $3
*** HOLE CARDS ***
favete lin: raises $3 to $6
piet735: raises $3 to $9
favete lin: calls $3
*** FLOP *** [6s Jc 8h]
piet735: bets $3
favete lin: calls $3
*** TURN *** [6s Jc 8h] [6c]
piet735: bets $6
favete lin: calls $6
*** RIVER *** [6s Jc 8h 6c] [Kc]
piet735: checks
favete lin: checks
*** SHOW DOWN ***
piet735: shows [9h 9d] (two pair, Nines and Sixes)
favete lin: mucks hand
piet735 collected $35.50 from pot
*** SUMMARY ***
Total pot $36 | Rake $0.50
Board [6s Jc 8h 6c Kc]
Seat 1: favete lin (button) (small blind) mucked
Seat 2: piet735 (big blind) showed [9h 9d] and won ($35.50) with two pair, Nines and Sixes


PokerStars Hand #144271790433:  Hold'em Limit ($3/$6 USD) - 2015/11/23 13:18:08 ET
Table 'Phegeus II' 2-max Seat #2 is the button
Seat 1: favete lin ($125.40 in chips)
Seat 2: piet735 ($99.02 in chips)
piet735: posts small blind $1
favete lin: posts big blind $3
*** HOLE CARDS ***
piet735: calls $2
favete lin: checks
*** FLOP *** [5s As 6c]
favete lin: checks
piet735: bets $3
favete lin: calls $3
*** TURN *** [5s As 6c] [Qs]
favete lin: checks
piet735: checks
*** RIVER *** [5s As 6c Qs] [7c]
favete lin: bets $6
piet735: folds
Uncalled bet ($6) returned to favete lin
favete lin collected $11.76 from pot
*** SUMMARY ***
Total pot $12 | Rake $0.24
Board [5s As 6c Qs 7c]
Seat 1: favete lin (big blind) collected ($11.76)
Seat 2: piet735 (button) (small blind) folded on the River


PokerStars Hand #144271781316:  Hold'em Limit ($3/$6 USD) - 2015/11/23 13:17:58 ET
Table 'Phegeus II' 2-max Seat #1 is the button
Seat 1: favete lin ($119.64 in chips)
Seat 2: piet735 ($105.02 in chips)
favete lin: posts small blind $1
piet735: posts big blind $3
*** HOLE CARDS ***
favete lin: raises $3 to $6
piet735: calls $3
*** FLOP *** [Kh 9s 5h]
piet735: checks
favete lin: bets $3
piet735: folds
Uncalled bet ($3) returned to favete lin
favete lin collected $11.76 from pot
*** SUMMARY ***
Total pot $12 | Rake $0.24
Board [Kh 9s 5h]
Seat 1: favete lin (button) (small blind) collected ($11.76)
Seat 2: piet735 (big blind) folded on the Flop


PokerStars Hand #144271869820:  Hold'em Limit ($3/$6 USD) - 2015/11/23 13:19:35 ET
Table 'Phegeus II' 2-max Seat #1 is the button
Seat 1: favete lin ($111.80 in chips)
Seat 2: piet735 ($111.04 in chips)
favete lin: posts small blind $1
piet735: posts big blind $3
*** HOLE CARDS ***
favete lin: raises $3 to $6
piet735: calls $3
*** FLOP *** [8h 5h Js]
piet735: bets $3
favete lin: calls $3
*** TURN *** [8h 5h Js] [Qh]
piet735: checks
favete lin: checks
*** RIVER *** [8h 5h Js Qh] [9s]
piet735: bets $6
favete lin: folds
Uncalled bet ($6) returned to piet735
piet735 collected $17.64 from pot
*** SUMMARY ***
Total pot $18 | Rake $0.36
Board [8h 5h Js Qh 9s]
Seat 1: favete lin (button) (small blind) folded on the River
Seat 2: piet735 (big blind) collected ($17.64)


PokerStars Hand #144271865597:  Hold'em Limit ($3/$6 USD) - 2015/11/23 13:19:31 ET
Table 'Phegeus II' 2-max Seat #2 is the button
Seat 1: favete lin ($110.80 in chips)
Seat 2: piet735 ($112.04 in chips)
piet735: posts small blind $1
favete lin: posts big blind $3
*** HOLE CARDS ***
piet735: folds
Uncalled bet ($2) returned to favete lin
favete lin collected $2 from pot
*** SUMMARY ***
Total pot $2 | Rake $0
Seat 1: favete lin (big blind) collected ($2)
Seat 2: piet735 (button) (small blind) folded before Flop


PokerStars Hand #144271849823:  Hold'em Limit ($3/$6 USD) - 2015/11/23 13:19:13 ET
Table 'Phegeus II' 2-max Seat #1 is the button
Seat 1: favete lin ($122.80 in chips)
Seat 2: piet735 ($100.52 in chips)
favete lin: posts small blind $1
piet735: posts big blind $3
*** HOLE CARDS ***
favete lin: raises $3 to $6
piet735: calls $3
*** FLOP *** [3d 7s 5h]
piet735: checks
favete lin: checks
*** TURN *** [3d 7s 5h] [Tc]
piet735: checks
favete lin: checks
*** RIVER *** [3d 7s 5h Tc] [6c]
piet735: bets $6
favete lin: calls $6
*** SHOW DOWN ***
piet735: shows [6s 5s] (two pair, Sixes and Fives)
favete lin: mucks hand
piet735 collected $23.52 from pot
*** SUMMARY ***
Total pot $24 | Rake $0.48
Board [3d 7s 5h Tc 6c]
Seat 1: favete lin (button) (small blind) mucked
Seat 2: piet735 (big blind) showed [6s 5s] and won ($23.52) with two pair, Sixes and Fives


PokerStars Hand #144271843613:  Hold'em Limit ($3/$6 USD) - 2015/11/23 13:19:06 ET
Table 'Phegeus II' 2-max Seat #2 is the button
Seat 1: favete lin ($121.80 in chips)
Seat 2: piet735 ($101.52 in chips)
piet735: posts small blind $1
favete lin: posts big blind $3
*** HOLE CARDS ***
piet735: folds
Uncalled bet ($2) returned to favete lin
favete lin collected $2 from pot
*** SUMMARY ***
Total pot $2 | Rake $0
Seat 1: favete lin (big blind) collected ($2)
Seat 2: piet735 (button) (small blind) folded before Flop


PokerStars Hand #144271940945:  Hold'em Limit ($3/$6 USD) - 2015/11/23 13:20:54 ET
Table 'Phegeus II' 2-max Seat #2 is the button
Seat 1: favete lin ($100.30 in chips)
Seat 2: piet735 ($120.82 in chips)
piet735: posts small blind $1
favete lin: posts big blind $3
*** HOLE CARDS ***
piet735: folds
Uncalled bet ($2) returned to favete lin
favete lin collected $2 from pot
*** SUMMARY ***
Total pot $2 | Rake $0
Seat 1: favete lin (big blind) collected ($2)
Seat 2: piet735 (button) (small blind) folded before Flop


PokerStars Hand #144271922740:  Hold'em Limit ($3/$6 USD) - 2015/11/23 13:20:34 ET
Table 'Phegeus II' 2-max Seat #1 is the button
Seat 1: favete lin ($115.30 in chips)
Seat 2: piet735 ($106.32 in chips)
favete lin: posts small blind $1
piet735: posts big blind $3
*** HOLE CARDS ***
favete lin: raises $3 to $6
piet735: calls $3
*** FLOP *** [4d 6d 5d]
piet735: checks
favete lin: bets $3
piet735: calls $3
*** TURN *** [4d 6d 5d] [Tc]
piet735: checks
favete lin: bets $6
piet735: calls $6
*** RIVER *** [4d 6d 5d Tc] [5h]
piet735: checks
favete lin: checks
*** SHOW DOWN ***
piet735: shows [2c As] (a pair of Fives)
favete lin: mucks hand
piet735 collected $29.50 from pot
*** SUMMARY ***
Total pot $30 | Rake $0.50
Board [4d 6d 5d Tc 5h]
Seat 1: favete lin (button) (small blind) mucked
Seat 2: piet735 (big blind) showed [2c As] and won ($29.50) with a pair of Fives


PokerStars Hand #144271918383:  Hold'em Limit ($3/$6 USD) - 2015/11/23 13:20:29 ET
Table 'Phegeus II' 2-max Seat #2 is the button
Seat 1: favete lin ($114.30 in chips)
Seat 2: piet735 ($107.32 in chips)
piet735: posts small blind $1
favete lin: posts big blind $3
*** HOLE CARDS ***
piet735: folds
Uncalled bet ($2) returned to favete lin
favete lin collected $2 from pot
*** SUMMARY ***
Total pot $2 | Rake $0
Seat 1: favete lin (big blind) collected ($2)
Seat 2: piet735 (button) (small blind) folded before Flop


PokerStars Hand #144271900290:  Hold'em Limit ($3/$6 USD) - 2015/11/23 13:20:09 ET
Table 'Phegeus II' 2-max Seat #1 is the button
Seat 1: favete lin ($93.80 in chips)
Seat 2: piet735 ($128.32 in chips)
favete lin: posts small blind $1
piet735: posts big blind $3
*** HOLE CARDS ***
favete lin: raises $3 to $6
piet735: calls $3
*** FLOP *** [2c 6s 5d]
piet735: checks
favete lin: bets $3
piet735: calls $3
*** TURN *** [2c 6s 5d] [Th]
piet735: bets $6
favete lin: calls $6
*** RIVER *** [2c 6s 5d Th] [Jh]
piet735: checks
favete lin: bets $6
piet735: calls $6
*** SHOW DOWN ***
favete lin: shows [Qc Jc] (a pair of Jacks)
piet735: mucks hand
favete lin collected $41.50 from pot
*** SUMMARY ***
Total pot $42 | Rake $0.50
Board [2c 6s 5d Th Jh]
Seat 1: favete lin (button) (small blind) showed [Qc Jc] and won ($41.50) with a pair of Jacks
Seat 2: piet735 (big blind) mucked


PokerStars Hand #144271885669:  Hold'em Limit ($3/$6 USD) - 2015/11/23 13:19:53 ET
Table 'Phegeus II' 2-max Seat #2 is the button
Seat 1: favete lin ($102.80 in chips)
Seat 2: piet735 ($119.68 in chips)
piet735: posts small blind $1
favete lin: posts big blind $3
*** HOLE CARDS ***
piet735: raises $3 to $6
favete lin: calls $3
*** FLOP *** [Ks 9d 3s]
favete lin: checks
piet735: bets $3
favete lin: calls $3
*** TURN *** [Ks 9d 3s] [Qc]
favete lin: checks
piet735: checks
*** RIVER *** [Ks 9d 3s Qc] [Ah]
favete lin: checks
piet735: checks
*** SHOW DOWN ***
favete lin: shows [4d Td] (high card Ace)
piet735: shows [5d 5h] (a pair of Fives)
piet735 collected $17.64 from pot
*** SUMMARY ***
Total pot $18 | Rake $0.36
Board [Ks 9d 3s Qc Ah]
Seat 1: favete lin (big blind) showed [4d Td] and lost with high card Ace
Seat 2: piet735 (button) (small blind) showed [5d 5h] and won ($17.64) with a pair of Fives


PokerStars Hand #144271944889:  Hold'em Limit ($3/$6 USD) - 2015/11/23 13:20:58 ET
Table 'Phegeus II' 2-max Seat #1 is the button
Seat 1: favete lin ($101.30 in chips)
Seat 2: piet735 ($119.82 in chips)
favete lin: posts small blind $1
piet735: posts big blind $3
*** HOLE CARDS ***
favete lin: raises $3 to $6
piet735: calls $3
*** FLOP *** [Th 5s 5h]
piet735: checks
favete lin: bets $3
piet735: raises $3 to $6
favete lin: calls $3
*** TURN *** [Th 5s 5h] [7s]
piet735: bets $6
favete lin: calls $6
*** RIVER *** [Th 5s 5h 7s] [9h]
piet735: bets $6
favete lin: calls $6
*** SHOW DOWN ***
piet735: shows [Qh 6h] (a flush, Queen high)
favete lin: mucks hand
piet735 collected $47.50 from pot
*** SUMMARY ***
Total pot $48 | Rake $0.50
Board [Th 5s 5h 7s 9h]
Seat 1: favete lin (button) (small blind) mucked
Seat 2: piet735 (big blind) showed [Qh 6h] and won ($47.50) with a flush, Queen high


PokerStars Hand #144271988457:  Hold'em Limit ($3/$6 USD) - 2015/11/23 13:21:46 ET
Table 'Phegeus II' 2-max Seat #1 is the button
Seat 1: favete lin ($76.06 in chips)
Seat 2: piet735 ($144.08 in chips)
favete lin: posts small blind $1
piet735: posts big blind $3
*** HOLE CARDS ***
favete lin: raises $3 to $6
piet735: calls $3
*** FLOP *** [2s Ac 3s]
piet735: checks
favete lin: bets $3
piet735: folds
Uncalled bet ($3) returned to favete lin
favete lin collected $11.76 from pot
*** SUMMARY ***
Total pot $12 | Rake $0.24
Board [2s Ac 3s]
Seat 1: favete lin (button) (small blind) collected ($11.76)
Seat 2: piet735 (big blind) folded on the Flop


PokerStars Hand #144271977128:  Hold'em Limit ($3/$6 USD) - 2015/11/23 13:21:33 ET
Table 'Phegeus II' 2-max Seat #2 is the button
Seat 1: favete lin ($82.06 in chips)
Seat 2: piet735 ($138.32 in chips)
piet735: posts small blind $1
favete lin: posts big blind $3
*** HOLE CARDS ***
piet735: raises $3 to $6
favete lin: calls $3
*** FLOP *** [9d 4s 8s]
favete lin: checks
piet735: checks
*** TURN *** [9d 4s 8s] [5d]
favete lin: checks
piet735: checks
*** RIVER *** [9d 4s 8s 5d] [8h]
favete lin: checks
piet735: checks
*** SHOW DOWN ***
favete lin: shows [3s Qc] (a pair of Eights)
piet735: shows [Jh Ac] (a pair of Eights - Ace kicker)
piet735 collected $11.76 from pot
*** SUMMARY ***
Total pot $12 | Rake $0.24
Board [9d 4s 8s 5d 8h]
Seat 1: favete lin (big blind) showed [3s Qc] and lost with a pair of Eights
Seat 2: piet735 (button) (small blind) showed [Jh Ac] and won ($11.76) with a pair of Eights


PokerStars Hand #144271972385:  Hold'em Limit ($3/$6 USD) - 2015/11/23 13:21:28 ET
Table 'Phegeus II' 2-max Seat #1 is the button
Seat 1: favete lin ($83.06 in chips)
Seat 2: piet735 ($137.32 in chips)
favete lin: posts small blind $1
piet735: posts big blind $3
*** HOLE CARDS ***
favete lin: folds
Uncalled bet ($2) returned to piet735
piet735 collected $2 from pot
*** SUMMARY ***
Total pot $2 | Rake $0
Seat 1: favete lin (button) (small blind) folded before Flop
Seat 2: piet735 (big blind) collected ($2)


PokerStars Hand #144271963122:  Hold'em Limit ($3/$6 USD) - 2015/11/23 13:21:18 ET
Table 'Phegeus II' 2-max Seat #2 is the button
Seat 1: favete lin ($77.30 in chips)
Seat 2: piet735 ($143.32 in chips)
piet735: posts small blind $1
favete lin: posts big blind $3
*** HOLE CARDS ***
piet735: raises $3 to $6
favete lin: calls $3
*** FLOP *** [7h 6h 7d]
favete lin: checks
piet735: checks
*** TURN *** [7h 6h 7d] [2c]
favete lin: bets $6
piet735: folds
Uncalled bet ($6) returned to favete lin
favete lin collected $11.76 from pot
*** SUMMARY ***
Total pot $12 | Rake $0.24
Board [7h 6h 7d 2c]
Seat 1: favete lin (big blind) collected ($11.76)
Seat 2: piet735 (button) (small blind) folded on the Turn


PokerStars Hand #144272049264:  Hold'em Limit ($3/$6 USD) - 2015/11/23 13:22:53 ET
Table 'Phegeus II' 2-max Seat #2 is the button
Seat 1: favete lin ($107.84 in chips)
Seat 2: piet735 ($110.96 in chips)
piet735: posts small blind $1
favete lin: posts big blind $3
*** HOLE CARDS ***
piet735: folds
Uncalled bet ($2) returned to favete lin
favete lin collected $2 from pot
*** SUMMARY ***
Total pot $2 | Rake $0
Seat 1: favete lin (big blind) collected ($2)
Seat 2: piet735 (button) (small blind) folded before Flop


PokerStars Hand #144272034653:  Hold'em Limit ($3/$6 USD) - 2015/11/23 13:22:37 ET
Table 'Phegeus II' 2-max Seat #1 is the button
Seat 1: favete lin ($104.96 in chips)
Seat 2: piet735 ($113.96 in chips)
favete lin: posts small blind $1
piet735: posts big blind $3
*** HOLE CARDS ***
favete lin: calls $2
piet735: checks
*** FLOP *** [5h 4c 3c]
piet735: checks
favete lin: bets $3
piet735: folds
Uncalled bet ($3) returned to favete lin
favete lin collected $5.88 from pot
*** SUMMARY ***
Total pot $6 | Rake $0.12
Board [5h 4c 3c]
Seat 1: favete lin (button) (small blind) collected ($5.88)
Seat 2: piet735 (big blind) folded on the Flop


PokerStars Hand #144272053732:  Hold'em Limit ($3/$6 USD) - 2015/11/23 13:22:58 ET
Table 'Phegeus II' 2-max Seat #1 is the button
Seat 1: favete lin ($108.84 in chips)
Seat 2: piet735 ($109.96 in chips)
favete lin: posts small blind $1
piet735: posts big blind $3
*** HOLE CARDS ***
favete lin: raises $3 to $6
piet735: calls $3
*** FLOP *** [8s 4c Ks]
piet735: checks
favete lin: bets $3
piet735: folds
Uncalled bet ($3) returned to favete lin
favete lin collected $11.76 from pot
*** SUMMARY ***
Total pot $12 | Rake $0.24
Board [8s 4c Ks]
Seat 1: favete lin (button) (small blind) collected ($11.76)
Seat 2: piet735 (big blind) folded on the Flop


PokerStars Hand #144272022779:  Hold'em Limit ($3/$6 USD) - 2015/11/23 13:22:24 ET
Table 'Phegeus II' 2-max Seat #2 is the button
Seat 1: favete lin ($105.08 in chips)
Seat 2: piet735 ($114.08 in chips)
piet735: posts small blind $1
favete lin: posts big blind $3
*** HOLE CARDS ***
piet735: raises $3 to $6
favete lin: calls $3
*** FLOP *** [6s 2s Td]
favete lin: checks
piet735: checks
*** TURN *** [6s 2s Td] [Jd]
favete lin: checks
piet735: checks
*** RIVER *** [6s 2s Td Jd] [Qc]
favete lin: checks
piet735: checks
*** SHOW DOWN ***
favete lin: shows [9c 3c] (high card Queen)
piet735: shows [9h 4h] (high card Queen)
favete lin collected $5.88 from pot
piet735 collected $5.88 from pot
*** SUMMARY ***
Total pot $12 | Rake $0.24
Board [6s 2s Td Jd Qc]
Seat 1: favete lin (big blind) showed [9c 3c] and won ($5.88) with high card Queen
Seat 2: piet735 (button) (small blind) showed [9h 4h] and won ($5.88) with high card Queen


PokerStars Hand #144272013233:  Hold'em Limit ($3/$6 USD) - 2015/11/23 13:22:13 ET
Table 'Phegeus II' 2-max Seat #1 is the button
Seat 1: favete lin ($99.32 in chips)
Seat 2: piet735 ($120.08 in chips)
favete lin: posts small blind $1
piet735: posts big blind $3
*** HOLE CARDS ***
favete lin: raises $3 to $6
piet735: calls $3
*** FLOP *** [9d 4c Qh]
piet735: checks
favete lin: bets $3
piet735: folds
Uncalled bet ($3) returned to favete lin
favete lin collected $11.76 from pot
*** SUMMARY ***
Total pot $12 | Rake $0.24
Board [9d 4c Qh]
Seat 1: favete lin (button) (small blind) collected ($11.76)
Seat 2: piet735 (big blind) folded on the Flop


PokerStars Hand #144271996593:  Hold'em Limit ($3/$6 USD) - 2015/11/23 13:21:55 ET
Table 'Phegeus II' 2-max Seat #2 is the button
Seat 1: favete lin ($81.82 in chips)
Seat 2: piet735 ($138.08 in chips)
piet735: posts small blind $1
favete lin: posts big blind $3
*** HOLE CARDS ***
piet735: raises $3 to $6
favete lin: raises $3 to $9
piet735: calls $3
*** FLOP *** [Kc Qd Jh]
favete lin: bets $3
piet735: calls $3
*** TURN *** [Kc Qd Jh] [4c]
favete lin: bets $6
piet735: calls $6
*** RIVER *** [Kc Qd Jh 4c] [6h]
favete lin: checks
piet735: checks
*** SHOW DOWN ***
favete lin: shows [8c Ac] (high card Ace)
piet735: mucks hand
favete lin collected $35.50 from pot
*** SUMMARY ***
Total pot $36 | Rake $0.50
Board [Kc Qd Jh 4c 6h]
Seat 1: favete lin (big blind) showed [8c Ac] and won ($35.50) with high card Ace
Seat 2: piet735 (button) (small blind) mucked


PokerStars Hand #144272105544:  Hold'em Limit ($3/$6 USD) - 2015/11/23 13:23:55 ET
Table 'Phegeus II' 2-max Seat #2 is the button
Seat 1: favete lin ($134.10 in chips)
Seat 2: piet735 ($83.72 in chips)
piet735: posts small blind $1
favete lin: posts big blind $3
*** HOLE CARDS ***
piet735: raises $3 to $6
favete lin: calls $3
*** FLOP *** [9c Qd Kc]
favete lin: checks
piet735: checks
*** TURN *** [9c Qd Kc] [8c]
favete lin: bets $6
piet735: folds
Uncalled bet ($6) returned to favete lin
favete lin collected $11.76 from pot
*** SUMMARY ***
Total pot $12 | Rake $0.24
Board [9c Qd Kc 8c]
Seat 1: favete lin (big blind) collected ($11.76)
Seat 2: piet735 (button) (small blind) folded on the Turn


PokerStars Hand #144272066839:  Hold'em Limit ($3/$6 USD) - 2015/11/23 13:23:12 ET
Table 'Phegeus II' 2-max Seat #1 is the button
Seat 1: favete lin ($115.60 in chips)
Seat 2: piet735 ($102.96 in chips)
favete lin: posts small blind $1
piet735: posts big blind $3
*** HOLE CARDS ***
favete lin: raises $3 to $6
piet735: folds
Uncalled bet ($3) returned to favete lin
favete lin collected $6 from pot
*** SUMMARY ***
Total pot $6 | Rake $0
Seat 1: favete lin (button) (small blind) collected ($6)
Seat 2: piet735 (big blind) folded before Flop


PokerStars Hand #144272062585:  Hold'em Limit ($3/$6 USD) - 2015/11/23 13:23:08 ET
Table 'Phegeus II' 2-max Seat #2 is the button
Seat 1: favete lin ($114.60 in chips)
Seat 2: piet735 ($103.96 in chips)
piet735: posts small blind $1
favete lin: posts big blind $3
*** HOLE CARDS ***
piet735: folds
Uncalled bet ($2) returned to favete lin
favete lin collected $2 from pot
*** SUMMARY ***
Total pot $2 | Rake $0
Seat 1: favete lin (big blind) collected ($2)
Seat 2: piet735 (button) (small blind) folded before Flop


PokerStars Hand #144272071883:  Hold'em Limit ($3/$6 USD) - 2015/11/23 13:23:18 ET
Table 'Phegeus II' 2-max Seat #2 is the button
Seat 1: favete lin ($118.60 in chips)
Seat 2: piet735 ($99.96 in chips)
piet735: posts small blind $1
favete lin: posts big blind $3
*** HOLE CARDS ***
piet735: raises $3 to $6
favete lin: calls $3
*** FLOP *** [5h Ad 4s]
favete lin: checks
piet735: bets $3
favete lin: folds
Uncalled bet ($3) returned to piet735
piet735 collected $11.76 from pot
*** SUMMARY ***
Total pot $12 | Rake $0.24
Board [5h Ad 4s]
Seat 1: favete lin (big blind) folded on the Flop
Seat 2: piet735 (button) (small blind) collected ($11.76)


PokerStars Hand #144272085908:  Hold'em Limit ($3/$6 USD) - 2015/11/23 13:23:33 ET
Table 'Phegeus II' 2-max Seat #2 is the button
Seat 1: favete lin ($115.60 in chips)
Seat 2: piet735 ($102.72 in chips)
piet735: posts small blind $1
favete lin: posts big blind $3
*** HOLE CARDS ***
piet735: folds
Uncalled bet ($2) returned to favete lin
favete lin collected $2 from pot
*** SUMMARY ***
Total pot $2 | Rake $0
Seat 1: favete lin (big blind) collected ($2)
Seat 2: piet735 (button) (small blind) folded before Flop


PokerStars Hand #144272081283:  Hold'em Limit ($3/$6 USD) - 2015/11/23 13:23:28 ET
Table 'Phegeus II' 2-max Seat #1 is the button
Seat 1: favete lin ($112.60 in chips)
Seat 2: piet735 ($105.72 in chips)
favete lin: posts small blind $1
piet735: posts big blind $3
*** HOLE CARDS ***
favete lin: raises $3 to $6
piet735: folds
Uncalled bet ($3) returned to favete lin
favete lin collected $6 from pot
*** SUMMARY ***
Total pot $6 | Rake $0
Seat 1: favete lin (button) (small blind) collected ($6)
Seat 2: piet735 (big blind) folded before Flop


PokerStars Hand #144272115345:  Hold'em Limit ($3/$6 USD) - 2015/11/23 13:24:06 ET
Table 'Phegeus II' 2-max Seat #1 is the button
Seat 1: favete lin ($139.86 in chips)
Seat 2: piet735 ($77.72 in chips)
favete lin: posts small blind $1
piet735: posts big blind $3
*** HOLE CARDS ***
favete lin: calls $2
piet735: checks
*** FLOP *** [2h Jc Ks]
piet735: checks
favete lin: checks
*** TURN *** [2h Jc Ks] [3c]
piet735: checks
favete lin: checks
*** RIVER *** [2h Jc Ks 3c] [Kc]
piet735: checks
favete lin: checks
*** SHOW DOWN ***
piet735: shows [4c 7s] (a pair of Kings)
favete lin: shows [6h Qs] (a pair of Kings - Queen kicker)
favete lin collected $5.88 from pot
*** SUMMARY ***
Total pot $6 | Rake $0.12
Board [2h Jc Ks 3c Kc]
Seat 1: favete lin (button) (small blind) showed [6h Qs] and won ($5.88) with a pair of Kings
Seat 2: piet735 (big blind) showed [4c 7s] and lost with a pair of Kings


PokerStars Hand #144272132234:  Hold'em Limit ($3/$6 USD) - 2015/11/23 13:24:25 ET
Table 'Phegeus II' 2-max Seat #1 is the button
Seat 1: favete lin ($143.74 in chips)
Seat 2: piet735 ($73.72 in chips)
favete lin: posts small blind $1
piet735: posts big blind $3
*** HOLE CARDS ***
favete lin: raises $3 to $6
piet735: folds
Uncalled bet ($3) returned to favete lin
favete lin collected $6 from pot
*** SUMMARY ***
Total pot $6 | Rake $0
Seat 1: favete lin (button) (small blind) collected ($6)
Seat 2: piet735 (big blind) folded before Flop


PokerStars Hand #144272128093:  Hold'em Limit ($3/$6 USD) - 2015/11/23 13:24:20 ET
Table 'Phegeus II' 2-max Seat #2 is the button
Seat 1: favete lin ($142.74 in chips)
Seat 2: piet735 ($74.72 in chips)
piet735: posts small blind $1
favete lin: posts big blind $3
*** HOLE CARDS ***
piet735: folds
Uncalled bet ($2) returned to favete lin
favete lin collected $2 from pot
*** SUMMARY ***
Total pot $2 | Rake $0
Seat 1: favete lin (big blind) collected ($2)
Seat 2: piet735 (button) (small blind) folded before Flop


PokerStars Hand #144272137839:  Hold'em Limit ($3/$6 USD) - 2015/11/23 13:24:31 ET
Table 'Phegeus II' 2-max Seat #2 is the button
Seat 1: favete lin ($146.74 in chips)
Seat 2: piet735 ($70.72 in chips)
piet735: posts small blind $1
favete lin: posts big blind $3
*** HOLE CARDS ***
piet735: folds
Uncalled bet ($2) returned to favete lin
favete lin collected $2 from pot
*** SUMMARY ***
Total pot $2 | Rake $0
Seat 1: favete lin (big blind) collected ($2)
Seat 2: piet735 (button) (small blind) folded before Flop


PokerStars Hand #144272166734:  Hold'em Limit ($3/$6 USD) - 2015/11/23 13:25:03 ET
Table 'Phegeus II' 2-max Seat #2 is the button
Seat 1: favete lin ($123.74 in chips)
Seat 2: piet735 ($93.22 in chips)
piet735: posts small blind $1
favete lin: posts big blind $3
*** HOLE CARDS ***
piet735: folds
Uncalled bet ($2) returned to favete lin
favete lin collected $2 from pot
*** SUMMARY ***
Total pot $2 | Rake $0
Seat 1: favete lin (big blind) collected ($2)
Seat 2: piet735 (button) (small blind) folded before Flop


PokerStars Hand #144272141739:  Hold'em Limit ($3/$6 USD) - 2015/11/23 13:24:35 ET
Table 'Phegeus II' 2-max Seat #1 is the button
Seat 1: favete lin ($147.74 in chips)
Seat 2: piet735 ($69.72 in chips)
favete lin: posts small blind $1
piet735: posts big blind $3
*** HOLE CARDS ***
favete lin: raises $3 to $6
piet735: calls $3
*** FLOP *** [Kh Ks Ts]
piet735: bets $3
favete lin: raises $3 to $6
piet735: raises $3 to $9
favete lin: raises $3 to $12
Betting is capped
piet735: calls $3
*** TURN *** [Kh Ks Ts] [8c]
piet735: checks
favete lin: bets $6
piet735: calls $6
*** RIVER *** [Kh Ks Ts 8c] [7d]
piet735: checks
favete lin: checks
*** SHOW DOWN ***
piet735: shows [6s Td] (two pair, Kings and Tens)
favete lin: mucks hand
piet735 collected $47.50 from pot
*** SUMMARY ***
Total pot $48 | Rake $0.50
Board [Kh Ks Ts 8c 7d]
Seat 1: favete lin (button) (small blind) mucked
Seat 2: piet735 (big blind) showed [6s Td] and won ($47.50) with two pair, Kings and Tens


PokerStars Hand #144272186172:  Hold'em Limit ($3/$6 USD) - 2015/11/23 13:25:24 ET
Table 'Phegeus II' 2-max Seat #2 is the button
Seat 1: favete lin ($139.24 in chips)
Seat 2: piet735 ($77.22 in chips)
piet735: posts small blind $1
favete lin: posts big blind $3
*** HOLE CARDS ***
piet735: folds
Uncalled bet ($2) returned to favete lin
favete lin collected $2 from pot
*** SUMMARY ***
Total pot $2 | Rake $0
Seat 1: favete lin (big blind) collected ($2)
Seat 2: piet735 (button) (small blind) folded before Flop


PokerStars Hand #144272170936:  Hold'em Limit ($3/$6 USD) - 2015/11/23 13:25:07 ET
Table 'Phegeus II' 2-max Seat #1 is the button
Seat 1: favete lin ($124.74 in chips)
Seat 2: piet735 ($92.22 in chips)
favete lin: posts small blind $1
piet735: posts big blind $3
*** HOLE CARDS ***
favete lin: raises $3 to $6
piet735: calls $3
*** FLOP *** [Js Kc Qd]
piet735: bets $3
favete lin: calls $3
*** TURN *** [Js Kc Qd] [Kh]
piet735: bets $6
favete lin: calls $6
*** RIVER *** [Js Kc Qd Kh] [4c]
piet735: checks
favete lin: bets $6
piet735: folds
Uncalled bet ($6) returned to favete lin
favete lin collected $29.50 from pot
*** SUMMARY ***
Total pot $30 | Rake $0.50
Board [Js Kc Qd Kh 4c]
Seat 1: favete lin (button) (small blind) collected ($29.50)
Seat 2: piet735 (big blind) folded on the River


PokerStars Hand #144272189964:  Hold'em Limit ($3/$6 USD) - 2015/11/23 13:25:29 ET
Table 'Phegeus II' 2-max Seat #1 is the button
Seat 1: favete lin ($140.24 in chips)
Seat 2: piet735 ($76.22 in chips)
favete lin: posts small blind $1
piet735: posts big blind $3
*** HOLE CARDS ***
favete lin: calls $2
piet735: checks
*** FLOP *** [Th 3h 2d]
piet735: checks
favete lin: bets $3
piet735: calls $3
*** TURN *** [Th 3h 2d] [5h]
piet735: checks
favete lin: bets $6
piet735: raises $6 to $12
favete lin: calls $6
*** RIVER *** [Th 3h 2d 5h] [9s]
piet735: bets $6
favete lin: calls $6
*** SHOW DOWN ***
piet735: shows [3c 5c] (two pair, Fives and Threes)
favete lin: mucks hand
piet735 collected $47.50 from pot
*** SUMMARY ***
Total pot $48 | Rake $0.50
Board [Th 3h 2d 5h 9s]
Seat 1: favete lin (button) (small blind) mucked
Seat 2: piet735 (big blind) showed [3c 5c] and won ($47.50) with two pair, Fives and Threes


PokerStars Hand #144272208278:  Hold'em Limit ($3/$6 USD) - 2015/11/23 13:25:49 ET
Table 'Phegeus II' 2-max Seat #2 is the button
Seat 1: favete lin ($116.24 in chips)
Seat 2: piet735 ($99.72 in chips)
piet735: posts small blind $1
favete lin: posts big blind $3
*** HOLE CARDS ***
piet735: folds
Uncalled bet ($2) returned to favete lin
favete lin collected $2 from pot
*** SUMMARY ***
Total pot $2 | Rake $0
Seat 1: favete lin (big blind) collected ($2)
Seat 2: piet735 (button) (small blind) folded before Flop


PokerStars Hand #144272229515:  Hold'em Limit ($3/$6 USD) - 2015/11/23 13:26:12 ET
Table 'Phegeus II' 2-max Seat #2 is the button
Seat 1: favete lin ($137.74 in chips)
Seat 2: piet735 ($77.72 in chips)
piet735: posts small blind $1
favete lin: posts big blind $3
*** HOLE CARDS ***
piet735: folds
Uncalled bet ($2) returned to favete lin
favete lin collected $2 from pot
*** SUMMARY ***
Total pot $2 | Rake $0
Seat 1: favete lin (big blind) collected ($2)
Seat 2: piet735 (button) (small blind) folded before Flop


PokerStars Hand #144272233393:  Hold'em Limit ($3/$6 USD) - 2015/11/23 13:26:17 ET
Table 'Phegeus II' 2-max Seat #1 is the button
Seat 1: favete lin ($138.74 in chips)
Seat 2: piet735 ($76.72 in chips)
favete lin: posts small blind $1
piet735: posts big blind $3
*** HOLE CARDS ***
favete lin: raises $3 to $6
piet735: raises $3 to $9
favete lin: calls $3
*** FLOP *** [Th 5d 8c]
piet735: bets $3
favete lin: calls $3
*** TURN *** [Th 5d 8c] [Kc]
piet735: bets $6
favete lin: calls $6
*** RIVER *** [Th 5d 8c Kc] [As]
piet735: bets $6
favete lin: calls $6
*** SHOW DOWN ***
piet735: shows [Qh Jd] (a straight, Ten to Ace)
favete lin: mucks hand
piet735 collected $47.50 from pot
*** SUMMARY ***
Total pot $48 | Rake $0.50
Board [Th 5d 8c Kc As]
Seat 1: favete lin (button) (small blind) mucked
Seat 2: piet735 (big blind) showed [Qh Jd] and won ($47.50) with a straight, Ten to Ace


PokerStars Hand #144272249717:  Hold'em Limit ($3/$6 USD) - 2015/11/23 13:26:34 ET
Table 'Phegeus II' 2-max Seat #2 is the button
Seat 1: favete lin ($114.74 in chips)
Seat 2: piet735 ($100.22 in chips)
piet735: posts small blind $1
favete lin: posts big blind $3
*** HOLE CARDS ***
piet735: calls $2
favete lin: raises $3 to $6
piet735: calls $3
*** FLOP *** [3h Ah Qd]
favete lin: bets $3
piet735: calls $3
*** TURN *** [3h Ah Qd] [2s]
favete lin: bets $6
piet735: calls $6
*** RIVER *** [3h Ah Qd 2s] [3c]
favete lin: checks
piet735: checks
*** SHOW DOWN ***
favete lin: shows [Tc Th] (two pair, Tens and Threes)
piet735: mucks hand
favete lin collected $29.50 from pot
*** SUMMARY ***
Total pot $30 | Rake $0.50
Board [3h Ah Qd 2s 3c]
Seat 1: favete lin (big blind) showed [Tc Th] and won ($29.50) with two pair, Tens and Threes
Seat 2: piet735 (button) (small blind) mucked


PokerStars Hand #144272274738:  Hold'em Limit ($3/$6 USD) - 2015/11/23 13:27:02 ET
Table 'Phegeus II' 2-max Seat #2 is the button
Seat 1: favete lin ($135 in chips)
Seat 2: piet735 ($79.22 in chips)
piet735: posts small blind $1
favete lin: posts big blind $3
*** HOLE CARDS ***
piet735: folds
Uncalled bet ($2) returned to favete lin
favete lin collected $2 from pot
*** SUMMARY ***
Total pot $2 | Rake $0
Seat 1: favete lin (big blind) collected ($2)
Seat 2: piet735 (button) (small blind) folded before Flop


PokerStars Hand #144272278682:  Hold'em Limit ($3/$6 USD) - 2015/11/23 13:27:07 ET
Table 'Phegeus II' 2-max Seat #1 is the button
Seat 1: favete lin ($136 in chips)
Seat 2: piet735 ($78.22 in chips)
favete lin: posts small blind $1
piet735: posts big blind $3
*** HOLE CARDS ***
favete lin: raises $3 to $6
piet735: calls $3
*** FLOP *** [6c 6d Td]
piet735: checks
favete lin: bets $3
piet735: calls $3
*** TURN *** [6c 6d Td] [2c]
piet735: checks
favete lin: bets $6
piet735: calls $6
*** RIVER *** [6c 6d Td 2c] [5d]
piet735: checks
favete lin: checks
*** SHOW DOWN ***
piet735: shows [8c 4c] (a pair of Sixes)
favete lin: shows [8d Jh] (a pair of Sixes - Jack kicker)
favete lin collected $29.50 from pot
*** SUMMARY ***
Total pot $30 | Rake $0.50
Board [6c 6d Td 2c 5d]
Seat 1: favete lin (button) (small blind) showed [8d Jh] and won ($29.50) with a pair of Sixes
Seat 2: piet735 (big blind) showed [8c 4c] and lost with a pair of Sixes


PokerStars Hand #144272293019:  Hold'em Limit ($3/$6 USD) - 2015/11/23 13:27:22 ET
Table 'Phegeus II' 2-max Seat #2 is the button
Seat 1: favete lin ($150.50 in chips)
Seat 2: piet735 ($63.22 in chips)
piet735: posts small blind $1
favete lin: posts big blind $3
*** HOLE CARDS ***
piet735: raises $3 to $6
favete lin: raises $3 to $9
piet735: calls $3
*** FLOP *** [Kc 5h As]
favete lin: bets $3
piet735: folds
Uncalled bet ($3) returned to favete lin
favete lin collected $17.64 from pot
*** SUMMARY ***
Total pot $18 | Rake $0.36
Board [Kc 5h As]
Seat 1: favete lin (big blind) collected ($17.64)
Seat 2: piet735 (button) (small blind) folded on the Flop


PokerStars Hand #144272302112:  Hold'em Limit ($3/$6 USD) - 2015/11/23 13:27:32 ET
Table 'Phegeus II' 2-max Seat #1 is the button
Seat 1: favete lin ($159.14 in chips)
Seat 2: piet735 ($54.22 in chips)
favete lin: posts small blind $1
piet735: posts big blind $3
*** HOLE CARDS ***
favete lin: calls $2
piet735: raises $3 to $6
favete lin: calls $3
*** FLOP *** [5c 9d Ac]
piet735: bets $3
favete lin: folds
Uncalled bet ($3) returned to piet735
piet735 collected $11.76 from pot
*** SUMMARY ***
Total pot $12 | Rake $0.24
Board [5c 9d Ac]
Seat 1: favete lin (button) (small blind) folded on the Flop
Seat 2: piet735 (big blind) collected ($11.76)


PokerStars Hand #144272309993:  Hold'em Limit ($3/$6 USD) - 2015/11/23 13:27:41 ET
Table 'Phegeus II' 2-max Seat #2 is the button
Seat 1: favete lin ($153.14 in chips)
Seat 2: piet735 ($59.98 in chips)
piet735: posts small blind $1
favete lin: posts big blind $3
*** HOLE CARDS ***
piet735: raises $3 to $6
favete lin: folds
Uncalled bet ($3) returned to piet735
piet735 collected $6 from pot
*** SUMMARY ***
Total pot $6 | Rake $0
Seat 1: favete lin (big blind) folded before Flop
Seat 2: piet735 (button) (small blind) collected ($6)


PokerStars Hand #144272314593:  Hold'em Limit ($3/$6 USD) - 2015/11/23 13:27:46 ET
Table 'Phegeus II' 2-max Seat #1 is the button
Seat 1: favete lin ($150.14 in chips)
Seat 2: piet735 ($62.98 in chips)
favete lin: posts small blind $1
piet735: posts big blind $3
*** HOLE CARDS ***
favete lin: raises $3 to $6
piet735: calls $3
*** FLOP *** [7s 8h Jc]
piet735: checks
favete lin: bets $3
piet735: calls $3
*** TURN *** [7s 8h Jc] [Jh]
piet735: checks
favete lin: checks
*** RIVER *** [7s 8h Jc Jh] [Th]
piet735: bets $6
favete lin: calls $6
*** SHOW DOWN ***
piet735: shows [Tc Qs] (two pair, Jacks and Tens)
favete lin: shows [9s 6d] (a straight, Seven to Jack)
favete lin collected $29.50 from pot
*** SUMMARY ***
Total pot $30 | Rake $0.50
Board [7s 8h Jc Jh Th]
Seat 1: favete lin (button) (small blind) showed [9s 6d] and won ($29.50) with a straight, Seven to Jack
Seat 2: piet735 (big blind) showed [Tc Qs] and lost with two pair, Jacks and Tens


PokerStars Hand #144272328073:  Hold'em Limit ($3/$6 USD) - 2015/11/23 13:28:02 ET
Table 'Phegeus II' 2-max Seat #2 is the button
Seat 1: favete lin ($164.64 in chips)
Seat 2: piet735 ($47.98 in chips)
piet735: posts small blind $1
favete lin: posts big blind $3
*** HOLE CARDS ***
piet735: folds
Uncalled bet ($2) returned to favete lin
favete lin collected $2 from pot
*** SUMMARY ***
Total pot $2 | Rake $0
Seat 1: favete lin (big blind) collected ($2)
Seat 2: piet735 (button) (small blind) folded before Flop


PokerStars Hand #144272342063:  Hold'em Limit ($3/$6 USD) - 2015/11/23 13:28:17 ET
Table 'Phegeus II' 2-max Seat #2 is the button
Seat 1: favete lin ($156.64 in chips)
Seat 2: piet735 ($55.62 in chips)
piet735: posts small blind $1
favete lin: posts big blind $3
*** HOLE CARDS ***
piet735: folds
Uncalled bet ($2) returned to favete lin
favete lin collected $2 from pot
*** SUMMARY ***
Total pot $2 | Rake $0
Seat 1: favete lin (big blind) collected ($2)
Seat 2: piet735 (button) (small blind) folded before Flop


PokerStars Hand #144272332395:  Hold'em Limit ($3/$6 USD) - 2015/11/23 13:28:06 ET
Table 'Phegeus II' 2-max Seat #1 is the button
Seat 1: favete lin ($165.64 in chips)
Seat 2: piet735 ($46.98 in chips)
favete lin: posts small blind $1
piet735: posts big blind $3
*** HOLE CARDS ***
favete lin: raises $3 to $6
piet735: raises $3 to $9
favete lin: calls $3
*** FLOP *** [4c Kc Jd]
piet735: bets $3
favete lin: folds
Uncalled bet ($3) returned to piet735
piet735 collected $17.64 from pot
*** SUMMARY ***
Total pot $18 | Rake $0.36
Board [4c Kc Jd]
Seat 1: favete lin (button) (small blind) folded on the Flop
Seat 2: piet735 (big blind) collected ($17.64)


PokerStars Hand #144272346030:  Hold'em Limit ($3/$6 USD) - 2015/11/23 13:28:21 ET
Table 'Phegeus II' 2-max Seat #1 is the button
Seat 1: favete lin ($157.64 in chips)
Seat 2: piet735 ($54.62 in chips)
favete lin: posts small blind $1
piet735: posts big blind $3
*** HOLE CARDS ***
favete lin: raises $3 to $6
piet735: calls $3
*** FLOP *** [Jd 3c 7d]
piet735: checks
favete lin: bets $3
piet735: folds
Uncalled bet ($3) returned to favete lin
favete lin collected $11.76 from pot
*** SUMMARY ***
Total pot $12 | Rake $0.24
Board [Jd 3c 7d]
Seat 1: favete lin (button) (small blind) collected ($11.76)
Seat 2: piet735 (big blind) folded on the Flop


PokerStars Hand #144272354413:  Hold'em Limit ($3/$6 USD) - 2015/11/23 13:28:31 ET
Table 'Phegeus II' 2-max Seat #2 is the button
Seat 1: favete lin ($163.40 in chips)
Seat 2: piet735 ($48.62 in chips)
piet735: posts small blind $1
favete lin: posts big blind $3
*** HOLE CARDS ***
piet735: folds
Uncalled bet ($2) returned to favete lin
favete lin collected $2 from pot
*** SUMMARY ***
Total pot $2 | Rake $0
Seat 1: favete lin (big blind) collected ($2)
Seat 2: piet735 (button) (small blind) folded before Flop


PokerStars Hand #144272378944:  Hold'em Limit ($3/$6 USD) - 2015/11/23 13:28:58 ET
Table 'Phegeus II' 2-max Seat #2 is the button
Seat 1: favete lin ($143.40 in chips)
Seat 2: piet735 ($68.12 in chips)
piet735: posts small blind $1
favete lin: posts big blind $3
*** HOLE CARDS ***
piet735: folds
Uncalled bet ($2) returned to favete lin
favete lin collected $2 from pot
*** SUMMARY ***
Total pot $2 | Rake $0
Seat 1: favete lin (big blind) collected ($2)
Seat 2: piet735 (button) (small blind) folded before Flop


PokerStars Hand #144272358635:  Hold'em Limit ($3/$6 USD) - 2015/11/23 13:28:35 ET
Table 'Phegeus II' 2-max Seat #1 is the button
Seat 1: favete lin ($164.40 in chips)
Seat 2: piet735 ($47.62 in chips)
favete lin: posts small blind $1
piet735: posts big blind $3
*** HOLE CARDS ***
favete lin: raises $3 to $6
piet735: calls $3
*** FLOP *** [6c 9c Jh]
piet735: checks
favete lin: bets $3
piet735: calls $3
*** TURN *** [6c 9c Jh] [Js]
piet735: checks
favete lin: bets $6
piet735: raises $6 to $12
favete lin: calls $6
*** RIVER *** [6c 9c Jh Js] [Ah]
piet735: checks
favete lin: checks
*** SHOW DOWN ***
piet735: shows [Qh 6h] (two pair, Jacks and Sixes)
favete lin: mucks hand
piet735 collected $41.50 from pot
*** SUMMARY ***
Total pot $42 | Rake $0.50
Board [6c 9c Jh Js Ah]
Seat 1: favete lin (button) (small blind) mucked
Seat 2: piet735 (big blind) showed [Qh 6h] and won ($41.50) with two pair, Jacks and Sixes


PokerStars Hand #144272398426:  Hold'em Limit ($3/$6 USD) - 2015/11/23 13:29:20 ET
Table 'Phegeus II' 2-max Seat #2 is the button
Seat 1: favete lin ($129.40 in chips)
Seat 2: piet735 ($81.62 in chips)
piet735: posts small blind $1
favete lin: posts big blind $3
*** HOLE CARDS ***
piet735: folds
Uncalled bet ($2) returned to favete lin
favete lin collected $2 from pot
*** SUMMARY ***
Total pot $2 | Rake $0
Seat 1: favete lin (big blind) collected ($2)
Seat 2: piet735 (button) (small blind) folded before Flop


PokerStars Hand #144272402553:  Hold'em Limit ($3/$6 USD) - 2015/11/23 13:29:24 ET
Table 'Phegeus II' 2-max Seat #1 is the button
Seat 1: favete lin ($130.40 in chips)
Seat 2: piet735 ($80.62 in chips)
favete lin: posts small blind $1
piet735: posts big blind $3
*** HOLE CARDS ***
favete lin: raises $3 to $6
piet735: calls $3
*** FLOP *** [3d 9c 7h]
piet735: checks
favete lin: bets $3
piet735: calls $3
*** TURN *** [3d 9c 7h] [5c]
piet735: checks
favete lin: checks
*** RIVER *** [3d 9c 7h 5c] [9h]
piet735: bets $6
favete lin: calls $6
*** SHOW DOWN ***
piet735: shows [4d 6s] (a straight, Three to Seven)
favete lin: mucks hand
piet735 collected $29.50 from pot
*** SUMMARY ***
Total pot $30 | Rake $0.50
Board [3d 9c 7h 5c 9h]
Seat 1: favete lin (button) (small blind) mucked
Seat 2: piet735 (big blind) showed [4d 6s] and won ($29.50) with a straight, Three to Seven


PokerStars Hand #144272424852:  Hold'em Limit ($3/$6 USD) - 2015/11/23 13:29:49 ET
Table 'Phegeus II' 2-max Seat #1 is the button
Seat 1: favete lin ($116.40 in chips)
Seat 2: piet735 ($94.12 in chips)
favete lin: posts small blind $1
piet735: posts big blind $3
*** HOLE CARDS ***
favete lin: folds
Uncalled bet ($2) returned to piet735
piet735 collected $2 from pot
*** SUMMARY ***
Total pot $2 | Rake $0
Seat 1: favete lin (button) (small blind) folded before Flop
Seat 2: piet735 (big blind) collected ($2)


PokerStars Hand #144272420435:  Hold'em Limit ($3/$6 USD) - 2015/11/23 13:29:44 ET
Table 'Phegeus II' 2-max Seat #2 is the button
Seat 1: favete lin ($115.40 in chips)
Seat 2: piet735 ($95.12 in chips)
piet735: posts small blind $1
favete lin: posts big blind $3
*** HOLE CARDS ***
piet735: folds
Uncalled bet ($2) returned to favete lin
favete lin collected $2 from pot
*** SUMMARY ***
Total pot $2 | Rake $0
Seat 1: favete lin (big blind) collected ($2)
Seat 2: piet735 (button) (small blind) folded before Flop


PokerStars Hand #144272428682:  Hold'em Limit ($3/$6 USD) - 2015/11/23 13:29:53 ET
Table 'Phegeus II' 2-max Seat #2 is the button
Seat 1: favete lin ($115.40 in chips)
Seat 2: piet735 ($95.12 in chips)
piet735: posts small blind $1
favete lin: posts big blind $3
*** HOLE CARDS ***
piet735: calls $2
favete lin: checks
*** FLOP *** [6h 4d 4h]
favete lin: checks
piet735: checks
*** TURN *** [6h 4d 4h] [2c]
favete lin: checks
piet735: checks
*** RIVER *** [6h 4d 4h 2c] [Ks]
favete lin: checks
piet735: checks
*** SHOW DOWN ***
favete lin: shows [Qh 5s] (a pair of Fours)
piet735: shows [6c Ah] (two pair, Sixes and Fours)
piet735 collected $5.88 from pot
*** SUMMARY ***
Total pot $6 | Rake $0.12
Board [6h 4d 4h 2c Ks]
Seat 1: favete lin (big blind) showed [Qh 5s] and lost with a pair of Fours
Seat 2: piet735 (button) (small blind) showed [6c Ah] and won ($5.88) with two pair, Sixes and Fours


PokerStars Hand #144272441129:  Hold'em Limit ($3/$6 USD) - 2015/11/23 13:30:07 ET
Table 'Phegeus II' 2-max Seat #1 is the button
Seat 1: favete lin ($112.40 in chips)
Seat 2: piet735 ($98 in chips)
favete lin: posts small blind $1
piet735: posts big blind $3
*** HOLE CARDS ***
favete lin: raises $3 to $6
piet735: calls $3
*** FLOP *** [2d 5s 3d]
piet735: checks
favete lin: bets $3
piet735: calls $3
*** TURN *** [2d 5s 3d] [Tc]
piet735: checks
favete lin: bets $6
piet735: calls $6
*** RIVER *** [2d 5s 3d Tc] [5c]
piet735: checks
favete lin: bets $6
piet735: raises $6 to $12
favete lin: calls $6
*** SHOW DOWN ***
piet735: shows [8d 5d] (three of a kind, Fives)
favete lin: mucks hand
piet735 collected $53.50 from pot
*** SUMMARY ***
Total pot $54 | Rake $0.50
Board [2d 5s 3d Tc 5c]
Seat 1: favete lin (button) (small blind) mucked
Seat 2: piet735 (big blind) showed [8d 5d] and won ($53.50) with three of a kind, Fives


PokerStars Hand #144272467673:  Hold'em Limit ($3/$6 USD) - 2015/11/23 13:30:36 ET
Table 'Phegeus II' 2-max Seat #1 is the button
Seat 1: favete lin ($86.40 in chips)
Seat 2: piet735 ($123.50 in chips)
favete lin: posts small blind $1
piet735: posts big blind $3
*** HOLE CARDS ***
favete lin: raises $3 to $6
piet735: folds
Uncalled bet ($3) returned to favete lin
favete lin collected $6 from pot
*** SUMMARY ***
Total pot $6 | Rake $0
Seat 1: favete lin (button) (small blind) collected ($6)
Seat 2: piet735 (big blind) folded before Flop


PokerStars Hand #144272463366:  Hold'em Limit ($3/$6 USD) - 2015/11/23 13:30:31 ET
Table 'Phegeus II' 2-max Seat #2 is the button
Seat 1: favete lin ($85.40 in chips)
Seat 2: piet735 ($124.50 in chips)
piet735: posts small blind $1
favete lin: posts big blind $3
*** HOLE CARDS ***
piet735: folds
Uncalled bet ($2) returned to favete lin
favete lin collected $2 from pot
*** SUMMARY ***
Total pot $2 | Rake $0
Seat 1: favete lin (big blind) collected ($2)
Seat 2: piet735 (button) (small blind) folded before Flop


PokerStars Hand #144272472675:  Hold'em Limit ($3/$6 USD) - 2015/11/23 13:30:42 ET
Table 'Phegeus II' 2-max Seat #2 is the button
Seat 1: favete lin ($89.40 in chips)
Seat 2: piet735 ($120.50 in chips)
piet735: posts small blind $1
favete lin: posts big blind $3
*** HOLE CARDS ***
piet735: folds
Uncalled bet ($2) returned to favete lin
favete lin collected $2 from pot
*** SUMMARY ***
Total pot $2 | Rake $0
Seat 1: favete lin (big blind) collected ($2)
Seat 2: piet735 (button) (small blind) folded before Flop


PokerStars Hand #144272476727:  Hold'em Limit ($3/$6 USD) - 2015/11/23 13:30:46 ET
Table 'Phegeus II' 2-max Seat #1 is the button
Seat 1: favete lin ($90.40 in chips)
Seat 2: piet735 ($119.50 in chips)
favete lin: posts small blind $1
piet735: posts big blind $3
*** HOLE CARDS ***
favete lin: raises $3 to $6
piet735: calls $3
*** FLOP *** [9h 3d As]
piet735: checks
favete lin: bets $3
piet735: calls $3
*** TURN *** [9h 3d As] [Ad]
piet735: checks
favete lin: checks
*** RIVER *** [9h 3d As Ad] [7c]
piet735: checks
favete lin: checks
*** SHOW DOWN ***
piet735: shows [Ts Ks] (a pair of Aces)
favete lin: mucks hand
piet735 collected $17.64 from pot
*** SUMMARY ***
Total pot $18 | Rake $0.36
Board [9h 3d As Ad 7c]
Seat 1: favete lin (button) (small blind) mucked
Seat 2: piet735 (big blind) showed [Ts Ks] and won ($17.64) with a pair of Aces


PokerStars Hand #144272503515:  Hold'em Limit ($3/$6 USD) - 2015/11/23 13:31:16 ET
Table 'Phegeus II' 2-max Seat #1 is the button
Seat 1: favete lin ($87.16 in chips)
Seat 2: piet735 ($122.14 in chips)
favete lin: posts small blind $1
piet735: posts big blind $3
*** HOLE CARDS ***
favete lin: folds
Uncalled bet ($2) returned to piet735
piet735 collected $2 from pot
*** SUMMARY ***
Total pot $2 | Rake $0
Seat 1: favete lin (button) (small blind) folded before Flop
Seat 2: piet735 (big blind) collected ($2)


PokerStars Hand #144272493581:  Hold'em Limit ($3/$6 USD) - 2015/11/23 13:31:05 ET
Table 'Phegeus II' 2-max Seat #2 is the button
Seat 1: favete lin ($81.40 in chips)
Seat 2: piet735 ($128.14 in chips)
piet735: posts small blind $1
favete lin: posts big blind $3
*** HOLE CARDS ***
piet735: raises $3 to $6
favete lin: calls $3
*** FLOP *** [Qd 5c 4h]
favete lin: checks
piet735: checks
*** TURN *** [Qd 5c 4h] [Th]
favete lin: bets $6
piet735: folds
Uncalled bet ($6) returned to favete lin
favete lin collected $11.76 from pot
*** SUMMARY ***
Total pot $12 | Rake $0.24
Board [Qd 5c 4h Th]
Seat 1: favete lin (big blind) collected ($11.76)
Seat 2: piet735 (button) (small blind) folded on the Turn


PokerStars Hand #144272507305:  Hold'em Limit ($3/$6 USD) - 2015/11/23 13:31:20 ET
Table 'Phegeus II' 2-max Seat #2 is the button
Seat 1: favete lin ($86.16 in chips)
Seat 2: piet735 ($123.14 in chips)
piet735: posts small blind $1
favete lin: posts big blind $3
*** HOLE CARDS ***
piet735: calls $2
favete lin: raises $3 to $6
piet735: calls $3
*** FLOP *** [Ad Js 4d]
favete lin: bets $3
piet735: raises $3 to $6
favete lin: raises $3 to $9
piet735: calls $3
*** TURN *** [Ad Js 4d] [5c]
favete lin: bets $6
piet735: calls $6
*** RIVER *** [Ad Js 4d 5c] [Ac]
favete lin: checks
piet735: checks
*** SHOW DOWN ***
favete lin: shows [7s 7h] (two pair, Aces and Sevens)
piet735: mucks hand
favete lin collected $41.50 from pot
*** SUMMARY ***
Total pot $42 | Rake $0.50
Board [Ad Js 4d 5c Ac]
Seat 1: favete lin (big blind) showed [7s 7h] and won ($41.50) with two pair, Aces and Sevens
Seat 2: piet735 (button) (small blind) mucked


PokerStars Hand #144272524860:  Hold'em Limit ($3/$6 USD) - 2015/11/23 13:31:39 ET
Table 'Phegeus II' 2-max Seat #1 is the button
Seat 1: favete lin ($106.66 in chips)
Seat 2: piet735 ($102.14 in chips)
favete lin: posts small blind $1
piet735: posts big blind $3
*** HOLE CARDS ***
favete lin: raises $3 to $6
piet735: calls $3
*** FLOP *** [9c 6h 2c]
piet735: checks
favete lin: bets $3
piet735: calls $3
*** TURN *** [9c 6h 2c] [Ac]
piet735: checks
favete lin: bets $6
piet735: calls $6
*** RIVER *** [9c 6h 2c Ac] [5d]
piet735: checks
favete lin: bets $6
piet735: calls $6
*** SHOW DOWN ***
favete lin: shows [7h 8s] (a straight, Five to Nine)
piet735: mucks hand
favete lin collected $41.50 from pot
*** SUMMARY ***
Total pot $42 | Rake $0.50
Board [9c 6h 2c Ac 5d]
Seat 1: favete lin (button) (small blind) showed [7h 8s] and won ($41.50) with a straight, Five to Nine
Seat 2: piet735 (big blind) mucked


PokerStars Hand #144272571371:  Hold'em Limit ($3/$6 USD) - 2015/11/23 13:32:30 ET
Table 'Phegeus II' 2-max Seat #2 is the button
Seat 1: favete lin ($97.16 in chips)
Seat 2: piet735 ($110.28 in chips)
piet735: posts small blind $1
favete lin: posts big blind $3
*** HOLE CARDS ***
piet735: folds
Uncalled bet ($2) returned to favete lin
favete lin collected $2 from pot
*** SUMMARY ***
Total pot $2 | Rake $0
Seat 1: favete lin (big blind) collected ($2)
Seat 2: piet735 (button) (small blind) folded before Flop


PokerStars Hand #144272557794:  Hold'em Limit ($3/$6 USD) - 2015/11/23 13:32:15 ET
Table 'Phegeus II' 2-max Seat #1 is the button
Seat 1: favete lin ($106.16 in chips)
Seat 2: piet735 ($101.64 in chips)
favete lin: posts small blind $1
piet735: posts big blind $3
*** HOLE CARDS ***
favete lin: raises $3 to $6
piet735: calls $3
*** FLOP *** [Ah Qd Ad]
piet735: bets $3
favete lin: calls $3
*** TURN *** [Ah Qd Ad] [6h]
piet735: bets $6
favete lin: folds
Uncalled bet ($6) returned to piet735
piet735 collected $17.64 from pot
*** SUMMARY ***
Total pot $18 | Rake $0.36
Board [Ah Qd Ad 6h]
Seat 1: favete lin (button) (small blind) folded on the Turn
Seat 2: piet735 (big blind) collected ($17.64)


PokerStars Hand #144272575709:  Hold'em Limit ($3/$6 USD) - 2015/11/23 13:32:34 ET
Table 'Phegeus II' 2-max Seat #1 is the button
Seat 1: favete lin ($98.16 in chips)
Seat 2: piet735 ($109.28 in chips)
favete lin: posts small blind $1
piet735: posts big blind $3
*** HOLE CARDS ***
favete lin: raises $3 to $6
piet735: folds
Uncalled bet ($3) returned to favete lin
favete lin collected $6 from pot
*** SUMMARY ***
Total pot $6 | Rake $0
Seat 1: favete lin (button) (small blind) collected ($6)
Seat 2: piet735 (big blind) folded before Flop


PokerStars Hand #144272580649:  Hold'em Limit ($3/$6 USD) - 2015/11/23 13:32:40 ET
Table 'Phegeus II' 2-max Seat #2 is the button
Seat 1: favete lin ($101.16 in chips)
Seat 2: piet735 ($106.28 in chips)
piet735: posts small blind $1
favete lin: posts big blind $3
*** HOLE CARDS ***
piet735: raises $3 to $6
favete lin: calls $3
*** FLOP *** [5s Ad 6c]
favete lin: checks
piet735: bets $3
favete lin: calls $3
*** TURN *** [5s Ad 6c] [5c]
favete lin: checks
piet735: checks
*** RIVER *** [5s Ad 6c 5c] [Th]
favete lin: bets $6
piet735: calls $6
*** SHOW DOWN ***
favete lin: shows [6h 3c] (two pair, Sixes and Fives)
piet735: shows [Jd Tc] (two pair, Tens and Fives)
piet735 collected $29.50 from pot
*** SUMMARY ***
Total pot $30 | Rake $0.50
Board [5s Ad 6c 5c Th]
Seat 1: favete lin (big blind) showed [6h 3c] and lost with two pair, Sixes and Fives
Seat 2: piet735 (button) (small blind) showed [Jd Tc] and won ($29.50) with two pair, Tens and Fives


PokerStars Hand #144272602208:  Hold'em Limit ($3/$6 USD) - 2015/11/23 13:33:03 ET
Table 'Phegeus II' 2-max Seat #2 is the button
Seat 1: favete lin ($89.16 in chips)
Seat 2: piet735 ($117.78 in chips)
piet735: posts small blind $1
favete lin: posts big blind $3
*** HOLE CARDS ***
piet735: calls $2
favete lin: raises $3 to $6
piet735: calls $3
*** FLOP *** [Qs 2d 3s]
favete lin: bets $3
piet735: raises $3 to $6
favete lin: calls $3
*** TURN *** [Qs 2d 3s] [8d]
favete lin: checks
piet735: bets $6
favete lin: calls $6
*** RIVER *** [Qs 2d 3s 8d] [8c]
favete lin: checks
piet735: bets $6
favete lin: calls $6
*** SHOW DOWN ***
piet735: shows [Qc 7d] (two pair, Queens and Eights)
favete lin: mucks hand
piet735 collected $47.50 from pot
*** SUMMARY ***
Total pot $48 | Rake $0.50
Board [Qs 2d 3s 8d 8c]
Seat 1: favete lin (big blind) mucked
Seat 2: piet735 (button) (small blind) showed [Qc 7d] and won ($47.50) with two pair, Queens and Eights


PokerStars Hand #144272620807:  Hold'em Limit ($3/$6 USD) - 2015/11/23 13:33:24 ET
Table 'Phegeus II' 2-max Seat #1 is the button
Seat 1: favete lin ($65.16 in chips)
Seat 2: piet735 ($141.28 in chips)
favete lin: posts small blind $1
piet735: posts big blind $3
*** HOLE CARDS ***
favete lin: raises $3 to $6
piet735: calls $3
*** FLOP *** [7h Kh 5h]
piet735: checks
favete lin: bets $3
piet735: calls $3
*** TURN *** [7h Kh 5h] [9s]
piet735: checks
favete lin: bets $6
piet735: folds
Uncalled bet ($6) returned to favete lin
favete lin collected $17.64 from pot
*** SUMMARY ***
Total pot $18 | Rake $0.36
Board [7h Kh 5h 9s]
Seat 1: favete lin (button) (small blind) collected ($17.64)
Seat 2: piet735 (big blind) folded on the Turn


PokerStars Hand #144272632334:  Hold'em Limit ($3/$6 USD) - 2015/11/23 13:33:36 ET
Table 'Phegeus II' 2-max Seat #2 is the button
Seat 1: favete lin ($73.80 in chips)
Seat 2: piet735 ($132.28 in chips)
piet735: posts small blind $1
favete lin: posts big blind $3
*** HOLE CARDS ***
piet735: raises $3 to $6
favete lin: calls $3
*** FLOP *** [3s Qc 4c]
favete lin: checks
piet735: checks
*** TURN *** [3s Qc 4c] [Ks]
favete lin: checks
piet735: bets $6
favete lin: calls $6
*** RIVER *** [3s Qc 4c Ks] [2s]
favete lin: checks
piet735: bets $6
favete lin: calls $6
*** SHOW DOWN ***
piet735: shows [Kh Ah] (a pair of Kings)
favete lin: mucks hand
piet735 collected $35.50 from pot
*** SUMMARY ***
Total pot $36 | Rake $0.50
Board [3s Qc 4c Ks 2s]
Seat 1: favete lin (big blind) mucked
Seat 2: piet735 (button) (small blind) showed [Kh Ah] and won ($35.50) with a pair of Kings


PokerStars Hand #144272647678:  Hold'em Limit ($3/$6 USD) - 2015/11/23 13:33:53 ET
Table 'Phegeus II' 2-max Seat #1 is the button
Seat 1: favete lin ($55.80 in chips)
Seat 2: piet735 ($149.78 in chips)
favete lin: posts small blind $1
piet735: posts big blind $3
*** HOLE CARDS ***
favete lin: raises $3 to $6
piet735: calls $3
*** FLOP *** [4s Tc Ks]
piet735: checks
favete lin: bets $3
piet735: calls $3
*** TURN *** [4s Tc Ks] [3h]
piet735: checks
favete lin: bets $6
piet735: calls $6
*** RIVER *** [4s Tc Ks 3h] [2h]
piet735: checks
favete lin: bets $6
piet735: folds
Uncalled bet ($6) returned to favete lin
favete lin collected $29.50 from pot
*** SUMMARY ***
Total pot $30 | Rake $0.50
Board [4s Tc Ks 3h 2h]
Seat 1: favete lin (button) (small blind) collected ($29.50)
Seat 2: piet735 (big blind) folded on the River


PokerStars Hand #144272663235:  Hold'em Limit ($3/$6 USD) - 2015/11/23 13:34:09 ET
Table 'Phegeus II' 2-max Seat #2 is the button
Seat 1: favete lin ($70.30 in chips)
Seat 2: piet735 ($134.78 in chips)
piet735: posts small blind $1
favete lin: posts big blind $3
*** HOLE CARDS ***
piet735: calls $2
favete lin: checks
*** FLOP *** [8h 6s Kc]
favete lin: checks
piet735: checks
*** TURN *** [8h 6s Kc] [5h]
favete lin: checks
piet735: checks
*** RIVER *** [8h 6s Kc 5h] [8d]
favete lin: checks
piet735: checks
*** SHOW DOWN ***
favete lin: shows [9d 3d] (a pair of Eights)
piet735: shows [7s Ad] (a pair of Eights - Ace kicker)
piet735 collected $5.88 from pot
*** SUMMARY ***
Total pot $6 | Rake $0.12
Board [8h 6s Kc 5h 8d]
Seat 1: favete lin (big blind) showed [9d 3d] and lost with a pair of Eights
Seat 2: piet735 (button) (small blind) showed [7s Ad] and won ($5.88) with a pair of Eights


PokerStars Hand #144272675208:  Hold'em Limit ($3/$6 USD) - 2015/11/23 13:34:22 ET
Table 'Phegeus II' 2-max Seat #1 is the button
Seat 1: favete lin ($67.30 in chips)
Seat 2: piet735 ($137.66 in chips)
favete lin: posts small blind $1
piet735: posts big blind $3
*** HOLE CARDS ***
favete lin: raises $3 to $6
piet735: calls $3
*** FLOP *** [4h Qc 5d]
piet735: checks
favete lin: bets $3
piet735: calls $3
*** TURN *** [4h Qc 5d] [Kc]
piet735: checks
favete lin: bets $6
piet735: folds
Uncalled bet ($6) returned to favete lin
favete lin collected $17.64 from pot
*** SUMMARY ***
Total pot $18 | Rake $0.36
Board [4h Qc 5d Kc]
Seat 1: favete lin (button) (small blind) collected ($17.64)
Seat 2: piet735 (big blind) folded on the Turn


PokerStars Hand #144272691482:  Hold'em Limit ($3/$6 USD) - 2015/11/23 13:34:40 ET
Table 'Phegeus II' 2-max Seat #1 is the button
Seat 1: favete lin ($76.94 in chips)
Seat 2: piet735 ($127.66 in chips)
favete lin: posts small blind $1
piet735: posts big blind $3
*** HOLE CARDS ***
favete lin: raises $3 to $6
piet735: folds
Uncalled bet ($3) returned to favete lin
favete lin collected $6 from pot
*** SUMMARY ***
Total pot $6 | Rake $0
Seat 1: favete lin (button) (small blind) collected ($6)
Seat 2: piet735 (big blind) folded before Flop


PokerStars Hand #144272687267:  Hold'em Limit ($3/$6 USD) - 2015/11/23 13:34:35 ET
Table 'Phegeus II' 2-max Seat #2 is the button
Seat 1: favete lin ($75.94 in chips)
Seat 2: piet735 ($128.66 in chips)
piet735: posts small blind $1
favete lin: posts big blind $3
*** HOLE CARDS ***
piet735: folds
Uncalled bet ($2) returned to favete lin
favete lin collected $2 from pot
*** SUMMARY ***
Total pot $2 | Rake $0
Seat 1: favete lin (big blind) collected ($2)
Seat 2: piet735 (button) (small blind) folded before Flop


PokerStars Hand #144272700251:  Hold'em Limit ($3/$6 USD) - 2015/11/23 13:34:50 ET
Table 'Phegeus II' 2-max Seat #1 is the button
Seat 1: favete lin ($80.94 in chips)
Seat 2: piet735 ($123.66 in chips)
favete lin: posts small blind $1
piet735: posts big blind $3
*** HOLE CARDS ***
favete lin: folds
Uncalled bet ($2) returned to piet735
piet735 collected $2 from pot
*** SUMMARY ***
Total pot $2 | Rake $0
Seat 1: favete lin (button) (small blind) folded before Flop
Seat 2: piet735 (big blind) collected ($2)


PokerStars Hand #144272696220:  Hold'em Limit ($3/$6 USD) - 2015/11/23 13:34:45 ET
Table 'Phegeus II' 2-max Seat #2 is the button
Seat 1: favete lin ($79.94 in chips)
Seat 2: piet735 ($124.66 in chips)
piet735: posts small blind $1
favete lin: posts big blind $3
*** HOLE CARDS ***
piet735: folds
Uncalled bet ($2) returned to favete lin
favete lin collected $2 from pot
*** SUMMARY ***
Total pot $2 | Rake $0
Seat 1: favete lin (big blind) collected ($2)
Seat 2: piet735 (button) (small blind) folded before Flop


PokerStars Hand #144272704818:  Hold'em Limit ($3/$6 USD) - 2015/11/23 13:34:54 ET
Table 'Phegeus II' 2-max Seat #2 is the button
Seat 1: favete lin ($79.94 in chips)
Seat 2: piet735 ($124.66 in chips)
piet735: posts small blind $1
favete lin: posts big blind $3
*** HOLE CARDS ***
piet735: folds
Uncalled bet ($2) returned to favete lin
favete lin collected $2 from pot
*** SUMMARY ***
Total pot $2 | Rake $0
Seat 1: favete lin (big blind) collected ($2)
Seat 2: piet735 (button) (small blind) folded before Flop


PokerStars Hand #144272708827:  Hold'em Limit ($3/$6 USD) - 2015/11/23 13:34:59 ET
Table 'Phegeus II' 2-max Seat #1 is the button
Seat 1: favete lin ($80.94 in chips)
Seat 2: piet735 ($123.66 in chips)
favete lin: posts small blind $1
piet735: posts big blind $3
*** HOLE CARDS ***
favete lin: raises $3 to $6
piet735: calls $3
*** FLOP *** [7c 5d Ks]
piet735: checks
favete lin: bets $3
piet735: calls $3
*** TURN *** [7c 5d Ks] [6c]
piet735: checks
favete lin: checks
*** RIVER *** [7c 5d Ks 6c] [Qs]
piet735: bets $6
favete lin: calls $6
*** SHOW DOWN ***
piet735: shows [4h 8d] (a straight, Four to Eight)
favete lin: mucks hand
piet735 collected $29.50 from pot
*** SUMMARY ***
Total pot $30 | Rake $0.50
Board [7c 5d Ks 6c Qs]
Seat 1: favete lin (button) (small blind) mucked
Seat 2: piet735 (big blind) showed [4h 8d] and won ($29.50) with a straight, Four to Eight


PokerStars Hand #144272724629:  Hold'em Limit ($3/$6 USD) - 2015/11/23 13:35:16 ET
Table 'Phegeus II' 2-max Seat #2 is the button
Seat 1: favete lin ($65.94 in chips)
Seat 2: piet735 ($138.16 in chips)
piet735: posts small blind $1
favete lin: posts big blind $3
*** HOLE CARDS ***
piet735: folds
Uncalled bet ($2) returned to favete lin
favete lin collected $2 from pot
*** SUMMARY ***
Total pot $2 | Rake $0
Seat 1: favete lin (big blind) collected ($2)
Seat 2: piet735 (button) (small blind) folded before Flop


PokerStars Hand #144272746291:  Hold'em Limit ($3/$6 USD) - 2015/11/23 13:35:39 ET
Table 'Phegeus II' 2-max Seat #2 is the button
Seat 1: favete lin ($51.94 in chips)
Seat 2: piet735 ($151.66 in chips)
piet735: posts small blind $1
favete lin: posts big blind $3
*** HOLE CARDS ***
piet735: folds
Uncalled bet ($2) returned to favete lin
favete lin collected $2 from pot
*** SUMMARY ***
Total pot $2 | Rake $0
Seat 1: favete lin (big blind) collected ($2)
Seat 2: piet735 (button) (small blind) folded before Flop


PokerStars Hand #144272728853:  Hold'em Limit ($3/$6 USD) - 2015/11/23 13:35:20 ET
Table 'Phegeus II' 2-max Seat #1 is the button
Seat 1: favete lin ($66.94 in chips)
Seat 2: piet735 ($137.16 in chips)
favete lin: posts small blind $1
piet735: posts big blind $3
*** HOLE CARDS ***
favete lin: raises $3 to $6
piet735: calls $3
*** FLOP *** [Kc 7s 6h]
piet735: checks
favete lin: bets $3
piet735: calls $3
*** TURN *** [Kc 7s 6h] [Kh]
piet735: checks
favete lin: bets $6
piet735: calls $6
*** RIVER *** [Kc 7s 6h Kh] [Ad]
piet735: checks
favete lin: checks
*** SHOW DOWN ***
piet735: shows [3c Ah] (two pair, Aces and Kings)
favete lin: mucks hand
piet735 collected $29.50 from pot
*** SUMMARY ***
Total pot $30 | Rake $0.50
Board [Kc 7s 6h Kh Ad]
Seat 1: favete lin (button) (small blind) mucked
Seat 2: piet735 (big blind) showed [3c Ah] and won ($29.50) with two pair, Aces and Kings


PokerStars Hand #144272750366:  Hold'em Limit ($3/$6 USD) - 2015/11/23 13:35:44 ET
Table 'Phegeus II' 2-max Seat #1 is the button
Seat 1: favete lin ($52.94 in chips)
Seat 2: piet735 ($150.66 in chips)
favete lin: posts small blind $1
piet735: posts big blind $3
*** HOLE CARDS ***
favete lin: raises $3 to $6
piet735: calls $3
*** FLOP *** [4d 6s 8s]
piet735: checks
favete lin: checks
*** TURN *** [4d 6s 8s] [2h]
piet735: checks
favete lin: checks
*** RIVER *** [4d 6s 8s 2h] [Tc]
piet735: checks
favete lin: checks
*** SHOW DOWN ***
piet735: shows [Kc Ad] (high card Ace)
favete lin: mucks hand
piet735 collected $11.76 from pot
*** SUMMARY ***
Total pot $12 | Rake $0.24
Board [4d 6s 8s 2h Tc]
Seat 1: favete lin (button) (small blind) mucked
Seat 2: piet735 (big blind) showed [Kc Ad] and won ($11.76) with high card Ace


PokerStars Hand #144272783998:  Hold'em Limit ($3/$6 USD) - 2015/11/23 13:36:20 ET
Table 'Phegeus II' 2-max Seat #1 is the button
Seat 1: favete lin ($91.94 in chips)
Seat 2: piet735 ($170.92 in chips)
favete lin: posts small blind $1
piet735: posts big blind $3
*** HOLE CARDS ***
favete lin: raises $3 to $6
piet735: folds
Uncalled bet ($3) returned to favete lin
favete lin collected $6 from pot
*** SUMMARY ***
Total pot $6 | Rake $0
Seat 1: favete lin (button) (small blind) collected ($6)
Seat 2: piet735 (big blind) folded before Flop


PokerStars Hand #144272763839:  Hold'em Limit ($3/$6 USD) - 2015/11/23 13:35:58 ET
Table 'Phegeus II' 2-max Seat #2 is the button
Seat 1: favete lin ($46.94 in chips)
Seat 2: piet735 ($156.42 in chips)
piet735: posts small blind $1
favete lin: posts big blind $3
*** HOLE CARDS ***
piet735: calls $2
favete lin: checks
*** FLOP *** [Th 5h Ts]
favete lin: bets $3
piet735: raises $3 to $6
favete lin: calls $3
*** TURN *** [Th 5h Ts] [3d]
favete lin: checks
piet735: bets $6
favete lin: calls $6
*** RIVER *** [Th 5h Ts 3d] [4s]
favete lin: checks
piet735: bets $6
favete lin: folds
Uncalled bet ($6) returned to piet735
piet735 collected $29.50 from pot
*** SUMMARY ***
Total pot $30 | Rake $0.50
Board [Th 5h Ts 3d 4s]
Seat 1: favete lin (big blind) folded on the River
Seat 2: piet735 (button) (small blind) collected ($29.50)


PokerStars Hand #144272788466:  Hold'em Limit ($3/$6 USD) - 2015/11/23 13:36:25 ET
Table 'Phegeus II' 2-max Seat #2 is the button
Seat 1: favete lin ($94.94 in chips)
Seat 2: piet735 ($167.92 in chips)
piet735: posts small blind $1
favete lin: posts big blind $3
*** HOLE CARDS ***
piet735: folds
Uncalled bet ($2) returned to favete lin
favete lin collected $2 from pot
*** SUMMARY ***
Total pot $2 | Rake $0
Seat 1: favete lin (big blind) collected ($2)
Seat 2: piet735 (button) (small blind) folded before Flop


PokerStars Hand #144272792340:  Hold'em Limit ($3/$6 USD) - 2015/11/23 13:36:29 ET
Table 'Phegeus II' 2-max Seat #1 is the button
Seat 1: favete lin ($95.94 in chips)
Seat 2: piet735 ($166.92 in chips)
favete lin: posts small blind $1
piet735: posts big blind $3
*** HOLE CARDS ***
favete lin: raises $3 to $6
piet735: calls $3
*** FLOP *** [Qd 9h 8c]
piet735: checks
favete lin: bets $3
piet735: folds
Uncalled bet ($3) returned to favete lin
favete lin collected $11.76 from pot
*** SUMMARY ***
Total pot $12 | Rake $0.24
Board [Qd 9h 8c]
Seat 1: favete lin (button) (small blind) collected ($11.76)
Seat 2: piet735 (big blind) folded on the Flop


PokerStars Hand #144272830493:  Hold'em Limit ($3/$6 USD) - 2015/11/23 13:37:10 ET
Table 'Phegeus II' 2-max Seat #2 is the button
Seat 1: favete lin ($130.70 in chips)
Seat 2: piet735 ($130.92 in chips)
piet735: posts small blind $1
favete lin: posts big blind $3
*** HOLE CARDS ***
piet735: calls $2
favete lin: checks
*** FLOP *** [2s Ad 4c]
favete lin: checks
piet735: checks
*** TURN *** [2s Ad 4c] [5s]
favete lin: checks
piet735: checks
*** RIVER *** [2s Ad 4c 5s] [6h]
favete lin: checks
piet735: checks
*** SHOW DOWN ***
favete lin: shows [Qc 9s] (high card Ace)
piet735: shows [8c Ks] (high card Ace - King kicker)
piet735 collected $5.88 from pot
*** SUMMARY ***
Total pot $6 | Rake $0.12
Board [2s Ad 4c 5s 6h]
Seat 1: favete lin (big blind) showed [Qc 9s] and lost with high card Ace
Seat 2: piet735 (button) (small blind) showed [8c Ks] and won ($5.88) with high card Ace


PokerStars Hand #144272855130:  Hold'em Limit ($3/$6 USD) - 2015/11/23 13:37:37 ET
Table 'Phegeus II' 2-max Seat #1 is the button
Seat 1: favete lin ($127.70 in chips)
Seat 2: piet735 ($133.80 in chips)
favete lin: posts small blind $1
piet735: posts big blind $3
*** HOLE CARDS ***
favete lin: raises $3 to $6
piet735: calls $3
*** FLOP *** [4d Ks 7h]
piet735: checks
favete lin: bets $3
piet735: calls $3
*** TURN *** [4d Ks 7h] [Ad]
piet735: checks
favete lin: bets $6
piet735: folds
Uncalled bet ($6) returned to favete lin
favete lin collected $17.64 from pot
*** SUMMARY ***
Total pot $18 | Rake $0.36
Board [4d Ks 7h Ad]
Seat 1: favete lin (button) (small blind) collected ($17.64)
Seat 2: piet735 (big blind) folded on the Turn


PokerStars Hand #144272868946:  Hold'em Limit ($3/$6 USD) - 2015/11/23 13:37:52 ET
Table 'Phegeus II' 2-max Seat #2 is the button
Seat 1: favete lin ($136.34 in chips)
Seat 2: piet735 ($124.80 in chips)
piet735: posts small blind $1
favete lin: posts big blind $3
*** HOLE CARDS ***
piet735: calls $2
favete lin: raises $3 to $6
piet735: calls $3
*** FLOP *** [9d 4d 9h]
favete lin: bets $3
piet735: calls $3
*** TURN *** [9d 4d 9h] [2s]
favete lin: bets $6
piet735: folds
Uncalled bet ($6) returned to favete lin
favete lin collected $17.64 from pot
*** SUMMARY ***
Total pot $18 | Rake $0.36
Board [9d 4d 9h 2s]
Seat 1: favete lin (big blind) collected ($17.64)
Seat 2: piet735 (button) (small blind) folded on the Turn


PokerStars Hand #144272881207:  Hold'em Limit ($3/$6 USD) - 2015/11/23 13:38:05 ET
Table 'Phegeus II' 2-max Seat #1 is the button
Seat 1: favete lin ($144.98 in chips)
Seat 2: piet735 ($115.80 in chips)
favete lin: posts small blind $1
piet735: posts big blind $3
*** HOLE CARDS ***
favete lin: raises $3 to $6
piet735: calls $3
*** FLOP *** [5s 5h 8c]
piet735: checks
favete lin: bets $3
piet735: calls $3
*** TURN *** [5s 5h 8c] [2s]
piet735: checks
favete lin: checks
*** RIVER *** [5s 5h 8c 2s] [Td]
piet735: bets $6
favete lin: calls $6
*** SHOW DOWN ***
piet735: shows [Jd 5d] (three of a kind, Fives)
favete lin: mucks hand
piet735 collected $29.50 from pot
*** SUMMARY ***
Total pot $30 | Rake $0.50
Board [5s 5h 8c 2s Td]
Seat 1: favete lin (button) (small blind) mucked
Seat 2: piet735 (big blind) showed [Jd 5d] and won ($29.50) with three of a kind, Fives


PokerStars Hand #144272896414:  Hold'em Limit ($3/$6 USD) - 2015/11/23 13:38:22 ET
Table 'Phegeus II' 2-max Seat #2 is the button
Seat 1: favete lin ($129.98 in chips)
Seat 2: piet735 ($130.30 in chips)
piet735: posts small blind $1
favete lin: posts big blind $3
*** HOLE CARDS ***
piet735: calls $2
favete lin: checks
*** FLOP *** [As Kd Ah]
favete lin: checks
piet735: checks
*** TURN *** [As Kd Ah] [Kc]
favete lin: checks
piet735: checks
*** RIVER *** [As Kd Ah Kc] [Qc]
favete lin: checks
piet735: checks
*** SHOW DOWN ***
favete lin: shows [4s 8d] (two pair, Aces and Kings)
piet735: shows [2c 4c] (two pair, Aces and Kings)
favete lin collected $2.94 from pot
piet735 collected $2.94 from pot
*** SUMMARY ***
Total pot $6 | Rake $0.12
Board [As Kd Ah Kc Qc]
Seat 1: favete lin (big blind) showed [4s 8d] and won ($2.94) with two pair, Aces and Kings
Seat 2: piet735 (button) (small blind) showed [2c 4c] and won ($2.94) with two pair, Aces and Kings


PokerStars Hand #144272921301:  Hold'em Limit ($3/$6 USD) - 2015/11/23 13:38:48 ET
Table 'Phegeus II' 2-max Seat #1 is the button
Seat 1: favete lin ($136.68 in chips)
Seat 2: piet735 ($123.24 in chips)
favete lin: posts small blind $1
piet735: posts big blind $3
*** HOLE CARDS ***
favete lin: raises $3 to $6
piet735: calls $3
*** FLOP *** [6h 5d 7s]
piet735: checks
favete lin: bets $3
piet735: calls $3
*** TURN *** [6h 5d 7s] [6d]
piet735: checks
favete lin: checks
*** RIVER *** [6h 5d 7s 6d] [Qs]
piet735: checks
favete lin: bets $6
piet735: folds
Uncalled bet ($6) returned to favete lin
favete lin collected $17.64 from pot
*** SUMMARY ***
Total pot $18 | Rake $0.36
Board [6h 5d 7s 6d Qs]
Seat 1: favete lin (button) (small blind) collected ($17.64)
Seat 2: piet735 (big blind) folded on the River


PokerStars Hand #144272917064:  Hold'em Limit ($3/$6 USD) - 2015/11/23 13:38:44 ET
Table 'Phegeus II' 2-max Seat #2 is the button
Seat 1: favete lin ($135.68 in chips)
Seat 2: piet735 ($124.24 in chips)
piet735: posts small blind $1
favete lin: posts big blind $3
*** HOLE CARDS ***
piet735: folds
Uncalled bet ($2) returned to favete lin
favete lin collected $2 from pot
*** SUMMARY ***
Total pot $2 | Rake $0
Seat 1: favete lin (big blind) collected ($2)
Seat 2: piet735 (button) (small blind) folded before Flop


PokerStars Hand #144272908233:  Hold'em Limit ($3/$6 USD) - 2015/11/23 13:38:34 ET
Table 'Phegeus II' 2-max Seat #1 is the button
Seat 1: favete lin ($129.92 in chips)
Seat 2: piet735 ($130.24 in chips)
favete lin: posts small blind $1
piet735: posts big blind $3
*** HOLE CARDS ***
favete lin: raises $3 to $6
piet735: calls $3
*** FLOP *** [Tc 3d 7d]
piet735: checks
favete lin: bets $3
piet735: folds
Uncalled bet ($3) returned to favete lin
favete lin collected $11.76 from pot
*** SUMMARY ***
Total pot $12 | Rake $0.24
Board [Tc 3d 7d]
Seat 1: favete lin (button) (small blind) collected ($11.76)
Seat 2: piet735 (big blind) folded on the Flop


PokerStars Hand #144272988879:  Hold'em Limit ($3/$6 USD) - 2015/11/23 13:40:02 ET
Table 'Phegeus II' 2-max Seat #1 is the button
Seat 1: favete lin ($189.86 in chips)
Seat 2: piet735 ($68.24 in chips)
favete lin: posts small blind $1
piet735: posts big blind $3
*** HOLE CARDS ***
favete lin: raises $3 to $6
piet735: folds
Uncalled bet ($3) returned to favete lin
favete lin collected $6 from pot
*** SUMMARY ***
Total pot $6 | Rake $0
Seat 1: favete lin (button) (small blind) collected ($6)
Seat 2: piet735 (big blind) folded before Flop


PokerStars Hand #144272975890:  Hold'em Limit ($3/$6 USD) - 2015/11/23 13:39:47 ET
Table 'Phegeus II' 2-max Seat #2 is the button
Seat 1: favete lin ($178.34 in chips)
Seat 2: piet735 ($80.24 in chips)
piet735: posts small blind $1
favete lin: posts big blind $3
*** HOLE CARDS ***
piet735: raises $3 to $6
favete lin: calls $3
*** FLOP *** [4h 3c Ts]
favete lin: checks
piet735: checks
*** TURN *** [4h 3c Ts] [3d]
favete lin: bets $6
piet735: calls $6
*** RIVER *** [4h 3c Ts 3d] [7s]
favete lin: checks
piet735: checks
*** SHOW DOWN ***
favete lin: shows [2h Ad] (a pair of Threes)
piet735: mucks hand
favete lin collected $23.52 from pot
*** SUMMARY ***
Total pot $24 | Rake $0.48
Board [4h 3c Ts 3d 7s]
Seat 1: favete lin (big blind) showed [2h Ad] and won ($23.52) with a pair of Threes
Seat 2: piet735 (button) (small blind) mucked


PokerStars Hand #144272964580:  Hold'em Limit ($3/$6 USD) - 2015/11/23 13:39:35 ET
Table 'Phegeus II' 2-max Seat #1 is the button
Seat 1: favete lin ($172.58 in chips)
Seat 2: piet735 ($86.24 in chips)
favete lin: posts small blind $1
piet735: posts big blind $3
*** HOLE CARDS ***
favete lin: raises $3 to $6
piet735: calls $3
*** FLOP *** [5c Td Tc]
piet735: checks
favete lin: checks
*** TURN *** [5c Td Tc] [2s]
piet735: checks
favete lin: bets $6
piet735: folds
Uncalled bet ($6) returned to favete lin
favete lin collected $11.76 from pot
*** SUMMARY ***
Total pot $12 | Rake $0.24
Board [5c Td Tc 2s]
Seat 1: favete lin (button) (small blind) collected ($11.76)
Seat 2: piet735 (big blind) folded on the Turn


PokerStars Hand #144272960134:  Hold'em Limit ($3/$6 USD) - 2015/11/23 13:39:30 ET
Table 'Phegeus II' 2-max Seat #2 is the button
Seat 1: favete lin ($171.58 in chips)
Seat 2: piet735 ($87.24 in chips)
piet735: posts small blind $1
favete lin: posts big blind $3
*** HOLE CARDS ***
piet735: folds
Uncalled bet ($2) returned to favete lin
favete lin collected $2 from pot
*** SUMMARY ***
Total pot $2 | Rake $0
Seat 1: favete lin (big blind) collected ($2)
Seat 2: piet735 (button) (small blind) folded before Flop


PokerStars Hand #144272950564:  Hold'em Limit ($3/$6 USD) - 2015/11/23 13:39:20 ET
Table 'Phegeus II' 2-max Seat #1 is the button
Seat 1: favete lin ($165.82 in chips)
Seat 2: piet735 ($93.24 in chips)
favete lin: posts small blind $1
piet735: posts big blind $3
*** HOLE CARDS ***
favete lin: raises $3 to $6
piet735: calls $3
*** FLOP *** [8s 7s Tc]
piet735: checks
favete lin: bets $3
piet735: folds
Uncalled bet ($3) returned to favete lin
favete lin collected $11.76 from pot
*** SUMMARY ***
Total pot $12 | Rake $0.24
Board [8s 7s Tc]
Seat 1: favete lin (button) (small blind) collected ($11.76)
Seat 2: piet735 (big blind) folded on the Flop


PokerStars Hand #144272935499:  Hold'em Limit ($3/$6 USD) - 2015/11/23 13:39:04 ET
Table 'Phegeus II' 2-max Seat #2 is the button
Seat 1: favete lin ($145.32 in chips)
Seat 2: piet735 ($114.24 in chips)
piet735: posts small blind $1
favete lin: posts big blind $3
*** HOLE CARDS ***
piet735: calls $2
favete lin: raises $3 to $6
piet735: calls $3
*** FLOP *** [Js Ah 8c]
favete lin: bets $3
piet735: calls $3
*** TURN *** [Js Ah 8c] [3c]
favete lin: bets $6
piet735: calls $6
*** RIVER *** [Js Ah 8c 3c] [Tc]
favete lin: bets $6
piet735: calls $6
*** SHOW DOWN ***
favete lin: shows [Td As] (two pair, Aces and Tens)
piet735: mucks hand
favete lin collected $41.50 from pot
*** SUMMARY ***
Total pot $42 | Rake $0.50
Board [Js Ah 8c 3c Tc]
Seat 1: favete lin (big blind) showed [Td As] and won ($41.50) with two pair, Aces and Tens
Seat 2: piet735 (button) (small blind) mucked


PokerStars Hand #144273022484:  Hold'em Limit ($3/$6 USD) - 2015/11/23 13:40:39 ET
Table 'Phegeus II' 2-max Seat #2 is the button
Seat 1: favete lin ($171.74 in chips)
Seat 2: piet735 ($85.74 in chips)
piet735: posts small blind $1
favete lin: posts big blind $3
*** HOLE CARDS ***
piet735: calls $2
favete lin: raises $3 to $6
piet735: calls $3
*** FLOP *** [7d 2h 8c]
favete lin: bets $3
piet735: calls $3
*** TURN *** [7d 2h 8c] [Qh]
favete lin: bets $6
piet735: calls $6
*** RIVER *** [7d 2h 8c Qh] [8h]
favete lin: bets $6
piet735: calls $6
*** SHOW DOWN ***
favete lin: shows [6d 6c] (two pair, Eights and Sixes)
piet735: shows [7c 4c] (two pair, Eights and Sevens)
piet735 collected $41.50 from pot
*** SUMMARY ***
Total pot $42 | Rake $0.50
Board [7d 2h 8c Qh 8h]
Seat 1: favete lin (big blind) showed [6d 6c] and lost with two pair, Eights and Sixes
Seat 2: piet735 (button) (small blind) showed [7c 4c] and won ($41.50) with two pair, Eights and Sevens


PokerStars Hand #144272993633:  Hold'em Limit ($3/$6 USD) - 2015/11/23 13:40:07 ET
Table 'Phegeus II' 2-max Seat #2 is the button
Seat 1: favete lin ($192.86 in chips)
Seat 2: piet735 ($65.24 in chips)
piet735: posts small blind $1
favete lin: posts big blind $3
*** HOLE CARDS ***
piet735: calls $2
favete lin: checks
*** FLOP *** [2s 3d Tc]
favete lin: checks
piet735: checks
*** TURN *** [2s 3d Tc] [Kd]
favete lin: checks
piet735: checks
*** RIVER *** [2s 3d Tc Kd] [9c]
favete lin: checks
piet735: checks
*** SHOW DOWN ***
favete lin: shows [Js 5d] (high card King)
piet735: mucks hand
favete lin collected $5.88 from pot
*** SUMMARY ***
Total pot $6 | Rake $0.12
Board [2s 3d Tc Kd 9c]
Seat 1: favete lin (big blind) showed [Js 5d] and won ($5.88) with high card King
Seat 2: piet735 (button) (small blind) mucked


PokerStars Hand #144273078868:  Hold'em Limit ($3/$6 USD) - 2015/11/23 13:41:40 ET
Table 'Phegeus II' 2-max Seat #2 is the button
Seat 1: favete lin ($123.50 in chips)
Seat 2: piet735 ($132.24 in chips)
piet735: posts small blind $1
favete lin: posts big blind $3
*** HOLE CARDS ***
piet735: calls $2
favete lin: checks
*** FLOP *** [Ad Td Ah]
favete lin: checks
piet735: checks
*** TURN *** [Ad Td Ah] [6d]
favete lin: bets $6
piet735: raises $6 to $12
favete lin: calls $6
*** RIVER *** [Ad Td Ah 6d] [5s]
favete lin: checks
piet735: bets $6
favete lin: calls $6
*** SHOW DOWN ***
piet735: shows [As 9c] (three of a kind, Aces)
favete lin: mucks hand
piet735 collected $41.50 from pot
*** SUMMARY ***
Total pot $42 | Rake $0.50
Board [Ad Td Ah 6d 5s]
Seat 1: favete lin (big blind) mucked
Seat 2: piet735 (button) (small blind) showed [As 9c] and won ($41.50) with three of a kind, Aces


PokerStars Hand #144273071192:  Hold'em Limit ($3/$6 USD) - 2015/11/23 13:41:32 ET
Table 'Phegeus II' 2-max Seat #1 is the button
Seat 1: favete lin ($117.74 in chips)
Seat 2: piet735 ($138.24 in chips)
favete lin: posts small blind $1
piet735: posts big blind $3
*** HOLE CARDS ***
favete lin: raises $3 to $6
piet735: calls $3
*** FLOP *** [4c Js Qh]
piet735: checks
favete lin: bets $3
piet735: folds
Uncalled bet ($3) returned to favete lin
favete lin collected $11.76 from pot
*** SUMMARY ***
Total pot $12 | Rake $0.24
Board [4c Js Qh]
Seat 1: favete lin (button) (small blind) collected ($11.76)
Seat 2: piet735 (big blind) folded on the Flop


PokerStars Hand #144273053235:  Hold'em Limit ($3/$6 USD) - 2015/11/23 13:41:12 ET
Table 'Phegeus II' 2-max Seat #2 is the button
Seat 1: favete lin ($135.74 in chips)
Seat 2: piet735 ($120.74 in chips)
piet735: posts small blind $1
favete lin: posts big blind $3
*** HOLE CARDS ***
piet735: calls $2
favete lin: raises $3 to $6
piet735: calls $3
*** FLOP *** [Qs 7s Js]
favete lin: bets $3
piet735: raises $3 to $6
favete lin: calls $3
*** TURN *** [Qs 7s Js] [Kc]
favete lin: checks
piet735: checks
*** RIVER *** [Qs 7s Js Kc] [6d]
favete lin: checks
piet735: bets $6
favete lin: calls $6
*** SHOW DOWN ***
piet735: shows [Qd 8s] (a pair of Queens)
favete lin: mucks hand
piet735 collected $35.50 from pot
*** SUMMARY ***
Total pot $36 | Rake $0.50
Board [Qs 7s Js Kc 6d]
Seat 1: favete lin (big blind) mucked
Seat 2: piet735 (button) (small blind) showed [Qd 8s] and won ($35.50) with a pair of Queens


PokerStars Hand #144273037053:  Hold'em Limit ($3/$6 USD) - 2015/11/23 13:40:55 ET
Table 'Phegeus II' 2-max Seat #1 is the button
Seat 1: favete lin ($150.74 in chips)
Seat 2: piet735 ($106.24 in chips)
favete lin: posts small blind $1
piet735: posts big blind $3
*** HOLE CARDS ***
favete lin: raises $3 to $6
piet735: calls $3
*** FLOP *** [Tc Qc 4h]
piet735: checks
favete lin: bets $3
piet735: calls $3
*** TURN *** [Tc Qc 4h] [6c]
piet735: checks
favete lin: checks
*** RIVER *** [Tc Qc 4h 6c] [8s]
piet735: bets $6
favete lin: calls $6
*** SHOW DOWN ***
piet735: shows [Td 3s] (a pair of Tens)
favete lin: mucks hand
piet735 collected $29.50 from pot
*** SUMMARY ***
Total pot $30 | Rake $0.50
Board [Tc Qc 4h 6c 8s]
Seat 1: favete lin (button) (small blind) mucked
Seat 2: piet735 (big blind) showed [Td 3s] and won ($29.50) with a pair of Tens


PokerStars Hand #144273130382:  Hold'em Limit ($3/$6 USD) - 2015/11/23 13:42:34 ET
Table 'Phegeus II' 2-max Seat #2 is the button
Seat 1: favete lin ($88.50 in chips)
Seat 2: piet735 ($166.14 in chips)
piet735: posts small blind $1
favete lin: posts big blind $3
*** HOLE CARDS ***
piet735: calls $2
favete lin: checks
*** FLOP *** [2h Qd 9h]
favete lin: bets $3
piet735: calls $3
*** TURN *** [2h Qd 9h] [Kh]
favete lin: checks
piet735: checks
*** RIVER *** [2h Qd 9h Kh] [Ts]
favete lin: checks
piet735: checks
*** SHOW DOWN ***
favete lin: shows [2s 4s] (a pair of Deuces)
piet735: mucks hand
favete lin collected $11.76 from pot
*** SUMMARY ***
Total pot $12 | Rake $0.24
Board [2h Qd 9h Kh Ts]
Seat 1: favete lin (big blind) showed [2s 4s] and won ($11.76) with a pair of Deuces
Seat 2: piet735 (button) (small blind) mucked


PokerStars Hand #144273115612:  Hold'em Limit ($3/$6 USD) - 2015/11/23 13:42:18 ET
Table 'Phegeus II' 2-max Seat #1 is the button
Seat 1: favete lin ($94.50 in chips)
Seat 2: piet735 ($160.38 in chips)
favete lin: posts small blind $1
piet735: posts big blind $3
*** HOLE CARDS ***
favete lin: raises $3 to $6
piet735: calls $3
*** FLOP *** [9s 5s 3h]
piet735: checks
favete lin: checks
*** TURN *** [9s 5s 3h] [Js]
piet735: checks
favete lin: checks
*** RIVER *** [9s 5s 3h Js] [7d]
piet735: checks
favete lin: checks
*** SHOW DOWN ***
piet735: shows [Ks 7h] (a pair of Sevens)
favete lin: mucks hand
piet735 collected $11.76 from pot
*** SUMMARY ***
Total pot $12 | Rake $0.24
Board [9s 5s 3h Js 7d]
Seat 1: favete lin (button) (small blind) mucked
Seat 2: piet735 (big blind) showed [Ks 7h] and won ($11.76) with a pair of Sevens


PokerStars Hand #144273111004:  Hold'em Limit ($3/$6 USD) - 2015/11/23 13:42:13 ET
Table 'Phegeus II' 2-max Seat #2 is the button
Seat 1: favete lin ($93.50 in chips)
Seat 2: piet735 ($161.38 in chips)
piet735: posts small blind $1
favete lin: posts big blind $3
*** HOLE CARDS ***
piet735: folds
Uncalled bet ($2) returned to favete lin
favete lin collected $2 from pot
*** SUMMARY ***
Total pot $2 | Rake $0
Seat 1: favete lin (big blind) collected ($2)
Seat 2: piet735 (button) (small blind) folded before Flop


PokerStars Hand #144273094457:  Hold'em Limit ($3/$6 USD) - 2015/11/23 13:41:57 ET
Table 'Phegeus II' 2-max Seat #1 is the button
Seat 1: favete lin ($102.50 in chips)
Seat 2: piet735 ($152.74 in chips)
favete lin: posts small blind $1
piet735: posts big blind $3
*** HOLE CARDS ***
favete lin: raises $3 to $6
piet735: calls $3
*** FLOP *** [Qd Jh Ac]
piet735: checks
favete lin: bets $3
piet735: calls $3
*** TURN *** [Qd Jh Ac] [2s]
piet735: checks
favete lin: checks
*** RIVER *** [Qd Jh Ac 2s] [5h]
piet735: checks
favete lin: checks
*** SHOW DOWN ***
piet735: shows [Jc 6d] (a pair of Jacks)
favete lin: mucks hand
piet735 collected $17.64 from pot
*** SUMMARY ***
Total pot $18 | Rake $0.36
Board [Qd Jh Ac 2s 5h]
Seat 1: favete lin (button) (small blind) mucked
Seat 2: piet735 (big blind) showed [Jc 6d] and won ($17.64) with a pair of Jacks


PokerStars Hand #144273216778:  Hold'em Limit ($3/$6 USD) - 2015/11/23 13:44:05 ET
Table 'Phegeus II' 2-max Seat #2 is the button
Seat 1: favete lin ($118.40 in chips)
Seat 2: piet735 ($134.66 in chips)
piet735: posts small blind $1
favete lin: posts big blind $3
*** HOLE CARDS ***
piet735: folds
Uncalled bet ($2) returned to favete lin
favete lin collected $2 from pot
*** SUMMARY ***
Total pot $2 | Rake $0
Seat 1: favete lin (big blind) collected ($2)
Seat 2: piet735 (button) (small blind) folded before Flop


PokerStars Hand #144273201882:  Hold'em Limit ($3/$6 USD) - 2015/11/23 13:43:49 ET
Table 'Phegeus II' 2-max Seat #1 is the button
Seat 1: favete lin ($109.76 in chips)
Seat 2: piet735 ($143.66 in chips)
favete lin: posts small blind $1
piet735: posts big blind $3
*** HOLE CARDS ***
favete lin: raises $3 to $6
piet735: calls $3
*** FLOP *** [3s 8d Js]
piet735: checks
favete lin: bets $3
piet735: calls $3
*** TURN *** [3s 8d Js] [6s]
piet735: checks
favete lin: bets $6
piet735: folds
Uncalled bet ($6) returned to favete lin
favete lin collected $17.64 from pot
*** SUMMARY ***
Total pot $18 | Rake $0.36
Board [3s 8d Js 6s]
Seat 1: favete lin (button) (small blind) collected ($17.64)
Seat 2: piet735 (big blind) folded on the Turn


PokerStars Hand #144273195691:  Hold'em Limit ($3/$6 USD) - 2015/11/23 13:43:43 ET
Table 'Phegeus II' 2-max Seat #2 is the button
Seat 1: favete lin ($108.76 in chips)
Seat 2: piet735 ($144.66 in chips)
piet735: posts small blind $1
favete lin: posts big blind $3
*** HOLE CARDS ***
piet735: folds
Uncalled bet ($2) returned to favete lin
favete lin collected $2 from pot
*** SUMMARY ***
Total pot $2 | Rake $0
Seat 1: favete lin (big blind) collected ($2)
Seat 2: piet735 (button) (small blind) folded before Flop


PokerStars Hand #144273175325:  Hold'em Limit ($3/$6 USD) - 2015/11/23 13:43:21 ET
Table 'Phegeus II' 2-max Seat #1 is the button
Seat 1: favete lin ($82.26 in chips)
Seat 2: piet735 ($171.66 in chips)
favete lin: posts small blind $1
piet735: posts big blind $3
*** HOLE CARDS ***
favete lin: raises $3 to $6
piet735: calls $3
*** FLOP *** [Kd Jd 2h]
piet735: checks
favete lin: bets $3
piet735: calls $3
*** TURN *** [Kd Jd 2h] [Ah]
piet735: checks
favete lin: bets $6
piet735: raises $6 to $12
favete lin: calls $6
*** RIVER *** [Kd Jd 2h Ah] [Kh]
piet735: checks
favete lin: bets $6
piet735: calls $6
*** SHOW DOWN ***
favete lin: shows [6h 5h] (a flush, Ace high)
piet735: mucks hand
favete lin collected $53.50 from pot
*** SUMMARY ***
Total pot $54 | Rake $0.50
Board [Kd Jd 2h Ah Kh]
Seat 1: favete lin (button) (small blind) showed [6h 5h] and won ($53.50) with a flush, Ace high
Seat 2: piet735 (big blind) mucked


PokerStars Hand #144273252584:  Hold'em Limit ($3/$6 USD) - 2015/11/23 13:44:43 ET
Table 'Phegeus II' 2-max Seat #1 is the button
Seat 1: favete lin ($102.40 in chips)
Seat 2: piet735 ($150.16 in chips)
favete lin: posts small blind $1
piet735: posts big blind $3
*** HOLE CARDS ***
favete lin: raises $3 to $6
piet735: calls $3
*** FLOP *** [3h 6h Jd]
piet735: checks
favete lin: bets $3
piet735: calls $3
*** TURN *** [3h 6h Jd] [8c]
piet735: checks
favete lin: bets $6
piet735: calls $6
*** RIVER *** [3h 6h Jd 8c] [Qs]
piet735: checks
favete lin: checks
*** SHOW DOWN ***
piet735: shows [6c As] (a pair of Sixes)
favete lin: mucks hand
piet735 collected $29.50 from pot
*** SUMMARY ***
Total pot $30 | Rake $0.50
Board [3h 6h Jd 8c Qs]
Seat 1: favete lin (button) (small blind) mucked
Seat 2: piet735 (big blind) showed [6c As] and won ($29.50) with a pair of Sixes


PokerStars Hand #144273247957:  Hold'em Limit ($3/$6 USD) - 2015/11/23 13:44:38 ET
Table 'Phegeus II' 2-max Seat #2 is the button
Seat 1: favete lin ($101.40 in chips)
Seat 2: piet735 ($151.16 in chips)
piet735: posts small blind $1
favete lin: posts big blind $3
*** HOLE CARDS ***
piet735: folds
Uncalled bet ($2) returned to favete lin
favete lin collected $2 from pot
*** SUMMARY ***
Total pot $2 | Rake $0
Seat 1: favete lin (big blind) collected ($2)
Seat 2: piet735 (button) (small blind) folded before Flop


PokerStars Hand #144273230124:  Hold'em Limit ($3/$6 USD) - 2015/11/23 13:44:19 ET
Table 'Phegeus II' 2-max Seat #1 is the button
Seat 1: favete lin ($119.40 in chips)
Seat 2: piet735 ($133.66 in chips)
favete lin: posts small blind $1
piet735: posts big blind $3
*** HOLE CARDS ***
favete lin: raises $3 to $6
piet735: calls $3
*** FLOP *** [2s 6s Td]
piet735: checks
favete lin: bets $3
piet735: raises $3 to $6
favete lin: calls $3
*** TURN *** [2s 6s Td] [8c]
piet735: bets $6
favete lin: calls $6
*** RIVER *** [2s 6s Td 8c] [Kh]
piet735: checks
favete lin: checks
*** SHOW DOWN ***
piet735: shows [Th 7d] (a pair of Tens)
favete lin: mucks hand
piet735 collected $35.50 from pot
*** SUMMARY ***
Total pot $36 | Rake $0.50
Board [2s 6s Td 8c Kh]
Seat 1: favete lin (button) (small blind) mucked
Seat 2: piet735 (big blind) showed [Th 7d] and won ($35.50) with a pair of Tens


PokerStars Hand #144273225034:  Hold'em Limit ($3/$6 USD) - 2015/11/23 13:44:14 ET
Table 'Phegeus II' 2-max Seat #2 is the button
Seat 1: favete lin ($118.40 in chips)
Seat 2: piet735 ($134.66 in chips)
piet735: posts small blind $1
favete lin: posts big blind $3
*** HOLE CARDS ***
piet735: folds
Uncalled bet ($2) returned to favete lin
favete lin collected $2 from pot
*** SUMMARY ***
Total pot $2 | Rake $0
Seat 1: favete lin (big blind) collected ($2)
Seat 2: piet735 (button) (small blind) folded before Flop


PokerStars Hand #144273220939:  Hold'em Limit ($3/$6 USD) - 2015/11/23 13:44:09 ET
Table 'Phegeus II' 2-max Seat #1 is the button
Seat 1: favete lin ($119.40 in chips)
Seat 2: piet735 ($133.66 in chips)
favete lin: posts small blind $1
piet735: posts big blind $3
*** HOLE CARDS ***
favete lin: folds
Uncalled bet ($2) returned to piet735
piet735 collected $2 from pot
*** SUMMARY ***
Total pot $2 | Rake $0
Seat 1: favete lin (button) (small blind) folded before Flop
Seat 2: piet735 (big blind) collected ($2)


PokerStars Hand #144273314057:  Hold'em Limit ($3/$6 USD) - 2015/11/23 13:45:47 ET
Table 'Phegeus II' 2-max Seat #1 is the button
Seat 1: favete lin ($92.66 in chips)
Seat 2: piet735 ($158.16 in chips)
favete lin: posts small blind $1
piet735: posts big blind $3
*** HOLE CARDS ***
favete lin: raises $3 to $6
piet735: calls $3
*** FLOP *** [5h 2h Ts]
piet735: checks
favete lin: bets $3
piet735: raises $3 to $6
favete lin: calls $3
*** TURN *** [5h 2h Ts] [5c]
piet735: bets $6
favete lin: calls $6
*** RIVER *** [5h 2h Ts 5c] [Jc]
piet735: bets $6
favete lin: calls $6
*** SHOW DOWN ***
piet735: shows [Kd Td] (two pair, Tens and Fives)
favete lin: mucks hand
piet735 collected $47.50 from pot
*** SUMMARY ***
Total pot $48 | Rake $0.50
Board [5h 2h Ts 5c Jc]
Seat 1: favete lin (button) (small blind) mucked
Seat 2: piet735 (big blind) showed [Kd Td] and won ($47.50) with two pair, Tens and Fives


PokerStars Hand #144273305017:  Hold'em Limit ($3/$6 USD) - 2015/11/23 13:45:38 ET
Table 'Phegeus II' 2-max Seat #2 is the button
Seat 1: favete lin ($86.90 in chips)
Seat 2: piet735 ($164.16 in chips)
piet735: posts small blind $1
favete lin: posts big blind $3
*** HOLE CARDS ***
piet735: calls $2
favete lin: raises $3 to $6
piet735: calls $3
*** FLOP *** [3h Tc 9h]
favete lin: bets $3
piet735: folds
Uncalled bet ($3) returned to favete lin
favete lin collected $11.76 from pot
*** SUMMARY ***
Total pot $12 | Rake $0.24
Board [3h Tc 9h]
Seat 1: favete lin (big blind) collected ($11.76)
Seat 2: piet735 (button) (small blind) folded on the Flop


PokerStars Hand #144273286411:  Hold'em Limit ($3/$6 USD) - 2015/11/23 13:45:18 ET
Table 'Phegeus II' 2-max Seat #1 is the button
Seat 1: favete lin ($104.90 in chips)
Seat 2: piet735 ($146.66 in chips)
favete lin: posts small blind $1
piet735: posts big blind $3
*** HOLE CARDS ***
favete lin: raises $3 to $6
piet735: calls $3
*** FLOP *** [4h 8d Kh]
piet735: checks
favete lin: checks
*** TURN *** [4h 8d Kh] [8s]
piet735: checks
favete lin: bets $6
piet735: raises $6 to $12
favete lin: calls $6
*** RIVER *** [4h 8d Kh 8s] [Jc]
piet735: checks
favete lin: checks
*** SHOW DOWN ***
piet735: shows [6s 6c] (two pair, Eights and Sixes)
favete lin: mucks hand
piet735 collected $35.50 from pot
*** SUMMARY ***
Total pot $36 | Rake $0.50
Board [4h 8d Kh 8s Jc]
Seat 1: favete lin (button) (small blind) mucked
Seat 2: piet735 (big blind) showed [6s 6c] and won ($35.50) with two pair, Eights and Sixes


PokerStars Hand #144273269234:  Hold'em Limit ($3/$6 USD) - 2015/11/23 13:45:00 ET
Table 'Phegeus II' 2-max Seat #2 is the button
Seat 1: favete lin ($87.40 in chips)
Seat 2: piet735 ($164.66 in chips)
piet735: posts small blind $1
favete lin: posts big blind $3
*** HOLE CARDS ***
piet735: calls $2
favete lin: checks
*** FLOP *** [6d 7c Qd]
favete lin: bets $3
piet735: calls $3
*** TURN *** [6d 7c Qd] [Ac]
favete lin: bets $6
piet735: calls $6
*** RIVER *** [6d 7c Qd Ac] [9c]
favete lin: bets $6
piet735: calls $6
*** SHOW DOWN ***
favete lin: shows [8s 5h] (a straight, Five to Nine)
piet735: mucks hand
favete lin collected $35.50 from pot
*** SUMMARY ***
Total pot $36 | Rake $0.50
Board [6d 7c Qd Ac 9c]
Seat 1: favete lin (big blind) showed [8s 5h] and won ($35.50) with a straight, Five to Nine
Seat 2: piet735 (button) (small blind) mucked


PokerStars Hand #144273380522:  Hold'em Limit ($3/$6 USD) - 2015/11/23 13:46:57 ET
Table 'Phegeus II' 2-max Seat #1 is the button
Seat 1: favete lin ($89.70 in chips)
Seat 2: piet735 ($159.54 in chips)
favete lin: posts small blind $1
piet735: posts big blind $3
*** HOLE CARDS ***
favete lin: folds
Uncalled bet ($2) returned to piet735
piet735 collected $2 from pot
*** SUMMARY ***
Total pot $2 | Rake $0
Seat 1: favete lin (button) (small blind) folded before Flop
Seat 2: piet735 (big blind) collected ($2)


PokerStars Hand #144273370656:  Hold'em Limit ($3/$6 USD) - 2015/11/23 13:46:47 ET
Table 'Phegeus II' 2-max Seat #2 is the button
Seat 1: favete lin ($92.70 in chips)
Seat 2: piet735 ($156.66 in chips)
piet735: posts small blind $1
favete lin: posts big blind $3
*** HOLE CARDS ***
piet735: calls $2
favete lin: checks
*** FLOP *** [9h Ks Ah]
favete lin: checks
piet735: bets $3
favete lin: folds
Uncalled bet ($3) returned to piet735
piet735 collected $5.88 from pot
*** SUMMARY ***
Total pot $6 | Rake $0.12
Board [9h Ks Ah]
Seat 1: favete lin (big blind) folded on the Flop
Seat 2: piet735 (button) (small blind) collected ($5.88)


PokerStars Hand #144273352117:  Hold'em Limit ($3/$6 USD) - 2015/11/23 13:46:27 ET
Table 'Phegeus II' 2-max Seat #2 is the button
Seat 1: favete lin ($83.06 in chips)
Seat 2: piet735 ($166.66 in chips)
piet735: posts small blind $1
favete lin: posts big blind $3
*** HOLE CARDS ***
piet735: folds
Uncalled bet ($2) returned to favete lin
favete lin collected $2 from pot
*** SUMMARY ***
Total pot $2 | Rake $0
Seat 1: favete lin (big blind) collected ($2)
Seat 2: piet735 (button) (small blind) folded before Flop


PokerStars Hand #144273343980:  Hold'em Limit ($3/$6 USD) - 2015/11/23 13:46:19 ET
Table 'Phegeus II' 2-max Seat #1 is the button
Seat 1: favete lin ($77.30 in chips)
Seat 2: piet735 ($172.66 in chips)
favete lin: posts small blind $1
piet735: posts big blind $3
*** HOLE CARDS ***
favete lin: raises $3 to $6
piet735: calls $3
*** FLOP *** [6d Qs 7s]
piet735: checks
favete lin: bets $3
piet735: folds
Uncalled bet ($3) returned to favete lin
favete lin collected $11.76 from pot
*** SUMMARY ***
Total pot $12 | Rake $0.24
Board [6d Qs 7s]
Seat 1: favete lin (button) (small blind) collected ($11.76)
Seat 2: piet735 (big blind) folded on the Flop


PokerStars Hand #144273332460:  Hold'em Limit ($3/$6 USD) - 2015/11/23 13:46:06 ET
Table 'Phegeus II' 2-max Seat #2 is the button
Seat 1: favete lin ($68.66 in chips)
Seat 2: piet735 ($181.66 in chips)
piet735: posts small blind $1
favete lin: posts big blind $3
*** HOLE CARDS ***
piet735: calls $2
favete lin: raises $3 to $6
piet735: calls $3
*** FLOP *** [7d 7h 4s]
favete lin: bets $3
piet735: calls $3
*** TURN *** [7d 7h 4s] [2c]
favete lin: bets $6
piet735: folds
Uncalled bet ($6) returned to favete lin
favete lin collected $17.64 from pot
*** SUMMARY ***
Total pot $18 | Rake $0.36
Board [7d 7h 4s 2c]
Seat 1: favete lin (big blind) collected ($17.64)
Seat 2: piet735 (button) (small blind) folded on the Turn


PokerStars Hand #144273437978:  Hold'em Limit ($3/$6 USD) - 2015/11/23 13:47:57 ET
Table 'Phegeus II' 2-max Seat #2 is the button
Seat 1: favete lin ($134.46 in chips)
Seat 2: piet735 ($113.54 in chips)
piet735: posts small blind $1
favete lin: posts big blind $3
*** HOLE CARDS ***
piet735: calls $2
favete lin: checks
*** FLOP *** [9h 7s Th]
favete lin: checks
piet735: bets $3
favete lin: folds
Uncalled bet ($3) returned to piet735
piet735 collected $5.88 from pot
*** SUMMARY ***
Total pot $6 | Rake $0.12
Board [9h 7s Th]
Seat 1: favete lin (big blind) folded on the Flop
Seat 2: piet735 (button) (small blind) collected ($5.88)


PokerStars Hand #144273433587:  Hold'em Limit ($3/$6 USD) - 2015/11/23 13:47:53 ET
Table 'Phegeus II' 2-max Seat #1 is the button
Seat 1: favete lin ($135.46 in chips)
Seat 2: piet735 ($112.54 in chips)
favete lin: posts small blind $1
piet735: posts big blind $3
*** HOLE CARDS ***
favete lin: folds
Uncalled bet ($2) returned to piet735
piet735 collected $2 from pot
*** SUMMARY ***
Total pot $2 | Rake $0
Seat 1: favete lin (button) (small blind) folded before Flop
Seat 2: piet735 (big blind) collected ($2)


PokerStars Hand #144273421572:  Hold'em Limit ($3/$6 USD) - 2015/11/23 13:47:40 ET
Table 'Phegeus II' 2-max Seat #2 is the button
Seat 1: favete lin ($129.70 in chips)
Seat 2: piet735 ($118.54 in chips)
piet735: posts small blind $1
favete lin: posts big blind $3
*** HOLE CARDS ***
piet735: raises $3 to $6
favete lin: calls $3
*** FLOP *** [8d 3c 6c]
favete lin: checks
piet735: checks
*** TURN *** [8d 3c 6c] [3h]
favete lin: bets $6
piet735: folds
Uncalled bet ($6) returned to favete lin
favete lin collected $11.76 from pot
*** SUMMARY ***
Total pot $12 | Rake $0.24
Board [8d 3c 6c 3h]
Seat 1: favete lin (big blind) collected ($11.76)
Seat 2: piet735 (button) (small blind) folded on the Turn


PokerStars Hand #144273401777:  Hold'em Limit ($3/$6 USD) - 2015/11/23 13:47:19 ET
Table 'Phegeus II' 2-max Seat #1 is the button
Seat 1: favete lin ($109.20 in chips)
Seat 2: piet735 ($139.54 in chips)
favete lin: posts small blind $1
piet735: posts big blind $3
*** HOLE CARDS ***
favete lin: raises $3 to $6
piet735: calls $3
*** FLOP *** [5h 7c Ad]
piet735: checks
favete lin: bets $3
piet735: calls $3
*** TURN *** [5h 7c Ad] [8d]
piet735: checks
favete lin: bets $6
piet735: calls $6
*** RIVER *** [5h 7c Ad 8d] [7h]
piet735: checks
favete lin: bets $6
piet735: calls $6
*** SHOW DOWN ***
favete lin: shows [Qs 7s] (three of a kind, Sevens)
piet735: mucks hand
favete lin collected $41.50 from pot
*** SUMMARY ***
Total pot $42 | Rake $0.50
Board [5h 7c Ad 8d 7h]
Seat 1: favete lin (button) (small blind) showed [Qs 7s] and won ($41.50) with three of a kind, Sevens
Seat 2: piet735 (big blind) mucked


PokerStars Hand #144273384301:  Hold'em Limit ($3/$6 USD) - 2015/11/23 13:47:01 ET
Table 'Phegeus II' 2-max Seat #2 is the button
Seat 1: favete lin ($88.70 in chips)
Seat 2: piet735 ($160.54 in chips)
piet735: posts small blind $1
favete lin: posts big blind $3
*** HOLE CARDS ***
piet735: calls $2
favete lin: raises $3 to $6
piet735: calls $3
*** FLOP *** [6c 3s 9s]
favete lin: bets $3
piet735: calls $3
*** TURN *** [6c 3s 9s] [9c]
favete lin: bets $6
piet735: calls $6
*** RIVER *** [6c 3s 9s 9c] [Kc]
favete lin: bets $6
piet735: calls $6
*** SHOW DOWN ***
favete lin: shows [Ac Jc] (a flush, Ace high)
piet735: mucks hand
favete lin collected $41.50 from pot
*** SUMMARY ***
Total pot $42 | Rake $0.50
Board [6c 3s 9s 9c Kc]
Seat 1: favete lin (big blind) showed [Ac Jc] and won ($41.50) with a flush, Ace high
Seat 2: piet735 (button) (small blind) mucked


PokerStars Hand #144273485487:  Hold'em Limit ($3/$6 USD) - 2015/11/23 13:48:48 ET
Table 'Phegeus II' 2-max Seat #2 is the button
Seat 1: favete lin ($165.72 in chips)
Seat 2: piet735 ($81.42 in chips)
piet735: posts small blind $1
favete lin: posts big blind $3
*** HOLE CARDS ***
piet735: raises $3 to $6
favete lin: calls $3
*** FLOP *** [5s 4d 4s]
favete lin: checks
piet735: checks
*** TURN *** [5s 4d 4s] [Qs]
favete lin: checks
piet735: checks
*** RIVER *** [5s 4d 4s Qs] [Ac]
favete lin: checks
piet735: checks
*** SHOW DOWN ***
favete lin: shows [2s 8h] (a pair of Fours)
piet735: shows [9h Th] (a pair of Fours - Ace+Queen+Ten kicker)
piet735 collected $11.76 from pot
*** SUMMARY ***
Total pot $12 | Rake $0.24
Board [5s 4d 4s Qs Ac]
Seat 1: favete lin (big blind) showed [2s 8h] and lost with a pair of Fours
Seat 2: piet735 (button) (small blind) showed [9h Th] and won ($11.76) with a pair of Fours


PokerStars Hand #144273481159:  Hold'em Limit ($3/$6 USD) - 2015/11/23 13:48:43 ET
Table 'Phegeus II' 2-max Seat #1 is the button
Seat 1: favete lin ($166.72 in chips)
Seat 2: piet735 ($80.42 in chips)
favete lin: posts small blind $1
piet735: posts big blind $3
*** HOLE CARDS ***
favete lin: folds
Uncalled bet ($2) returned to piet735
piet735 collected $2 from pot
*** SUMMARY ***
Total pot $2 | Rake $0
Seat 1: favete lin (button) (small blind) folded before Flop
Seat 2: piet735 (big blind) collected ($2)


PokerStars Hand #144273469574:  Hold'em Limit ($3/$6 USD) - 2015/11/23 13:48:31 ET
Table 'Phegeus II' 2-max Seat #2 is the button
Seat 1: favete lin ($160.96 in chips)
Seat 2: piet735 ($86.42 in chips)
piet735: posts small blind $1
favete lin: posts big blind $3
*** HOLE CARDS ***
piet735: calls $2
favete lin: checks
*** FLOP *** [3c Jh 7s]
favete lin: bets $3
piet735: calls $3
*** TURN *** [3c Jh 7s] [4h]
favete lin: bets $6
piet735: folds
Uncalled bet ($6) returned to favete lin
favete lin collected $11.76 from pot
*** SUMMARY ***
Total pot $12 | Rake $0.24
Board [3c Jh 7s 4h]
Seat 1: favete lin (big blind) collected ($11.76)
Seat 2: piet735 (button) (small blind) folded on the Turn


PokerStars Hand #144273446687:  Hold'em Limit ($3/$6 USD) - 2015/11/23 13:48:07 ET
Table 'Phegeus II' 2-max Seat #1 is the button
Seat 1: favete lin ($131.46 in chips)
Seat 2: piet735 ($116.42 in chips)
favete lin: posts small blind $1
piet735: posts big blind $3
*** HOLE CARDS ***
favete lin: raises $3 to $6
piet735: calls $3
*** FLOP *** [2d Qd Tc]
piet735: checks
favete lin: checks
*** TURN *** [2d Qd Tc] [Qh]
piet735: checks
favete lin: bets $6
piet735: raises $6 to $12
favete lin: raises $6 to $18
piet735: calls $6
*** RIVER *** [2d Qd Tc Qh] [Ac]
piet735: checks
favete lin: bets $6
piet735: calls $6
*** SHOW DOWN ***
favete lin: shows [Ad Qs] (a full house, Queens full of Aces)
piet735: mucks hand
favete lin collected $59.50 from pot
*** SUMMARY ***
Total pot $60 | Rake $0.50
Board [2d Qd Tc Qh Ac]
Seat 1: favete lin (button) (small blind) showed [Ad Qs] and won ($59.50) with a full house, Queens full of Aces
Seat 2: piet735 (big blind) mucked


PokerStars Hand #144273554899:  Hold'em Limit ($3/$6 USD) - 2015/11/23 13:50:01 ET
Table 'Phegeus II' 2-max Seat #2 is the button
Seat 1: favete lin ($174.86 in chips)
Seat 2: piet735 ($70.82 in chips)
piet735: posts small blind $1
favete lin: posts big blind $3
*** HOLE CARDS ***
piet735: raises $3 to $6
favete lin: calls $3
*** FLOP *** [2s Ac 4d]
favete lin: checks
piet735: checks
*** TURN *** [2s Ac 4d] [5s]
favete lin: bets $6
piet735: folds
Uncalled bet ($6) returned to favete lin
favete lin collected $11.76 from pot
*** SUMMARY ***
Total pot $12 | Rake $0.24
Board [2s Ac 4d 5s]
Seat 1: favete lin (big blind) collected ($11.76)
Seat 2: piet735 (button) (small blind) folded on the Turn


PokerStars Hand #144273545841:  Hold'em Limit ($3/$6 USD) - 2015/11/23 13:49:51 ET
Table 'Phegeus II' 2-max Seat #1 is the button
Seat 1: favete lin ($169.10 in chips)
Seat 2: piet735 ($76.82 in chips)
favete lin: posts small blind $1
piet735: posts big blind $3
*** HOLE CARDS ***
favete lin: raises $3 to $6
piet735: calls $3
*** FLOP *** [9c Td 8s]
piet735: checks
favete lin: bets $3
piet735: folds
Uncalled bet ($3) returned to favete lin
favete lin collected $11.76 from pot
*** SUMMARY ***
Total pot $12 | Rake $0.24
Board [9c Td 8s]
Seat 1: favete lin (button) (small blind) collected ($11.76)
Seat 2: piet735 (big blind) folded on the Flop


PokerStars Hand #144273541130:  Hold'em Limit ($3/$6 USD) - 2015/11/23 13:49:46 ET
Table 'Phegeus II' 2-max Seat #2 is the button
Seat 1: favete lin ($168.10 in chips)
Seat 2: piet735 ($77.82 in chips)
piet735: posts small blind $1
favete lin: posts big blind $3
*** HOLE CARDS ***
piet735: folds
Uncalled bet ($2) returned to favete lin
favete lin collected $2 from pot
*** SUMMARY ***
Total pot $2 | Rake $0
Seat 1: favete lin (big blind) collected ($2)
Seat 2: piet735 (button) (small blind) folded before Flop


PokerStars Hand #144273529052:  Hold'em Limit ($3/$6 USD) - 2015/11/23 13:49:34 ET
Table 'Phegeus II' 2-max Seat #1 is the button
Seat 1: favete lin ($165.22 in chips)
Seat 2: piet735 ($80.82 in chips)
favete lin: posts small blind $1
piet735: posts big blind $3
*** HOLE CARDS ***
favete lin: calls $2
piet735: checks
*** FLOP *** [4d Qh 2h]
piet735: checks
favete lin: checks
*** TURN *** [4d Qh 2h] [3h]
piet735: checks
favete lin: checks
*** RIVER *** [4d Qh 2h 3h] [2d]
piet735: checks
favete lin: checks
*** SHOW DOWN ***
piet735: shows [8h Td] (a pair of Deuces)
favete lin: shows [8s Kc] (a pair of Deuces - King kicker)
favete lin collected $5.88 from pot
*** SUMMARY ***
Total pot $6 | Rake $0.12
Board [4d Qh 2h 3h 2d]
Seat 1: favete lin (button) (small blind) showed [8s Kc] and won ($5.88) with a pair of Deuces
Seat 2: piet735 (big blind) showed [8h Td] and lost with a pair of Deuces


PokerStars Hand #144273514710:  Hold'em Limit ($3/$6 USD) - 2015/11/23 13:49:18 ET
Table 'Phegeus II' 2-max Seat #2 is the button
Seat 1: favete lin ($150.72 in chips)
Seat 2: piet735 ($95.82 in chips)
piet735: posts small blind $1
favete lin: posts big blind $3
*** HOLE CARDS ***
piet735: raises $3 to $6
favete lin: calls $3
*** FLOP *** [9s 5c Jh]
favete lin: bets $3
piet735: calls $3
*** TURN *** [9s 5c Jh] [Jd]
favete lin: bets $6
piet735: calls $6
*** RIVER *** [9s 5c Jh Jd] [4s]
favete lin: bets $6
piet735: folds
Uncalled bet ($6) returned to favete lin
favete lin collected $29.50 from pot
*** SUMMARY ***
Total pot $30 | Rake $0.50
Board [9s 5c Jh Jd 4s]
Seat 1: favete lin (big blind) collected ($29.50)
Seat 2: piet735 (button) (small blind) folded on the River


PokerStars Hand #144273498581:  Hold'em Limit ($3/$6 USD) - 2015/11/23 13:49:01 ET
Table 'Phegeus II' 2-max Seat #1 is the button
Seat 1: favete lin ($159.72 in chips)
Seat 2: piet735 ($87.18 in chips)
favete lin: posts small blind $1
piet735: posts big blind $3
*** HOLE CARDS ***
favete lin: raises $3 to $6
piet735: calls $3
*** FLOP *** [4c 3s Qd]
piet735: checks
favete lin: bets $3
piet735: calls $3
*** TURN *** [4c 3s Qd] [2s]
piet735: checks
favete lin: checks
*** RIVER *** [4c 3s Qd 2s] [3d]
piet735: checks
favete lin: checks
*** SHOW DOWN ***
piet735: shows [Ts Jd] (a pair of Threes)
favete lin: mucks hand
piet735 collected $17.64 from pot
*** SUMMARY ***
Total pot $18 | Rake $0.36
Board [4c 3s Qd 2s 3d]
Seat 1: favete lin (button) (small blind) mucked
Seat 2: piet735 (big blind) showed [Ts Jd] and won ($17.64) with a pair of Threes


PokerStars Hand #144273570123:  Hold'em Limit ($3/$6 USD) - 2015/11/23 13:50:18 ET
Table 'Phegeus II' 2-max Seat #2 is the button
Seat 1: favete lin ($179.62 in chips)
Seat 2: piet735 ($65.82 in chips)
piet735: posts small blind $1
favete lin: posts big blind $3
*** HOLE CARDS ***
piet735: folds
Uncalled bet ($2) returned to favete lin
favete lin collected $2 from pot
*** SUMMARY ***
Total pot $2 | Rake $0
Seat 1: favete lin (big blind) collected ($2)
Seat 2: piet735 (button) (small blind) folded before Flop


PokerStars Hand #144273566129:  Hold'em Limit ($3/$6 USD) - 2015/11/23 13:50:13 ET
Table 'Phegeus II' 2-max Seat #1 is the button
Seat 1: favete lin ($180.62 in chips)
Seat 2: piet735 ($64.82 in chips)
favete lin: posts small blind $1
piet735: posts big blind $3
*** HOLE CARDS ***
favete lin: folds
Uncalled bet ($2) returned to piet735
piet735 collected $2 from pot
*** SUMMARY ***
Total pot $2 | Rake $0
Seat 1: favete lin (button) (small blind) folded before Flop
Seat 2: piet735 (big blind) collected ($2)


