PokerStars Hand #151098715051:  Hold'em Limit ($3/$6 USD) - 2016/03/28 23:32:00 ET
Table 'Phegeus' 6-max Seat #3 is the button
Seat 3: rezaAAreza ($120 in chips)
Seat 4: VolkovDmitri ($120 in chips)
rezaAAreza: posts small blind $1
VolkovDmitri: posts big blind $3
*** HOLE CARDS ***
rezaAAreza: raises $3 to $6
VolkovDmitri: calls $3
*** FLOP *** [9d Ac 4s]
VolkovDmitri: checks
rezaAAreza: bets $3
VolkovDmitri: calls $3
*** TURN *** [9d Ac 4s] [2s]
VolkovDmitri: bets $6
rezaAAreza: calls $6
*** RIVER *** [9d Ac 4s 2s] [Ad]
VolkovDmitri: bets $6
rezaAAreza: raises $6 to $12
VolkovDmitri: calls $6
*** SHOW DOWN ***
rezaAAreza: shows [Qh Ks] (a pair of Aces)
VolkovDmitri: shows [Ts 9c] (two pair, Aces and Nines)
VolkovDmitri collected $53.50 from pot
*** SUMMARY ***
Total pot $54 | Rake $0.50
Board [9d Ac 4s 2s Ad]
Seat 3: rezaAAreza (button) (small blind) showed [Qh Ks] and lost with a pair of Aces
Seat 4: VolkovDmitri (big blind) showed [Ts 9c] and won ($53.50) with two pair, Aces and Nines


PokerStars Hand #151098736124:  Hold'em Limit ($3/$6 USD) - 2016/03/28 23:33:08 ET
Table 'Phegeus' 6-max Seat #3 is the button
Seat 3: rezaAAreza ($101.64 in chips)
Seat 4: VolkovDmitri ($137.50 in chips)
rezaAAreza: posts small blind $1
VolkovDmitri: posts big blind $3
*** HOLE CARDS ***
rezaAAreza: raises $3 to $6
VolkovDmitri: raises $3 to $9
rezaAAreza: raises $3 to $12
Betting is capped
VolkovDmitri: calls $3
*** FLOP *** [4c Js Qd]
VolkovDmitri: bets $3
rezaAAreza: calls $3
*** TURN *** [4c Js Qd] [Tc]
VolkovDmitri: bets $6
rezaAAreza: calls $6
*** RIVER *** [4c Js Qd Tc] [6c]
VolkovDmitri: bets $6
rezaAAreza: raises $6 to $12
VolkovDmitri: calls $6
*** SHOW DOWN ***
rezaAAreza: shows [Qs 2h] (a pair of Queens)
VolkovDmitri: shows [Ah Ac] (a pair of Aces)
VolkovDmitri collected $65.50 from pot
*** SUMMARY ***
Total pot $66 | Rake $0.50
Board [4c Js Qd Tc 6c]
Seat 3: rezaAAreza (button) (small blind) showed [Qs 2h] and lost with a pair of Queens
Seat 4: VolkovDmitri (big blind) showed [Ah Ac] and won ($65.50) with a pair of Aces


PokerStars Hand #151098730266:  Hold'em Limit ($3/$6 USD) - 2016/03/28 23:32:49 ET
Table 'Phegeus' 6-max Seat #4 is the button
Seat 3: rezaAAreza ($93 in chips)
Seat 4: VolkovDmitri ($146.50 in chips)
VolkovDmitri: posts small blind $1
rezaAAreza: posts big blind $3
*** HOLE CARDS ***
VolkovDmitri: raises $3 to $6
rezaAAreza: raises $3 to $9
VolkovDmitri: calls $3
*** FLOP *** [2s 9s 4c]
rezaAAreza: bets $3
VolkovDmitri: folds
Uncalled bet ($3) returned to rezaAAreza
rezaAAreza collected $17.64 from pot
*** SUMMARY ***
Total pot $18 | Rake $0.36
Board [2s 9s 4c]
Seat 3: rezaAAreza (big blind) collected ($17.64)
Seat 4: VolkovDmitri (button) (small blind) folded on the Flop


PokerStars Hand #151098745610:  Hold'em Limit ($3/$6 USD) - 2016/03/28 23:33:38 ET
Table 'Phegeus' 6-max Seat #4 is the button
Seat 3: rezaAAreza ($68.64 in chips)
Seat 4: VolkovDmitri ($170 in chips)
VolkovDmitri: posts small blind $1
rezaAAreza: posts big blind $3
*** HOLE CARDS ***
VolkovDmitri: raises $3 to $6
rezaAAreza: raises $3 to $9
VolkovDmitri: calls $3
*** FLOP *** [Th Jc 6c]
rezaAAreza: checks
VolkovDmitri: checks
*** TURN *** [Th Jc 6c] [8h]
rezaAAreza said, "zzz fokwit"
rezaAAreza: bets $6
VolkovDmitri: calls $6
*** RIVER *** [Th Jc 6c 8h] [5h]
rezaAAreza: bets $6
VolkovDmitri: calls $6
*** SHOW DOWN ***
rezaAAreza: shows [6d Kd] (a pair of Sixes)
VolkovDmitri: shows [As 8s] (a pair of Eights)
VolkovDmitri collected $41.50 from pot
*** SUMMARY ***
Total pot $42 | Rake $0.50
Board [Th Jc 6c 8h 5h]
Seat 3: rezaAAreza (big blind) showed [6d Kd] and lost with a pair of Sixes
Seat 4: VolkovDmitri (button) (small blind) showed [As 8s] and won ($41.50) with a pair of Eights


PokerStars Hand #151098774671:  Hold'em Limit ($3/$6 USD) - 2016/03/28 23:35:13 ET
Table 'Phegeus' 6-max Seat #3 is the button
Seat 3: rezaAAreza ($145.64 in chips)
Seat 4: VolkovDmitri ($151.50 in chips)
rezaAAreza: posts small blind $1
VolkovDmitri: posts big blind $3
*** HOLE CARDS ***
rezaAAreza: raises $3 to $6
VolkovDmitri: calls $3
*** FLOP *** [2c 5c 7d]
VolkovDmitri: checks
rezaAAreza: bets $3
VolkovDmitri: raises $3 to $6
rezaAAreza: raises $3 to $9
VolkovDmitri: raises $3 to $12
Betting is capped
rezaAAreza: calls $3
*** TURN *** [2c 5c 7d] [Ad]
VolkovDmitri: bets $6
rezaAAreza: calls $6
*** RIVER *** [2c 5c 7d Ad] [Js]
VolkovDmitri: bets $6
rezaAAreza: raises $6 to $12
VolkovDmitri: raises $6 to $18
rezaAAreza: calls $6
*** SHOW DOWN ***
VolkovDmitri: shows [7h 5h] (two pair, Sevens and Fives)
rezaAAreza: mucks hand
VolkovDmitri collected $83.50 from pot
*** SUMMARY ***
Total pot $84 | Rake $0.50
Board [2c 5c 7d Ad Js]
Seat 3: rezaAAreza (button) (small blind) mucked
Seat 4: VolkovDmitri (big blind) showed [7h 5h] and won ($83.50) with two pair, Sevens and Fives


PokerStars Hand #151098768214:  Hold'em Limit ($3/$6 USD) - 2016/03/28 23:34:52 ET
Table 'Phegeus' 6-max Seat #4 is the button
Seat 3: rezaAAreza ($131.14 in chips)
Seat 4: VolkovDmitri ($166.50 in chips)
rezaAAreza said, "idiot"
VolkovDmitri: posts small blind $1
rezaAAreza: posts big blind $3
*** HOLE CARDS ***
VolkovDmitri: raises $3 to $6
rezaAAreza: raises $3 to $9
VolkovDmitri: calls $3
*** FLOP *** [9h Kd Tc]
rezaAAreza: checks
VolkovDmitri: checks
*** TURN *** [9h Kd Tc] [5c]
rezaAAreza: bets $6
VolkovDmitri: calls $6
*** RIVER *** [9h Kd Tc 5c] [3d]
rezaAAreza: bets $6
VolkovDmitri: folds
Uncalled bet ($6) returned to rezaAAreza
rezaAAreza collected $29.50 from pot
*** SUMMARY ***
Total pot $30 | Rake $0.50
Board [9h Kd Tc 5c 3d]
Seat 3: rezaAAreza (big blind) collected ($29.50)
Seat 4: VolkovDmitri (button) (small blind) folded on the River


PokerStars Hand #151098757522:  Hold'em Limit ($3/$6 USD) - 2016/03/28 23:34:17 ET
Table 'Phegeus' 6-max Seat #3 is the button
Seat 3: rezaAAreza ($107.64 in chips)
Seat 4: VolkovDmitri ($190.50 in chips)
rezaAAreza: posts small blind $1
VolkovDmitri: posts big blind $3
*** HOLE CARDS ***
rezaAAreza: raises $3 to $6
VolkovDmitri: raises $3 to $9
rezaAAreza said, "ur ded borat mother"
rezaAAreza: calls $3
*** FLOP *** [3s 4h Ts]
VolkovDmitri: bets $3
rezaAAreza: calls $3
*** TURN *** [3s 4h Ts] [7d]
VolkovDmitri: bets $6
rezaAAreza: calls $6
*** RIVER *** [3s 4h Ts 7d] [6s]
VolkovDmitri: checks
rezaAAreza: bets $6
VolkovDmitri: calls $6
*** SHOW DOWN ***
rezaAAreza: shows [Js 5h] (a straight, Three to Seven)
VolkovDmitri: mucks hand
rezaAAreza collected $47.50 from pot
*** SUMMARY ***
Total pot $48 | Rake $0.50
Board [3s 4h Ts 7d 6s]
Seat 3: rezaAAreza (button) (small blind) showed [Js 5h] and won ($47.50) with a straight, Three to Seven
Seat 4: VolkovDmitri (big blind) mucked


PokerStars Hand #151098792061:  Hold'em Limit ($3/$6 USD) - 2016/03/28 23:36:09 ET
Table 'Phegeus' 6-max Seat #3 is the button
Seat 3: rezaAAreza ($82.64 in chips)
Seat 4: VolkovDmitri ($213.50 in chips)
rezaAAreza: posts small blind $1
VolkovDmitri: posts big blind $3
*** HOLE CARDS ***
rezaAAreza said, "is she beried at ur vilage ?"
rezaAAreza: raises $3 to $6
VolkovDmitri: calls $3
*** FLOP *** [4d Jh 2s]
VolkovDmitri: checks
rezaAAreza: bets $3
VolkovDmitri: raises $3 to $6
rezaAAreza: calls $3
*** TURN *** [4d Jh 2s] [7d]
VolkovDmitri: bets $6
rezaAAreza: calls $6
*** RIVER *** [4d Jh 2s 7d] [2c]
VolkovDmitri: bets $6
rezaAAreza: raises $6 to $12
VolkovDmitri: raises $6 to $18
rezaAAreza: calls $6
*** SHOW DOWN ***
VolkovDmitri: shows [9c Js] (two pair, Jacks and Deuces)
rezaAAreza: mucks hand
VolkovDmitri collected $71.50 from pot
*** SUMMARY ***
Total pot $72 | Rake $0.50
Board [4d Jh 2s 7d 2c]
Seat 3: rezaAAreza (button) (small blind) mucked
Seat 4: VolkovDmitri (big blind) showed [9c Js] and won ($71.50) with two pair, Jacks and Deuces


PokerStars Hand #151098784429:  Hold'em Limit ($3/$6 USD) - 2016/03/28 23:35:44 ET
Table 'Phegeus' 6-max Seat #4 is the button
Seat 3: rezaAAreza ($103.64 in chips)
Seat 4: VolkovDmitri ($193 in chips)
VolkovDmitri: posts small blind $1
rezaAAreza: posts big blind $3
*** HOLE CARDS ***
VolkovDmitri said, "wp"
VolkovDmitri: raises $3 to $6
rezaAAreza: calls $3
*** FLOP *** [Td Ac 5s]
rezaAAreza said, "spend it on ur mothers grave"
rezaAAreza: bets $3
VolkovDmitri: calls $3
*** TURN *** [Td Ac 5s] [4c]
rezaAAreza: bets $6
VolkovDmitri: calls $6
*** RIVER *** [Td Ac 5s 4c] [Qs]
rezaAAreza: bets $6
VolkovDmitri: calls $6
*** SHOW DOWN ***
rezaAAreza: shows [2c 8c] (high card Ace)
VolkovDmitri: shows [Ts Kc] (a pair of Tens)
VolkovDmitri collected $41.50 from pot
*** SUMMARY ***
Total pot $42 | Rake $0.50
Board [Td Ac 5s 4c Qs]
Seat 3: rezaAAreza (big blind) showed [2c 8c] and lost with high card Ace
Seat 4: VolkovDmitri (button) (small blind) showed [Ts Kc] and won ($41.50) with a pair of Tens


PokerStars Hand #151102692316:  Hold'em Limit ($3/$6 USD) - 2016/03/29 3:33:41 ET
Table 'Phegeus' 6-max Seat #4 is the button
Seat 1: Caxa922 ($67.07 in chips)
Seat 4: VolkovDmitri ($249 in chips)
VolkovDmitri: posts small blind $1
Caxa922: posts big blind $3
*** HOLE CARDS ***
VolkovDmitri: raises $3 to $6
Caxa922: folds
Uncalled bet ($3) returned to VolkovDmitri
VolkovDmitri collected $6 from pot
VolkovDmitri: doesn't show hand
*** SUMMARY ***
Total pot $6 | Rake $0
Seat 1: Caxa922 (big blind) folded before Flop
Seat 4: VolkovDmitri (button) (small blind) collected ($6)


PokerStars Hand #151102706557:  Hold'em Limit ($3/$6 USD) - 2016/03/29 3:34:28 ET
Table 'Phegeus' 6-max Seat #4 is the button
Seat 1: Caxa922 ($43.07 in chips)
Seat 4: VolkovDmitri ($272.50 in chips)
VolkovDmitri: posts small blind $1
Caxa922: posts big blind $3
*** HOLE CARDS ***
VolkovDmitri: raises $3 to $6
Caxa922: calls $3
*** FLOP *** [2s 4d 6d]
Caxa922: checks
VolkovDmitri: bets $3
Caxa922: raises $3 to $6
VolkovDmitri: calls $3
*** TURN *** [2s 4d 6d] [Js]
Caxa922: bets $6
VolkovDmitri: calls $6
*** RIVER *** [2s 4d 6d Js] [3s]
Caxa922: bets $6
VolkovDmitri: calls $6
*** SHOW DOWN ***
Caxa922: shows [8c 6c] (a pair of Sixes)
VolkovDmitri: mucks hand
Caxa922 collected $47.50 from pot
*** SUMMARY ***
Total pot $48 | Rake $0.50
Board [2s 4d 6d Js 3s]
Seat 1: Caxa922 (big blind) showed [8c 6c] and won ($47.50) with a pair of Sixes
Seat 4: VolkovDmitri (button) (small blind) mucked


PokerStars Hand #151102696234:  Hold'em Limit ($3/$6 USD) - 2016/03/29 3:33:54 ET
Table 'Phegeus' 6-max Seat #1 is the button
Seat 1: Caxa922 ($64.07 in chips)
Seat 4: VolkovDmitri ($252 in chips)
Caxa922: posts small blind $1
VolkovDmitri: posts big blind $3
*** HOLE CARDS ***
RockKillerTY joins the table at seat #2
Caxa922: calls $2
VolkovDmitri: raises $3 to $6
Caxa922: calls $3
*** FLOP *** [Qd 6s 8s]
VolkovDmitri: bets $3
Caxa922: calls $3
*** TURN *** [Qd 6s 8s] [Td]
VolkovDmitri: bets $6
Caxa922: calls $6
*** RIVER *** [Qd 6s 8s Td] [Qs]
VolkovDmitri: bets $6
Caxa922: calls $6
*** SHOW DOWN ***
VolkovDmitri: shows [Ts 7s] (a flush, Queen high)
Caxa922: mucks hand
VolkovDmitri collected $41.50 from pot
*** SUMMARY ***
Total pot $42 | Rake $0.50
Board [Qd 6s 8s Td Qs]
Seat 1: Caxa922 (button) (small blind) mucked
Seat 4: VolkovDmitri (big blind) showed [Ts 7s] and won ($41.50) with a flush, Queen high


PokerStars Hand #151102861694:  Hold'em Limit ($3/$6 USD) - 2016/03/29 3:42:53 ET
Table 'Phegeus' 6-max Seat #4 is the button
Seat 3: Jokerfish777 ($34 in chips)
Seat 4: VolkovDmitri ($150.66 in chips)
VolkovDmitri: posts small blind $1
Jokerfish777: posts big blind $3
*** HOLE CARDS ***
VolkovDmitri: raises $3 to $6
Jokerfish777: calls $3
*** FLOP *** [3d 6c 5c]
Jokerfish777: checks
VolkovDmitri: bets $3
Jokerfish777: folds
Uncalled bet ($3) returned to VolkovDmitri
VolkovDmitri collected $11.76 from pot
VolkovDmitri: doesn't show hand
*** SUMMARY ***
Total pot $12 | Rake $0.24
Board [3d 6c 5c]
Seat 3: Jokerfish777 (big blind) folded on the Flop
Seat 4: VolkovDmitri (button) (small blind) collected ($11.76)


PokerStars Hand #151102869180:  Hold'em Limit ($3/$6 USD) - 2016/03/29 3:43:17 ET
Table 'Phegeus' 6-max Seat #3 is the button
Seat 3: Jokerfish777 ($28 in chips)
Seat 4: VolkovDmitri ($156.42 in chips)
Jokerfish777: posts small blind $1
VolkovDmitri: posts big blind $3
*** HOLE CARDS ***
Jokerfish777: folds
Uncalled bet ($2) returned to VolkovDmitri
VolkovDmitri collected $2 from pot
VolkovDmitri: doesn't show hand
*** SUMMARY ***
Total pot $2 | Rake $0
Seat 3: Jokerfish777 (button) (small blind) folded before Flop
Seat 4: VolkovDmitri (big blind) collected ($2)


PokerStars Hand #151102871247:  Hold'em Limit ($3/$6 USD) - 2016/03/29 3:43:24 ET
Table 'Phegeus' 6-max Seat #4 is the button
Seat 3: Jokerfish777 ($27 in chips)
Seat 4: VolkovDmitri ($157.42 in chips)
VolkovDmitri: posts small blind $1
Jokerfish777: posts big blind $3
*** HOLE CARDS ***
VolkovDmitri: raises $3 to $6
Jokerfish777: calls $3
*** FLOP *** [5s 2d Jd]
Jokerfish777: checks
VolkovDmitri: bets $3
Jokerfish777: calls $3
*** TURN *** [5s 2d Jd] [3h]
Jokerfish777: checks
VolkovDmitri: checks
*** RIVER *** [5s 2d Jd 3h] [3c]
Jokerfish777: bets $6
VolkovDmitri: folds
Uncalled bet ($6) returned to Jokerfish777
Jokerfish777 collected $17.64 from pot
*** SUMMARY ***
Total pot $18 | Rake $0.36
Board [5s 2d Jd 3h 3c]
Seat 3: Jokerfish777 (big blind) collected ($17.64)
Seat 4: VolkovDmitri (button) (small blind) folded on the River


PokerStars Hand #151102895147:  Hold'em Limit ($3/$6 USD) - 2016/03/29 3:44:41 ET
Table 'Phegeus' 6-max Seat #4 is the button
Seat 3: Jokerfish777 ($34.64 in chips)
Seat 4: VolkovDmitri ($149.42 in chips)
VolkovDmitri: posts small blind $1
Jokerfish777: posts big blind $3
*** HOLE CARDS ***
VolkovDmitri: raises $3 to $6
Jokerfish777: folds
Uncalled bet ($3) returned to VolkovDmitri
VolkovDmitri collected $6 from pot
VolkovDmitri: doesn't show hand
*** SUMMARY ***
Total pot $6 | Rake $0
Seat 3: Jokerfish777 (big blind) folded before Flop
Seat 4: VolkovDmitri (button) (small blind) collected ($6)


PokerStars Hand #151102899837:  Hold'em Limit ($3/$6 USD) - 2016/03/29 3:44:56 ET
Table 'Phegeus' 6-max Seat #3 is the button
Seat 3: Jokerfish777 ($31.64 in chips)
Seat 4: VolkovDmitri ($152.42 in chips)
Jokerfish777: posts small blind $1
VolkovDmitri: posts big blind $3
*** HOLE CARDS ***
Jokerfish777: raises $3 to $6
VolkovDmitri: calls $3
*** FLOP *** [Tc 7d 7s]
VolkovDmitri: checks
Jokerfish777: bets $3
VolkovDmitri: folds
Uncalled bet ($3) returned to Jokerfish777
Jokerfish777 collected $11.76 from pot
*** SUMMARY ***
Total pot $12 | Rake $0.24
Board [Tc 7d 7s]
Seat 3: Jokerfish777 (button) (small blind) collected ($11.76)
Seat 4: VolkovDmitri (big blind) folded on the Flop


PokerStars Hand #151102931321:  Hold'em Limit ($3/$6 USD) - 2016/03/29 3:46:37 ET
Table 'Phegeus' 6-max Seat #3 is the button
Seat 3: Jokerfish777 ($22.40 in chips)
Seat 4: VolkovDmitri ($160.92 in chips)
Jokerfish777: posts small blind $1
VolkovDmitri: posts big blind $3
*** HOLE CARDS ***
Jokerfish777: folds
Uncalled bet ($2) returned to VolkovDmitri
VolkovDmitri collected $2 from pot
VolkovDmitri: doesn't show hand
*** SUMMARY ***
Total pot $2 | Rake $0
Seat 3: Jokerfish777 (button) (small blind) folded before Flop
Seat 4: VolkovDmitri (big blind) collected ($2)


PokerStars Hand #151102911710:  Hold'em Limit ($3/$6 USD) - 2016/03/29 3:45:34 ET
Table 'Phegeus' 6-max Seat #4 is the button
Seat 3: Jokerfish777 ($37.40 in chips)
Seat 4: VolkovDmitri ($146.42 in chips)
VolkovDmitri: posts small blind $1
Jokerfish777: posts big blind $3
*** HOLE CARDS ***
VolkovDmitri: raises $3 to $6
Jokerfish777: raises $3 to $9
VolkovDmitri: calls $3
*** FLOP *** [2h 8c 3c]
Jokerfish777: bets $3
VolkovDmitri: raises $3 to $6
Jokerfish777: calls $3
*** TURN *** [2h 8c 3c] [6c]
Jokerfish777: checks
VolkovDmitri: checks
*** RIVER *** [2h 8c 3c 6c] [9h]
Jokerfish777: checks
VolkovDmitri: checks
*** SHOW DOWN ***
Jokerfish777: shows [Jh Th] (high card Jack)
VolkovDmitri: shows [3h Td] (a pair of Threes)
VolkovDmitri collected $29.50 from pot
*** SUMMARY ***
Total pot $30 | Rake $0.50
Board [2h 8c 3c 6c 9h]
Seat 3: Jokerfish777 (big blind) showed [Jh Th] and lost with high card Jack
Seat 4: VolkovDmitri (button) (small blind) showed [3h Td] and won ($29.50) with a pair of Threes


PokerStars Hand #151102936341:  Hold'em Limit ($3/$6 USD) - 2016/03/29 3:46:53 ET
Table 'Phegeus' 6-max Seat #3 is the button
Seat 3: Jokerfish777 ($18.40 in chips)
Seat 4: VolkovDmitri ($164.92 in chips)
Jokerfish777: posts small blind $1
VolkovDmitri: posts big blind $3
*** HOLE CARDS ***
Jokerfish777: folds
Uncalled bet ($2) returned to VolkovDmitri
VolkovDmitri collected $2 from pot
VolkovDmitri: doesn't show hand
*** SUMMARY ***
Total pot $2 | Rake $0
Seat 3: Jokerfish777 (button) (small blind) folded before Flop
Seat 4: VolkovDmitri (big blind) collected ($2)


PokerStars Hand #151102933196:  Hold'em Limit ($3/$6 USD) - 2016/03/29 3:46:43 ET
Table 'Phegeus' 6-max Seat #4 is the button
Seat 3: Jokerfish777 ($21.40 in chips)
Seat 4: VolkovDmitri ($161.92 in chips)
VolkovDmitri: posts small blind $1
Jokerfish777: posts big blind $3
*** HOLE CARDS ***
VolkovDmitri: raises $3 to $6
Jokerfish777: folds
Uncalled bet ($3) returned to VolkovDmitri
VolkovDmitri collected $6 from pot
VolkovDmitri: doesn't show hand
*** SUMMARY ***
Total pot $6 | Rake $0
Seat 3: Jokerfish777 (big blind) folded before Flop
Seat 4: VolkovDmitri (button) (small blind) collected ($6)


PokerStars Hand #151102953199:  Hold'em Limit ($3/$6 USD) - 2016/03/29 3:47:47 ET
Table 'Phegeus' 6-max Seat #3 is the button
Seat 3: Jokerfish777 ($34.30 in chips)
Seat 4: VolkovDmitri ($148.52 in chips)
Jokerfish777: posts small blind $1
VolkovDmitri: posts big blind $3
*** HOLE CARDS ***
Jokerfish777: folds
Uncalled bet ($2) returned to VolkovDmitri
VolkovDmitri collected $2 from pot
VolkovDmitri: doesn't show hand
*** SUMMARY ***
Total pot $2 | Rake $0
Seat 3: Jokerfish777 (button) (small blind) folded before Flop
Seat 4: VolkovDmitri (big blind) collected ($2)


PokerStars Hand #151102958707:  Hold'em Limit ($3/$6 USD) - 2016/03/29 3:48:04 ET
Table 'Phegeus' 6-max Seat #3 is the button
Seat 3: Jokerfish777 ($30.30 in chips)
Seat 4: VolkovDmitri ($152.52 in chips)
Jokerfish777: posts small blind $1
VolkovDmitri: posts big blind $3
*** HOLE CARDS ***
Jokerfish777: folds
Uncalled bet ($2) returned to VolkovDmitri
VolkovDmitri collected $2 from pot
VolkovDmitri: doesn't show hand
*** SUMMARY ***
Total pot $2 | Rake $0
Seat 3: Jokerfish777 (button) (small blind) folded before Flop
Seat 4: VolkovDmitri (big blind) collected ($2)


PokerStars Hand #151102954817:  Hold'em Limit ($3/$6 USD) - 2016/03/29 3:47:52 ET
Table 'Phegeus' 6-max Seat #4 is the button
Seat 3: Jokerfish777 ($33.30 in chips)
Seat 4: VolkovDmitri ($149.52 in chips)
VolkovDmitri: posts small blind $1
Jokerfish777: posts big blind $3
*** HOLE CARDS ***
VolkovDmitri: raises $3 to $6
Jokerfish777: folds
Uncalled bet ($3) returned to VolkovDmitri
VolkovDmitri collected $6 from pot
VolkovDmitri: doesn't show hand
*** SUMMARY ***
Total pot $6 | Rake $0
Seat 3: Jokerfish777 (big blind) folded before Flop
Seat 4: VolkovDmitri (button) (small blind) collected ($6)


PokerStars Hand #151102937906:  Hold'em Limit ($3/$6 USD) - 2016/03/29 3:46:58 ET
Table 'Phegeus' 6-max Seat #4 is the button
Seat 3: Jokerfish777 ($17.40 in chips)
Seat 4: VolkovDmitri ($165.92 in chips)
VolkovDmitri: posts small blind $1
Jokerfish777: posts big blind $3
*** HOLE CARDS ***
VolkovDmitri: raises $3 to $6
Jokerfish777: raises $3 to $9
VolkovDmitri: raises $3 to $12
Betting is capped
Jokerfish777: calls $3
*** FLOP *** [Jh 4c 4s]
Jokerfish777: bets $3
VolkovDmitri: calls $3
*** TURN *** [Jh 4c 4s] [9c]
Jokerfish777: bets $2.40 and is all-in
VolkovDmitri: calls $2.40
*** RIVER *** [Jh 4c 4s 9c] [Ad]
*** SHOW DOWN ***
Jokerfish777: shows [Ac 8s] (two pair, Aces and Fours)
VolkovDmitri: shows [Jd 3s] (two pair, Jacks and Fours)
Jokerfish777 collected $34.30 from pot
*** SUMMARY ***
Total pot $34.80 | Rake $0.50
Board [Jh 4c 4s 9c Ad]
Seat 3: Jokerfish777 (big blind) showed [Ac 8s] and won ($34.30) with two pair, Aces and Fours
Seat 4: VolkovDmitri (button) (small blind) showed [Jd 3s] and lost with two pair, Jacks and Fours


PokerStars Hand #151102977058:  Hold'em Limit ($3/$6 USD) - 2016/03/29 3:49:01 ET
Table 'Phegeus' 6-max Seat #3 is the button
Seat 3: Jokerfish777 ($58.10 in chips)
Seat 4: VolkovDmitri ($124.22 in chips)
Jokerfish777: posts small blind $1
VolkovDmitri: posts big blind $3
*** HOLE CARDS ***
Jokerfish777: folds
Uncalled bet ($2) returned to VolkovDmitri
VolkovDmitri collected $2 from pot
VolkovDmitri: doesn't show hand
*** SUMMARY ***
Total pot $2 | Rake $0
Seat 3: Jokerfish777 (button) (small blind) folded before Flop
Seat 4: VolkovDmitri (big blind) collected ($2)


PokerStars Hand #151102960455:  Hold'em Limit ($3/$6 USD) - 2016/03/29 3:48:09 ET
Table 'Phegeus' 6-max Seat #4 is the button
Seat 3: Jokerfish777 ($29.30 in chips)
Seat 4: VolkovDmitri ($153.52 in chips)
VolkovDmitri: posts small blind $1
Jokerfish777: posts big blind $3
*** HOLE CARDS ***
VolkovDmitri: raises $3 to $6
Jokerfish777: calls $3
*** FLOP *** [8s Ks 9s]
Jokerfish777: checks
VolkovDmitri: bets $3
Jokerfish777: raises $3 to $6
VolkovDmitri: raises $3 to $9
Jokerfish777: raises $3 to $12
Betting is capped
VolkovDmitri: calls $3
*** TURN *** [8s Ks 9s] [3h]
Jokerfish777: bets $6
VolkovDmitri: raises $6 to $12
Jokerfish777: calls $5.30 and is all-in
Uncalled bet ($0.70) returned to VolkovDmitri
*** RIVER *** [8s Ks 9s 3h] [5s]
*** SHOW DOWN ***
Jokerfish777: shows [4s 2s] (a flush, King high)
VolkovDmitri: shows [8d 8h] (three of a kind, Eights)
Jokerfish777 collected $58.10 from pot
*** SUMMARY ***
Total pot $58.60 | Rake $0.50
Board [8s Ks 9s 3h 5s]
Seat 3: Jokerfish777 (big blind) showed [4s 2s] and won ($58.10) with a flush, King high
Seat 4: VolkovDmitri (button) (small blind) showed [8d 8h] and lost with three of a kind, Eights


PokerStars Hand #151102985184:  Hold'em Limit ($3/$6 USD) - 2016/03/29 3:49:27 ET
Table 'Phegeus' 6-max Seat #4 is the button
Seat 3: Jokerfish777 ($53.10 in chips)
Seat 4: VolkovDmitri ($129.22 in chips)
VolkovDmitri: posts small blind $1
Jokerfish777: posts big blind $3
*** HOLE CARDS ***
VolkovDmitri: raises $3 to $6
Jokerfish777: calls $3
*** FLOP *** [Jh Td 9s]
Jokerfish777: checks
VolkovDmitri: bets $3
Jokerfish777: calls $3
*** TURN *** [Jh Td 9s] [4c]
Jokerfish777: checks
VolkovDmitri: checks
*** RIVER *** [Jh Td 9s 4c] [2c]
Jokerfish777: checks
VolkovDmitri: bets $6
Jokerfish777: folds
Uncalled bet ($6) returned to VolkovDmitri
VolkovDmitri collected $17.64 from pot
VolkovDmitri: doesn't show hand
*** SUMMARY ***
Total pot $18 | Rake $0.36
Board [Jh Td 9s 4c 2c]
Seat 3: Jokerfish777 (big blind) folded on the River
Seat 4: VolkovDmitri (button) (small blind) collected ($17.64)


PokerStars Hand #151102983443:  Hold'em Limit ($3/$6 USD) - 2016/03/29 3:49:22 ET
Table 'Phegeus' 6-max Seat #3 is the button
Seat 3: Jokerfish777 ($54.10 in chips)
Seat 4: VolkovDmitri ($128.22 in chips)
Jokerfish777: posts small blind $1
VolkovDmitri: posts big blind $3
*** HOLE CARDS ***
Jokerfish777: folds
Uncalled bet ($2) returned to VolkovDmitri
VolkovDmitri collected $2 from pot
VolkovDmitri: doesn't show hand
*** SUMMARY ***
Total pot $2 | Rake $0
Seat 3: Jokerfish777 (button) (small blind) folded before Flop
Seat 4: VolkovDmitri (big blind) collected ($2)


PokerStars Hand #151102979276:  Hold'em Limit ($3/$6 USD) - 2016/03/29 3:49:08 ET
Table 'Phegeus' 6-max Seat #4 is the button
Seat 3: Jokerfish777 ($57.10 in chips)
Seat 4: VolkovDmitri ($125.22 in chips)
VolkovDmitri: posts small blind $1
Jokerfish777: posts big blind $3
*** HOLE CARDS ***
VolkovDmitri: raises $3 to $6
Jokerfish777: folds
Uncalled bet ($3) returned to VolkovDmitri
VolkovDmitri collected $6 from pot
VolkovDmitri: doesn't show hand
*** SUMMARY ***
Total pot $6 | Rake $0
Seat 3: Jokerfish777 (big blind) folded before Flop
Seat 4: VolkovDmitri (button) (small blind) collected ($6)


PokerStars Hand #151103006061:  Hold'em Limit ($3/$6 USD) - 2016/03/29 3:50:33 ET
Table 'Phegeus' 6-max Seat #4 is the button
Seat 3: Jokerfish777 ($49.86 in chips)
Seat 4: VolkovDmitri ($131.86 in chips)
VolkovDmitri: posts small blind $1
Jokerfish777: posts big blind $3
*** HOLE CARDS ***
VolkovDmitri: folds
Uncalled bet ($2) returned to Jokerfish777
Jokerfish777 collected $2 from pot
*** SUMMARY ***
Total pot $2 | Rake $0
Seat 3: Jokerfish777 (big blind) collected ($2)
Seat 4: VolkovDmitri (button) (small blind) folded before Flop


PokerStars Hand #151102999070:  Hold'em Limit ($3/$6 USD) - 2016/03/29 3:50:11 ET
Table 'Phegeus' 6-max Seat #3 is the button
Seat 3: Jokerfish777 ($44.10 in chips)
Seat 4: VolkovDmitri ($137.86 in chips)
Jokerfish777: posts small blind $1
VolkovDmitri: posts big blind $3
*** HOLE CARDS ***
Jokerfish777: raises $3 to $6
VolkovDmitri: calls $3
*** FLOP *** [5d 2d 9d]
VolkovDmitri: checks
Jokerfish777: bets $3
VolkovDmitri: folds
Uncalled bet ($3) returned to Jokerfish777
Jokerfish777 collected $11.76 from pot
*** SUMMARY ***
Total pot $12 | Rake $0.24
Board [5d 2d 9d]
Seat 3: Jokerfish777 (button) (small blind) collected ($11.76)
Seat 4: VolkovDmitri (big blind) folded on the Flop


PokerStars Hand #151103008597:  Hold'em Limit ($3/$6 USD) - 2016/03/29 3:50:42 ET
Table 'Phegeus' 6-max Seat #3 is the button
Seat 3: Jokerfish777 ($50.86 in chips)
Seat 4: VolkovDmitri ($130.86 in chips)
Jokerfish777: posts small blind $1
VolkovDmitri: posts big blind $3
*** HOLE CARDS ***
Jokerfish777: raises $3 to $6
VolkovDmitri: folds
Uncalled bet ($3) returned to Jokerfish777
Jokerfish777 collected $6 from pot
Jokerfish777: doesn't show hand
*** SUMMARY ***
Total pot $6 | Rake $0
Seat 3: Jokerfish777 (button) (small blind) collected ($6)
Seat 4: VolkovDmitri (big blind) folded before Flop


PokerStars Hand #151103014236:  Hold'em Limit ($3/$6 USD) - 2016/03/29 3:51:00 ET
Table 'Phegeus' 6-max Seat #4 is the button
Seat 3: Jokerfish777 ($53.86 in chips)
Seat 4: VolkovDmitri ($127.86 in chips)
VolkovDmitri: posts small blind $1
Jokerfish777: posts big blind $3
*** HOLE CARDS ***
VolkovDmitri: raises $3 to $6
Jokerfish777: calls $3
*** FLOP *** [Ks Ah Ad]
Jokerfish777: bets $3
VolkovDmitri: raises $3 to $6
Jokerfish777: calls $3
*** TURN *** [Ks Ah Ad] [Td]
Jokerfish777: checks
VolkovDmitri: checks
*** RIVER *** [Ks Ah Ad Td] [2h]
Jokerfish777: bets $6
VolkovDmitri: calls $6
*** SHOW DOWN ***
Jokerfish777: shows [Kd 7c] (two pair, Aces and Kings)
VolkovDmitri: mucks hand
Jokerfish777 collected $35.50 from pot
*** SUMMARY ***
Total pot $36 | Rake $0.50
Board [Ks Ah Ad Td 2h]
Seat 3: Jokerfish777 (big blind) showed [Kd 7c] and won ($35.50) with two pair, Aces and Kings
Seat 4: VolkovDmitri (button) (small blind) mucked


PokerStars Hand #151103024769:  Hold'em Limit ($3/$6 USD) - 2016/03/29 3:51:33 ET
Table 'Phegeus' 6-max Seat #3 is the button
Seat 3: Jokerfish777 ($71.36 in chips)
Seat 4: VolkovDmitri ($120 in chips)
Jokerfish777: posts small blind $1
VolkovDmitri: posts big blind $3
*** HOLE CARDS ***
Jokerfish777: raises $3 to $6
VolkovDmitri: raises $3 to $9
Jokerfish777: calls $3
*** FLOP *** [6c 5d 3s]
VolkovDmitri: bets $3
Jokerfish777: calls $3
*** TURN *** [6c 5d 3s] [4h]
VolkovDmitri: bets $6
Jokerfish777: folds
Uncalled bet ($6) returned to VolkovDmitri
VolkovDmitri collected $23.52 from pot
*** SUMMARY ***
Total pot $24 | Rake $0.48
Board [6c 5d 3s 4h]
Seat 3: Jokerfish777 (button) (small blind) folded on the Turn
Seat 4: VolkovDmitri (big blind) collected ($23.52)


PokerStars Hand #151103041749:  Hold'em Limit ($3/$6 USD) - 2016/03/29 3:52:26 ET
Table 'Phegeus' 6-max Seat #4 is the button
Seat 3: Jokerfish777 ($59.36 in chips)
Seat 4: VolkovDmitri ($131.52 in chips)
VolkovDmitri: posts small blind $1
Jokerfish777: posts big blind $3
*** HOLE CARDS ***
VolkovDmitri: raises $3 to $6
Jokerfish777: folds
Uncalled bet ($3) returned to VolkovDmitri
VolkovDmitri collected $6 from pot
VolkovDmitri: doesn't show hand
*** SUMMARY ***
Total pot $6 | Rake $0
Seat 3: Jokerfish777 (big blind) folded before Flop
Seat 4: VolkovDmitri (button) (small blind) collected ($6)


PokerStars Hand #151103046448:  Hold'em Limit ($3/$6 USD) - 2016/03/29 3:52:41 ET
Table 'Phegeus' 6-max Seat #3 is the button
Seat 3: Jokerfish777 ($56.36 in chips)
Seat 4: VolkovDmitri ($134.52 in chips)
Jokerfish777: posts small blind $1
VolkovDmitri: posts big blind $3
*** HOLE CARDS ***
Jokerfish777: folds
Uncalled bet ($2) returned to VolkovDmitri
VolkovDmitri collected $2 from pot
VolkovDmitri: doesn't show hand
*** SUMMARY ***
Total pot $2 | Rake $0
Seat 3: Jokerfish777 (button) (small blind) folded before Flop
Seat 4: VolkovDmitri (big blind) collected ($2)


PokerStars Hand #151103048360:  Hold'em Limit ($3/$6 USD) - 2016/03/29 3:52:47 ET
Table 'Phegeus' 6-max Seat #4 is the button
Seat 3: Jokerfish777 ($55.36 in chips)
Seat 4: VolkovDmitri ($135.52 in chips)
VolkovDmitri: posts small blind $1
Jokerfish777: posts big blind $3
*** HOLE CARDS ***
VolkovDmitri: raises $3 to $6
Jokerfish777: calls $3
*** FLOP *** [Qh 3c 4c]
Jokerfish777: checks
VolkovDmitri: bets $3
Jokerfish777: calls $3
*** TURN *** [Qh 3c 4c] [9c]
Jokerfish777: bets $6
VolkovDmitri: calls $6
*** RIVER *** [Qh 3c 4c 9c] [5s]
Jokerfish777: bets $6
VolkovDmitri: calls $6
*** SHOW DOWN ***
Jokerfish777: shows [Tc 2c] (a flush, Ten high)
VolkovDmitri: mucks hand
Jokerfish777 collected $41.50 from pot
*** SUMMARY ***
Total pot $42 | Rake $0.50
Board [Qh 3c 4c 9c 5s]
Seat 3: Jokerfish777 (big blind) showed [Tc 2c] and won ($41.50) with a flush, Ten high
Seat 4: VolkovDmitri (button) (small blind) mucked


PokerStars Hand #151103065053:  Hold'em Limit ($3/$6 USD) - 2016/03/29 3:53:40 ET
Table 'Phegeus' 6-max Seat #3 is the button
Seat 3: Jokerfish777 ($75.86 in chips)
Seat 4: VolkovDmitri ($120 in chips)
Jokerfish777: posts small blind $1
VolkovDmitri: posts big blind $3
*** HOLE CARDS ***
Jokerfish777: folds
Uncalled bet ($2) returned to VolkovDmitri
VolkovDmitri collected $2 from pot
VolkovDmitri: doesn't show hand
*** SUMMARY ***
Total pot $2 | Rake $0
Seat 3: Jokerfish777 (button) (small blind) folded before Flop
Seat 4: VolkovDmitri (big blind) collected ($2)


PokerStars Hand #151103070405:  Hold'em Limit ($3/$6 USD) - 2016/03/29 3:53:57 ET
Table 'Phegeus' 6-max Seat #3 is the button
Seat 3: Jokerfish777 ($71.86 in chips)
Seat 4: VolkovDmitri ($124 in chips)
Jokerfish777: posts small blind $1
VolkovDmitri: posts big blind $3
*** HOLE CARDS ***
Jokerfish777: folds
Uncalled bet ($2) returned to VolkovDmitri
VolkovDmitri collected $2 from pot
VolkovDmitri: doesn't show hand
*** SUMMARY ***
Total pot $2 | Rake $0
Seat 3: Jokerfish777 (button) (small blind) folded before Flop
Seat 4: VolkovDmitri (big blind) collected ($2)


PokerStars Hand #151103066607:  Hold'em Limit ($3/$6 USD) - 2016/03/29 3:53:45 ET
Table 'Phegeus' 6-max Seat #4 is the button
Seat 3: Jokerfish777 ($74.86 in chips)
Seat 4: VolkovDmitri ($121 in chips)
VolkovDmitri: posts small blind $1
Jokerfish777: posts big blind $3
*** HOLE CARDS ***
VolkovDmitri: raises $3 to $6
Jokerfish777: folds
Uncalled bet ($3) returned to VolkovDmitri
VolkovDmitri collected $6 from pot
VolkovDmitri: doesn't show hand
*** SUMMARY ***
Total pot $6 | Rake $0
Seat 3: Jokerfish777 (big blind) folded before Flop
Seat 4: VolkovDmitri (button) (small blind) collected ($6)


PokerStars Hand #151103075431:  Hold'em Limit ($3/$6 USD) - 2016/03/29 3:54:13 ET
Table 'Phegeus' 6-max Seat #3 is the button
Seat 3: Jokerfish777 ($67.86 in chips)
Seat 4: VolkovDmitri ($128 in chips)
Jokerfish777: posts small blind $1
VolkovDmitri: posts big blind $3
*** HOLE CARDS ***
Jokerfish777: folds
Uncalled bet ($2) returned to VolkovDmitri
VolkovDmitri collected $2 from pot
VolkovDmitri: doesn't show hand
*** SUMMARY ***
Total pot $2 | Rake $0
Seat 3: Jokerfish777 (button) (small blind) folded before Flop
Seat 4: VolkovDmitri (big blind) collected ($2)


PokerStars Hand #151103071867:  Hold'em Limit ($3/$6 USD) - 2016/03/29 3:54:02 ET
Table 'Phegeus' 6-max Seat #4 is the button
Seat 3: Jokerfish777 ($70.86 in chips)
Seat 4: VolkovDmitri ($125 in chips)
VolkovDmitri: posts small blind $1
Jokerfish777: posts big blind $3
*** HOLE CARDS ***
VolkovDmitri: raises $3 to $6
Jokerfish777: folds
Uncalled bet ($3) returned to VolkovDmitri
VolkovDmitri collected $6 from pot
VolkovDmitri: doesn't show hand
*** SUMMARY ***
Total pot $6 | Rake $0
Seat 3: Jokerfish777 (big blind) folded before Flop
Seat 4: VolkovDmitri (button) (small blind) collected ($6)


PokerStars Hand #151103077047:  Hold'em Limit ($3/$6 USD) - 2016/03/29 3:54:18 ET
Table 'Phegeus' 6-max Seat #4 is the button
Seat 3: Jokerfish777 ($66.86 in chips)
Seat 4: VolkovDmitri ($129 in chips)
VolkovDmitri: posts small blind $1
Jokerfish777: posts big blind $3
*** HOLE CARDS ***
VolkovDmitri: raises $3 to $6
Jokerfish777: calls $3
*** FLOP *** [5s 5c Jh]
Jokerfish777: checks
VolkovDmitri: bets $3
Jokerfish777: raises $3 to $6
VolkovDmitri: calls $3
*** TURN *** [5s 5c Jh] [Jc]
Jokerfish777: bets $6
VolkovDmitri: calls $6
*** RIVER *** [5s 5c Jh Jc] [Ts]
Jokerfish777: bets $6
VolkovDmitri: raises $6 to $12
Jokerfish777: calls $6
*** SHOW DOWN ***
VolkovDmitri: shows [6c Jd] (a full house, Jacks full of Fives)
Jokerfish777: mucks hand
VolkovDmitri collected $59.50 from pot
*** SUMMARY ***
Total pot $60 | Rake $0.50
Board [5s 5c Jh Jc Ts]
Seat 3: Jokerfish777 (big blind) mucked
Seat 4: VolkovDmitri (button) (small blind) showed [6c Jd] and won ($59.50) with a full house, Jacks full of Fives


PokerStars Hand #151103094686:  Hold'em Limit ($3/$6 USD) - 2016/03/29 3:55:14 ET
Table 'Phegeus' 6-max Seat #4 is the button
Seat 3: Jokerfish777 ($39.86 in chips)
Seat 4: VolkovDmitri ($155.50 in chips)
VolkovDmitri: posts small blind $1
Jokerfish777: posts big blind $3
*** HOLE CARDS ***
VolkovDmitri: raises $3 to $6
Jokerfish777: folds
Uncalled bet ($3) returned to VolkovDmitri
VolkovDmitri collected $6 from pot
VolkovDmitri: doesn't show hand
*** SUMMARY ***
Total pot $6 | Rake $0
Seat 3: Jokerfish777 (big blind) folded before Flop
Seat 4: VolkovDmitri (button) (small blind) collected ($6)


PokerStars Hand #151103090483:  Hold'em Limit ($3/$6 USD) - 2016/03/29 3:55:00 ET
Table 'Phegeus' 6-max Seat #3 is the button
Seat 3: Jokerfish777 ($36.86 in chips)
Seat 4: VolkovDmitri ($158.50 in chips)
Jokerfish777: posts small blind $1
VolkovDmitri: posts big blind $3
*** HOLE CARDS ***
Jokerfish777: raises $3 to $6
VolkovDmitri: folds
Uncalled bet ($3) returned to Jokerfish777
Jokerfish777 collected $6 from pot
*** SUMMARY ***
Total pot $6 | Rake $0
Seat 3: Jokerfish777 (button) (small blind) collected ($6)
Seat 4: VolkovDmitri (big blind) folded before Flop


PokerStars Hand #151103098302:  Hold'em Limit ($3/$6 USD) - 2016/03/29 3:55:27 ET
Table 'Phegeus' 6-max Seat #4 is the button
Seat 3: Jokerfish777 ($35.86 in chips)
Seat 4: VolkovDmitri ($159.50 in chips)
VolkovDmitri: posts small blind $1
Jokerfish777: posts big blind $3
*** HOLE CARDS ***
VolkovDmitri: raises $3 to $6
Jokerfish777: calls $3
*** FLOP *** [Th Js Qd]
Jokerfish777: checks
VolkovDmitri: bets $3
Jokerfish777: calls $3
*** TURN *** [Th Js Qd] [2d]
Jokerfish777: checks
VolkovDmitri: bets $6
Jokerfish777: calls $6
*** RIVER *** [Th Js Qd 2d] [6s]
Jokerfish777: checks
VolkovDmitri: bets $6
Jokerfish777: folds
Uncalled bet ($6) returned to VolkovDmitri
VolkovDmitri collected $29.50 from pot
VolkovDmitri: doesn't show hand
*** SUMMARY ***
Total pot $30 | Rake $0.50
Board [Th Js Qd 2d 6s]
Seat 3: Jokerfish777 (big blind) folded on the River
Seat 4: VolkovDmitri (button) (small blind) collected ($29.50)


PokerStars Hand #151103096649:  Hold'em Limit ($3/$6 USD) - 2016/03/29 3:55:21 ET
Table 'Phegeus' 6-max Seat #3 is the button
Seat 3: Jokerfish777 ($36.86 in chips)
Seat 4: VolkovDmitri ($158.50 in chips)
Jokerfish777: posts small blind $1
VolkovDmitri: posts big blind $3
*** HOLE CARDS ***
Jokerfish777: folds
Uncalled bet ($2) returned to VolkovDmitri
VolkovDmitri collected $2 from pot
VolkovDmitri: doesn't show hand
*** SUMMARY ***
Total pot $2 | Rake $0
Seat 3: Jokerfish777 (button) (small blind) folded before Flop
Seat 4: VolkovDmitri (big blind) collected ($2)


PokerStars Hand #151103112751:  Hold'em Limit ($3/$6 USD) - 2016/03/29 3:56:19 ET
Table 'Phegeus' 6-max Seat #3 is the button
Seat 3: Jokerfish777 ($20.86 in chips)
Seat 4: VolkovDmitri ($174 in chips)
Jokerfish777: posts small blind $1
VolkovDmitri: posts big blind $3
*** HOLE CARDS ***
Jokerfish777: raises $3 to $6
VolkovDmitri: calls $3
*** FLOP *** [6h 3d Tc]
VolkovDmitri: checks
Jokerfish777: bets $3
VolkovDmitri: calls $3
*** TURN *** [6h 3d Tc] [7c]
VolkovDmitri: checks
Jokerfish777: bets $6
VolkovDmitri: calls $6
*** RIVER *** [6h 3d Tc 7c] [Jh]
VolkovDmitri: checks
Jokerfish777: bets $5.86 and is all-in
VolkovDmitri: folds
Uncalled bet ($5.86) returned to Jokerfish777
Jokerfish777 collected $29.50 from pot
Jokerfish777: doesn't show hand
*** SUMMARY ***
Total pot $30 | Rake $0.50
Board [6h 3d Tc 7c Jh]
Seat 3: Jokerfish777 (button) (small blind) collected ($29.50)
Seat 4: VolkovDmitri (big blind) folded on the River


PokerStars Hand #151103124587:  Hold'em Limit ($3/$6 USD) - 2016/03/29 3:57:01 ET
Table 'Phegeus' 6-max Seat #4 is the button
Seat 3: Jokerfish777 ($35.36 in chips)
Seat 4: VolkovDmitri ($159 in chips)
VolkovDmitri: posts small blind $1
Jokerfish777: posts big blind $3
*** HOLE CARDS ***
VolkovDmitri: raises $3 to $6
Jokerfish777: calls $3
*** FLOP *** [As Kd 8h]
Jokerfish777: bets $3
VolkovDmitri: calls $3
*** TURN *** [As Kd 8h] [Jd]
Jokerfish777: bets $6
VolkovDmitri: calls $6
*** RIVER *** [As Kd 8h Jd] [4s]
Jokerfish777: bets $6
VolkovDmitri: calls $6
*** SHOW DOWN ***
Jokerfish777: shows [4d Ah] (two pair, Aces and Fours)
VolkovDmitri: mucks hand
Jokerfish777 collected $41.50 from pot
*** SUMMARY ***
Total pot $42 | Rake $0.50
Board [As Kd 8h Jd 4s]
Seat 3: Jokerfish777 (big blind) showed [4d Ah] and won ($41.50) with two pair, Aces and Fours
Seat 4: VolkovDmitri (button) (small blind) mucked


PokerStars Hand #151103147996:  Hold'em Limit ($3/$6 USD) - 2016/03/29 3:58:25 ET
Table 'Phegeus' 6-max Seat #4 is the button
Seat 3: Jokerfish777 ($46.86 in chips)
Seat 4: VolkovDmitri ($146.64 in chips)
VolkovDmitri: posts small blind $1
Jokerfish777: posts big blind $3
*** HOLE CARDS ***
VolkovDmitri: raises $3 to $6
Jokerfish777: calls $3
*** FLOP *** [7s 5s Kd]
Jokerfish777: checks
VolkovDmitri: bets $3
Jokerfish777: folds
Uncalled bet ($3) returned to VolkovDmitri
VolkovDmitri collected $11.76 from pot
VolkovDmitri: doesn't show hand
*** SUMMARY ***
Total pot $12 | Rake $0.24
Board [7s 5s Kd]
Seat 3: Jokerfish777 (big blind) folded on the Flop
Seat 4: VolkovDmitri (button) (small blind) collected ($11.76)


PokerStars Hand #151103136421:  Hold'em Limit ($3/$6 USD) - 2016/03/29 3:57:43 ET
Table 'Phegeus' 6-max Seat #3 is the button
Seat 3: Jokerfish777 ($55.86 in chips)
Seat 4: VolkovDmitri ($138 in chips)
Jokerfish777: posts small blind $1
VolkovDmitri: posts big blind $3
*** HOLE CARDS ***
Jokerfish777: raises $3 to $6
VolkovDmitri: calls $3
*** FLOP *** [3c 9d 3d]
VolkovDmitri: bets $3
Jokerfish777: calls $3
*** TURN *** [3c 9d 3d] [6d]
VolkovDmitri: bets $6
Jokerfish777: folds
Uncalled bet ($6) returned to VolkovDmitri
VolkovDmitri collected $17.64 from pot
VolkovDmitri: doesn't show hand
*** SUMMARY ***
Total pot $18 | Rake $0.36
Board [3c 9d 3d 6d]
Seat 3: Jokerfish777 (button) (small blind) folded on the Turn
Seat 4: VolkovDmitri (big blind) collected ($17.64)


PokerStars Hand #151103173707:  Hold'em Limit ($3/$6 USD) - 2016/03/29 3:59:56 ET
Table 'Phegeus' 6-max Seat #3 is the button
Seat 3: Jokerfish777 ($34.61 in chips)
Seat 4: VolkovDmitri ($157.91 in chips)
Jokerfish777: posts small blind $1
VolkovDmitri: posts big blind $3
*** HOLE CARDS ***
Jokerfish777: folds
Uncalled bet ($2) returned to VolkovDmitri
VolkovDmitri collected $2 from pot
VolkovDmitri: doesn't show hand
*** SUMMARY ***
Total pot $2 | Rake $0
Seat 3: Jokerfish777 (button) (small blind) folded before Flop
Seat 4: VolkovDmitri (big blind) collected ($2)


PokerStars Hand #151103169021:  Hold'em Limit ($3/$6 USD) - 2016/03/29 3:59:39 ET
Table 'Phegeus' 6-max Seat #4 is the button
Seat 3: Jokerfish777 ($40.61 in chips)
Seat 4: VolkovDmitri ($152.15 in chips)
VolkovDmitri: posts small blind $1
Jokerfish777: posts big blind $3
*** HOLE CARDS ***
VolkovDmitri: raises $3 to $6
Jokerfish777: calls $3
*** FLOP *** [Ah As Ts]
Jokerfish777: checks
VolkovDmitri: bets $3
Jokerfish777: folds
Uncalled bet ($3) returned to VolkovDmitri
VolkovDmitri collected $11.76 from pot
VolkovDmitri: doesn't show hand
*** SUMMARY ***
Total pot $12 | Rake $0.24
Board [Ah As Ts]
Seat 3: Jokerfish777 (big blind) folded on the Flop
Seat 4: VolkovDmitri (button) (small blind) collected ($11.76)


PokerStars Hand #151103157941:  Hold'em Limit ($3/$6 USD) - 2016/03/29 3:59:00 ET
Table 'Phegeus' 6-max Seat #3 is the button
Seat 3: Jokerfish777 ($40.86 in chips)
Seat 4: VolkovDmitri ($152.40 in chips)
Jokerfish777: posts small blind $1
VolkovDmitri: posts big blind $3
*** HOLE CARDS ***
Jokerfish777: raises $3 to $6
VolkovDmitri: raises $3 to $9
Jokerfish777: calls $3
*** FLOP *** [5h 4d 3s]
VolkovDmitri: bets $3
Jokerfish777: calls $3
*** TURN *** [5h 4d 3s] [6d]
VolkovDmitri: checks
Jokerfish777: checks
*** RIVER *** [5h 4d 3s 6d] [2c]
VolkovDmitri: checks
Jokerfish777: bets $6
VolkovDmitri: calls $6
*** SHOW DOWN ***
Jokerfish777: shows [Ac 6h] (a straight, Deuce to Six)
VolkovDmitri: shows [Ad Jh] (a straight, Deuce to Six)
VolkovDmitri collected $17.75 from pot
Jokerfish777 collected $17.75 from pot
*** SUMMARY ***
Total pot $36 | Rake $0.50
Board [5h 4d 3s 6d 2c]
Seat 3: Jokerfish777 (button) (small blind) showed [Ac 6h] and won ($17.75) with a straight, Deuce to Six
Seat 4: VolkovDmitri (big blind) showed [Ad Jh] and won ($17.75) with a straight, Deuce to Six


PokerStars Hand #151103183758:  Hold'em Limit ($3/$6 USD) - 2016/03/29 4:00:30 ET
Table 'Phegeus' 6-max Seat #4 is the button
Seat 3: Jokerfish777 ($23.61 in chips)
Seat 4: VolkovDmitri ($168.55 in chips)
VolkovDmitri: posts small blind $1
Jokerfish777: posts big blind $3
*** HOLE CARDS ***
VolkovDmitri: raises $3 to $6
Jokerfish777: calls $3
*** FLOP *** [8h Kh 2s]
Jokerfish777: bets $3
VolkovDmitri: raises $3 to $6
Jokerfish777: calls $3
*** TURN *** [8h Kh 2s] [Qh]
Jokerfish777: bets $6
VolkovDmitri: folds
Uncalled bet ($6) returned to Jokerfish777
Jokerfish777 collected $23.52 from pot
*** SUMMARY ***
Total pot $24 | Rake $0.48
Board [8h Kh 2s Qh]
Seat 3: Jokerfish777 (big blind) collected ($23.52)
Seat 4: VolkovDmitri (button) (small blind) folded on the Turn


PokerStars Hand #151103182366:  Hold'em Limit ($3/$6 USD) - 2016/03/29 4:00:25 ET
Table 'Phegeus' 6-max Seat #3 is the button
Seat 3: Jokerfish777 ($24.61 in chips)
Seat 4: VolkovDmitri ($167.55 in chips)
Jokerfish777: posts small blind $1
VolkovDmitri: posts big blind $3
*** HOLE CARDS ***
Jokerfish777: folds
Uncalled bet ($2) returned to VolkovDmitri
VolkovDmitri collected $2 from pot
VolkovDmitri: doesn't show hand
*** SUMMARY ***
Total pot $2 | Rake $0
Seat 3: Jokerfish777 (button) (small blind) folded before Flop
Seat 4: VolkovDmitri (big blind) collected ($2)


PokerStars Hand #151103175239:  Hold'em Limit ($3/$6 USD) - 2016/03/29 4:00:01 ET
Table 'Phegeus' 6-max Seat #4 is the button
Seat 3: Jokerfish777 ($33.61 in chips)
Seat 4: VolkovDmitri ($158.91 in chips)
VolkovDmitri: posts small blind $1
Jokerfish777: posts big blind $3
*** HOLE CARDS ***
VolkovDmitri: raises $3 to $6
Jokerfish777: calls $3
*** FLOP *** [3d 7d 3c]
Jokerfish777: bets $3
VolkovDmitri: calls $3
*** TURN *** [3d 7d 3c] [Jd]
Jokerfish777: checks
VolkovDmitri: bets $6
Jokerfish777: folds
Uncalled bet ($6) returned to VolkovDmitri
VolkovDmitri collected $17.64 from pot
VolkovDmitri: doesn't show hand
*** SUMMARY ***
Total pot $18 | Rake $0.36
Board [3d 7d 3c Jd]
Seat 3: Jokerfish777 (big blind) folded on the Turn
Seat 4: VolkovDmitri (button) (small blind) collected ($17.64)


PokerStars Hand #151103193060:  Hold'em Limit ($3/$6 USD) - 2016/03/29 4:01:01 ET
Table 'Phegeus' 6-max Seat #3 is the button
Seat 3: Jokerfish777 ($35.13 in chips)
Seat 4: VolkovDmitri ($156.55 in chips)
Jokerfish777: posts small blind $1
VolkovDmitri: posts big blind $3
*** HOLE CARDS ***
Jokerfish777: folds
Uncalled bet ($2) returned to VolkovDmitri
VolkovDmitri collected $2 from pot
VolkovDmitri: doesn't show hand
*** SUMMARY ***
Total pot $2 | Rake $0
Seat 3: Jokerfish777 (button) (small blind) folded before Flop
Seat 4: VolkovDmitri (big blind) collected ($2)


PokerStars Hand #151103206006:  Hold'em Limit ($3/$6 USD) - 2016/03/29 4:01:43 ET
Table 'Phegeus' 6-max Seat #3 is the button
Seat 3: Jokerfish777 ($33.88 in chips)
Seat 4: VolkovDmitri ($157.30 in chips)
Jokerfish777: posts small blind $1
VolkovDmitri: posts big blind $3
*** HOLE CARDS ***
Jokerfish777: folds
Uncalled bet ($2) returned to VolkovDmitri
Jokerfish777 leaves the table
VolkovDmitri collected $2 from pot
VolkovDmitri: doesn't show hand
*** SUMMARY ***
Total pot $2 | Rake $0
Seat 3: Jokerfish777 (button) (small blind) folded before Flop
Seat 4: VolkovDmitri (big blind) collected ($2)


PokerStars Hand #151103196877:  Hold'em Limit ($3/$6 USD) - 2016/03/29 4:01:14 ET
Table 'Phegeus' 6-max Seat #4 is the button
Seat 3: Jokerfish777 ($34.13 in chips)
Seat 4: VolkovDmitri ($157.55 in chips)
VolkovDmitri: posts small blind $1
Jokerfish777: posts big blind $3
*** HOLE CARDS ***
VolkovDmitri: raises $3 to $6
Jokerfish777: calls $3
*** FLOP *** [2h 7d Td]
Jokerfish777: checks
VolkovDmitri: bets $3
Jokerfish777: calls $3
*** TURN *** [2h 7d Td] [7s]
Jokerfish777: checks
VolkovDmitri: bets $6
Jokerfish777: calls $6
*** RIVER *** [2h 7d Td 7s] [Qs]
Jokerfish777: checks
VolkovDmitri: checks
*** SHOW DOWN ***
Jokerfish777: shows [6d Ad] (a pair of Sevens)
VolkovDmitri: shows [Ac 5s] (a pair of Sevens)
Jokerfish777 collected $14.75 from pot
VolkovDmitri collected $14.75 from pot
*** SUMMARY ***
Total pot $30 | Rake $0.50
Board [2h 7d Td 7s Qs]
Seat 3: Jokerfish777 (big blind) showed [6d Ad] and won ($14.75) with a pair of Sevens
Seat 4: VolkovDmitri (button) (small blind) showed [Ac 5s] and won ($14.75) with a pair of Sevens


