PokerStars Hand #147687453264:  Hold'em Limit ($3/$6 USD) - 2016/01/25 21:12:03 ET
Table 'Phegeus' 6-max Seat #6 is the button
Seat 2: krytalex ($72 in chips)
Seat 6: SERPENT323 ($129.41 in chips)
SERPENT323: posts small blind $1
SmellyToes4u: is sitting out
krytalex: posts big blind $3
*** HOLE CARDS ***
SERPENT323: raises $3 to $6
krytalex: calls $3
*** FLOP *** [As 7s 6h]
krytalex: checks
SERPENT323: bets $3
krytalex: raises $3 to $6
SERPENT323: calls $3
*** TURN *** [As 7s 6h] [Qc]
krytalex: bets $6
SERPENT323: calls $6
*** RIVER *** [As 7s 6h Qc] [Ks]
krytalex: bets $6
SERPENT323: folds
Uncalled bet ($6) returned to krytalex
krytalex collected $35.50 from pot
*** SUMMARY ***
Total pot $36 | Rake $0.50
Board [As 7s 6h Qc Ks]
Seat 2: krytalex (big blind) collected ($35.50)
Seat 6: SERPENT323 (button) (small blind) folded on the River


PokerStars Hand #147687465910:  Hold'em Limit ($3/$6 USD) - 2016/01/25 21:12:29 ET
Table 'Phegeus' 6-max Seat #2 is the button
Seat 2: krytalex ($89.50 in chips)
Seat 6: SERPENT323 ($111.41 in chips)
krytalex: posts small blind $1
SERPENT323: posts big blind $3
*** HOLE CARDS ***
krytalex: raises $3 to $6
SERPENT323: calls $3
*** FLOP *** [Ts 9c 9d]
SERPENT323: checks
krytalex: bets $3
SERPENT323: calls $3
*** TURN *** [Ts 9c 9d] [Tc]
SERPENT323: checks
krytalex: bets $6
SERPENT323: raises $6 to $12
krytalex: raises $6 to $18
SERPENT323: calls $6
*** RIVER *** [Ts 9c 9d Tc] [5h]
SERPENT323: checks
krytalex: bets $6
SERPENT323: calls $6
*** SHOW DOWN ***
krytalex: shows [Th 7d] (a full house, Tens full of Nines)
SERPENT323: mucks hand
krytalex collected $65.50 from pot
*** SUMMARY ***
Total pot $66 | Rake $0.50
Board [Ts 9c 9d Tc 5h]
Seat 2: krytalex (button) (small blind) showed [Th 7d] and won ($65.50) with a full house, Tens full of Nines
Seat 6: SERPENT323 (big blind) mucked


PokerStars Hand #147687498281:  Hold'em Limit ($3/$6 USD) - 2016/01/25 21:13:37 ET
Table 'Phegeus' 6-max Seat #2 is the button
Seat 2: krytalex ($116 in chips)
Seat 6: SERPENT323 ($84.17 in chips)
krytalex: posts small blind $1
SERPENT323: posts big blind $3
*** HOLE CARDS ***
krytalex: folds
Uncalled bet ($2) returned to SERPENT323
SERPENT323 collected $2 from pot
SERPENT323: doesn't show hand
*** SUMMARY ***
Total pot $2 | Rake $0
Seat 2: krytalex (button) (small blind) folded before Flop
Seat 6: SERPENT323 (big blind) collected ($2)


PokerStars Hand #147687496080:  Hold'em Limit ($3/$6 USD) - 2016/01/25 21:13:33 ET
Table 'Phegeus' 6-max Seat #6 is the button
Seat 2: krytalex ($115 in chips)
Seat 6: SERPENT323 ($85.17 in chips)
SERPENT323: posts small blind $1
krytalex: posts big blind $3
*** HOLE CARDS ***
SERPENT323: folds
Uncalled bet ($2) returned to krytalex
krytalex collected $2 from pot
*** SUMMARY ***
Total pot $2 | Rake $0
Seat 2: krytalex (big blind) collected ($2)
Seat 6: SERPENT323 (button) (small blind) folded before Flop


PokerStars Hand #147687491369:  Hold'em Limit ($3/$6 USD) - 2016/01/25 21:13:23 ET
Table 'Phegeus' 6-max Seat #2 is the button
Seat 2: krytalex ($116 in chips)
Seat 6: SERPENT323 ($84.17 in chips)
krytalex: posts small blind $1
SERPENT323: posts big blind $3
*** HOLE CARDS ***
krytalex: folds
Uncalled bet ($2) returned to SERPENT323
SERPENT323 collected $2 from pot
SERPENT323: doesn't show hand
*** SUMMARY ***
Total pot $2 | Rake $0
Seat 2: krytalex (button) (small blind) folded before Flop
Seat 6: SERPENT323 (big blind) collected ($2)


PokerStars Hand #147687482335:  Hold'em Limit ($3/$6 USD) - 2016/01/25 21:13:04 ET
Table 'Phegeus' 6-max Seat #6 is the button
Seat 2: krytalex ($122 in chips)
Seat 6: SERPENT323 ($78.41 in chips)
SERPENT323: posts small blind $1
krytalex: posts big blind $3
*** HOLE CARDS ***
SERPENT323: raises $3 to $6
krytalex: calls $3
*** FLOP *** [3c 4s 9c]
krytalex: checks
SERPENT323: bets $3
krytalex: folds
Uncalled bet ($3) returned to SERPENT323
SERPENT323 collected $11.76 from pot
SERPENT323: doesn't show hand
*** SUMMARY ***
Total pot $12 | Rake $0.24
Board [3c 4s 9c]
Seat 2: krytalex (big blind) folded on the Flop
Seat 6: SERPENT323 (button) (small blind) collected ($11.76)


PokerStars Hand #147687501774:  Hold'em Limit ($3/$6 USD) - 2016/01/25 21:13:45 ET
Table 'Phegeus' 6-max Seat #6 is the button
Seat 2: krytalex ($115 in chips)
Seat 6: SERPENT323 ($85.17 in chips)
SERPENT323: posts small blind $1
krytalex: posts big blind $3
*** HOLE CARDS ***
SERPENT323: raises $3 to $6
krytalex: calls $3
*** FLOP *** [5d Js 6s]
krytalex: checks
SERPENT323: bets $3
krytalex: folds
Uncalled bet ($3) returned to SERPENT323
SERPENT323 collected $11.76 from pot
SERPENT323: doesn't show hand
*** SUMMARY ***
Total pot $12 | Rake $0.24
Board [5d Js 6s]
Seat 2: krytalex (big blind) folded on the Flop
Seat 6: SERPENT323 (button) (small blind) collected ($11.76)


PokerStars Hand #147687514748:  Hold'em Limit ($3/$6 USD) - 2016/01/25 21:14:12 ET
Table 'Phegeus' 6-max Seat #2 is the button
Seat 2: krytalex ($109 in chips)
Seat 6: SERPENT323 ($90.93 in chips)
krytalex: posts small blind $1
SERPENT323: posts big blind $3
*** HOLE CARDS ***
krytalex: raises $3 to $6
SERPENT323: calls $3
*** FLOP *** [As 7h Tc]
SERPENT323: bets $3
krytalex: calls $3
*** TURN *** [As 7h Tc] [3s]
SERPENT323: bets $6
krytalex: calls $6
*** RIVER *** [As 7h Tc 3s] [5d]
SERPENT323: bets $6
krytalex: calls $6
*** SHOW DOWN ***
SERPENT323: shows [Th 6d] (a pair of Tens)
krytalex: mucks hand
SERPENT323 collected $41.50 from pot
*** SUMMARY ***
Total pot $42 | Rake $0.50
Board [As 7h Tc 3s 5d]
Seat 2: krytalex (button) (small blind) mucked
Seat 6: SERPENT323 (big blind) showed [Th 6d] and won ($41.50) with a pair of Tens


PokerStars Hand #147687539749:  Hold'em Limit ($3/$6 USD) - 2016/01/25 21:15:05 ET
Table 'Phegeus' 6-max Seat #6 is the button
Seat 2: krytalex ($88 in chips)
Seat 6: SERPENT323 ($111.43 in chips)
aless284 joins the table at seat #3
SERPENT323: posts small blind $1
krytalex: posts big blind $3
*** HOLE CARDS ***
SERPENT323: raises $3 to $6
krytalex: raises $3 to $9
SERPENT323: calls $3
*** FLOP *** [3s 9d 8c]
krytalex: bets $3
SERPENT323: raises $3 to $6
krytalex: calls $3
*** TURN *** [3s 9d 8c] [4d]
krytalex: checks
SERPENT323: bets $6
krytalex: folds
Uncalled bet ($6) returned to SERPENT323
SERPENT323 collected $29.50 from pot
SERPENT323: doesn't show hand
*** SUMMARY ***
Total pot $30 | Rake $0.50
Board [3s 9d 8c 4d]
Seat 2: krytalex (big blind) folded on the Turn
Seat 6: SERPENT323 (button) (small blind) collected ($29.50)


PokerStars Hand #147689894034:  Hold'em Limit ($3/$6 USD) - 2016/01/25 22:54:25 ET
Table 'Phegeus' 6-max Seat #2 is the button
Seat 2: krytalex ($216.38 in chips)
Seat 6: harrydonkey ($147.13 in chips)
krytalex: posts small blind $1
Masqb: is sitting out
harrydonkey: posts big blind $3
*** HOLE CARDS ***
krytalex: raises $3 to $6
harrydonkey: calls $3
*** FLOP *** [Jc 7d 4d]
harrydonkey: checks
krytalex: bets $3
harrydonkey: folds
Uncalled bet ($3) returned to krytalex
krytalex collected $11.76 from pot
*** SUMMARY ***
Total pot $12 | Rake $0.24
Board [Jc 7d 4d]
Seat 2: krytalex (button) (small blind) collected ($11.76)
Seat 6: harrydonkey (big blind) folded on the Flop


PokerStars Hand #147689902287:  Hold'em Limit ($3/$6 USD) - 2016/01/25 22:54:49 ET
Table 'Phegeus' 6-max Seat #6 is the button
Seat 2: krytalex ($222.14 in chips)
Seat 6: harrydonkey ($141.13 in chips)
harrydonkey: posts small blind $1
krytalex: posts big blind $3
*** HOLE CARDS ***
harrydonkey: raises $3 to $6
Masqb leaves the table
krytalex: calls $3
*** FLOP *** [5s 9d Ts]
krytalex: checks
harrydonkey: bets $3
krytalex: raises $3 to $6
harrydonkey: calls $3
*** TURN *** [5s 9d Ts] [6s]
krytalex: bets $6
harrydonkey: calls $6
*** RIVER *** [5s 9d Ts 6s] [7h]
krytalex: bets $6
harrydonkey: calls $6
*** SHOW DOWN ***
krytalex: shows [6d Tc] (two pair, Tens and Sixes)
harrydonkey: mucks hand
krytalex collected $47.50 from pot
*** SUMMARY ***
Total pot $48 | Rake $0.50
Board [5s 9d Ts 6s 7h]
Seat 2: krytalex (big blind) showed [6d Tc] and won ($47.50) with two pair, Tens and Sixes
Seat 6: harrydonkey (button) (small blind) mucked


PokerStars Hand #147689915690:  Hold'em Limit ($3/$6 USD) - 2016/01/25 22:55:30 ET
Table 'Phegeus' 6-max Seat #2 is the button
Seat 2: krytalex ($245.64 in chips)
Seat 6: harrydonkey ($117.13 in chips)
krytalex: posts small blind $1
harrydonkey: posts big blind $3
*** HOLE CARDS ***
krytalex: raises $3 to $6
harrydonkey: calls $3
*** FLOP *** [4h 2h 6h]
harrydonkey: checks
krytalex: bets $3
harrydonkey: raises $3 to $6
krytalex: calls $3
*** TURN *** [4h 2h 6h] [Js]
harrydonkey: bets $6
krytalex: calls $6
*** RIVER *** [4h 2h 6h Js] [7d]
harrydonkey: bets $6
krytalex: calls $6
*** SHOW DOWN ***
harrydonkey: shows [Qc Kh] (high card King)
krytalex: mucks hand
harrydonkey collected $47.50 from pot
*** SUMMARY ***
Total pot $48 | Rake $0.50
Board [4h 2h 6h Js 7d]
Seat 2: krytalex (button) (small blind) mucked
Seat 6: harrydonkey (big blind) showed [Qc Kh] and won ($47.50) with high card King


PokerStars Hand #147689944016:  Hold'em Limit ($3/$6 USD) - 2016/01/25 22:57:04 ET
Table 'Phegeus' 6-max Seat #6 is the button
Seat 2: krytalex ($229.28 in chips)
Seat 6: harrydonkey ($132.63 in chips)
harrydonkey: posts small blind $1
krytalex: posts big blind $3
*** HOLE CARDS ***
harrydonkey: folds
Uncalled bet ($2) returned to krytalex
krytalex collected $2 from pot
*** SUMMARY ***
Total pot $2 | Rake $0
Seat 2: krytalex (big blind) collected ($2)
Seat 6: harrydonkey (button) (small blind) folded before Flop


PokerStars Hand #147689941173:  Hold'em Limit ($3/$6 USD) - 2016/01/25 22:56:55 ET
Table 'Phegeus' 6-max Seat #2 is the button
Seat 2: krytalex ($230.28 in chips)
Seat 6: harrydonkey ($131.63 in chips)
krytalex: posts small blind $1
harrydonkey: posts big blind $3
*** HOLE CARDS ***
krytalex: folds
Uncalled bet ($2) returned to harrydonkey
harrydonkey collected $2 from pot
harrydonkey: doesn't show hand
*** SUMMARY ***
Total pot $2 | Rake $0
Seat 2: krytalex (button) (small blind) folded before Flop
Seat 6: harrydonkey (big blind) collected ($2)


PokerStars Hand #147689931029:  Hold'em Limit ($3/$6 USD) - 2016/01/25 22:56:21 ET
Table 'Phegeus' 6-max Seat #6 is the button
Seat 2: krytalex ($221.64 in chips)
Seat 6: harrydonkey ($140.63 in chips)
harrydonkey: posts small blind $1
krytalex: posts big blind $3
*** HOLE CARDS ***
harrydonkey: raises $3 to $6
krytalex: calls $3
*** FLOP *** [4s 8c 7h]
krytalex: checks
harrydonkey: bets $3
krytalex: calls $3
*** TURN *** [4s 8c 7h] [7c]
krytalex: checks
harrydonkey: checks
*** RIVER *** [4s 8c 7h 7c] [3h]
krytalex: bets $6
harrydonkey: folds
Uncalled bet ($6) returned to krytalex
krytalex collected $17.64 from pot
*** SUMMARY ***
Total pot $18 | Rake $0.36
Board [4s 8c 7h 7c 3h]
Seat 2: krytalex (big blind) collected ($17.64)
Seat 6: harrydonkey (button) (small blind) folded on the River


PokerStars Hand #147689957751:  Hold'em Limit ($3/$6 USD) - 2016/01/25 22:57:50 ET
Table 'Phegeus' 6-max Seat #2 is the button
Seat 2: krytalex ($212.28 in chips)
Seat 6: harrydonkey ($149.13 in chips)
krytalex: posts small blind $1
harrydonkey: posts big blind $3
*** HOLE CARDS ***
krytalex: folds
Uncalled bet ($2) returned to harrydonkey
harrydonkey collected $2 from pot
harrydonkey: doesn't show hand
*** SUMMARY ***
Total pot $2 | Rake $0
Seat 2: krytalex (button) (small blind) folded before Flop
Seat 6: harrydonkey (big blind) collected ($2)


PokerStars Hand #147689954153:  Hold'em Limit ($3/$6 USD) - 2016/01/25 22:57:38 ET
Table 'Phegeus' 6-max Seat #6 is the button
Seat 2: krytalex ($215.28 in chips)
Seat 6: harrydonkey ($146.13 in chips)
harrydonkey: posts small blind $1
krytalex: posts big blind $3
*** HOLE CARDS ***
harrydonkey: raises $3 to $6
krytalex: folds
Uncalled bet ($3) returned to harrydonkey
harrydonkey collected $6 from pot
harrydonkey: doesn't show hand
*** SUMMARY ***
Total pot $6 | Rake $0
Seat 2: krytalex (big blind) folded before Flop
Seat 6: harrydonkey (button) (small blind) collected ($6)


PokerStars Hand #147689945739:  Hold'em Limit ($3/$6 USD) - 2016/01/25 22:57:10 ET
Table 'Phegeus' 6-max Seat #2 is the button
Seat 2: krytalex ($230.28 in chips)
Seat 6: harrydonkey ($131.63 in chips)
krytalex: posts small blind $1
harrydonkey: posts big blind $3
*** HOLE CARDS ***
krytalex: raises $3 to $6
harrydonkey: calls $3
*** FLOP *** [Ac Td 8c]
harrydonkey: checks
krytalex: bets $3
harrydonkey: calls $3
*** TURN *** [Ac Td 8c] [Th]
harrydonkey: checks
krytalex: checks
*** RIVER *** [Ac Td 8c Th] [Kd]
harrydonkey: bets $6
krytalex: calls $6
*** SHOW DOWN ***
harrydonkey: shows [Tc 7d] (three of a kind, Tens)
krytalex: mucks hand
harrydonkey collected $29.50 from pot
*** SUMMARY ***
Total pot $30 | Rake $0.50
Board [Ac Td 8c Th Kd]
Seat 2: krytalex (button) (small blind) mucked
Seat 6: harrydonkey (big blind) showed [Tc 7d] and won ($29.50) with three of a kind, Tens


PokerStars Hand #147689971372:  Hold'em Limit ($3/$6 USD) - 2016/01/25 22:58:22 ET
Table 'Phegeus' 6-max Seat #2 is the button
Seat 2: krytalex ($219.92 in chips)
Seat 6: harrydonkey ($141.13 in chips)
krytalex: posts small blind $1
harrydonkey: posts big blind $3
*** HOLE CARDS ***
krytalex: raises $3 to $6
harrydonkey: calls $3
*** FLOP *** [8s 6d As]
harrydonkey: checks
krytalex: bets $3
harrydonkey: calls $3
*** TURN *** [8s 6d As] [8h]
harrydonkey: checks
krytalex: checks
*** RIVER *** [8s 6d As 8h] [3s]
harrydonkey: checks
krytalex: checks
*** SHOW DOWN ***
harrydonkey: shows [4c Qs] (a pair of Eights)
krytalex: mucks hand
harrydonkey collected $17.64 from pot
*** SUMMARY ***
Total pot $18 | Rake $0.36
Board [8s 6d As 8h 3s]
Seat 2: krytalex (button) (small blind) mucked
Seat 6: harrydonkey (big blind) showed [4c Qs] and won ($17.64) with a pair of Eights


PokerStars Hand #147689959382:  Hold'em Limit ($3/$6 USD) - 2016/01/25 22:57:55 ET
Table 'Phegeus' 6-max Seat #6 is the button
Seat 2: krytalex ($211.28 in chips)
Seat 6: harrydonkey ($150.13 in chips)
harrydonkey: posts small blind $1
krytalex: posts big blind $3
*** HOLE CARDS ***
harrydonkey: calls $2
krytalex: raises $3 to $6
harrydonkey: calls $3
*** FLOP *** [Tc 3c 9c]
krytalex: bets $3
harrydonkey: calls $3
*** TURN *** [Tc 3c 9c] [5c]
krytalex: checks
harrydonkey: checks
*** RIVER *** [Tc 3c 9c 5c] [Qd]
krytalex: checks
harrydonkey: checks
*** SHOW DOWN ***
krytalex: shows [Kh Td] (a pair of Tens)
harrydonkey: mucks hand
krytalex collected $17.64 from pot
*** SUMMARY ***
Total pot $18 | Rake $0.36
Board [Tc 3c 9c 5c Qd]
Seat 2: krytalex (big blind) showed [Kh Td] and won ($17.64) with a pair of Tens
Seat 6: harrydonkey (button) (small blind) mucked


PokerStars Hand #147689985096:  Hold'em Limit ($3/$6 USD) - 2016/01/25 22:59:03 ET
Table 'Phegeus' 6-max Seat #6 is the button
Seat 2: krytalex ($210.92 in chips)
Seat 6: harrydonkey ($149.77 in chips)
harrydonkey: posts small blind $1
krytalex: posts big blind $3
*** HOLE CARDS ***
harrydonkey: raises $3 to $6
krytalex: calls $3
*** FLOP *** [9c Th 3c]
krytalex: checks
harrydonkey: bets $3
krytalex: calls $3
*** TURN *** [9c Th 3c] [5c]
krytalex: checks
harrydonkey: bets $6
krytalex: calls $6
*** RIVER *** [9c Th 3c 5c] [2c]
krytalex: checks
harrydonkey: checks
*** SHOW DOWN ***
krytalex: shows [6h 7h] (high card Ten)
harrydonkey: shows [9d Qd] (a pair of Nines)
harrydonkey collected $29.50 from pot
*** SUMMARY ***
Total pot $30 | Rake $0.50
Board [9c Th 3c 5c 2c]
Seat 2: krytalex (big blind) showed [6h 7h] and lost with high card Ten
Seat 6: harrydonkey (button) (small blind) showed [9d Qd] and won ($29.50) with a pair of Nines


PokerStars Hand #147690007907:  Hold'em Limit ($3/$6 USD) - 2016/01/25 23:00:20 ET
Table 'Phegeus' 6-max Seat #6 is the button
Seat 2: krytalex ($180.92 in chips)
Seat 6: harrydonkey ($178.77 in chips)
harrydonkey: posts small blind $1
krytalex: posts big blind $3
*** HOLE CARDS ***
harrydonkey: folds
Uncalled bet ($2) returned to krytalex
krytalex collected $2 from pot
*** SUMMARY ***
Total pot $2 | Rake $0
Seat 2: krytalex (big blind) collected ($2)
Seat 6: harrydonkey (button) (small blind) folded before Flop


PokerStars Hand #147689992243:  Hold'em Limit ($3/$6 USD) - 2016/01/25 22:59:27 ET
Table 'Phegeus' 6-max Seat #2 is the button
Seat 2: krytalex ($195.92 in chips)
Seat 6: harrydonkey ($164.27 in chips)
krytalex: posts small blind $1
harrydonkey: posts big blind $3
*** HOLE CARDS ***
krytalex: raises $3 to $6
harrydonkey: calls $3
*** FLOP *** [8c Ad 8h]
harrydonkey: checks
krytalex: bets $3
harrydonkey: calls $3
*** TURN *** [8c Ad 8h] [3d]
chikokrofne joins the table at seat #3
harrydonkey: checks
krytalex: checks
*** RIVER *** [8c Ad 8h 3d] [7d]
harrydonkey: bets $6
krytalex: calls $6
*** SHOW DOWN ***
harrydonkey: shows [8s Ks] (three of a kind, Eights)
krytalex: mucks hand
harrydonkey collected $29.50 from pot
*** SUMMARY ***
Total pot $30 | Rake $0.50
Board [8c Ad 8h 3d 7d]
Seat 2: krytalex (button) (small blind) mucked
Seat 6: harrydonkey (big blind) showed [8s Ks] and won ($29.50) with three of a kind, Eights


PokerStars Hand #147690644495:  Hold'em Limit ($3/$6 USD) - 2016/01/25 23:33:45 ET
Table 'Phegeus' 6-max Seat #2 is the button
Seat 2: krytalex ($306.99 in chips)
Seat 6: harrydonkey ($84.14 in chips)
krytalex: posts small blind $1
Masqb: is sitting out
harrydonkey: posts big blind $3
*** HOLE CARDS ***
krytalex: raises $3 to $6
Masqb leaves the table
harrydonkey: calls $3
*** FLOP *** [5h 9h 4d]
harrydonkey: checks
krytalex: bets $3
harrydonkey: calls $3
*** TURN *** [5h 9h 4d] [9s]
SGthinh joins the table at seat #3
harrydonkey: checks
krytalex: checks
*** RIVER *** [5h 9h 4d 9s] [Kh]
harrydonkey: checks
krytalex: checks
*** SHOW DOWN ***
harrydonkey: shows [2d Qd] (a pair of Nines)
krytalex: shows [Td Ad] (a pair of Nines - Ace kicker)
krytalex collected $17.64 from pot
*** SUMMARY ***
Total pot $18 | Rake $0.36
Board [5h 9h 4d 9s Kh]
Seat 2: krytalex (button) (small blind) showed [Td Ad] and won ($17.64) with a pair of Nines
Seat 6: harrydonkey (big blind) showed [2d Qd] and lost with a pair of Nines


PokerStars Hand #147690652491:  Hold'em Limit ($3/$6 USD) - 2016/01/25 23:34:12 ET
Table 'Phegeus' 6-max Seat #6 is the button
Seat 2: krytalex ($315.63 in chips)
Seat 6: harrydonkey ($75.14 in chips)
harrydonkey: posts small blind $1
krytalex: posts big blind $3
*** HOLE CARDS ***
harrydonkey: folds
Uncalled bet ($2) returned to krytalex
krytalex collected $2 from pot
*** SUMMARY ***
Total pot $2 | Rake $0
Seat 2: krytalex (big blind) collected ($2)
Seat 6: harrydonkey (button) (small blind) folded before Flop


PokerStars Hand #147692141982:  Hold'em Limit ($3/$6 USD) - 2016/01/26 1:01:52 ET
Table 'Phegeus' 6-max Seat #4 is the button
Seat 3: yu1104 ($94.80 in chips)
Seat 4: Chessnok ($300.65 in chips)
Chessnok: posts small blind $1
krytalex: is sitting out
yu1104: posts big blind $3
*** HOLE CARDS ***
Chessnok: raises $3 to $6
yu1104: calls $3
*** FLOP *** [8c 2s 3d]
yu1104: checks
Chessnok: bets $3
yu1104: calls $3
*** TURN *** [8c 2s 3d] [8d]
yu1104: checks
Chessnok: bets $6
yu1104: raises $6 to $12
Chessnok: raises $6 to $18
yu1104: calls $6
*** RIVER *** [8c 2s 3d 8d] [8h]
yu1104: bets $6
Chessnok: raises $6 to $12
yu1104: calls $6
*** SHOW DOWN ***
Chessnok: shows [7s 7c] (a full house, Eights full of Sevens)
yu1104: mucks hand
Chessnok collected $77.50 from pot
*** SUMMARY ***
Total pot $78 | Rake $0.50
Board [8c 2s 3d 8d 8h]
Seat 3: yu1104 (big blind) mucked
Seat 4: Chessnok (button) (small blind) showed [7s 7c] and won ($77.50) with a full house, Eights full of Sevens


PokerStars Hand #147692157406:  Hold'em Limit ($3/$6 USD) - 2016/01/26 1:02:48 ET
Table 'Phegeus' 6-max Seat #3 is the button
Seat 3: yu1104 ($35.80 in chips)
Seat 4: Chessnok ($358.65 in chips)
yu1104: posts small blind $1
Chessnok: posts big blind $3
*** HOLE CARDS ***
yu1104: raises $3 to $6
Chessnok: calls $3
*** FLOP *** [9h 8h Td]
Chessnok: checks
yu1104: bets $3
Chessnok: calls $3
*** TURN *** [9h 8h Td] [9c]
Chessnok: checks
yu1104: bets $6
Chessnok: calls $6
*** RIVER *** [9h 8h Td 9c] [Qh]
Chessnok: checks
yu1104: bets $6
Chessnok: calls $6
*** SHOW DOWN ***
yu1104: shows [8c Qs] (two pair, Queens and Nines)
Chessnok: mucks hand
yu1104 collected $41.50 from pot
*** SUMMARY ***
Total pot $42 | Rake $0.50
Board [9h 8h Td 9c Qh]
Seat 3: yu1104 (button) (small blind) showed [8c Qs] and won ($41.50) with two pair, Queens and Nines
Seat 4: Chessnok (big blind) mucked


PokerStars Hand #147692156063:  Hold'em Limit ($3/$6 USD) - 2016/01/26 1:02:43 ET
Table 'Phegeus' 6-max Seat #4 is the button
Seat 3: yu1104 ($34.80 in chips)
Seat 4: Chessnok ($359.65 in chips)
Chessnok: posts small blind $1
yu1104: posts big blind $3
*** HOLE CARDS ***
Chessnok: folds
Uncalled bet ($2) returned to yu1104
yu1104 collected $2 from pot
yu1104: doesn't show hand
*** SUMMARY ***
Total pot $2 | Rake $0
Seat 3: yu1104 (big blind) collected ($2)
Seat 4: Chessnok (button) (small blind) folded before Flop


PokerStars Hand #147692149456:  Hold'em Limit ($3/$6 USD) - 2016/01/26 1:02:20 ET
Table 'Phegeus' 6-max Seat #3 is the button
Seat 3: yu1104 ($55.80 in chips)
Seat 4: Chessnok ($339.15 in chips)
yu1104: posts small blind $1
Chessnok: posts big blind $3
*** HOLE CARDS ***
yu1104: raises $3 to $6
Chessnok: calls $3
*** FLOP *** [Qh 6h Jd]
Chessnok: checks
yu1104: bets $3
Chessnok: calls $3
*** TURN *** [Qh 6h Jd] [2d]
Chessnok: checks
yu1104: bets $6
Chessnok: raises $6 to $12
yu1104: calls $6
*** RIVER *** [Qh 6h Jd 2d] [7c]
Chessnok: bets $6
yu1104: folds
Uncalled bet ($6) returned to Chessnok
Chessnok collected $41.50 from pot
Chessnok: doesn't show hand
*** SUMMARY ***
Total pot $42 | Rake $0.50
Board [Qh 6h Jd 2d 7c]
Seat 3: yu1104 (button) (small blind) folded on the River
Seat 4: Chessnok (big blind) collected ($41.50)


PokerStars Hand #147692171607:  Hold'em Limit ($3/$6 USD) - 2016/01/26 1:03:40 ET
Table 'Phegeus' 6-max Seat #4 is the button
Seat 3: yu1104 ($72.80 in chips)
Seat 4: Chessnok ($320.65 in chips)
Chessnok: posts small blind $1
yu1104: posts big blind $3
*** HOLE CARDS ***
Chessnok: raises $3 to $6
yu1104: calls $3
*** FLOP *** [7h Qc 2c]
yu1104: checks
Chessnok: bets $3
yu1104: folds
Uncalled bet ($3) returned to Chessnok
Chessnok collected $11.76 from pot
Chessnok: doesn't show hand
*** SUMMARY ***
Total pot $12 | Rake $0.24
Board [7h Qc 2c]
Seat 3: yu1104 (big blind) folded on the Flop
Seat 4: Chessnok (button) (small blind) collected ($11.76)


PokerStars Hand #147692175410:  Hold'em Limit ($3/$6 USD) - 2016/01/26 1:03:54 ET
Table 'Phegeus' 6-max Seat #3 is the button
Seat 3: yu1104 ($66.80 in chips)
Seat 4: Chessnok ($326.41 in chips)
yu1104: posts small blind $1
Chessnok: posts big blind $3
*** HOLE CARDS ***
yu1104: raises $3 to $6
Chessnok: calls $3
*** FLOP *** [6h Td As]
Chessnok: checks
yu1104: bets $3
Chessnok: folds
Uncalled bet ($3) returned to yu1104
yu1104 collected $11.76 from pot
yu1104: doesn't show hand
*** SUMMARY ***
Total pot $12 | Rake $0.24
Board [6h Td As]
Seat 3: yu1104 (button) (small blind) collected ($11.76)
Seat 4: Chessnok (big blind) folded on the Flop


PokerStars Hand #147692178621:  Hold'em Limit ($3/$6 USD) - 2016/01/26 1:04:05 ET
Table 'Phegeus' 6-max Seat #4 is the button
Seat 3: yu1104 ($72.56 in chips)
Seat 4: Chessnok ($320.41 in chips)
Chessnok: posts small blind $1
yu1104: posts big blind $3
*** HOLE CARDS ***
Chessnok: raises $3 to $6
yu1104: calls $3
*** FLOP *** [9d 3d 8h]
yu1104: checks
Chessnok: bets $3
yu1104: calls $3
*** TURN *** [9d 3d 8h] [9c]
yu1104: checks
Chessnok: bets $6
yu1104: folds
Uncalled bet ($6) returned to Chessnok
Chessnok collected $17.64 from pot
Chessnok: doesn't show hand
*** SUMMARY ***
Total pot $18 | Rake $0.36
Board [9d 3d 8h 9c]
Seat 3: yu1104 (big blind) folded on the Turn
Seat 4: Chessnok (button) (small blind) collected ($17.64)


PokerStars Hand #147692169957:  Hold'em Limit ($3/$6 USD) - 2016/01/26 1:03:34 ET
Table 'Phegeus' 6-max Seat #3 is the button
Seat 3: yu1104 ($73.80 in chips)
Seat 4: Chessnok ($319.65 in chips)
yu1104: posts small blind $1
Chessnok: posts big blind $3
*** HOLE CARDS ***
yu1104: folds
Uncalled bet ($2) returned to Chessnok
Chessnok collected $2 from pot
Chessnok: doesn't show hand
*** SUMMARY ***
Total pot $2 | Rake $0
Seat 3: yu1104 (button) (small blind) folded before Flop
Seat 4: Chessnok (big blind) collected ($2)


PokerStars Hand #147692163384:  Hold'em Limit ($3/$6 USD) - 2016/01/26 1:03:10 ET
Table 'Phegeus' 6-max Seat #4 is the button
Seat 3: yu1104 ($56.30 in chips)
Seat 4: Chessnok ($337.65 in chips)
Chessnok: posts small blind $1
yu1104: posts big blind $3
*** HOLE CARDS ***
Chessnok: raises $3 to $6
yu1104: calls $3
*** FLOP *** [2s 7d 4s]
yu1104: checks
Chessnok: bets $3
yu1104: raises $3 to $6
Chessnok: calls $3
*** TURN *** [2s 7d 4s] [4c]
yu1104: bets $6
Chessnok: calls $6
*** RIVER *** [2s 7d 4s 4c] [5s]
yu1104: bets $6
Chessnok: folds
Uncalled bet ($6) returned to yu1104
yu1104 collected $35.50 from pot
yu1104: doesn't show hand
*** SUMMARY ***
Total pot $36 | Rake $0.50
Board [2s 7d 4s 4c 5s]
Seat 3: yu1104 (big blind) collected ($35.50)
Seat 4: Chessnok (button) (small blind) folded on the River


PokerStars Hand #147692183282:  Hold'em Limit ($3/$6 USD) - 2016/01/26 1:04:22 ET
Table 'Phegeus' 6-max Seat #3 is the button
Seat 3: yu1104 ($63.56 in chips)
Seat 4: Chessnok ($329.05 in chips)
yu1104: posts small blind $1
Chessnok: posts big blind $3
*** HOLE CARDS ***
yu1104: raises $3 to $6
Chessnok: raises $3 to $9
yu1104: calls $3
*** FLOP *** [6s 4c 2h]
Chessnok: bets $3
yu1104: calls $3
*** TURN *** [6s 4c 2h] [8s]
Chessnok: bets $6
yu1104: calls $6
*** RIVER *** [6s 4c 2h 8s] [Qd]
Chessnok: checks
yu1104: bets $6
Chessnok: raises $6 to $12
yu1104: calls $6
*** SHOW DOWN ***
Chessnok: shows [Qs Ah] (a pair of Queens)
yu1104: mucks hand
Chessnok collected $59.50 from pot
*** SUMMARY ***
Total pot $60 | Rake $0.50
Board [6s 4c 2h 8s Qd]
Seat 3: yu1104 (button) (small blind) mucked
Seat 4: Chessnok (big blind) showed [Qs Ah] and won ($59.50) with a pair of Queens


PokerStars Hand #147692189740:  Hold'em Limit ($3/$6 USD) - 2016/01/26 1:04:46 ET
Table 'Phegeus' 6-max Seat #4 is the button
Seat 3: yu1104 ($33.56 in chips)
Seat 4: Chessnok ($358.55 in chips)
Chessnok: posts small blind $1
yu1104: posts big blind $3
*** HOLE CARDS ***
Chessnok: raises $3 to $6
yu1104: calls $3
*** FLOP *** [4h 2c As]
yu1104: checks
Chessnok: bets $3
yu1104: calls $3
*** TURN *** [4h 2c As] [7d]
yu1104: checks
Chessnok: checks
*** RIVER *** [4h 2c As 7d] [7c]
yu1104: checks
Chessnok: bets $6
yu1104: folds
Uncalled bet ($6) returned to Chessnok
Chessnok collected $17.64 from pot
Chessnok: doesn't show hand
*** SUMMARY ***
Total pot $18 | Rake $0.36
Board [4h 2c As 7d 7c]
Seat 3: yu1104 (big blind) folded on the River
Seat 4: Chessnok (button) (small blind) collected ($17.64)


PokerStars Hand #147692196295:  Hold'em Limit ($3/$6 USD) - 2016/01/26 1:05:07 ET
Table 'Phegeus' 6-max Seat #3 is the button
Seat 3: yu1104 ($24.56 in chips)
Seat 4: Chessnok ($367.19 in chips)
yu1104: posts small blind $1
Chessnok: posts big blind $3
*** HOLE CARDS ***
yu1104: raises $3 to $6
Chessnok: raises $3 to $9
yu1104: calls $3
*** FLOP *** [8s Th 9c]
Chessnok: bets $3
yu1104: calls $3
*** TURN *** [8s Th 9c] [6c]
Chessnok: bets $6
yu1104: raises $6 to $12
Chessnok: raises $6 to $18
yu1104: calls $0.56 and is all-in
Uncalled bet ($5.44) returned to Chessnok
*** RIVER *** [8s Th 9c 6c] [2c]
*** SHOW DOWN ***
Chessnok: shows [Kc Jc] (a flush, King high)
yu1104: shows [2h Qd] (a pair of Deuces)
Chessnok collected $48.62 from pot
*** SUMMARY ***
Total pot $49.12 | Rake $0.50
Board [8s Th 9c 6c 2c]
Seat 3: yu1104 (button) (small blind) showed [2h Qd] and lost with a pair of Deuces
Seat 4: Chessnok (big blind) showed [Kc Jc] and won ($48.62) with a flush, King high


