PokerStars Hand #158342109197:  Hold'em Limit ($3/$6 USD) - 2016/09/08 16:14:46 ET
Table 'Phemios' 6-max Seat #3 is the button
Seat 3: CatPuppy1999 ($48 in chips)
Seat 5: Esta82 ($120 in chips)
CatPuppy1999: posts small blind $1
Esta82: posts big blind $3
*** HOLE CARDS ***
CatPuppy1999: raises $3 to $6
Esta82: calls $3
*** FLOP *** [Qd Jh 9s]
Esta82: checks
CatPuppy1999: bets $3
Esta82: calls $3
*** TURN *** [Qd Jh 9s] [4s]
Esta82: checks
CatPuppy1999: checks
*** RIVER *** [Qd Jh 9s 4s] [8c]
Esta82: checks
CatPuppy1999: checks
*** SHOW DOWN ***
Esta82: shows [3d Ad] (high card Ace)
CatPuppy1999: shows [8d 5c] (a pair of Eights)
CatPuppy1999 collected $17.64 from pot
*** SUMMARY ***
Total pot $18 | Rake $0.36
Board [Qd Jh 9s 4s 8c]
Seat 3: CatPuppy1999 (button) (small blind) showed [8d 5c] and won ($17.64) with a pair of Eights
Seat 5: Esta82 (big blind) showed [3d Ad] and lost with high card Ace


PokerStars Hand #158342131791:  Hold'em Limit ($3/$6 USD) - 2016/09/08 16:15:11 ET
Table 'Phemios' 6-max Seat #5 is the button
Seat 3: CatPuppy1999 ($72 in chips)
Seat 5: Esta82 ($111 in chips)
Esta82: posts small blind $1
CatPuppy1999: posts big blind $3
*** HOLE CARDS ***
Esta82: raises $3 to $6
CatPuppy1999: raises $3 to $9
Esta82: calls $3
*** FLOP *** [2d Kh 9c]
CatPuppy1999: bets $3
Esta82: calls $3
*** TURN *** [2d Kh 9c] [5s]
CatPuppy1999: checks
Esta82: bets $6
CatPuppy1999: calls $6
*** RIVER *** [2d Kh 9c 5s] [9d]
CatPuppy1999: checks
Esta82: bets $6
CatPuppy1999: calls $6
*** SHOW DOWN ***
Esta82: shows [Kd 7c] (two pair, Kings and Nines)
CatPuppy1999: mucks hand
Esta82 collected $47.50 from pot
*** SUMMARY ***
Total pot $48 | Rake $0.50
Board [2d Kh 9c 5s 9d]
Seat 3: CatPuppy1999 (big blind) mucked
Seat 5: Esta82 (button) (small blind) showed [Kd 7c] and won ($47.50) with two pair, Kings and Nines


PokerStars Hand #158342186776:  Hold'em Limit ($3/$6 USD) - 2016/09/08 16:16:13 ET
Table 'Phemios' 6-max Seat #3 is the button
Seat 3: CatPuppy1999 ($72 in chips)
Seat 5: Esta82 ($148.90 in chips)
CatPuppy1999: posts small blind $1
Esta82: posts big blind $3
*** HOLE CARDS ***
CatPuppy1999: raises $3 to $6
Esta82: folds
Uncalled bet ($3) returned to CatPuppy1999
CatPuppy1999 collected $6 from pot
CatPuppy1999: doesn't show hand
*** SUMMARY ***
Total pot $6 | Rake $0
Seat 3: CatPuppy1999 (button) (small blind) collected ($6)
Seat 5: Esta82 (big blind) folded before Flop


PokerStars Hand #158342173265:  Hold'em Limit ($3/$6 USD) - 2016/09/08 16:15:58 ET
Table 'Phemios' 6-max Seat #5 is the button
Seat 3: CatPuppy1999 ($72 in chips)
Seat 5: Esta82 ($143.14 in chips)
Esta82: posts small blind $1
CatPuppy1999: posts big blind $3
*** HOLE CARDS ***
Esta82: raises $3 to $6
CatPuppy1999: calls $3
*** FLOP *** [Qc 4h 6d]
CatPuppy1999: checks
Esta82: bets $3
CatPuppy1999: folds
Uncalled bet ($3) returned to Esta82
Esta82 collected $11.76 from pot
Esta82: doesn't show hand
*** SUMMARY ***
Total pot $12 | Rake $0.24
Board [Qc 4h 6d]
Seat 3: CatPuppy1999 (big blind) folded on the Flop
Seat 5: Esta82 (button) (small blind) collected ($11.76)


PokerStars Hand #158342157060:  Hold'em Limit ($3/$6 USD) - 2016/09/08 16:15:40 ET
Table 'Phemios' 6-max Seat #3 is the button
Seat 3: CatPuppy1999 ($72 in chips)
Seat 5: Esta82 ($134.50 in chips)
CatPuppy1999: posts small blind $1
Esta82: posts big blind $3
*** HOLE CARDS ***
CatPuppy1999: raises $3 to $6
Esta82: calls $3
*** FLOP *** [3d Kh Ad]
Esta82: checks
CatPuppy1999: bets $3
Esta82: calls $3
*** TURN *** [3d Kh Ad] [7c]
Esta82: checks
CatPuppy1999: checks
*** RIVER *** [3d Kh Ad 7c] [5c]
Esta82: bets $6
CatPuppy1999: folds
Uncalled bet ($6) returned to Esta82
Esta82 collected $17.64 from pot
*** SUMMARY ***
Total pot $18 | Rake $0.36
Board [3d Kh Ad 7c 5c]
Seat 3: CatPuppy1999 (button) (small blind) folded on the River
Seat 5: Esta82 (big blind) collected ($17.64)


PokerStars Hand #158342192464:  Hold'em Limit ($3/$6 USD) - 2016/09/08 16:16:20 ET
Table 'Phemios' 6-max Seat #5 is the button
Seat 3: CatPuppy1999 ($75 in chips)
Seat 5: Esta82 ($145.90 in chips)
Esta82: posts small blind $1
CatPuppy1999: posts big blind $3
*** HOLE CARDS ***
Esta82: raises $3 to $6
CatPuppy1999: calls $3
*** FLOP *** [6s 3d 2s]
CatPuppy1999: checks
Esta82: bets $3
CatPuppy1999: folds
Uncalled bet ($3) returned to Esta82
Esta82 collected $11.76 from pot
Esta82: doesn't show hand
*** SUMMARY ***
Total pot $12 | Rake $0.24
Board [6s 3d 2s]
Seat 3: CatPuppy1999 (big blind) folded on the Flop
Seat 5: Esta82 (button) (small blind) collected ($11.76)


PokerStars Hand #158342207425:  Hold'em Limit ($3/$6 USD) - 2016/09/08 16:16:37 ET
Table 'Phemios' 6-max Seat #3 is the button
Seat 3: CatPuppy1999 ($72 in chips)
Seat 5: Esta82 ($151.66 in chips)
CatPuppy1999: posts small blind $1
Esta82: posts big blind $3
*** HOLE CARDS ***
CatPuppy1999: raises $3 to $6
Esta82: raises $3 to $9
CatPuppy1999: calls $3
*** FLOP *** [7h 3d 6c]
Esta82: bets $3
CatPuppy1999: calls $3
*** TURN *** [7h 3d 6c] [5d]
Esta82: bets $6
CatPuppy1999: folds
Uncalled bet ($6) returned to Esta82
Esta82 collected $23.52 from pot
Esta82: doesn't show hand
*** SUMMARY ***
Total pot $24 | Rake $0.48
Board [7h 3d 6c 5d]
Seat 3: CatPuppy1999 (button) (small blind) folded on the Turn
Seat 5: Esta82 (big blind) collected ($23.52)


PokerStars Hand #158342238645:  Hold'em Limit ($3/$6 USD) - 2016/09/08 16:17:12 ET
Table 'Phemios' 6-max Seat #5 is the button
Seat 3: CatPuppy1999 ($72 in chips)
Seat 5: Esta82 ($163.18 in chips)
Esta82: posts small blind $1
CatPuppy1999: posts big blind $3
*** HOLE CARDS ***
Esta82: raises $3 to $6
CatPuppy1999: raises $3 to $9
Esta82: raises $3 to $12
Betting is capped
CatPuppy1999: calls $3
*** FLOP *** [2c Js Jc]
CatPuppy1999: checks
Esta82: bets $3
CatPuppy1999: calls $3
*** TURN *** [2c Js Jc] [9c]
CatPuppy1999: checks
Esta82: bets $6
CatPuppy1999: calls $6
*** RIVER *** [2c Js Jc 9c] [5d]
CatPuppy1999: checks
Esta82: bets $6
CatPuppy1999: folds
Uncalled bet ($6) returned to Esta82
Esta82 collected $41.50 from pot
Esta82: doesn't show hand
*** SUMMARY ***
Total pot $42 | Rake $0.50
Board [2c Js Jc 9c 5d]
Seat 3: CatPuppy1999 (big blind) folded on the River
Seat 5: Esta82 (button) (small blind) collected ($41.50)


PokerStars Hand #158342268556:  Hold'em Limit ($3/$6 USD) - 2016/09/08 16:17:45 ET
Table 'Phemios' 6-max Seat #3 is the button
Seat 3: CatPuppy1999 ($72 in chips)
Seat 5: Esta82 ($183.68 in chips)
CatPuppy1999: posts small blind $1
Esta82: posts big blind $3
*** HOLE CARDS ***
CatPuppy1999: raises $3 to $6
Esta82: folds
Uncalled bet ($3) returned to CatPuppy1999
CatPuppy1999 collected $6 from pot
CatPuppy1999: doesn't show hand
*** SUMMARY ***
Total pot $6 | Rake $0
Seat 3: CatPuppy1999 (button) (small blind) collected ($6)
Seat 5: Esta82 (big blind) folded before Flop


PokerStars Hand #158342292261:  Hold'em Limit ($3/$6 USD) - 2016/09/08 16:18:12 ET
Table 'Phemios' 6-max Seat #3 is the button
Seat 3: CatPuppy1999 ($72 in chips)
Seat 5: Esta82 ($186.44 in chips)
CatPuppy1999: posts small blind $1
Esta82: posts big blind $3
*** HOLE CARDS ***
CatPuppy1999: raises $3 to $6
Esta82: folds
Uncalled bet ($3) returned to CatPuppy1999
CatPuppy1999 collected $6 from pot
CatPuppy1999: doesn't show hand
*** SUMMARY ***
Total pot $6 | Rake $0
Seat 3: CatPuppy1999 (button) (small blind) collected ($6)
Seat 5: Esta82 (big blind) folded before Flop


PokerStars Hand #158342280462:  Hold'em Limit ($3/$6 USD) - 2016/09/08 16:17:59 ET
Table 'Phemios' 6-max Seat #5 is the button
Seat 3: CatPuppy1999 ($75 in chips)
Seat 5: Esta82 ($180.68 in chips)
Esta82: posts small blind $1
CatPuppy1999: posts big blind $3
*** HOLE CARDS ***
Esta82: raises $3 to $6
CatPuppy1999: calls $3
*** FLOP *** [Qc 5d 8h]
CatPuppy1999: checks
Esta82: bets $3
CatPuppy1999: folds
Uncalled bet ($3) returned to Esta82
Esta82 collected $11.76 from pot
*** SUMMARY ***
Total pot $12 | Rake $0.24
Board [Qc 5d 8h]
Seat 3: CatPuppy1999 (big blind) folded on the Flop
Seat 5: Esta82 (button) (small blind) collected ($11.76)


PokerStars Hand #158342299957:  Hold'em Limit ($3/$6 USD) - 2016/09/08 16:18:20 ET
Table 'Phemios' 6-max Seat #5 is the button
Seat 3: CatPuppy1999 ($75 in chips)
Seat 5: Esta82 ($183.44 in chips)
Esta82: posts small blind $1
CatPuppy1999: posts big blind $3
*** HOLE CARDS ***
Esta82: raises $3 to $6
CatPuppy1999: raises $3 to $9
Esta82: calls $3
*** FLOP *** [8h 3c Ad]
CatPuppy1999: bets $3
Esta82: folds
Uncalled bet ($3) returned to CatPuppy1999
CatPuppy1999 collected $17.64 from pot
CatPuppy1999: doesn't show hand
*** SUMMARY ***
Total pot $18 | Rake $0.36
Board [8h 3c Ad]
Seat 3: CatPuppy1999 (big blind) collected ($17.64)
Seat 5: Esta82 (button) (small blind) folded on the Flop


PokerStars Hand #158342315914:  Hold'em Limit ($3/$6 USD) - 2016/09/08 16:18:38 ET
Table 'Phemios' 6-max Seat #3 is the button
Seat 3: CatPuppy1999 ($83.64 in chips)
Seat 5: Esta82 ($174.44 in chips)
CatPuppy1999: posts small blind $1
Esta82: posts big blind $3
*** HOLE CARDS ***
CatPuppy1999: raises $3 to $6
Esta82: calls $3
*** FLOP *** [5h Th Kd]
Esta82: checks
CatPuppy1999: bets $3
Esta82: folds
Uncalled bet ($3) returned to CatPuppy1999
CatPuppy1999 collected $11.76 from pot
CatPuppy1999: doesn't show hand
*** SUMMARY ***
Total pot $12 | Rake $0.24
Board [5h Th Kd]
Seat 3: CatPuppy1999 (button) (small blind) collected ($11.76)
Seat 5: Esta82 (big blind) folded on the Flop


PokerStars Hand #158342330845:  Hold'em Limit ($3/$6 USD) - 2016/09/08 16:18:55 ET
Table 'Phemios' 6-max Seat #5 is the button
Seat 3: CatPuppy1999 ($89.40 in chips)
Seat 5: Esta82 ($168.44 in chips)
Esta82: posts small blind $1
CatPuppy1999: posts big blind $3
*** HOLE CARDS ***
Esta82: folds
Uncalled bet ($2) returned to CatPuppy1999
CatPuppy1999 collected $2 from pot
CatPuppy1999: doesn't show hand
*** SUMMARY ***
Total pot $2 | Rake $0
Seat 3: CatPuppy1999 (big blind) collected ($2)
Seat 5: Esta82 (button) (small blind) folded before Flop


PokerStars Hand #158342337593:  Hold'em Limit ($3/$6 USD) - 2016/09/08 16:19:03 ET
Table 'Phemios' 6-max Seat #3 is the button
Seat 3: CatPuppy1999 ($90.40 in chips)
Seat 5: Esta82 ($167.44 in chips)
CatPuppy1999: posts small blind $1
Esta82: posts big blind $3
*** HOLE CARDS ***
CatPuppy1999: raises $3 to $6
Esta82: calls $3
*** FLOP *** [Th 4s Jc]
Esta82: checks
CatPuppy1999: checks
*** TURN *** [Th 4s Jc] [Qd]
Esta82: bets $6
CatPuppy1999: calls $6
*** RIVER *** [Th 4s Jc Qd] [2c]
Esta82: bets $6
CatPuppy1999: folds
Uncalled bet ($6) returned to Esta82
Esta82 collected $23.52 from pot
*** SUMMARY ***
Total pot $24 | Rake $0.48
Board [Th 4s Jc Qd 2c]
Seat 3: CatPuppy1999 (button) (small blind) folded on the River
Seat 5: Esta82 (big blind) collected ($23.52)


PokerStars Hand #158342374680:  Hold'em Limit ($3/$6 USD) - 2016/09/08 16:19:45 ET
Table 'Phemios' 6-max Seat #5 is the button
Seat 3: CatPuppy1999 ($78.40 in chips)
Seat 5: Esta82 ($178.96 in chips)
Esta82: posts small blind $1
CatPuppy1999: posts big blind $3
*** HOLE CARDS ***
Esta82: raises $3 to $6
CatPuppy1999: folds
Uncalled bet ($3) returned to Esta82
Esta82 collected $6 from pot
*** SUMMARY ***
Total pot $6 | Rake $0
Seat 3: CatPuppy1999 (big blind) folded before Flop
Seat 5: Esta82 (button) (small blind) collected ($6)


PokerStars Hand #158342419430:  Hold'em Limit ($3/$6 USD) - 2016/09/08 16:20:35 ET
Table 'Phemios' 6-max Seat #3 is the button
Seat 3: CatPuppy1999 ($98.90 in chips)
Seat 5: Esta82 ($157.96 in chips)
CatPuppy1999: posts small blind $1
Esta82: posts big blind $3
*** HOLE CARDS ***
CatPuppy1999: raises $3 to $6
Esta82: raises $3 to $9
CatPuppy1999: calls $3
*** FLOP *** [Kh Ad 6s]
Esta82: bets $3
CatPuppy1999: folds
Uncalled bet ($3) returned to Esta82
Esta82 collected $17.64 from pot
*** SUMMARY ***
Total pot $18 | Rake $0.36
Board [Kh Ad 6s]
Seat 3: CatPuppy1999 (button) (small blind) folded on the Flop
Seat 5: Esta82 (big blind) collected ($17.64)


PokerStars Hand #158342381086:  Hold'em Limit ($3/$6 USD) - 2016/09/08 16:19:52 ET
Table 'Phemios' 6-max Seat #3 is the button
Seat 3: CatPuppy1999 ($75.40 in chips)
Seat 5: Esta82 ($181.96 in chips)
CatPuppy1999: posts small blind $1
Esta82: posts big blind $3
*** HOLE CARDS ***
CatPuppy1999: raises $3 to $6
Esta82: folds
Uncalled bet ($3) returned to CatPuppy1999
CatPuppy1999 collected $6 from pot
CatPuppy1999: doesn't show hand
*** SUMMARY ***
Total pot $6 | Rake $0
Seat 3: CatPuppy1999 (button) (small blind) collected ($6)
Seat 5: Esta82 (big blind) folded before Flop


PokerStars Hand #158342387504:  Hold'em Limit ($3/$6 USD) - 2016/09/08 16:19:59 ET
Table 'Phemios' 6-max Seat #5 is the button
Seat 3: CatPuppy1999 ($78.40 in chips)
Seat 5: Esta82 ($178.96 in chips)
Esta82: posts small blind $1
CatPuppy1999: posts big blind $3
*** HOLE CARDS ***
Esta82: raises $3 to $6
CatPuppy1999: calls $3
*** FLOP *** [6s 8h Tc]
CatPuppy1999: checks
Esta82: bets $3
CatPuppy1999: calls $3
*** TURN *** [6s 8h Tc] [3h]
CatPuppy1999: checks
Esta82: bets $6
CatPuppy1999: calls $6
*** RIVER *** [6s 8h Tc 3h] [5c]
CatPuppy1999: checks
Esta82: bets $6
CatPuppy1999: calls $6
*** SHOW DOWN ***
Esta82: shows [2s 3c] (a pair of Threes)
CatPuppy1999: shows [8d Qh] (a pair of Eights)
CatPuppy1999 collected $41.50 from pot
*** SUMMARY ***
Total pot $42 | Rake $0.50
Board [6s 8h Tc 3h 5c]
Seat 3: CatPuppy1999 (big blind) showed [8d Qh] and won ($41.50) with a pair of Eights
Seat 5: Esta82 (button) (small blind) showed [2s 3c] and lost with a pair of Threes


PokerStars Hand #158342430771:  Hold'em Limit ($3/$6 USD) - 2016/09/08 16:20:48 ET
Table 'Phemios' 6-max Seat #5 is the button
Seat 3: CatPuppy1999 ($89.90 in chips)
Seat 5: Esta82 ($166.60 in chips)
Esta82: posts small blind $1
CatPuppy1999: posts big blind $3
*** HOLE CARDS ***
Esta82: raises $3 to $6
CatPuppy1999: calls $3
*** FLOP *** [7h 4c Js]
CatPuppy1999: checks
Esta82: bets $3
CatPuppy1999: calls $3
*** TURN *** [7h 4c Js] [5d]
CatPuppy1999: checks
Esta82: bets $6
CatPuppy1999: calls $6
*** RIVER *** [7h 4c Js 5d] [Kh]
CatPuppy1999: checks
Esta82: bets $6
CatPuppy1999: calls $6
*** SHOW DOWN ***
Esta82: shows [8d 9c] (high card King)
CatPuppy1999: shows [2d 7d] (a pair of Sevens)
CatPuppy1999 collected $41.50 from pot
*** SUMMARY ***
Total pot $42 | Rake $0.50
Board [7h 4c Js 5d Kh]
Seat 3: CatPuppy1999 (big blind) showed [2d 7d] and won ($41.50) with a pair of Sevens
Seat 5: Esta82 (button) (small blind) showed [8d 9c] and lost with high card King


PokerStars Hand #158342471481:  Hold'em Limit ($3/$6 USD) - 2016/09/08 16:21:34 ET
Table 'Phemios' 6-max Seat #3 is the button
Seat 3: CatPuppy1999 ($110.40 in chips)
Seat 5: Esta82 ($145.60 in chips)
CatPuppy1999: posts small blind $1
Esta82: posts big blind $3
*** HOLE CARDS ***
CatPuppy1999: raises $3 to $6
Esta82 said, "27 lol"
Esta82: calls $3
*** FLOP *** [Qd 7s 2c]
Esta82: checks
CatPuppy1999: bets $3
Esta82: calls $3
*** TURN *** [Qd 7s 2c] [Qc]
Esta82: checks
CatPuppy1999: bets $6
Esta82: raises $6 to $12
CatPuppy1999: calls $6
*** RIVER *** [Qd 7s 2c Qc] [8c]
Esta82: bets $6
CatPuppy1999: folds
Uncalled bet ($6) returned to Esta82
Esta82 collected $41.50 from pot
*** SUMMARY ***
Total pot $42 | Rake $0.50
Board [Qd 7s 2c Qc 8c]
Seat 3: CatPuppy1999 (button) (small blind) folded on the River
Seat 5: Esta82 (big blind) collected ($41.50)


PokerStars Hand #158342506465:  Hold'em Limit ($3/$6 USD) - 2016/09/08 16:22:14 ET
Table 'Phemios' 6-max Seat #5 is the button
Seat 3: CatPuppy1999 ($89.40 in chips)
Seat 5: Esta82 ($166.10 in chips)
Esta82: posts small blind $1
CatPuppy1999: posts big blind $3
*** HOLE CARDS ***
Esta82: raises $3 to $6
CatPuppy1999: calls $3
*** FLOP *** [7c 4d 5d]
CatPuppy1999: checks
Esta82: bets $3
CatPuppy1999: raises $3 to $6
Esta82: calls $3
*** TURN *** [7c 4d 5d] [8c]
CatPuppy1999: bets $6
Esta82: calls $6
*** RIVER *** [7c 4d 5d 8c] [2s]
CatPuppy1999: bets $6
Esta82: folds
Uncalled bet ($6) returned to CatPuppy1999
CatPuppy1999 collected $35.50 from pot
CatPuppy1999: doesn't show hand
*** SUMMARY ***
Total pot $36 | Rake $0.50
Board [7c 4d 5d 8c 2s]
Seat 3: CatPuppy1999 (big blind) collected ($35.50)
Seat 5: Esta82 (button) (small blind) folded on the River


PokerStars Hand #158342527790:  Hold'em Limit ($3/$6 USD) - 2016/09/08 16:22:39 ET
Table 'Phemios' 6-max Seat #3 is the button
Seat 3: CatPuppy1999 ($106.90 in chips)
Seat 5: Esta82 ($148.10 in chips)
CatPuppy1999: posts small blind $1
Esta82: posts big blind $3
*** HOLE CARDS ***
CatPuppy1999: raises $3 to $6
Esta82: calls $3
*** FLOP *** [Tc 9s 7s]
Esta82: checks
CatPuppy1999: checks
*** TURN *** [Tc 9s 7s] [4d]
Esta82: checks
CatPuppy1999: bets $6
Esta82: folds
Uncalled bet ($6) returned to CatPuppy1999
CatPuppy1999 collected $11.76 from pot
CatPuppy1999: doesn't show hand
*** SUMMARY ***
Total pot $12 | Rake $0.24
Board [Tc 9s 7s 4d]
Seat 3: CatPuppy1999 (button) (small blind) collected ($11.76)
Seat 5: Esta82 (big blind) folded on the Turn


PokerStars Hand #158342541050:  Hold'em Limit ($3/$6 USD) - 2016/09/08 16:22:54 ET
Table 'Phemios' 6-max Seat #5 is the button
Seat 3: CatPuppy1999 ($112.66 in chips)
Seat 5: Esta82 ($142.10 in chips)
Esta82: posts small blind $1
CatPuppy1999: posts big blind $3
*** HOLE CARDS ***
Esta82: raises $3 to $6
CatPuppy1999: calls $3
*** FLOP *** [As Ah 5h]
CatPuppy1999: checks
Esta82: bets $3
CatPuppy1999: folds
Uncalled bet ($3) returned to Esta82
Esta82 collected $11.76 from pot
*** SUMMARY ***
Total pot $12 | Rake $0.24
Board [As Ah 5h]
Seat 3: CatPuppy1999 (big blind) folded on the Flop
Seat 5: Esta82 (button) (small blind) collected ($11.76)


PokerStars Hand #158342556253:  Hold'em Limit ($3/$6 USD) - 2016/09/08 16:23:11 ET
Table 'Phemios' 6-max Seat #3 is the button
Seat 3: CatPuppy1999 ($106.66 in chips)
Seat 5: Esta82 ($147.86 in chips)
CatPuppy1999: posts small blind $1
Esta82: posts big blind $3
*** HOLE CARDS ***
CatPuppy1999: raises $3 to $6
Esta82: calls $3
*** FLOP *** [Ac 7c 5s]
Esta82: checks
CatPuppy1999: bets $3
Esta82: calls $3
*** TURN *** [Ac 7c 5s] [5h]
Esta82: checks
CatPuppy1999: bets $6
Esta82: raises $6 to $12
CatPuppy1999: folds
Uncalled bet ($6) returned to Esta82
Esta82 collected $29.50 from pot
Esta82: doesn't show hand
*** SUMMARY ***
Total pot $30 | Rake $0.50
Board [Ac 7c 5s 5h]
Seat 3: CatPuppy1999 (button) (small blind) folded on the Turn
Seat 5: Esta82 (big blind) collected ($29.50)


PokerStars Hand #158342575570:  Hold'em Limit ($3/$6 USD) - 2016/09/08 16:23:32 ET
Table 'Phemios' 6-max Seat #5 is the button
Seat 3: CatPuppy1999 ($91.66 in chips)
Seat 5: Esta82 ($162.36 in chips)
Esta82: posts small blind $1
CatPuppy1999: posts big blind $3
*** HOLE CARDS ***
Esta82: raises $3 to $6
CatPuppy1999: calls $3
*** FLOP *** [5h 9s 3c]
CatPuppy1999: checks
Esta82: bets $3
CatPuppy1999: calls $3
*** TURN *** [5h 9s 3c] [8s]
CatPuppy1999: checks
Esta82: bets $6
CatPuppy1999: raises $6 to $12
Esta82: calls $6
*** RIVER *** [5h 9s 3c 8s] [Th]
CatPuppy1999: checks
Esta82: checks
*** SHOW DOWN ***
CatPuppy1999: shows [As 8d] (a pair of Eights)
Esta82: mucks hand
CatPuppy1999 collected $41.50 from pot
*** SUMMARY ***
Total pot $42 | Rake $0.50
Board [5h 9s 3c 8s Th]
Seat 3: CatPuppy1999 (big blind) showed [As 8d] and won ($41.50) with a pair of Eights
Seat 5: Esta82 (button) (small blind) mucked


PokerStars Hand #158342599903:  Hold'em Limit ($3/$6 USD) - 2016/09/08 16:24:00 ET
Table 'Phemios' 6-max Seat #3 is the button
Seat 3: CatPuppy1999 ($112.16 in chips)
Seat 5: Esta82 ($141.36 in chips)
CatPuppy1999: posts small blind $1
Esta82: posts big blind $3
*** HOLE CARDS ***
CatPuppy1999: raises $3 to $6
Esta82: raises $3 to $9
CatPuppy1999: calls $3
*** FLOP *** [9s 6d 5d]
Esta82: bets $3
CatPuppy1999: folds
Uncalled bet ($3) returned to Esta82
Esta82 collected $17.64 from pot
Esta82: doesn't show hand
*** SUMMARY ***
Total pot $18 | Rake $0.36
Board [9s 6d 5d]
Seat 3: CatPuppy1999 (button) (small blind) folded on the Flop
Seat 5: Esta82 (big blind) collected ($17.64)


PokerStars Hand #158342616664:  Hold'em Limit ($3/$6 USD) - 2016/09/08 16:24:19 ET
Table 'Phemios' 6-max Seat #5 is the button
Seat 3: CatPuppy1999 ($103.16 in chips)
Seat 5: Esta82 ($150 in chips)
Esta82: posts small blind $1
CatPuppy1999: posts big blind $3
*** HOLE CARDS ***
Esta82: raises $3 to $6
CatPuppy1999: raises $3 to $9
Esta82: calls $3
*** FLOP *** [3h 5h Kh]
CatPuppy1999: bets $3
Esta82: calls $3
*** TURN *** [3h 5h Kh] [7c]
CatPuppy1999: checks
Esta82: bets $6
CatPuppy1999: raises $6 to $12
Esta82: raises $6 to $18
CatPuppy1999: calls $6
*** RIVER *** [3h 5h Kh 7c] [Th]
CatPuppy1999: bets $6
Esta82: calls $6
*** SHOW DOWN ***
CatPuppy1999: shows [Qh Jd] (a flush, King high)
Esta82: mucks hand
CatPuppy1999 collected $71.50 from pot
*** SUMMARY ***
Total pot $72 | Rake $0.50
Board [3h 5h Kh 7c Th]
Seat 3: CatPuppy1999 (big blind) showed [Qh Jd] and won ($71.50) with a flush, King high
Seat 5: Esta82 (button) (small blind) mucked


PokerStars Hand #158342642765:  Hold'em Limit ($3/$6 USD) - 2016/09/08 16:24:49 ET
Table 'Phemios' 6-max Seat #3 is the button
Seat 3: CatPuppy1999 ($138.66 in chips)
Seat 5: Esta82 ($114 in chips)
CatPuppy1999: posts small blind $1
Esta82: posts big blind $3
*** HOLE CARDS ***
Esta82 said, "loldonk"
CatPuppy1999: raises $3 to $6
Esta82: calls $3
*** FLOP *** [6d 5s 7s]
Esta82: checks
CatPuppy1999: bets $3
Esta82: calls $3
*** TURN *** [6d 5s 7s] [Jc]
Esta82: checks
CatPuppy1999: checks
*** RIVER *** [6d 5s 7s Jc] [3s]
Esta82: bets $6
CatPuppy1999: calls $6
*** SHOW DOWN ***
Esta82: shows [Th 6c] (a pair of Sixes)
CatPuppy1999: shows [9s 9c] (a pair of Nines)
CatPuppy1999 collected $29.50 from pot
*** SUMMARY ***
Total pot $30 | Rake $0.50
Board [6d 5s 7s Jc 3s]
Seat 3: CatPuppy1999 (button) (small blind) showed [9s 9c] and won ($29.50) with a pair of Nines
Seat 5: Esta82 (big blind) showed [Th 6c] and lost with a pair of Sixes


PokerStars Hand #158342664183:  Hold'em Limit ($3/$6 USD) - 2016/09/08 16:25:13 ET
Table 'Phemios' 6-max Seat #5 is the button
Seat 3: CatPuppy1999 ($153.16 in chips)
Seat 5: Esta82 ($99 in chips)
Esta82: posts small blind $1
CatPuppy1999: posts big blind $3
*** HOLE CARDS ***
Esta82: raises $3 to $6
CatPuppy1999: calls $3
*** FLOP *** [8h 7c 8d]
CatPuppy1999: checks
Esta82: bets $3
CatPuppy1999: calls $3
*** TURN *** [8h 7c 8d] [Kd]
CatPuppy1999: checks
Esta82: bets $6
CatPuppy1999: raises $6 to $12
Esta82: calls $6
*** RIVER *** [8h 7c 8d Kd] [Ad]
CatPuppy1999: bets $6
Esta82: raises $6 to $12
CatPuppy1999: calls $6
*** SHOW DOWN ***
Esta82: shows [7d Ah] (two pair, Aces and Eights)
CatPuppy1999: shows [5d Jd] (a flush, Ace high)
CatPuppy1999 collected $65.50 from pot
*** SUMMARY ***
Total pot $66 | Rake $0.50
Board [8h 7c 8d Kd Ad]
Seat 3: CatPuppy1999 (big blind) showed [5d Jd] and won ($65.50) with a flush, Ace high
Seat 5: Esta82 (button) (small blind) showed [7d Ah] and lost with two pair, Aces and Eights


PokerStars Hand #158342704324:  Hold'em Limit ($3/$6 USD) - 2016/09/08 16:25:58 ET
Table 'Phemios' 6-max Seat #3 is the button
Seat 3: CatPuppy1999 ($185.66 in chips)
Seat 5: Esta82 ($66 in chips)
CatPuppy1999: posts small blind $1
Esta82: posts big blind $3
*** HOLE CARDS ***
CatPuppy1999: raises $3 to $6
Esta82 said, "idiot fish]\"
Esta82: raises $3 to $9
CatPuppy1999: calls $3
*** FLOP *** [7d 6d 5h]
Esta82: bets $3
CatPuppy1999: raises $3 to $6
Esta82: raises $3 to $9
CatPuppy1999: calls $3
*** TURN *** [7d 6d 5h] [6h]
Esta82: bets $6
CatPuppy1999: calls $6
*** RIVER *** [7d 6d 5h 6h] [Ad]
Esta82: bets $6
CatPuppy1999: folds
Uncalled bet ($6) returned to Esta82
Esta82 collected $47.50 from pot
*** SUMMARY ***
Total pot $48 | Rake $0.50
Board [7d 6d 5h 6h Ad]
Seat 3: CatPuppy1999 (button) (small blind) folded on the River
Seat 5: Esta82 (big blind) collected ($47.50)


PokerStars Hand #158342749609:  Hold'em Limit ($3/$6 USD) - 2016/09/08 16:26:50 ET
Table 'Phemios' 6-max Seat #5 is the button
Seat 3: CatPuppy1999 ($161.66 in chips)
Seat 5: Esta82 ($89.50 in chips)
Esta82: posts small blind $1
CatPuppy1999: posts big blind $3
*** HOLE CARDS ***
Esta82: raises $3 to $6
CatPuppy1999: calls $3
*** FLOP *** [Tc 6s 5s]
CatPuppy1999: checks
Esta82: bets $3
CatPuppy1999: calls $3
*** TURN *** [Tc 6s 5s] [3s]
CatPuppy1999: checks
Esta82: bets $6
CatPuppy1999: calls $6
*** RIVER *** [Tc 6s 5s 3s] [8c]
CatPuppy1999: checks
Esta82: bets $6
CatPuppy1999: folds
Uncalled bet ($6) returned to Esta82
Esta82 collected $29.50 from pot
Esta82: doesn't show hand
*** SUMMARY ***
Total pot $30 | Rake $0.50
Board [Tc 6s 5s 3s 8c]
Seat 3: CatPuppy1999 (big blind) folded on the River
Seat 5: Esta82 (button) (small blind) collected ($29.50)


PokerStars Hand #158342785976:  Hold'em Limit ($3/$6 USD) - 2016/09/08 16:27:27 ET
Table 'Phemios' 6-max Seat #3 is the button
Seat 3: CatPuppy1999 ($146.66 in chips)
Seat 5: Esta82 ($104 in chips)
CatPuppy1999: posts small blind $1
Esta82: posts big blind $3
*** HOLE CARDS ***
CatPuppy1999: raises $3 to $6
Esta82: calls $3
*** FLOP *** [2s 8s 7s]
Esta82: checks
CatPuppy1999: checks
*** TURN *** [2s 8s 7s] [Jd]
Esta82: bets $6
CatPuppy1999: calls $6
*** RIVER *** [2s 8s 7s Jd] [5d]
Esta82: bets $6
CatPuppy1999: raises $6 to $12
Esta82: calls $6
*** SHOW DOWN ***
CatPuppy1999: shows [5c 7c] (two pair, Sevens and Fives)
Esta82: mucks hand
CatPuppy1999 collected $47.50 from pot
*** SUMMARY ***
Total pot $48 | Rake $0.50
Board [2s 8s 7s Jd 5d]
Seat 3: CatPuppy1999 (button) (small blind) showed [5c 7c] and won ($47.50) with two pair, Sevens and Fives
Seat 5: Esta82 (big blind) mucked


PokerStars Hand #158342809046:  Hold'em Limit ($3/$6 USD) - 2016/09/08 16:27:54 ET
Table 'Phemios' 6-max Seat #5 is the button
Seat 3: CatPuppy1999 ($170.16 in chips)
Seat 5: Esta82 ($80 in chips)
Esta82: posts small blind $1
CatPuppy1999: posts big blind $3
*** HOLE CARDS ***
Esta82 said, "whahaha donkey"
Esta82: raises $3 to $6
CatPuppy1999: raises $3 to $9
Esta82: calls $3
*** FLOP *** [Ts 2h 3d]
CatPuppy1999: bets $3
Esta82: calls $3
*** TURN *** [Ts 2h 3d] [Js]
CatPuppy1999: checks
Esta82: bets $6
CatPuppy1999: calls $6
*** RIVER *** [Ts 2h 3d Js] [6s]
CatPuppy1999: checks
Esta82: bets $6
CatPuppy1999: calls $6
*** SHOW DOWN ***
Esta82: shows [9s 7s] (a flush, Jack high)
CatPuppy1999: mucks hand
Esta82 collected $47.50 from pot
*** SUMMARY ***
Total pot $48 | Rake $0.50
Board [Ts 2h 3d Js 6s]
Seat 3: CatPuppy1999 (big blind) mucked
Seat 5: Esta82 (button) (small blind) showed [9s 7s] and won ($47.50) with a flush, Jack high


PokerStars Hand #158342849570:  Hold'em Limit ($3/$6 USD) - 2016/09/08 16:28:40 ET
Table 'Phemios' 6-max Seat #3 is the button
Seat 3: CatPuppy1999 ($146.16 in chips)
Seat 5: Esta82 ($103.50 in chips)
CatPuppy1999: posts small blind $1
Esta82: posts big blind $3
*** HOLE CARDS ***
CatPuppy1999: raises $3 to $6
Esta82: calls $3
*** FLOP *** [Kh Jh Ts]
Esta82: checks
CatPuppy1999: bets $3
Esta82: folds
Uncalled bet ($3) returned to CatPuppy1999
CatPuppy1999 collected $11.76 from pot
CatPuppy1999: doesn't show hand
*** SUMMARY ***
Total pot $12 | Rake $0.24
Board [Kh Jh Ts]
Seat 3: CatPuppy1999 (button) (small blind) collected ($11.76)
Seat 5: Esta82 (big blind) folded on the Flop


PokerStars Hand #158342862901:  Hold'em Limit ($3/$6 USD) - 2016/09/08 16:28:56 ET
Table 'Phemios' 6-max Seat #5 is the button
Seat 3: CatPuppy1999 ($151.92 in chips)
Seat 5: Esta82 ($97.50 in chips)
Esta82: posts small blind $1
CatPuppy1999: posts big blind $3
*** HOLE CARDS ***
Esta82: raises $3 to $6
CatPuppy1999: calls $3
*** FLOP *** [9c Ad Kh]
CatPuppy1999: checks
Esta82: checks
*** TURN *** [9c Ad Kh] [2s]
CatPuppy1999: bets $6
Esta82: folds
Uncalled bet ($6) returned to CatPuppy1999
CatPuppy1999 collected $11.76 from pot
CatPuppy1999: doesn't show hand
*** SUMMARY ***
Total pot $12 | Rake $0.24
Board [9c Ad Kh 2s]
Seat 3: CatPuppy1999 (big blind) collected ($11.76)
Seat 5: Esta82 (button) (small blind) folded on the Turn


PokerStars Hand #158342881557:  Hold'em Limit ($3/$6 USD) - 2016/09/08 16:29:17 ET
Table 'Phemios' 6-max Seat #3 is the button
Seat 3: CatPuppy1999 ($157.68 in chips)
Seat 5: Esta82 ($91.50 in chips)
CatPuppy1999: posts small blind $1
Esta82: posts big blind $3
*** HOLE CARDS ***
CatPuppy1999: raises $3 to $6
Esta82: calls $3
*** FLOP *** [8s 7h Tc]
Esta82: checks
CatPuppy1999: checks
*** TURN *** [8s 7h Tc] [9c]
Esta82: bets $6
CatPuppy1999: calls $6
*** RIVER *** [8s 7h Tc 9c] [Ac]
Esta82: bets $6
CatPuppy1999: calls $6
*** SHOW DOWN ***
Esta82: shows [6c 4h] (a straight, Six to Ten)
CatPuppy1999: shows [6d 4d] (a straight, Six to Ten)
Esta82 collected $17.75 from pot
CatPuppy1999 collected $17.75 from pot
*** SUMMARY ***
Total pot $36 | Rake $0.50
Board [8s 7h Tc 9c Ac]
Seat 3: CatPuppy1999 (button) (small blind) showed [6d 4d] and won ($17.75) with a straight, Six to Ten
Seat 5: Esta82 (big blind) showed [6c 4h] and won ($17.75) with a straight, Six to Ten


PokerStars Hand #158342940914:  Hold'em Limit ($3/$6 USD) - 2016/09/08 16:30:25 ET
Table 'Phemios' 6-max Seat #5 is the button
Seat 3: CatPuppy1999 ($173.93 in chips)
Seat 5: Esta82 ($74.25 in chips)
Esta82: posts small blind $1
CatPuppy1999: posts big blind $3
*** HOLE CARDS ***
Esta82: raises $3 to $6
CatPuppy1999: calls $3
*** FLOP *** [Jc 9c 5h]
CatPuppy1999: checks
Esta82: bets $3
CatPuppy1999: calls $3
*** TURN *** [Jc 9c 5h] [7c]
CatPuppy1999: checks
Esta82: bets $6
CatPuppy1999: calls $6
*** RIVER *** [Jc 9c 5h 7c] [Js]
CatPuppy1999: checks
Esta82: bets $6
CatPuppy1999: calls $6
*** SHOW DOWN ***
Esta82: shows [9h 9s] (a full house, Nines full of Jacks)
CatPuppy1999: mucks hand
Esta82 collected $41.50 from pot
*** SUMMARY ***
Total pot $42 | Rake $0.50
Board [Jc 9c 5h 7c Js]
Seat 3: CatPuppy1999 (big blind) mucked
Seat 5: Esta82 (button) (small blind) showed [9h 9s] and won ($41.50) with a full house, Nines full of Jacks


PokerStars Hand #158342936064:  Hold'em Limit ($3/$6 USD) - 2016/09/08 16:30:19 ET
Table 'Phemios' 6-max Seat #3 is the button
Seat 3: CatPuppy1999 ($174.93 in chips)
Seat 5: Esta82 ($73.25 in chips)
CatPuppy1999: posts small blind $1
Esta82: posts big blind $3
*** HOLE CARDS ***
CatPuppy1999: folds
Uncalled bet ($2) returned to Esta82
Esta82 collected $2 from pot
Esta82: doesn't show hand
*** SUMMARY ***
Total pot $2 | Rake $0
Seat 3: CatPuppy1999 (button) (small blind) folded before Flop
Seat 5: Esta82 (big blind) collected ($2)


PokerStars Hand #158342901754:  Hold'em Limit ($3/$6 USD) - 2016/09/08 16:29:40 ET
Table 'Phemios' 6-max Seat #5 is the button
Seat 3: CatPuppy1999 ($157.43 in chips)
Seat 5: Esta82 ($91.25 in chips)
Esta82: posts small blind $1
CatPuppy1999: posts big blind $3
*** HOLE CARDS ***
Esta82: raises $3 to $6
CatPuppy1999: calls $3
*** FLOP *** [Qd Qs 3c]
CatPuppy1999: checks
Esta82: bets $3
CatPuppy1999: raises $3 to $6
Esta82: calls $3
*** TURN *** [Qd Qs 3c] [8h]
CatPuppy1999: bets $6
Esta82: calls $6
*** RIVER *** [Qd Qs 3c 8h] [6s]
CatPuppy1999: checks
Esta82: checks
*** SHOW DOWN ***
CatPuppy1999: shows [3d 4c] (two pair, Queens and Threes)
Esta82: mucks hand
CatPuppy1999 collected $35.50 from pot
*** SUMMARY ***
Total pot $36 | Rake $0.50
Board [Qd Qs 3c 8h 6s]
Seat 3: CatPuppy1999 (big blind) showed [3d 4c] and won ($35.50) with two pair, Queens and Threes
Seat 5: Esta82 (button) (small blind) mucked


PokerStars Hand #158342976791:  Hold'em Limit ($3/$6 USD) - 2016/09/08 16:31:07 ET
Table 'Phemios' 6-max Seat #5 is the button
Seat 3: CatPuppy1999 ($158.69 in chips)
Seat 5: Esta82 ($88.75 in chips)
Esta82: posts small blind $1
CatPuppy1999: posts big blind $3
*** HOLE CARDS ***
Esta82: raises $3 to $6
CatPuppy1999: raises $3 to $9
Esta82: raises $3 to $12
Betting is capped
CatPuppy1999: calls $3
*** FLOP *** [4c Qh 5s]
CatPuppy1999: checks
Esta82: bets $3
CatPuppy1999: calls $3
*** TURN *** [4c Qh 5s] [Kd]
CatPuppy1999: checks
Esta82: bets $6
CatPuppy1999: calls $6
*** RIVER *** [4c Qh 5s Kd] [Qc]
CatPuppy1999: checks
Esta82: bets $6
CatPuppy1999: raises $6 to $12
Esta82: raises $6 to $18
CatPuppy1999: calls $6
*** SHOW DOWN ***
Esta82: shows [Ac Ad] (two pair, Aces and Queens)
CatPuppy1999: shows [Qd 9c] (three of a kind, Queens)
CatPuppy1999 collected $77.50 from pot
*** SUMMARY ***
Total pot $78 | Rake $0.50
Board [4c Qh 5s Kd Qc]
Seat 3: CatPuppy1999 (big blind) showed [Qd 9c] and won ($77.50) with three of a kind, Queens
Seat 5: Esta82 (button) (small blind) showed [Ac Ad] and lost with two pair, Aces and Queens


PokerStars Hand #158342966073:  Hold'em Limit ($3/$6 USD) - 2016/09/08 16:30:54 ET
Table 'Phemios' 6-max Seat #3 is the button
Seat 3: CatPuppy1999 ($152.93 in chips)
Seat 5: Esta82 ($94.75 in chips)
CatPuppy1999: posts small blind $1
Esta82: posts big blind $3
*** HOLE CARDS ***
CatPuppy1999: raises $3 to $6
Esta82: calls $3
*** FLOP *** [Ks Kc 2s]
Esta82: checks
CatPuppy1999: bets $3
Esta82: folds
Uncalled bet ($3) returned to CatPuppy1999
CatPuppy1999 collected $11.76 from pot
CatPuppy1999: doesn't show hand
*** SUMMARY ***
Total pot $12 | Rake $0.24
Board [Ks Kc 2s]
Seat 3: CatPuppy1999 (button) (small blind) collected ($11.76)
Seat 5: Esta82 (big blind) folded on the Flop


PokerStars Hand #158342998700:  Hold'em Limit ($3/$6 USD) - 2016/09/08 16:31:32 ET
Table 'Phemios' 6-max Seat #3 is the button
Seat 3: CatPuppy1999 ($197.19 in chips)
Seat 5: Esta82 ($49.75 in chips)
CatPuppy1999: posts small blind $1
Esta82: posts big blind $3
*** HOLE CARDS ***
CatPuppy1999: raises $3 to $6
Esta82 said, "whahaha aidsclown"
Esta82: raises $3 to $9
CatPuppy1999: calls $3
*** FLOP *** [9s 7d 6s]
Esta82 said, "cap with q9off"
Esta82 said, "aidslord"
Esta82: bets $3
CatPuppy1999: raises $3 to $6
Esta82: folds
Uncalled bet ($3) returned to CatPuppy1999
CatPuppy1999 collected $23.52 from pot
CatPuppy1999: doesn't show hand
*** SUMMARY ***
Total pot $24 | Rake $0.48
Board [9s 7d 6s]
Seat 3: CatPuppy1999 (button) (small blind) collected ($23.52)
Seat 5: Esta82 (big blind) folded on the Flop


PokerStars Hand #158343052899:  Hold'em Limit ($3/$6 USD) - 2016/09/08 16:32:34 ET
Table 'Phemios' 6-max Seat #5 is the button
Seat 3: CatPuppy1999 ($217.21 in chips)
Seat 5: Esta82 ($28.39 in chips)
Esta82: posts small blind $1
CatPuppy1999: posts big blind $3
*** HOLE CARDS ***
Esta82: raises $3 to $6
CatPuppy1999: calls $3
*** FLOP *** [Kh Js 4d]
CatPuppy1999: checks
Esta82: bets $3
CatPuppy1999: raises $3 to $6
Esta82: raises $3 to $9
CatPuppy1999: calls $3
*** TURN *** [Kh Js 4d] [Qd]
CatPuppy1999: checks
Esta82: bets $6
CatPuppy1999: calls $6
*** RIVER *** [Kh Js 4d Qd] [4s]
CatPuppy1999: checks
Esta82: bets $6
CatPuppy1999: calls $6
*** SHOW DOWN ***
Esta82: shows [Ks 6s] (two pair, Kings and Fours)
CatPuppy1999: mucks hand
Esta82 collected $53.50 from pot
*** SUMMARY ***
Total pot $54 | Rake $0.50
Board [Kh Js 4d Qd 4s]
Seat 3: CatPuppy1999 (big blind) mucked
Seat 5: Esta82 (button) (small blind) showed [Ks 6s] and won ($53.50) with two pair, Kings and Fours


PokerStars Hand #158343040515:  Hold'em Limit ($3/$6 USD) - 2016/09/08 16:32:20 ET
Table 'Phemios' 6-max Seat #3 is the button
Seat 3: CatPuppy1999 ($226.21 in chips)
Seat 5: Esta82 ($19.75 in chips)
CatPuppy1999: posts small blind $1
Esta82: posts big blind $3
*** HOLE CARDS ***
CatPuppy1999: raises $3 to $6
Esta82: raises $3 to $9
CatPuppy1999: calls $3
*** FLOP *** [7c Qc 7s]
Esta82: bets $3
CatPuppy1999: folds
Uncalled bet ($3) returned to Esta82
Esta82 collected $17.64 from pot
*** SUMMARY ***
Total pot $18 | Rake $0.36
Board [7c Qc 7s]
Seat 3: CatPuppy1999 (button) (small blind) folded on the Flop
Seat 5: Esta82 (big blind) collected ($17.64)


PokerStars Hand #158343020406:  Hold'em Limit ($3/$6 USD) - 2016/09/08 16:31:57 ET
Table 'Phemios' 6-max Seat #5 is the button
Seat 3: CatPuppy1999 ($208.71 in chips)
Seat 5: Esta82 ($37.75 in chips)
Esta82: posts small blind $1
CatPuppy1999: posts big blind $3
*** HOLE CARDS ***
Esta82 said, "total cancergaylord"
Esta82: raises $3 to $6
CatPuppy1999: calls $3
*** FLOP *** [Th Kh 4s]
CatPuppy1999: checks
Esta82: bets $3
CatPuppy1999: raises $3 to $6
Esta82: calls $3
*** TURN *** [Th Kh 4s] [9c]
CatPuppy1999: bets $6
Esta82: calls $6
*** RIVER *** [Th Kh 4s 9c] [As]
CatPuppy1999: checks
Esta82: checks
*** SHOW DOWN ***
CatPuppy1999: shows [Tc Qd] (a pair of Tens)
Esta82: mucks hand
CatPuppy1999 collected $35.50 from pot
*** SUMMARY ***
Total pot $36 | Rake $0.50
Board [Th Kh 4s 9c As]
Seat 3: CatPuppy1999 (big blind) showed [Tc Qd] and won ($35.50) with a pair of Tens
Seat 5: Esta82 (button) (small blind) mucked


PokerStars Hand #158343083655:  Hold'em Limit ($3/$6 USD) - 2016/09/08 16:33:09 ET
Table 'Phemios' 6-max Seat #5 is the button
Seat 3: CatPuppy1999 ($198.85 in chips)
Seat 5: Esta82 ($45.89 in chips)
Esta82: posts small blind $1
CatPuppy1999: posts big blind $3
*** HOLE CARDS ***
Esta82: raises $3 to $6
CatPuppy1999: calls $3
*** FLOP *** [Ah Ad 8d]
CatPuppy1999: checks
Esta82: bets $3
Hi Im Alexey joins the table at seat #6
CatPuppy1999: calls $3
*** TURN *** [Ah Ad 8d] [Tc]
minigus575 joins the table at seat #4
CatPuppy1999: checks
Esta82: bets $6
CatPuppy1999: calls $6
*** RIVER *** [Ah Ad 8d Tc] [4h]
CatPuppy1999: checks
Esta82: bets $6
CatPuppy1999: calls $6
*** SHOW DOWN ***
Esta82: shows [Kd 5d] (a pair of Aces)
CatPuppy1999: shows [8s 9h] (two pair, Aces and Eights)
CatPuppy1999 collected $41.50 from pot
*** SUMMARY ***
Total pot $42 | Rake $0.50
Board [Ah Ad 8d Tc 4h]
Seat 3: CatPuppy1999 (big blind) showed [8s 9h] and won ($41.50) with two pair, Aces and Eights
Seat 5: Esta82 (button) (small blind) showed [Kd 5d] and lost with a pair of Aces


PokerStars Hand #158343069953:  Hold'em Limit ($3/$6 USD) - 2016/09/08 16:32:54 ET
Table 'Phemios' 6-max Seat #3 is the button
Seat 3: CatPuppy1999 ($190.21 in chips)
Seat 5: Esta82 ($54.89 in chips)
CatPuppy1999: posts small blind $1
Esta82: posts big blind $3
*** HOLE CARDS ***
CatPuppy1999: raises $3 to $6
Esta82: calls $3
*** FLOP *** [Td 5d 2h]
Esta82: checks
CatPuppy1999: bets $3
Esta82: calls $3
*** TURN *** [Td 5d 2h] [4s]
Esta82: checks
CatPuppy1999: bets $6
Esta82: folds
Uncalled bet ($6) returned to CatPuppy1999
CatPuppy1999 collected $17.64 from pot
CatPuppy1999: doesn't show hand
*** SUMMARY ***
Total pot $18 | Rake $0.36
Board [Td 5d 2h 4s]
Seat 3: CatPuppy1999 (button) (small blind) collected ($17.64)
Seat 5: Esta82 (big blind) folded on the Turn


PokerStars Hand #158343210407:  Hold'em Limit ($3/$6 USD) - 2016/09/08 16:35:35 ET
Table 'Phemios' 6-max Seat #6 is the button
Seat 4: minigus575 ($112.37 in chips)
Seat 6: Hi Im Alexey ($102.50 in chips)
Hi Im Alexey: posts small blind $1
minigus575: posts big blind $3
*** HOLE CARDS ***
Hi Im Alexey: folds
Uncalled bet ($2) returned to minigus575
minigus575 collected $2 from pot
minigus575: doesn't show hand
*** SUMMARY ***
Total pot $2 | Rake $0
Seat 4: minigus575 (big blind) collected ($2)
Seat 6: Hi Im Alexey (button) (small blind) folded before Flop


PokerStars Hand #158343206136:  Hold'em Limit ($3/$6 USD) - 2016/09/08 16:35:30 ET
Table 'Phemios' 6-max Seat #4 is the button
Seat 4: minigus575 ($113.37 in chips)
Seat 6: Hi Im Alexey ($101.50 in chips)
minigus575: posts small blind $1
Hi Im Alexey: posts big blind $3
*** HOLE CARDS ***
minigus575: folds
Uncalled bet ($2) returned to Hi Im Alexey
Hi Im Alexey collected $2 from pot
*** SUMMARY ***
Total pot $2 | Rake $0
Seat 4: minigus575 (button) (small blind) folded before Flop
Seat 6: Hi Im Alexey (big blind) collected ($2)


PokerStars Hand #158343181666:  Hold'em Limit ($3/$6 USD) - 2016/09/08 16:35:02 ET
Table 'Phemios' 6-max Seat #6 is the button
Seat 4: minigus575 ($143.37 in chips)
Seat 6: Hi Im Alexey ($72 in chips)
Hi Im Alexey: posts small blind $1
CatPuppy1999: is sitting out
minigus575: posts big blind $3
*** HOLE CARDS ***
CatPuppy1999 leaves the table
Hi Im Alexey: raises $3 to $6
minigus575: calls $3
*** FLOP *** [5h 4c 9h]
minigus575: checks
Hi Im Alexey: bets $3
minigus575: raises $3 to $6
Hi Im Alexey: calls $3
*** TURN *** [5h 4c 9h] [8s]
minigus575: bets $6
Hi Im Alexey: raises $6 to $12
minigus575: calls $6
*** RIVER *** [5h 4c 9h 8s] [Kd]
minigus575: checks
Hi Im Alexey: bets $6
minigus575: calls $6
*** SHOW DOWN ***
Hi Im Alexey: shows [Kh 9c] (two pair, Kings and Nines)
minigus575: mucks hand
Hi Im Alexey collected $59.50 from pot
*** SUMMARY ***
Total pot $60 | Rake $0.50
Board [5h 4c 9h 8s Kd]
Seat 4: minigus575 (big blind) mucked
Seat 6: Hi Im Alexey (button) (small blind) showed [Kh 9c] and won ($59.50) with two pair, Kings and Nines


PokerStars Hand #158343266182:  Hold'em Limit ($3/$6 USD) - 2016/09/08 16:36:39 ET
Table 'Phemios' 6-max Seat #6 is the button
Seat 4: minigus575 ($80.37 in chips)
Seat 6: Hi Im Alexey ($134 in chips)
Hi Im Alexey: posts small blind $1
minigus575: posts big blind $3
*** HOLE CARDS ***
Hi Im Alexey: raises $3 to $6
minigus575: raises $3 to $9
Hi Im Alexey: calls $3
*** FLOP *** [3d 8s Js]
minigus575: bets $3
Hi Im Alexey: calls $3
*** TURN *** [3d 8s Js] [4s]
minigus575: bets $6
Hi Im Alexey: raises $6 to $12
minigus575: folds
Uncalled bet ($6) returned to Hi Im Alexey
Hi Im Alexey collected $35.50 from pot
*** SUMMARY ***
Total pot $36 | Rake $0.50
Board [3d 8s Js 4s]
Seat 4: minigus575 (big blind) folded on the Turn
Seat 6: Hi Im Alexey (button) (small blind) collected ($35.50)


PokerStars Hand #158343219059:  Hold'em Limit ($3/$6 USD) - 2016/09/08 16:35:45 ET
Table 'Phemios' 6-max Seat #4 is the button
Seat 4: minigus575 ($113.37 in chips)
Seat 6: Hi Im Alexey ($101.50 in chips)
minigus575: posts small blind $1
Hi Im Alexey: posts big blind $3
*** HOLE CARDS ***
minigus575: raises $3 to $6
Hi Im Alexey: raises $3 to $9
minigus575: raises $3 to $12
Betting is capped
Hi Im Alexey: calls $3
*** FLOP *** [2d Jc Jh]
Hi Im Alexey: checks
minigus575: bets $3
Hi Im Alexey: calls $3
*** TURN *** [2d Jc Jh] [9d]
Hi Im Alexey: checks
minigus575: bets $6
Hi Im Alexey: raises $6 to $12
minigus575: calls $6
*** RIVER *** [2d Jc Jh 9d] [4c]
Hi Im Alexey: bets $6
minigus575: calls $6
*** SHOW DOWN ***
Hi Im Alexey: shows [9c Ac] (two pair, Jacks and Nines)
minigus575: mucks hand
Hi Im Alexey collected $65.50 from pot
*** SUMMARY ***
Total pot $66 | Rake $0.50
Board [2d Jc Jh 9d 4c]
Seat 4: minigus575 (button) (small blind) mucked
Seat 6: Hi Im Alexey (big blind) showed [9c Ac] and won ($65.50) with two pair, Jacks and Nines


