PokerStars Hand #156508744608:  Hold'em Limit ($3/$6 USD) - 2016/07/27 10:24:58 ET
Table 'Phemios II' 6-max Seat #3 is the button
Seat 1: Ag3r0n ($95.50 in chips)
Seat 3: granitcrso ($64.40 in chips)
granitcrso: posts small blind $1
Ag3r0n: posts big blind $3
*** HOLE CARDS ***
granitcrso: calls $2
Ag3r0n: raises $3 to $6
granitcrso: calls $3
*** FLOP *** [4c Jc 6c]
Ag3r0n: bets $3
granitcrso: raises $3 to $6
Ag3r0n: raises $3 to $9
granitcrso: raises $3 to $12
Betting is capped
Ag3r0n: calls $3
*** TURN *** [4c Jc 6c] [9c]
Ag3r0n: bets $6
granitcrso: raises $6 to $12
Ag3r0n: raises $6 to $18
granitcrso: raises $6 to $24
Betting is capped
Ag3r0n: calls $6
*** RIVER *** [4c Jc 6c 9c] [9s]
Ag3r0n: checks
granitcrso: bets $6
Ag3r0n: calls $6
*** SHOW DOWN ***
granitcrso: shows [5h 4d] (two pair, Nines and Fours)
Ag3r0n: shows [Kc Tc] (a flush, King high)
Ag3r0n collected $95.50 from pot
*** SUMMARY ***
Total pot $96 | Rake $0.50
Board [4c Jc 6c 9c 9s]
Seat 1: Ag3r0n (big blind) showed [Kc Tc] and won ($95.50) with a flush, King high
Seat 3: granitcrso (button) (small blind) showed [5h 4d] and lost with two pair, Nines and Fours


PokerStars Hand #156508731969:  Hold'em Limit ($3/$6 USD) - 2016/07/27 10:24:35 ET
Table 'Phemios II' 6-max Seat #1 is the button
Seat 1: Ag3r0n ($72 in chips)
Seat 3: granitcrso ($88.40 in chips)
Ag3r0n: posts small blind $1
granitcrso: posts big blind $3
*** HOLE CARDS ***
Ag3r0n: raises $3 to $6
granitcrso: raises $3 to $9
Ag3r0n: calls $3
*** FLOP *** [Kc 8h Jh]
granitcrso: bets $3
Ag3r0n: calls $3
*** TURN *** [Kc 8h Jh] [4h]
granitcrso: bets $6
Ag3r0n: calls $6
*** RIVER *** [Kc 8h Jh 4h] [4d]
granitcrso: bets $6
Ag3r0n: calls $6
*** SHOW DOWN ***
granitcrso: shows [5c 5h] (two pair, Fives and Fours)
Ag3r0n: shows [9s Js] (two pair, Jacks and Fours)
Ag3r0n collected $47.50 from pot
*** SUMMARY ***
Total pot $48 | Rake $0.50
Board [Kc 8h Jh 4h 4d]
Seat 1: Ag3r0n (button) (small blind) showed [9s Js] and won ($47.50) with two pair, Jacks and Fours
Seat 3: granitcrso (big blind) showed [5c 5h] and lost with two pair, Fives and Fours


PokerStars Hand #156508789339:  Hold'em Limit ($3/$6 USD) - 2016/07/27 10:26:20 ET
Table 'Phemios II' 6-max Seat #1 is the button
Seat 1: Ag3r0n ($154.60 in chips)
Seat 3: granitcrso ($3.30 in chips)
Ag3r0n: posts small blind $1
granitcrso: posts big blind $3
*** HOLE CARDS ***
Ag3r0n: raises $3 to $6
granitcrso: calls $0.30 and is all-in
Uncalled bet ($2.70) returned to Ag3r0n
*** FLOP *** [Ac 3d 3s]
*** TURN *** [Ac 3d 3s] [Qc]
*** RIVER *** [Ac 3d 3s Qc] [9h]
*** SHOW DOWN ***
granitcrso: shows [Td Kd] (a pair of Threes)
Ag3r0n: shows [Ks 5s] (a pair of Threes)
granitcrso collected $3.24 from pot
Ag3r0n collected $3.23 from pot
*** SUMMARY ***
Total pot $6.60 | Rake $0.13
Board [Ac 3d 3s Qc 9h]
Seat 1: Ag3r0n (button) (small blind) showed [Ks 5s] and won ($3.23) with a pair of Threes
Seat 3: granitcrso (big blind) showed [Td Kd] and won ($3.24) with a pair of Threes


PokerStars Hand #156508779147:  Hold'em Limit ($3/$6 USD) - 2016/07/27 10:26:01 ET
Table 'Phemios II' 6-max Seat #3 is the button
Seat 1: Ag3r0n ($140.10 in chips)
Seat 3: granitcrso ($18.30 in chips)
granitcrso: posts small blind $1
Ag3r0n: posts big blind $3
*** HOLE CARDS ***
granitcrso: raises $3 to $6
Ag3r0n: calls $3
*** FLOP *** [4c 8c Qs]
Ag3r0n: checks
granitcrso: bets $3
Ag3r0n: calls $3
*** TURN *** [4c 8c Qs] [8d]
Ag3r0n: checks
granitcrso: bets $6
Ag3r0n: calls $6
*** RIVER *** [4c 8c Qs 8d] [9s]
Ag3r0n: checks
granitcrso: checks
*** SHOW DOWN ***
Ag3r0n: shows [3h Ac] (a pair of Eights)
granitcrso: mucks hand
Ag3r0n collected $29.50 from pot
*** SUMMARY ***
Total pot $30 | Rake $0.50
Board [4c 8c Qs 8d 9s]
Seat 1: Ag3r0n (big blind) showed [3h Ac] and won ($29.50) with a pair of Eights
Seat 3: granitcrso (button) (small blind) mucked


PokerStars Hand #156508776344:  Hold'em Limit ($3/$6 USD) - 2016/07/27 10:25:56 ET
Table 'Phemios II' 6-max Seat #1 is the button
Seat 1: Ag3r0n ($141.10 in chips)
Seat 3: granitcrso ($17.30 in chips)
Ag3r0n: posts small blind $1
granitcrso: posts big blind $3
*** HOLE CARDS ***
Ag3r0n: folds
Uncalled bet ($2) returned to granitcrso
granitcrso collected $2 from pot
granitcrso: doesn't show hand
*** SUMMARY ***
Total pot $2 | Rake $0
Seat 1: Ag3r0n (button) (small blind) folded before Flop
Seat 3: granitcrso (big blind) collected ($2)


PokerStars Hand #156508765145:  Hold'em Limit ($3/$6 USD) - 2016/07/27 10:25:36 ET
Table 'Phemios II' 6-max Seat #3 is the button
Seat 1: Ag3r0n ($126.60 in chips)
Seat 3: granitcrso ($32.30 in chips)
granitcrso: posts small blind $1
Ag3r0n: posts big blind $3
*** HOLE CARDS ***
granitcrso: calls $2
Ag3r0n: checks
*** FLOP *** [3d 6s 5c]
Ag3r0n: checks
granitcrso: checks
*** TURN *** [3d 6s 5c] [4s]
Ag3r0n: checks
granitcrso: bets $6
Ag3r0n: raises $6 to $12
granitcrso: calls $6
*** RIVER *** [3d 6s 5c 4s] [Kd]
Ag3r0n: bets $6
granitcrso: folds
Uncalled bet ($6) returned to Ag3r0n
Ag3r0n collected $29.50 from pot
*** SUMMARY ***
Total pot $30 | Rake $0.50
Board [3d 6s 5c 4s Kd]
Seat 1: Ag3r0n (big blind) collected ($29.50)
Seat 3: granitcrso (button) (small blind) folded on the River


PokerStars Hand #156508755465:  Hold'em Limit ($3/$6 USD) - 2016/07/27 10:25:18 ET
Table 'Phemios II' 6-max Seat #1 is the button
Seat 1: Ag3r0n ($143 in chips)
Seat 3: granitcrso ($16.40 in chips)
Ag3r0n: posts small blind $1
granitcrso: posts big blind $3
*** HOLE CARDS ***
Ag3r0n: raises $3 to $6
granitcrso: raises $3 to $9
Ag3r0n: calls $3
*** FLOP *** [Jc Qd 5c]
granitcrso: bets $3
Ag3r0n: calls $3
*** TURN *** [Jc Qd 5c] [Ah]
granitcrso: bets $4.40 and is all-in
Ag3r0n: calls $4.40
*** RIVER *** [Jc Qd 5c Ah] [8c]
*** SHOW DOWN ***
granitcrso: shows [Js 8s] (two pair, Jacks and Eights)
Ag3r0n: shows [5h 8h] (two pair, Eights and Fives)
granitcrso collected $32.30 from pot
*** SUMMARY ***
Total pot $32.80 | Rake $0.50
Board [Jc Qd 5c Ah 8c]
Seat 1: Ag3r0n (button) (small blind) showed [5h 8h] and lost with two pair, Eights and Fives
Seat 3: granitcrso (big blind) showed [Js 8s] and won ($32.30) with two pair, Jacks and Eights


PokerStars Hand #156508796054:  Hold'em Limit ($3/$6 USD) - 2016/07/27 10:26:32 ET
Table 'Phemios II' 6-max Seat #3 is the button
Seat 1: Ag3r0n ($154.53 in chips)
Seat 3: granitcrso ($3.24 in chips)
granitcrso: posts small blind $1
Ag3r0n: posts big blind $3
*** HOLE CARDS ***
granitcrso: folds
Uncalled bet ($2) returned to Ag3r0n
Ag3r0n collected $2 from pot
*** SUMMARY ***
Total pot $2 | Rake $0
Seat 1: Ag3r0n (big blind) collected ($2)
Seat 3: granitcrso (button) (small blind) folded before Flop


PokerStars Hand #156509042351:  Hold'em Limit ($3/$6 USD) - 2016/07/27 10:33:55 ET
Table 'Phemios II' 6-max Seat #3 is the button
Seat 1: Ag3r0n ($158.53 in chips)
Seat 3: lanås ($77 in chips)
lanås: posts small blind $1
Ag3r0n: posts big blind $3
*** HOLE CARDS ***
belik555 joins the table at seat #4
lanås: folds
Uncalled bet ($2) returned to Ag3r0n
Ag3r0n collected $2 from pot
*** SUMMARY ***
Total pot $2 | Rake $0
Seat 1: Ag3r0n (big blind) collected ($2)
Seat 3: lanås (button) (small blind) folded before Flop


PokerStars Hand #156509039625:  Hold'em Limit ($3/$6 USD) - 2016/07/27 10:33:50 ET
Table 'Phemios II' 6-max Seat #1 is the button
Seat 1: Ag3r0n ($159.53 in chips)
Seat 3: lanås ($76 in chips)
Ag3r0n: posts small blind $1
lanås: posts big blind $3
*** HOLE CARDS ***
Ag3r0n: folds
Uncalled bet ($2) returned to lanås
lanås collected $2 from pot
lanås: doesn't show hand
*** SUMMARY ***
Total pot $2 | Rake $0
Seat 1: Ag3r0n (button) (small blind) folded before Flop
Seat 3: lanås (big blind) collected ($2)


PokerStars Hand #156509037014:  Hold'em Limit ($3/$6 USD) - 2016/07/27 10:33:46 ET
Table 'Phemios II' 6-max Seat #3 is the button
Seat 1: Ag3r0n ($158.53 in chips)
Seat 3: lanås ($77 in chips)
lanås: posts small blind $1
Ag3r0n: posts big blind $3
*** HOLE CARDS ***
lanås: folds
Uncalled bet ($2) returned to Ag3r0n
Ag3r0n collected $2 from pot
*** SUMMARY ***
Total pot $2 | Rake $0
Seat 1: Ag3r0n (big blind) collected ($2)
Seat 3: lanås (button) (small blind) folded before Flop


PokerStars Hand #156509045209:  Hold'em Limit ($3/$6 USD) - 2016/07/27 10:34:00 ET
Table 'Phemios II' 6-max Seat #1 is the button
Seat 1: Ag3r0n ($159.53 in chips)
Seat 3: lanås ($76 in chips)
Ag3r0n: posts small blind $1
lanås: posts big blind $3
*** HOLE CARDS ***
Ag3r0n: raises $3 to $6
lanås: calls $3
*** FLOP *** [6h Jd Ah]
lanås: checks
Ag3r0n: bets $3
lanås: folds
Uncalled bet ($3) returned to Ag3r0n
Ag3r0n collected $11.76 from pot
*** SUMMARY ***
Total pot $12 | Rake $0.24
Board [6h Jd Ah]
Seat 1: Ag3r0n (button) (small blind) collected ($11.76)
Seat 3: lanås (big blind) folded on the Flop


PokerStars Hand #156512805026:  Hold'em Limit ($3/$6 USD) - 2016/07/27 12:21:37 ET
Table 'Phemios II' 6-max Seat #5 is the button
Seat 4: coman567 ($184.40 in chips)
Seat 5: silja4 ($97.28 in chips)
silja4: posts small blind $1
Punkyfee: is sitting out
coman567: posts big blind $3
*** HOLE CARDS ***
Punkyfee leaves the table
silja4: folds
Uncalled bet ($2) returned to coman567
coman567 collected $2 from pot
coman567: doesn't show hand
*** SUMMARY ***
Total pot $2 | Rake $0
Seat 4: coman567 (big blind) collected ($2)
Seat 5: silja4 (button) (small blind) folded before Flop


PokerStars Hand #156512809100:  Hold'em Limit ($3/$6 USD) - 2016/07/27 12:21:44 ET
Table 'Phemios II' 6-max Seat #4 is the button
Seat 4: coman567 ($185.40 in chips)
Seat 5: silja4 ($96.28 in chips)
coman567: posts small blind $1
silja4: posts big blind $3
*** HOLE CARDS ***
coman567: raises $3 to $6
silja4: raises $3 to $9
coman567: calls $3
*** FLOP *** [Ac 3c 2c]
silja4: bets $3
coman567: calls $3
*** TURN *** [Ac 3c 2c] [5c]
silja4: checks
coman567: bets $6
silja4: raises $6 to $12
coman567: folds
Uncalled bet ($6) returned to silja4
silja4 collected $35.50 from pot
silja4: doesn't show hand
belik555 joins the table at seat #6
*** SUMMARY ***
Total pot $36 | Rake $0.50
Board [Ac 3c 2c 5c]
Seat 4: coman567 (button) (small blind) folded on the Turn
Seat 5: silja4 (big blind) collected ($35.50)


PokerStars Hand #156512831642:  Hold'em Limit ($3/$6 USD) - 2016/07/27 12:22:21 ET
Table 'Phemios II' 6-max Seat #6 is the button
Seat 5: silja4 ($104.78 in chips)
Seat 6: belik555 ($80.46 in chips)
belik555: posts small blind $1
coman567: is sitting out
silja4: posts big blind $3
*** HOLE CARDS ***
belik555: raises $3 to $6
coman567 leaves the table
silja4: calls $3
*** FLOP *** [9s 2c 5c]
vitamin168 leaves the table
silja4: checks
belik555: bets $3
silja4: calls $3
*** TURN *** [9s 2c 5c] [Js]
silja4: checks
belik555: bets $6
silja4: calls $6
*** RIVER *** [9s 2c 5c Js] [Ac]
silja4: checks
belik555: bets $6
silja4: folds
Uncalled bet ($6) returned to belik555
belik555 collected $29.50 from pot
belik555: doesn't show hand
*** SUMMARY ***
Total pot $30 | Rake $0.50
Board [9s 2c 5c Js Ac]
Seat 5: silja4 (big blind) folded on the River
Seat 6: belik555 (button) (small blind) collected ($29.50)


PokerStars Hand #156512857012:  Hold'em Limit ($3/$6 USD) - 2016/07/27 12:23:02 ET
Table 'Phemios II' 6-max Seat #5 is the button
Seat 5: silja4 ($89.78 in chips)
Seat 6: belik555 ($94.96 in chips)
silja4: posts small blind $1
belik555: posts big blind $3
*** HOLE CARDS ***
silja4: folds
Uncalled bet ($2) returned to belik555
belik555 collected $2 from pot
belik555: doesn't show hand
*** SUMMARY ***
Total pot $2 | Rake $0
Seat 5: silja4 (button) (small blind) folded before Flop
Seat 6: belik555 (big blind) collected ($2)


PokerStars Hand #156512860030:  Hold'em Limit ($3/$6 USD) - 2016/07/27 12:23:07 ET
Table 'Phemios II' 6-max Seat #6 is the button
Seat 5: silja4 ($88.78 in chips)
Seat 6: belik555 ($95.96 in chips)
belik555: posts small blind $1
silja4: posts big blind $3
*** HOLE CARDS ***
belik555: raises $3 to $6
silja4: folds
Uncalled bet ($3) returned to belik555
belik555 collected $6 from pot
belik555: doesn't show hand
*** SUMMARY ***
Total pot $6 | Rake $0
Seat 5: silja4 (big blind) folded before Flop
Seat 6: belik555 (button) (small blind) collected ($6)


PokerStars Hand #156512863952:  Hold'em Limit ($3/$6 USD) - 2016/07/27 12:23:13 ET
Table 'Phemios II' 6-max Seat #5 is the button
Seat 5: silja4 ($85.78 in chips)
Seat 6: belik555 ($98.96 in chips)
silja4: posts small blind $1
belik555: posts big blind $3
*** HOLE CARDS ***
silja4: raises $3 to $6
belik555: raises $3 to $9
silja4: raises $3 to $12
Betting is capped
belik555: calls $3
*** FLOP *** [4s 2s Ks]
belik555: checks
silja4: bets $3
belik555: calls $3
*** TURN *** [4s 2s Ks] [5s]
belik555: checks
silja4: checks
*** RIVER *** [4s 2s Ks 5s] [3d]
belik555: bets $6
silja4: calls $6
*** SHOW DOWN ***
belik555: shows [5d 5c] (three of a kind, Fives)
silja4: shows [Kc Kh] (three of a kind, Kings)
silja4 collected $41.50 from pot
*** SUMMARY ***
Total pot $42 | Rake $0.50
Board [4s 2s Ks 5s 3d]
Seat 5: silja4 (button) (small blind) showed [Kc Kh] and won ($41.50) with three of a kind, Kings
Seat 6: belik555 (big blind) showed [5d 5c] and lost with three of a kind, Fives


PokerStars Hand #156512880366:  Hold'em Limit ($3/$6 USD) - 2016/07/27 12:23:40 ET
Table 'Phemios II' 6-max Seat #6 is the button
Seat 5: silja4 ($106.28 in chips)
Seat 6: belik555 ($77.96 in chips)
belik555: posts small blind $1
silja4: posts big blind $3
*** HOLE CARDS ***
belik555: raises $3 to $6
silja4: calls $3
*** FLOP *** [Js Jc Td]
silja4: checks
belik555: bets $3
silja4: calls $3
*** TURN *** [Js Jc Td] [4c]
silja4: checks
belik555: bets $6
silja4: calls $6
*** RIVER *** [Js Jc Td 4c] [6h]
silja4: checks
belik555: bets $6
silja4: raises $6 to $12
belik555: raises $6 to $18
silja4: raises $6 to $24
Betting is capped
belik555: calls $6
*** SHOW DOWN ***
silja4: shows [6d 6c] (a full house, Sixes full of Jacks)
belik555: mucks hand
silja4 collected $77.50 from pot
*** SUMMARY ***
Total pot $78 | Rake $0.50
Board [Js Jc Td 4c 6h]
Seat 5: silja4 (big blind) showed [6d 6c] and won ($77.50) with a full house, Sixes full of Jacks
Seat 6: belik555 (button) (small blind) mucked


PokerStars Hand #156512917927:  Hold'em Limit ($3/$6 USD) - 2016/07/27 12:24:40 ET
Table 'Phemios II' 6-max Seat #5 is the button
Seat 5: silja4 ($144.78 in chips)
Seat 6: belik555 ($72 in chips)
silja4: posts small blind $1
belik555: posts big blind $3
*** HOLE CARDS ***
silja4: folds
Uncalled bet ($2) returned to belik555
belik555 collected $2 from pot
belik555: doesn't show hand
*** SUMMARY ***
Total pot $2 | Rake $0
Seat 5: silja4 (button) (small blind) folded before Flop
Seat 6: belik555 (big blind) collected ($2)


PokerStars Hand #156512922554:  Hold'em Limit ($3/$6 USD) - 2016/07/27 12:24:47 ET
Table 'Phemios II' 6-max Seat #6 is the button
Seat 5: silja4 ($143.78 in chips)
Seat 6: belik555 ($73 in chips)
belik555: posts small blind $1
silja4: posts big blind $3
*** HOLE CARDS ***
belik555: raises $3 to $6
silja4: folds
Uncalled bet ($3) returned to belik555
belik555 collected $6 from pot
belik555: doesn't show hand
*** SUMMARY ***
Total pot $6 | Rake $0
Seat 5: silja4 (big blind) folded before Flop
Seat 6: belik555 (button) (small blind) collected ($6)


PokerStars Hand #156512930498:  Hold'em Limit ($3/$6 USD) - 2016/07/27 12:25:00 ET
Table 'Phemios II' 6-max Seat #5 is the button
Seat 5: silja4 ($140.78 in chips)
Seat 6: belik555 ($76 in chips)
silja4: posts small blind $1
belik555: posts big blind $3
*** HOLE CARDS ***
silja4: calls $2
belik555: raises $3 to $6
silja4: calls $3
*** FLOP *** [Ad 7h Ah]
belik555: bets $3
silja4: folds
Uncalled bet ($3) returned to belik555
belik555 collected $11.76 from pot
belik555: doesn't show hand
*** SUMMARY ***
Total pot $12 | Rake $0.24
Board [Ad 7h Ah]
Seat 5: silja4 (button) (small blind) folded on the Flop
Seat 6: belik555 (big blind) collected ($11.76)


PokerStars Hand #156512938244:  Hold'em Limit ($3/$6 USD) - 2016/07/27 12:25:12 ET
Table 'Phemios II' 6-max Seat #6 is the button
Seat 5: silja4 ($134.78 in chips)
Seat 6: belik555 ($81.76 in chips)
belik555: posts small blind $1
silja4: posts big blind $3
*** HOLE CARDS ***
belik555: raises $3 to $6
silja4: folds
Uncalled bet ($3) returned to belik555
belik555 collected $6 from pot
belik555: doesn't show hand
*** SUMMARY ***
Total pot $6 | Rake $0
Seat 5: silja4 (big blind) folded before Flop
Seat 6: belik555 (button) (small blind) collected ($6)


PokerStars Hand #156512942978:  Hold'em Limit ($3/$6 USD) - 2016/07/27 12:25:19 ET
Table 'Phemios II' 6-max Seat #5 is the button
Seat 5: silja4 ($131.78 in chips)
Seat 6: belik555 ($84.76 in chips)
silja4: posts small blind $1
belik555: posts big blind $3
*** HOLE CARDS ***
silja4: folds
Uncalled bet ($2) returned to belik555
belik555 collected $2 from pot
belik555: doesn't show hand
*** SUMMARY ***
Total pot $2 | Rake $0
Seat 5: silja4 (button) (small blind) folded before Flop
Seat 6: belik555 (big blind) collected ($2)


PokerStars Hand #156512946895:  Hold'em Limit ($3/$6 USD) - 2016/07/27 12:25:26 ET
Table 'Phemios II' 6-max Seat #6 is the button
Seat 5: silja4 ($130.78 in chips)
Seat 6: belik555 ($85.76 in chips)
belik555: posts small blind $1
silja4: posts big blind $3
*** HOLE CARDS ***
belik555: raises $3 to $6
silja4: calls $3
*** FLOP *** [7d 3c Kc]
silja4: checks
belik555: bets $3
silja4: raises $3 to $6
belik555: folds
Uncalled bet ($3) returned to silja4
silja4 collected $17.64 from pot
silja4: doesn't show hand
*** SUMMARY ***
Total pot $18 | Rake $0.36
Board [7d 3c Kc]
Seat 5: silja4 (big blind) collected ($17.64)
Seat 6: belik555 (button) (small blind) folded on the Flop


PokerStars Hand #156513065739:  Hold'em Limit ($3/$6 USD) - 2016/07/27 12:28:36 ET
Table 'Phemios II' 6-max Seat #3 is the button
Seat 3: glissario ($135.50 in chips)
Seat 6: belik555 ($72 in chips)
glissario: posts small blind $1
belik555: posts big blind $3
*** HOLE CARDS ***
glissario: raises $3 to $6
belik555: calls $3
*** FLOP *** [Js Qc 7d]
belik555: checks
glissario: checks
*** TURN *** [Js Qc 7d] [8d]
belik555: checks
glissario: bets $6
belik555: calls $6
*** RIVER *** [Js Qc 7d 8d] [9c]
belik555: checks
glissario: bets $6
belik555: calls $6
*** SHOW DOWN ***
glissario: shows [Td 4h] (a straight, Eight to Queen)
belik555: mucks hand
glissario collected $35.50 from pot
*** SUMMARY ***
Total pot $36 | Rake $0.50
Board [Js Qc 7d 8d 9c]
Seat 3: glissario (button) (small blind) showed [Td 4h] and won ($35.50) with a straight, Eight to Queen
Seat 6: belik555 (big blind) mucked


PokerStars Hand #156513062277:  Hold'em Limit ($3/$6 USD) - 2016/07/27 12:28:30 ET
Table 'Phemios II' 6-max Seat #6 is the button
Seat 3: glissario ($134.50 in chips)
Seat 6: belik555 ($72 in chips)
belik555: posts small blind $1
glissario: posts big blind $3
*** HOLE CARDS ***
belik555: folds
Uncalled bet ($2) returned to glissario
glissario collected $2 from pot
*** SUMMARY ***
Total pot $2 | Rake $0
Seat 3: glissario (big blind) collected ($2)
Seat 6: belik555 (button) (small blind) folded before Flop


PokerStars Hand #156513046809:  Hold'em Limit ($3/$6 USD) - 2016/07/27 12:28:05 ET
Table 'Phemios II' 6-max Seat #3 is the button
Seat 3: glissario ($120 in chips)
Seat 6: belik555 ($76.76 in chips)
glissario: posts small blind $1
belik555: posts big blind $3
*** HOLE CARDS ***
glissario: raises $3 to $6
belik555: calls $3
*** FLOP *** [8h 6h 3c]
belik555: checks
glissario: bets $3
belik555: calls $3
*** TURN *** [8h 6h 3c] [5h]
belik555: checks
glissario: bets $6
belik555: calls $6
*** RIVER *** [8h 6h 3c 5h] [6d]
belik555: checks
glissario: bets $6
belik555: folds
Uncalled bet ($6) returned to glissario
glissario collected $29.50 from pot
*** SUMMARY ***
Total pot $30 | Rake $0.50
Board [8h 6h 3c 5h 6d]
Seat 3: glissario (button) (small blind) collected ($29.50)
Seat 6: belik555 (big blind) folded on the River


PokerStars Hand #156513084069:  Hold'em Limit ($3/$6 USD) - 2016/07/27 12:29:05 ET
Table 'Phemios II' 6-max Seat #6 is the button
Seat 3: glissario ($153 in chips)
Seat 6: belik555 ($72 in chips)
belik555: posts small blind $1
glissario: posts big blind $3
*** HOLE CARDS ***
Zubasa07 joins the table at seat #4
belik555: raises $3 to $6
glissario: calls $3
*** FLOP *** [7h Qh 2c]
glissario: checks
belik555: bets $3
glissario: folds
Uncalled bet ($3) returned to belik555
belik555 collected $11.76 from pot
belik555: doesn't show hand
*** SUMMARY ***
Total pot $12 | Rake $0.24
Board [7h Qh 2c]
Seat 3: glissario (big blind) folded on the Flop
Seat 6: belik555 (button) (small blind) collected ($11.76)


PokerStars Hand #156513136692:  Hold'em Limit ($3/$6 USD) - 2016/07/27 12:30:28 ET
Table 'Phemios II' 6-max Seat #6 is the button
Seat 4: Zubasa07 ($486 in chips)
Seat 6: belik555 ($91.86 in chips)
belik555: posts small blind $1
glissario: is sitting out
Zubasa07: posts big blind $3
*** HOLE CARDS ***
glissario leaves the table
belik555: raises $3 to $6
Zubasa07: calls $3
*** FLOP *** [5c Jd 6s]
Zubasa07: checks
belik555: bets $3
Zubasa07: raises $3 to $6
belik555: calls $3
*** TURN *** [5c Jd 6s] [6d]
Zubasa07: bets $6
belik555: calls $6
*** RIVER *** [5c Jd 6s 6d] [Qc]
Zubasa07: bets $6
belik555: folds
Uncalled bet ($6) returned to Zubasa07
Zubasa07 collected $35.50 from pot
Zubasa07: doesn't show hand
*** SUMMARY ***
Total pot $36 | Rake $0.50
Board [5c Jd 6s 6d Qc]
Seat 4: Zubasa07 (big blind) collected ($35.50)
Seat 6: belik555 (button) (small blind) folded on the River


