PokerStars Hand #156771461701:  Hold'em Limit ($3/$6 USD) - 2016/08/02 12:28:37 ET
Table 'Phemios II' 6-max Seat #4 is the button
Seat 4: Agrotait ($73 in chips)
Seat 6: Profitables ($43 in chips)
Agrotait: posts small blind $1
Profitables: posts big blind $3
*** HOLE CARDS ***
Agrotait: folds
Uncalled bet ($2) returned to Profitables
Profitables collected $2 from pot
Profitables: doesn't show hand
*** SUMMARY ***
Total pot $2 | Rake $0
Seat 4: Agrotait (button) (small blind) folded before Flop
Seat 6: Profitables (big blind) collected ($2)


PokerStars Hand #156771454613:  Hold'em Limit ($3/$6 USD) - 2016/08/02 12:28:26 ET
Table 'Phemios II' 6-max Seat #6 is the button
Seat 4: Agrotait ($72 in chips)
Seat 6: Profitables ($44 in chips)
Profitables: posts small blind $1
Agrotait: posts big blind $3
*** HOLE CARDS ***
Profitables: folds
Uncalled bet ($2) returned to Agrotait
Agrotait collected $2 from pot
Agrotait: doesn't show hand
*** SUMMARY ***
Total pot $2 | Rake $0
Seat 4: Agrotait (big blind) collected ($2)
Seat 6: Profitables (button) (small blind) folded before Flop


PokerStars Hand #156771465179:  Hold'em Limit ($3/$6 USD) - 2016/08/02 12:28:42 ET
Table 'Phemios II' 6-max Seat #6 is the button
Seat 4: Agrotait ($72 in chips)
Seat 6: Profitables ($44 in chips)
Onkinator joins the table at seat #2
Profitables: posts small blind $1
Agrotait: posts big blind $3
*** HOLE CARDS ***
Profitables: raises $3 to $6
Agrotait: calls $3
*** FLOP *** [5s Kh 3h]
Agrotait: checks
Profitables: bets $3
Agrotait: raises $3 to $6
Profitables: raises $3 to $9
Agrotait: calls $3
*** TURN *** [5s Kh 3h] [2h]
Agrotait: checks
Profitables: checks
*** RIVER *** [5s Kh 3h 2h] [Ac]
Agrotait: bets $6
Profitables: folds
Uncalled bet ($6) returned to Agrotait
B_loJkl joins the table at seat #3
Agrotait collected $29.50 from pot
Agrotait: doesn't show hand
*** SUMMARY ***
Total pot $30 | Rake $0.50
Board [5s Kh 3h 2h Ac]
Seat 4: Agrotait (big blind) collected ($29.50)
Seat 6: Profitables (button) (small blind) folded on the River


PokerStars Hand #156771493720:  Hold'em Limit ($3/$6 USD) - 2016/08/02 12:29:25 ET
Table 'Phemios II' 6-max Seat #4 is the button
Seat 4: Agrotait ($86.50 in chips)
Seat 6: Profitables ($29 in chips)
Agrotait: posts small blind $1
Profitables: posts big blind $3
*** HOLE CARDS ***
vestimokrec joins the table at seat #1
Agrotait: raises $3 to $6
Profitables: calls $3
*** FLOP *** [Tc 3h 5h]
Profitables: checks
Agrotait: bets $3
Profitables: calls $3
*** TURN *** [Tc 3h 5h] [Qc]
Profitables: checks
Agrotait: bets $6
Profitables: calls $6
*** RIVER *** [Tc 3h 5h Qc] [2s]
Profitables: checks
Agrotait: bets $6
Profitables: calls $6
*** SHOW DOWN ***
Agrotait: shows [As Td] (a pair of Tens)
Profitables: mucks hand
Agrotait collected $41.50 from pot
*** SUMMARY ***
Total pot $42 | Rake $0.50
Board [Tc 3h 5h Qc 2s]
Seat 4: Agrotait (button) (small blind) showed [As Td] and won ($41.50) with a pair of Tens
Seat 6: Profitables (big blind) mucked


PokerStars Hand #156771551459:  Hold'em Limit ($3/$6 USD) - 2016/08/02 12:30:52 ET
Table 'Phemios II' 6-max Seat #4 is the button
Seat 1: vestimokrec ($123.64 in chips)
Seat 4: Agrotait ($110.64 in chips)
Onkinator will be allowed to play after the button
B_loJkl will be allowed to play after the button
Agrotait: posts small blind $1
vestimokrec: posts big blind $3
*** HOLE CARDS ***
Agrotait: folds
Uncalled bet ($2) returned to vestimokrec
Profitables leaves the table
vestimokrec collected $2 from pot
vestimokrec: doesn't show hand
*** SUMMARY ***
Total pot $2 | Rake $0
Seat 1: vestimokrec (big blind) collected ($2)
Seat 4: Agrotait (button) (small blind) folded before Flop


PokerStars Hand #156771605394:  Hold'em Limit ($3/$6 USD) - 2016/08/02 12:32:14 ET
Table 'Phemios II' 6-max Seat #2 is the button
Seat 2: Onkinator ($305.75 in chips)
Seat 3: B_loJkl ($138 in chips)
Onkinator: posts small blind $1
B_loJkl: posts big blind $3
*** HOLE CARDS ***
Onkinator: raises $3 to $6
B_loJkl: calls $3
*** FLOP *** [Ks 7c 2h]
B_loJkl: checks
Onkinator: bets $3
B_loJkl: calls $3
*** TURN *** [Ks 7c 2h] [Kc]
B_loJkl: checks
Onkinator: bets $6
B_loJkl: calls $6
*** RIVER *** [Ks 7c 2h Kc] [2s]
B_loJkl: checks
Onkinator: bets $6
B_loJkl: calls $6
*** SHOW DOWN ***
Onkinator: shows [8c Qh] (two pair, Kings and Deuces)
B_loJkl: shows [7s 5c] (two pair, Kings and Sevens)
B_loJkl collected $41.50 from pot
*** SUMMARY ***
Total pot $42 | Rake $0.50
Board [Ks 7c 2h Kc 2s]
Seat 2: Onkinator (button) (small blind) showed [8c Qh] and lost with two pair, Kings and Deuces
Seat 3: B_loJkl (big blind) showed [7s 5c] and won ($41.50) with two pair, Kings and Sevens


PokerStars Hand #156771582973:  Hold'em Limit ($3/$6 USD) - 2016/08/02 12:31:40 ET
Table 'Phemios II' 6-max Seat #3 is the button
Seat 2: Onkinator ($297.11 in chips)
Seat 3: B_loJkl ($147 in chips)
B_loJkl: posts small blind $1
Agrotait: is sitting out
vestimokrec: is sitting out
Onkinator: posts big blind $3
*** HOLE CARDS ***
B_loJkl: raises $3 to $6
vestimokrec leaves the table
Onkinator: calls $3
*** FLOP *** [9d 6s 3d]
Onkinator: checks
B_loJkl: bets $3
Onkinator: calls $3
*** TURN *** [9d 6s 3d] [4s]
Onkinator: checks
Agrotait leaves the table
B_loJkl: checks
*** RIVER *** [9d 6s 3d 4s] [8h]
Onkinator: bets $6
B_loJkl: folds
Uncalled bet ($6) returned to Onkinator
Onkinator collected $17.64 from pot
Onkinator: doesn't show hand
*** SUMMARY ***
Total pot $18 | Rake $0.36
Board [9d 6s 3d 4s 8h]
Seat 2: Onkinator (big blind) collected ($17.64)
Seat 3: B_loJkl (button) (small blind) folded on the River


PokerStars Hand #156771630216:  Hold'em Limit ($3/$6 USD) - 2016/08/02 12:32:52 ET
Table 'Phemios II' 6-max Seat #3 is the button
Seat 2: Onkinator ($284.75 in chips)
Seat 3: B_loJkl ($158.50 in chips)
B_loJkl: posts small blind $1
Onkinator: posts big blind $3
*** HOLE CARDS ***
B_loJkl: raises $3 to $6
Onkinator: raises $3 to $9
B_loJkl: calls $3
*** FLOP *** [Kc 2c 9s]
Onkinator: bets $3
B_loJkl: calls $3
*** TURN *** [Kc 2c 9s] [9h]
Onkinator: bets $6
B_loJkl: calls $6
*** RIVER *** [Kc 2c 9s 9h] [7d]
Onkinator: bets $6
B_loJkl: folds
Uncalled bet ($6) returned to Onkinator
Onkinator collected $35.50 from pot
Onkinator: doesn't show hand
*** SUMMARY ***
Total pot $36 | Rake $0.50
Board [Kc 2c 9s 9h 7d]
Seat 2: Onkinator (big blind) collected ($35.50)
Seat 3: B_loJkl (button) (small blind) folded on the River


PokerStars Hand #156771668899:  Hold'em Limit ($3/$6 USD) - 2016/08/02 12:33:50 ET
Table 'Phemios II' 6-max Seat #2 is the button
Seat 2: Onkinator ($306.25 in chips)
Seat 3: B_loJkl ($136.50 in chips)
Onkinator: posts small blind $1
B_loJkl: posts big blind $3
*** HOLE CARDS ***
Onkinator: folds
Uncalled bet ($2) returned to B_loJkl
B_loJkl collected $2 from pot
B_loJkl: doesn't show hand
*** SUMMARY ***
Total pot $2 | Rake $0
Seat 2: Onkinator (button) (small blind) folded before Flop
Seat 3: B_loJkl (big blind) collected ($2)


PokerStars Hand #156771665229:  Hold'em Limit ($3/$6 USD) - 2016/08/02 12:33:44 ET
Table 'Phemios II' 6-max Seat #3 is the button
Seat 2: Onkinator ($305.25 in chips)
Seat 3: B_loJkl ($137.50 in chips)
B_loJkl: posts small blind $1
Onkinator: posts big blind $3
*** HOLE CARDS ***
B_loJkl: folds
Uncalled bet ($2) returned to Onkinator
Onkinator collected $2 from pot
Onkinator: doesn't show hand
*** SUMMARY ***
Total pot $2 | Rake $0
Seat 2: Onkinator (big blind) collected ($2)
Seat 3: B_loJkl (button) (small blind) folded before Flop


PokerStars Hand #156771659216:  Hold'em Limit ($3/$6 USD) - 2016/08/02 12:33:35 ET
Table 'Phemios II' 6-max Seat #2 is the button
Seat 2: Onkinator ($302.25 in chips)
Seat 3: B_loJkl ($140.50 in chips)
Onkinator: posts small blind $1
B_loJkl: posts big blind $3
*** HOLE CARDS ***
Onkinator: raises $3 to $6
B_loJkl: folds
Uncalled bet ($3) returned to Onkinator
Onkinator collected $6 from pot
Onkinator: doesn't show hand
*** SUMMARY ***
Total pot $6 | Rake $0
Seat 2: Onkinator (button) (small blind) collected ($6)
Seat 3: B_loJkl (big blind) folded before Flop


