PokerStars Hand #167824792838:  Hold'em Limit ($3/$6 USD) - 2017/03/19 16:57:49 ET
Table 'Phemios' 6-max Seat #2 is the button
Seat 1: Velbor107 ($285.07 in chips)
Seat 2: Silverfox247 ($145.02 in chips)
Silverfox247: posts small blind $1
Velbor107: posts big blind $3
*** HOLE CARDS ***
Silverfox247: folds
Uncalled bet ($2) returned to Velbor107
Velbor107 collected $2 from pot
*** SUMMARY ***
Total pot $2 | Rake $0
Seat 1: Velbor107 (big blind) collected ($2)
Seat 2: Silverfox247 (button) (small blind) folded before Flop


PokerStars Hand #167826082565:  Hold'em Limit ($3/$6 USD) - 2017/03/19 17:20:39 ET
Table 'Phemios' 6-max Seat #3 is the button
Seat 3: blatic327 ($214.28 in chips)
Seat 4: Velbor107 ($306.76 in chips)
blatic327: posts small blind $1
Velbor107: posts big blind $3
*** HOLE CARDS ***
blatic327: folds
Uncalled bet ($2) returned to Velbor107
Velbor107 collected $2 from pot
*** SUMMARY ***
Total pot $2 | Rake $0
Seat 3: blatic327 (button) (small blind) folded before Flop
Seat 4: Velbor107 (big blind) collected ($2)


PokerStars Hand #167826119260:  Hold'em Limit ($3/$6 USD) - 2017/03/19 17:21:16 ET
Table 'Phemios' 6-max Seat #3 is the button
Seat 3: blatic327 ($201.28 in chips)
Seat 4: Velbor107 ($319.28 in chips)
blatic327: posts small blind $1
Velbor107: posts big blind $3
*** HOLE CARDS ***
blatic327: folds
Uncalled bet ($2) returned to Velbor107
Velbor107 collected $2 from pot
*** SUMMARY ***
Total pot $2 | Rake $0
Seat 3: blatic327 (button) (small blind) folded before Flop
Seat 4: Velbor107 (big blind) collected ($2)


PokerStars Hand #167826088633:  Hold'em Limit ($3/$6 USD) - 2017/03/19 17:20:45 ET
Table 'Phemios' 6-max Seat #4 is the button
Seat 3: blatic327 ($213.28 in chips)
Seat 4: Velbor107 ($307.76 in chips)
Velbor107: posts small blind $1
blatic327: posts big blind $3
*** HOLE CARDS ***
Velbor107: raises $3 to $6
blatic327: raises $3 to $9
Velbor107: calls $3
*** FLOP *** [6h 2s 8h]
blatic327: bets $3
Velbor107: calls $3
*** TURN *** [6h 2s 8h] [7d]
blatic327: checks
Velbor107: bets $6
blatic327: folds
Uncalled bet ($6) returned to Velbor107
Velbor107 collected $23.52 from pot
*** SUMMARY ***
Total pot $24 | Rake $0.48
Board [6h 2s 8h 7d]
Seat 3: blatic327 (big blind) folded on the Turn
Seat 4: Velbor107 (button) (small blind) collected ($23.52)


PokerStars Hand #167828159483:  Hold'em Limit ($3/$6 USD) - 2017/03/19 17:58:30 ET
Table 'Phemios' 6-max Seat #3 is the button
Seat 1: Velbor107 ($308.64 in chips)
Seat 3: rik_beaul007 ($27.90 in chips)
rik_beaul007: posts small blind $1
Velbor107: posts big blind $3
*** HOLE CARDS ***
rik_beaul007: folds
Uncalled bet ($2) returned to Velbor107
Velbor107 collected $2 from pot
*** SUMMARY ***
Total pot $2 | Rake $0
Seat 1: Velbor107 (big blind) collected ($2)
Seat 3: rik_beaul007 (button) (small blind) folded before Flop


PokerStars Hand #167828145270:  Hold'em Limit ($3/$6 USD) - 2017/03/19 17:58:09 ET
Table 'Phemios' 6-max Seat #1 is the button
Seat 1: Velbor107 ($300 in chips)
Seat 3: rik_beaul007 ($36.90 in chips)
Velbor107: posts small blind $1
rik_beaul007: posts big blind $3
*** HOLE CARDS ***
Velbor107: raises $3 to $6
rik_beaul007: calls $3
*** FLOP *** [Qs 6d Ac]
rik_beaul007: checks
Velbor107: bets $3
rik_beaul007: calls $3
*** TURN *** [Qs 6d Ac] [7h]
rik_beaul007: checks
Velbor107: bets $6
rik_beaul007: folds
Uncalled bet ($6) returned to Velbor107
Velbor107 collected $17.64 from pot
*** SUMMARY ***
Total pot $18 | Rake $0.36
Board [Qs 6d Ac 7h]
Seat 1: Velbor107 (button) (small blind) collected ($17.64)
Seat 3: rik_beaul007 (big blind) folded on the Turn


PokerStars Hand #167828174325:  Hold'em Limit ($3/$6 USD) - 2017/03/19 17:58:51 ET
Table 'Phemios' 6-max Seat #3 is the button
Seat 1: Velbor107 ($297.64 in chips)
Seat 3: rik_beaul007 ($38.42 in chips)
rik_beaul007: posts small blind $1
Velbor107: posts big blind $3
*** HOLE CARDS ***
rik_beaul007: folds
Uncalled bet ($2) returned to Velbor107
Velbor107 collected $2 from pot
*** SUMMARY ***
Total pot $2 | Rake $0
Seat 1: Velbor107 (big blind) collected ($2)
Seat 3: rik_beaul007 (button) (small blind) folded before Flop


PokerStars Hand #167828163080:  Hold'em Limit ($3/$6 USD) - 2017/03/19 17:58:35 ET
Table 'Phemios' 6-max Seat #1 is the button
Seat 1: Velbor107 ($309.64 in chips)
Seat 3: rik_beaul007 ($26.90 in chips)
Velbor107: posts small blind $1
rik_beaul007: posts big blind $3
*** HOLE CARDS ***
Velbor107: raises $3 to $6
rik_beaul007: raises $3 to $9
Velbor107: calls $3
*** FLOP *** [5h Ac Ad]
rik_beaul007: bets $3
Velbor107: calls $3
*** TURN *** [5h Ac Ad] [As]
rik_beaul007: bets $6
Velbor107: folds
Uncalled bet ($6) returned to rik_beaul007
rik_beaul007 collected $23.52 from pot
rik_beaul007: doesn't show hand
*** SUMMARY ***
Total pot $24 | Rake $0.48
Board [5h Ac Ad As]
Seat 1: Velbor107 (button) (small blind) folded on the Turn
Seat 3: rik_beaul007 (big blind) collected ($23.52)


PokerStars Hand #167828177658:  Hold'em Limit ($3/$6 USD) - 2017/03/19 17:58:56 ET
Table 'Phemios' 6-max Seat #1 is the button
Seat 1: Velbor107 ($298.64 in chips)
Seat 3: rik_beaul007 ($37.42 in chips)
Velbor107: posts small blind $1
rik_beaul007: posts big blind $3
*** HOLE CARDS ***
GoliafUa joins the table at seat #4
Velbor107: raises $3 to $6
rik_beaul007: raises $3 to $9
Velbor107: calls $3
*** FLOP *** [2c 4s Ah]
rik_beaul007: bets $3
Velbor107: folds
Uncalled bet ($3) returned to rik_beaul007
rik_beaul007 collected $17.64 from pot
rik_beaul007: doesn't show hand
*** SUMMARY ***
Total pot $18 | Rake $0.36
Board [2c 4s Ah]
Seat 1: Velbor107 (button) (small blind) folded on the Flop
Seat 3: rik_beaul007 (big blind) collected ($17.64)


PokerStars Hand #167828551082:  Hold'em Limit ($3/$6 USD) - 2017/03/19 18:06:33 ET
Table 'Phemios' 6-max Seat #6 is the button
Seat 4: GoliafUa ($108.78 in chips)
Seat 6: masterblstr8 ($135.08 in chips)
masterblstr8: posts small blind $1
Velbor107: is sitting out
boogi: is sitting out
GoliafUa: posts big blind $3
*** HOLE CARDS ***
Velbor107 leaves the table
boogi leaves the table
masterblstr8: raises $3 to $6
GoliafUa: raises $3 to $9
masterblstr8: calls $3
*** FLOP *** [Qh As 5h]
GoliafUa: bets $3
masterblstr8: calls $3
*** TURN *** [Qh As 5h] [2d]
GoliafUa: bets $6
masterblstr8: calls $6
*** RIVER *** [Qh As 5h 2d] [9h]
GoliafUa: checks
masterblstr8: bets $6
GoliafUa: folds
Uncalled bet ($6) returned to masterblstr8
masterblstr8 collected $35.50 from pot
masterblstr8: doesn't show hand
*** SUMMARY ***
Total pot $36 | Rake $0.50
Board [Qh As 5h 2d 9h]
Seat 4: GoliafUa (big blind) folded on the River
Seat 6: masterblstr8 (button) (small blind) collected ($35.50)


