PokerStars Hand #169071778704:  Hold'em Limit ($3/$6 USD) - 2017/04/15 9:42:22 ET
Table 'Phemios' 6-max Seat #2 is the button
Seat 2: humlefar ($45 in chips)
Seat 3: TbIP-TbIP 88 ($72 in chips)
humlefar: posts small blind $1
TbIP-TbIP 88: posts big blind $3
*** HOLE CARDS ***
LifeisagameX leaves the table
humlefar: folds
Uncalled bet ($2) returned to TbIP-TbIP 88
TbIP-TbIP 88 collected $2 from pot
*** SUMMARY ***
Total pot $2 | Rake $0
Seat 2: humlefar (button) (small blind) folded before Flop
Seat 3: TbIP-TbIP 88 (big blind) collected ($2)


PokerStars Hand #169071800118:  Hold'em Limit ($3/$6 USD) - 2017/04/15 9:42:56 ET
Table 'Phemios' 6-max Seat #2 is the button
Seat 2: humlefar ($38 in chips)
Seat 3: TbIP-TbIP 88 ($78.76 in chips)
humlefar: posts small blind $1
TbIP-TbIP 88: posts big blind $3
*** HOLE CARDS ***
humlefar: folds
Uncalled bet ($2) returned to TbIP-TbIP 88
TbIP-TbIP 88 collected $2 from pot
TbIP-TbIP 88: doesn't show hand
*** SUMMARY ***
Total pot $2 | Rake $0
Seat 2: humlefar (button) (small blind) folded before Flop
Seat 3: TbIP-TbIP 88 (big blind) collected ($2)


PokerStars Hand #169071782749:  Hold'em Limit ($3/$6 USD) - 2017/04/15 9:42:28 ET
Table 'Phemios' 6-max Seat #3 is the button
Seat 2: humlefar ($44 in chips)
Seat 3: TbIP-TbIP 88 ($73 in chips)
TbIP-TbIP 88: posts small blind $1
humlefar: posts big blind $3
*** HOLE CARDS ***
TbIP-TbIP 88: raises $3 to $6
humlefar: calls $3
*** FLOP *** [Kh Ah 2d]
humlefar: checks
TbIP-TbIP 88: bets $3
humlefar: folds
Uncalled bet ($3) returned to TbIP-TbIP 88
TbIP-TbIP 88 collected $11.76 from pot
TbIP-TbIP 88: doesn't show hand
*** SUMMARY ***
Total pot $12 | Rake $0.24
Board [Kh Ah 2d]
Seat 2: humlefar (big blind) folded on the Flop
Seat 3: TbIP-TbIP 88 (button) (small blind) collected ($11.76)


PokerStars Hand #169071804055:  Hold'em Limit ($3/$6 USD) - 2017/04/15 9:43:02 ET
Table 'Phemios' 6-max Seat #3 is the button
Seat 2: humlefar ($37 in chips)
Seat 3: TbIP-TbIP 88 ($79.76 in chips)
TbIP-TbIP 88: posts small blind $1
humlefar: posts big blind $3
*** HOLE CARDS ***
TbIP-TbIP 88: raises $3 to $6
humlefar: calls $3
*** FLOP *** [9c Qh Qs]
humlefar: checks
TbIP-TbIP 88: bets $3
humlefar: folds
Uncalled bet ($3) returned to TbIP-TbIP 88
TbIP-TbIP 88 collected $11.76 from pot
TbIP-TbIP 88: doesn't show hand
*** SUMMARY ***
Total pot $12 | Rake $0.24
Board [9c Qh Qs]
Seat 2: humlefar (big blind) folded on the Flop
Seat 3: TbIP-TbIP 88 (button) (small blind) collected ($11.76)


PokerStars Hand #169071817202:  Hold'em Limit ($3/$6 USD) - 2017/04/15 9:43:23 ET
Table 'Phemios' 6-max Seat #2 is the button
Seat 2: humlefar ($31 in chips)
Seat 3: TbIP-TbIP 88 ($85.52 in chips)
humlefar: posts small blind $1
TbIP-TbIP 88: posts big blind $3
*** HOLE CARDS ***
humlefar: raises $3 to $6
TbIP-TbIP 88: calls $3
*** FLOP *** [6h 4d 8d]
TbIP-TbIP 88: checks
humlefar: bets $3
TbIP-TbIP 88: calls $3
*** TURN *** [6h 4d 8d] [Kc]
TbIP-TbIP 88: checks
humlefar: bets $6
ChawkDee joins the table at seat #6
TbIP-TbIP 88: raises $6 to $12
humlefar: calls $6
*** RIVER *** [6h 4d 8d Kc] [8c]
TbIP-TbIP 88: bets $6
humlefar: raises $4 to $10 and is all-in
TbIP-TbIP 88: calls $4
*** SHOW DOWN ***
humlefar: shows [Qc 6c] (two pair, Eights and Sixes)
TbIP-TbIP 88: shows [Kd 7s] (two pair, Kings and Eights)
TbIP-TbIP 88 collected $61.50 from pot
*** SUMMARY ***
Total pot $62 | Rake $0.50
Board [6h 4d 8d Kc 8c]
Seat 2: humlefar (button) (small blind) showed [Qc 6c] and lost with two pair, Eights and Sixes
Seat 3: TbIP-TbIP 88 (big blind) showed [Kd 7s] and won ($61.50) with two pair, Kings and Eights


PokerStars Hand #169071867108:  Hold'em Limit ($3/$6 USD) - 2017/04/15 9:44:42 ET
Table 'Phemios' 6-max Seat #3 is the button
Seat 3: TbIP-TbIP 88 ($116.02 in chips)
Seat 6: ChawkDee ($120 in chips)
TbIP-TbIP 88: posts small blind $1
ChawkDee: posts big blind $3
*** HOLE CARDS ***
TbIP-TbIP 88: raises $3 to $6
ChawkDee: folds
Uncalled bet ($3) returned to TbIP-TbIP 88
TbIP-TbIP 88 collected $6 from pot
*** SUMMARY ***
Total pot $6 | Rake $0
Seat 3: TbIP-TbIP 88 (button) (small blind) collected ($6)
Seat 6: ChawkDee (big blind) folded before Flop


PokerStars Hand #169072318492:  Hold'em Limit ($3/$6 USD) - 2017/04/15 9:56:52 ET
Table 'Phemios' 6-max Seat #1 is the button
Seat 1: chrismat ($145.68 in chips)
Seat 6: ChawkDee ($104.64 in chips)
chrismat: posts small blind $1
TbIP-TbIP 88: is sitting out
ChawkDee: posts big blind $3
*** HOLE CARDS ***
chrismat: folds
Uncalled bet ($2) returned to ChawkDee
ChawkDee collected $2 from pot
ChawkDee: doesn't show hand
*** SUMMARY ***
Total pot $2 | Rake $0
Seat 1: chrismat (button) (small blind) folded before Flop
Seat 6: ChawkDee (big blind) collected ($2)


