PokerStars Hand #172654961395:  Hold'em Limit ($3/$6 USD) - 2017/07/05 18:17:33 ET
Table 'Phemios' 6-max Seat #5 is the button
Seat 5: StarWheels ($114.36 in chips)
Seat 6: AzureCaper ($72 in chips)
StarWheels: posts small blind $1
AzureCaper: posts big blind $3
*** HOLE CARDS ***
StarWheels: folds
Uncalled bet ($2) returned to AzureCaper
AzureCaper collected $2 from pot
AzureCaper: doesn't show hand
*** SUMMARY ***
Total pot $2 | Rake $0
Seat 5: StarWheels (button) (small blind) folded before Flop
Seat 6: AzureCaper (big blind) collected ($2)


PokerStars Hand #172654957854:  Hold'em Limit ($3/$6 USD) - 2017/07/05 18:17:28 ET
Table 'Phemios' 6-max Seat #6 is the button
Seat 5: StarWheels ($113.36 in chips)
Seat 6: AzureCaper ($73 in chips)
B_loJkl joins the table at seat #1
AzureCaper: posts small blind $1
StarWheels: posts big blind $3
*** HOLE CARDS ***
AzureCaper: folds
Uncalled bet ($2) returned to StarWheels
StarWheels collected $2 from pot
StarWheels: doesn't show hand
*** SUMMARY ***
Total pot $2 | Rake $0
Seat 5: StarWheels (big blind) collected ($2)
Seat 6: AzureCaper (button) (small blind) folded before Flop


PokerStars Hand #172654954446:  Hold'em Limit ($3/$6 USD) - 2017/07/05 18:17:23 ET
Table 'Phemios' 6-max Seat #5 is the button
Seat 5: StarWheels ($114.36 in chips)
Seat 6: AzureCaper ($72 in chips)
StarWheels: posts small blind $1
AzureCaper: posts big blind $3
*** HOLE CARDS ***
StarWheels: folds
Uncalled bet ($2) returned to AzureCaper
AzureCaper collected $2 from pot
AzureCaper: doesn't show hand
*** SUMMARY ***
Total pot $2 | Rake $0
Seat 5: StarWheels (button) (small blind) folded before Flop
Seat 6: AzureCaper (big blind) collected ($2)


PokerStars Hand #172654948903:  Hold'em Limit ($3/$6 USD) - 2017/07/05 18:17:15 ET
Table 'Phemios' 6-max Seat #6 is the button
Seat 5: StarWheels ($113.36 in chips)
Seat 6: AzureCaper ($72 in chips)
AzureCaper: posts small blind $1
StarWheels: posts big blind $3
*** HOLE CARDS ***
AzureCaper: folds
Uncalled bet ($2) returned to StarWheels
StarWheels collected $2 from pot
StarWheels: doesn't show hand
*** SUMMARY ***
Total pot $2 | Rake $0
Seat 5: StarWheels (big blind) collected ($2)
Seat 6: AzureCaper (button) (small blind) folded before Flop


PokerStars Hand #172655668034:  Hold'em Limit ($3/$6 USD) - 2017/07/05 18:35:21 ET
Table 'Phemios' 6-max Seat #5 is the button
Seat 5: StarWheels ($16.17 in chips)
Seat 6: AzureCaper ($112.30 in chips)
StarWheels: posts small blind $1
AzureCaper: posts big blind $3
*** HOLE CARDS ***
StarWheels: folds
Uncalled bet ($2) returned to AzureCaper
AzureCaper collected $2 from pot
AzureCaper: doesn't show hand
*** SUMMARY ***
Total pot $2 | Rake $0
Seat 5: StarWheels (button) (small blind) folded before Flop
Seat 6: AzureCaper (big blind) collected ($2)


PokerStars Hand #172655664329:  Hold'em Limit ($3/$6 USD) - 2017/07/05 18:35:15 ET
Table 'Phemios' 6-max Seat #6 is the button
Seat 5: StarWheels ($15.17 in chips)
Seat 6: AzureCaper ($113.30 in chips)
AzureCaper: posts small blind $1
B_loJkl: is sitting out
StarWheels: posts big blind $3
*** HOLE CARDS ***
AzureCaper: folds
Uncalled bet ($2) returned to StarWheels
B_loJkl leaves the table
StarWheels collected $2 from pot
StarWheels: doesn't show hand
*** SUMMARY ***
Total pot $2 | Rake $0
Seat 5: StarWheels (big blind) collected ($2)
Seat 6: AzureCaper (button) (small blind) folded before Flop


PokerStars Hand #172656570843:  Hold'em Limit ($3/$6 USD) - 2017/07/05 19:00:14 ET
Table 'Phemios' 6-max Seat #5 is the button
Seat 1: krytalex ($77.64 in chips)
Seat 5: StarWheels ($54.69 in chips)
StarWheels: posts small blind $1
krytalex: posts big blind $3
*** HOLE CARDS ***
StarWheels: raises $3 to $6
krytalex: calls $3
*** FLOP *** [Jc 8s Ac]
krytalex: checks
StarWheels: bets $3
krytalex: calls $3
*** TURN *** [Jc 8s Ac] [7d]
krytalex: checks
StarWheels: bets $6
krytalex: folds
Uncalled bet ($6) returned to StarWheels
StarWheels collected $17.64 from pot
StarWheels: doesn't show hand
*** SUMMARY ***
Total pot $18 | Rake $0.36
Board [Jc 8s Ac 7d]
Seat 1: krytalex (big blind) folded on the Turn
Seat 5: StarWheels (button) (small blind) collected ($17.64)


PokerStars Hand #172656588879:  Hold'em Limit ($3/$6 USD) - 2017/07/05 19:00:48 ET
Table 'Phemios' 6-max Seat #1 is the button
Seat 1: krytalex ($72 in chips)
Seat 5: StarWheels ($63.33 in chips)
krytalex: posts small blind $1
StarWheels: posts big blind $3
*** HOLE CARDS ***
krytalex: raises $3 to $6
StarWheels: folds
Uncalled bet ($3) returned to krytalex
krytalex collected $6 from pot
*** SUMMARY ***
Total pot $6 | Rake $0
Seat 1: krytalex (button) (small blind) collected ($6)
Seat 5: StarWheels (big blind) folded before Flop


PokerStars Hand #172656601992:  Hold'em Limit ($3/$6 USD) - 2017/07/05 19:01:12 ET
Table 'Phemios' 6-max Seat #1 is the button
Seat 1: krytalex ($86.52 in chips)
Seat 5: StarWheels ($48.33 in chips)
krytalex: posts small blind $1
StarWheels: posts big blind $3
*** HOLE CARDS ***
krytalex: raises $3 to $6
StarWheels: calls $3
*** FLOP *** [Ad 2s 2d]
StarWheels: checks
krytalex: bets $3
StarWheels: folds
Uncalled bet ($3) returned to krytalex
krytalex collected $11.76 from pot
*** SUMMARY ***
Total pot $12 | Rake $0.24
Board [Ad 2s 2d]
Seat 1: krytalex (button) (small blind) collected ($11.76)
Seat 5: StarWheels (big blind) folded on the Flop


PokerStars Hand #172656592133:  Hold'em Limit ($3/$6 USD) - 2017/07/05 19:00:54 ET
Table 'Phemios' 6-max Seat #5 is the button
Seat 1: krytalex ($75 in chips)
Seat 5: StarWheels ($60.33 in chips)
StarWheels: posts small blind $1
krytalex: posts big blind $3
*** HOLE CARDS ***
StarWheels: raises $3 to $6
krytalex: raises $3 to $9
StarWheels: calls $3
*** FLOP *** [2c 9d Kh]
krytalex: bets $3
StarWheels: calls $3
*** TURN *** [2c 9d Kh] [Qd]
krytalex: bets $6
StarWheels: folds
Uncalled bet ($6) returned to krytalex
krytalex collected $23.52 from pot
*** SUMMARY ***
Total pot $24 | Rake $0.48
Board [2c 9d Kh Qd]
Seat 1: krytalex (big blind) collected ($23.52)
Seat 5: StarWheels (button) (small blind) folded on the Turn


PokerStars Hand #172656613424:  Hold'em Limit ($3/$6 USD) - 2017/07/05 19:01:32 ET
Table 'Phemios' 6-max Seat #5 is the button
Seat 1: krytalex ($92.28 in chips)
Seat 5: StarWheels ($42.33 in chips)
StarWheels: posts small blind $1
krytalex: posts big blind $3
*** HOLE CARDS ***
StarWheels: raises $3 to $6
krytalex: calls $3
*** FLOP *** [Kd 6h Th]
krytalex: checks
StarWheels: bets $3
krytalex: folds
Uncalled bet ($3) returned to StarWheels
StarWheels collected $11.76 from pot
StarWheels: doesn't show hand
*** SUMMARY ***
Total pot $12 | Rake $0.24
Board [Kd 6h Th]
Seat 1: krytalex (big blind) folded on the Flop
Seat 5: StarWheels (button) (small blind) collected ($11.76)


PokerStars Hand #172656630902:  Hold'em Limit ($3/$6 USD) - 2017/07/05 19:02:02 ET
Table 'Phemios' 6-max Seat #1 is the button
Seat 1: krytalex ($86.28 in chips)
Seat 5: StarWheels ($48.09 in chips)
krytalex: posts small blind $1
StarWheels: posts big blind $3
*** HOLE CARDS ***
krytalex: raises $3 to $6
StarWheels: calls $3
*** FLOP *** [4c Kh Ah]
StarWheels: checks
krytalex: bets $3
StarWheels: calls $3
*** TURN *** [4c Kh Ah] [3d]
StarWheels: checks
krytalex: checks
*** RIVER *** [4c Kh Ah 3d] [Qh]
StarWheels: bets $6
krytalex: folds
Uncalled bet ($6) returned to StarWheels
StarWheels collected $17.64 from pot
StarWheels: doesn't show hand
*** SUMMARY ***
Total pot $18 | Rake $0.36
Board [4c Kh Ah 3d Qh]
Seat 1: krytalex (button) (small blind) folded on the River
Seat 5: StarWheels (big blind) collected ($17.64)


PokerStars Hand #172656643708:  Hold'em Limit ($3/$6 USD) - 2017/07/05 19:02:24 ET
Table 'Phemios' 6-max Seat #5 is the button
Seat 1: krytalex ($77.28 in chips)
Seat 5: StarWheels ($56.73 in chips)
StarWheels: posts small blind $1
krytalex: posts big blind $3
*** HOLE CARDS ***
StarWheels: raises $3 to $6
krytalex: calls $3
*** FLOP *** [8s 3d Ad]
krytalex: checks
StarWheels: bets $3
krytalex: folds
Uncalled bet ($3) returned to StarWheels
StarWheels collected $11.76 from pot
StarWheels: doesn't show hand
*** SUMMARY ***
Total pot $12 | Rake $0.24
Board [8s 3d Ad]
Seat 1: krytalex (big blind) folded on the Flop
Seat 5: StarWheels (button) (small blind) collected ($11.76)


PokerStars Hand #172656664940:  Hold'em Limit ($3/$6 USD) - 2017/07/05 19:03:00 ET
Table 'Phemios' 6-max Seat #5 is the button
Seat 1: krytalex ($80.64 in chips)
Seat 5: StarWheels ($53.49 in chips)
StarWheels: posts small blind $1
krytalex: posts big blind $3
*** HOLE CARDS ***
StarWheels: raises $3 to $6
krytalex: calls $3
*** FLOP *** [Ad 3c Qh]
krytalex: checks
StarWheels: bets $3
krytalex: folds
Uncalled bet ($3) returned to StarWheels
StarWheels collected $11.76 from pot
StarWheels: doesn't show hand
*** SUMMARY ***
Total pot $12 | Rake $0.24
Board [Ad 3c Qh]
Seat 1: krytalex (big blind) folded on the Flop
Seat 5: StarWheels (button) (small blind) collected ($11.76)


PokerStars Hand #172656671511:  Hold'em Limit ($3/$6 USD) - 2017/07/05 19:03:11 ET
Table 'Phemios' 6-max Seat #1 is the button
Seat 1: krytalex ($74.64 in chips)
Seat 5: StarWheels ($59.25 in chips)
krytalex: posts small blind $1
StarWheels: posts big blind $3
*** HOLE CARDS ***
krytalex: folds
Uncalled bet ($2) returned to StarWheels
StarWheels collected $2 from pot
StarWheels: doesn't show hand
*** SUMMARY ***
Total pot $2 | Rake $0
Seat 1: krytalex (button) (small blind) folded before Flop
Seat 5: StarWheels (big blind) collected ($2)


PokerStars Hand #172656676457:  Hold'em Limit ($3/$6 USD) - 2017/07/05 19:03:20 ET
Table 'Phemios' 6-max Seat #5 is the button
Seat 1: krytalex ($73.64 in chips)
Seat 5: StarWheels ($60.25 in chips)
StarWheels: posts small blind $1
krytalex: posts big blind $3
*** HOLE CARDS ***
StarWheels: raises $3 to $6
krytalex: calls $3
*** FLOP *** [9c 5d 7h]
krytalex: checks
StarWheels: bets $3
krytalex: calls $3
*** TURN *** [9c 5d 7h] [2s]
krytalex: checks
StarWheels: checks
*** RIVER *** [9c 5d 7h 2s] [2d]
krytalex: checks
StarWheels: checks
*** SHOW DOWN ***
krytalex: shows [Qc Js] (a pair of Deuces)
StarWheels: shows [Qd Ac] (a pair of Deuces - Ace kicker)
StarWheels collected $17.64 from pot
*** SUMMARY ***
Total pot $18 | Rake $0.36
Board [9c 5d 7h 2s 2d]
Seat 1: krytalex (big blind) showed [Qc Js] and lost with a pair of Deuces
Seat 5: StarWheels (button) (small blind) showed [Qd Ac] and won ($17.64) with a pair of Deuces


PokerStars Hand #172656655810:  Hold'em Limit ($3/$6 USD) - 2017/07/05 19:02:45 ET
Table 'Phemios' 6-max Seat #1 is the button
Seat 1: krytalex ($72 in chips)
Seat 5: StarWheels ($62.49 in chips)
krytalex: posts small blind $1
StarWheels: posts big blind $3
*** HOLE CARDS ***
krytalex: raises $3 to $6
StarWheels: calls $3
*** FLOP *** [2c 5s Ad]
StarWheels: checks
krytalex: bets $3
StarWheels: calls $3
*** TURN *** [2c 5s Ad] [Qd]
StarWheels: checks
krytalex: bets $6
StarWheels: folds
Uncalled bet ($6) returned to krytalex
krytalex collected $17.64 from pot
*** SUMMARY ***
Total pot $18 | Rake $0.36
Board [2c 5s Ad Qd]
Seat 1: krytalex (button) (small blind) collected ($17.64)
Seat 5: StarWheels (big blind) folded on the Turn


PokerStars Hand #172656714078:  Hold'em Limit ($3/$6 USD) - 2017/07/05 19:04:23 ET
Table 'Phemios' 6-max Seat #1 is the button
Seat 1: krytalex ($83.52 in chips)
Seat 5: StarWheels ($65.53 in chips)
krytalex: posts small blind $1
StarWheels: posts big blind $3
*** HOLE CARDS ***
krytalex: folds
Uncalled bet ($2) returned to StarWheels
StarWheels collected $2 from pot
StarWheels: doesn't show hand
*** SUMMARY ***
Total pot $2 | Rake $0
Seat 1: krytalex (button) (small blind) folded before Flop
Seat 5: StarWheels (big blind) collected ($2)


PokerStars Hand #172656699623:  Hold'em Limit ($3/$6 USD) - 2017/07/05 19:03:59 ET
Table 'Phemios' 6-max Seat #5 is the button
Seat 1: krytalex ($72 in chips)
Seat 5: StarWheels ($77.53 in chips)
StarWheels: posts small blind $1
krytalex: posts big blind $3
*** HOLE CARDS ***
StarWheels: raises $3 to $6
krytalex: raises $3 to $9
StarWheels: calls $3
*** FLOP *** [Jc 8h 2h]
krytalex: bets $3
StarWheels: calls $3
*** TURN *** [Jc 8h 2h] [Qh]
krytalex: bets $6
StarWheels: folds
Uncalled bet ($6) returned to krytalex
krytalex collected $23.52 from pot
*** SUMMARY ***
Total pot $24 | Rake $0.48
Board [Jc 8h 2h Qh]
Seat 1: krytalex (big blind) collected ($23.52)
Seat 5: StarWheels (button) (small blind) folded on the Turn


PokerStars Hand #172656717975:  Hold'em Limit ($3/$6 USD) - 2017/07/05 19:04:30 ET
Table 'Phemios' 6-max Seat #5 is the button
Seat 1: krytalex ($82.52 in chips)
Seat 5: StarWheels ($66.53 in chips)
StarWheels: posts small blind $1
krytalex: posts big blind $3
*** HOLE CARDS ***
StarWheels: folds
Uncalled bet ($2) returned to krytalex
krytalex collected $2 from pot
*** SUMMARY ***
Total pot $2 | Rake $0
Seat 1: krytalex (big blind) collected ($2)
Seat 5: StarWheels (button) (small blind) folded before Flop


PokerStars Hand #172656688167:  Hold'em Limit ($3/$6 USD) - 2017/07/05 19:03:40 ET
Table 'Phemios' 6-max Seat #1 is the button
Seat 1: krytalex ($72 in chips)
Seat 5: StarWheels ($68.89 in chips)
krytalex: posts small blind $1
StarWheels: posts big blind $3
*** HOLE CARDS ***
krytalex: raises $3 to $6
StarWheels: calls $3
*** FLOP *** [Tc Jc Qc]
StarWheels: checks
krytalex: bets $3
StarWheels: calls $3
*** TURN *** [Tc Jc Qc] [Jh]
StarWheels: checks
krytalex: checks
*** RIVER *** [Tc Jc Qc Jh] [8s]
StarWheels: bets $6
krytalex: folds
Uncalled bet ($6) returned to StarWheels
StarWheels collected $17.64 from pot
StarWheels: doesn't show hand
*** SUMMARY ***
Total pot $18 | Rake $0.36
Board [Tc Jc Qc Jh 8s]
Seat 1: krytalex (button) (small blind) folded on the River
Seat 5: StarWheels (big blind) collected ($17.64)


PokerStars Hand #172656737369:  Hold'em Limit ($3/$6 USD) - 2017/07/05 19:05:02 ET
Table 'Phemios' 6-max Seat #5 is the button
Seat 1: krytalex ($110.02 in chips)
Seat 5: StarWheels ($38.53 in chips)
StarWheels: posts small blind $1
krytalex: posts big blind $3
*** HOLE CARDS ***
StarWheels: raises $3 to $6
krytalex: calls $3
*** FLOP *** [8h Kd 6c]
krytalex: checks
StarWheels: bets $3
krytalex: folds
Uncalled bet ($3) returned to StarWheels
StarWheels collected $11.76 from pot
StarWheels: doesn't show hand
*** SUMMARY ***
Total pot $12 | Rake $0.24
Board [8h Kd 6c]
Seat 1: krytalex (big blind) folded on the Flop
Seat 5: StarWheels (button) (small blind) collected ($11.76)


PokerStars Hand #172656745652:  Hold'em Limit ($3/$6 USD) - 2017/07/05 19:05:16 ET
Table 'Phemios' 6-max Seat #1 is the button
Seat 1: krytalex ($104.02 in chips)
Seat 5: StarWheels ($44.29 in chips)
krytalex: posts small blind $1
StarWheels: posts big blind $3
*** HOLE CARDS ***
krytalex: raises $3 to $6
StarWheels: calls $3
*** FLOP *** [Ad As Kc]
StarWheels: checks
krytalex: bets $3
StarWheels: calls $3
*** TURN *** [Ad As Kc] [4d]
StarWheels: checks
krytalex: checks
*** RIVER *** [Ad As Kc 4d] [7s]
StarWheels: bets $6
krytalex: folds
Uncalled bet ($6) returned to StarWheels
StarWheels collected $17.64 from pot
StarWheels: doesn't show hand
*** SUMMARY ***
Total pot $18 | Rake $0.36
Board [Ad As Kc 4d 7s]
Seat 1: krytalex (button) (small blind) folded on the River
Seat 5: StarWheels (big blind) collected ($17.64)


PokerStars Hand #172656720996:  Hold'em Limit ($3/$6 USD) - 2017/07/05 19:04:35 ET
Table 'Phemios' 6-max Seat #1 is the button
Seat 1: krytalex ($83.52 in chips)
Seat 5: StarWheels ($65.53 in chips)
krytalex: posts small blind $1
StarWheels: posts big blind $3
*** HOLE CARDS ***
krytalex: raises $3 to $6
StarWheels: calls $3
*** FLOP *** [Kd 7s 4h]
StarWheels: checks
krytalex: bets $3
StarWheels: calls $3
*** TURN *** [Kd 7s 4h] [Td]
StarWheels: checks
krytalex: bets $6
StarWheels: raises $6 to $12
krytalex: calls $6
*** RIVER *** [Kd 7s 4h Td] [6h]
StarWheels: bets $6
krytalex: calls $6
*** SHOW DOWN ***
StarWheels: shows [Ks Qc] (a pair of Kings)
krytalex: shows [Ac Kh] (a pair of Kings - Ace kicker)
krytalex collected $53.50 from pot
*** SUMMARY ***
Total pot $54 | Rake $0.50
Board [Kd 7s 4h Td 6h]
Seat 1: krytalex (button) (small blind) showed [Ac Kh] and won ($53.50) with a pair of Kings
Seat 5: StarWheels (big blind) showed [Ks Qc] and lost with a pair of Kings


PokerStars Hand #172656798785:  Hold'em Limit ($3/$6 USD) - 2017/07/05 19:06:45 ET
Table 'Phemios' 6-max Seat #5 is the button
Seat 1: krytalex ($94.66 in chips)
Seat 5: StarWheels ($52.57 in chips)
StarWheels: posts small blind $1
krytalex: posts big blind $3
*** HOLE CARDS ***
StarWheels: folds
Uncalled bet ($2) returned to krytalex
krytalex collected $2 from pot
*** SUMMARY ***
Total pot $2 | Rake $0
Seat 1: krytalex (big blind) collected ($2)
Seat 5: StarWheels (button) (small blind) folded before Flop


PokerStars Hand #172656793432:  Hold'em Limit ($3/$6 USD) - 2017/07/05 19:06:36 ET
Table 'Phemios' 6-max Seat #1 is the button
Seat 1: krytalex ($91.66 in chips)
Seat 5: StarWheels ($55.57 in chips)
krytalex: posts small blind $1
StarWheels: posts big blind $3
*** HOLE CARDS ***
krytalex: raises $3 to $6
StarWheels: folds
Uncalled bet ($3) returned to krytalex
krytalex collected $6 from pot
*** SUMMARY ***
Total pot $6 | Rake $0
Seat 1: krytalex (button) (small blind) collected ($6)
Seat 5: StarWheels (big blind) folded before Flop


PokerStars Hand #172656756184:  Hold'em Limit ($3/$6 USD) - 2017/07/05 19:05:34 ET
Table 'Phemios' 6-max Seat #5 is the button
Seat 1: krytalex ($95.02 in chips)
Seat 5: StarWheels ($52.93 in chips)
StarWheels: posts small blind $1
krytalex: posts big blind $3
*** HOLE CARDS ***
StarWheels: raises $3 to $6
krytalex: raises $3 to $9
StarWheels: calls $3
*** FLOP *** [5s Kd 3d]
krytalex: bets $3
StarWheels: folds
Uncalled bet ($3) returned to krytalex
krytalex collected $17.64 from pot
*** SUMMARY ***
Total pot $18 | Rake $0.36
Board [5s Kd 3d]
Seat 1: krytalex (big blind) collected ($17.64)
Seat 5: StarWheels (button) (small blind) folded on the Flop


PokerStars Hand #172656771776:  Hold'em Limit ($3/$6 USD) - 2017/07/05 19:06:00 ET
Table 'Phemios' 6-max Seat #1 is the button
Seat 1: krytalex ($103.66 in chips)
Seat 5: StarWheels ($43.93 in chips)
krytalex: posts small blind $1
StarWheels: posts big blind $3
*** HOLE CARDS ***
krytalex: raises $3 to $6
StarWheels: calls $3
*** FLOP *** [8s Ad Td]
StarWheels: checks
krytalex: bets $3
StarWheels: calls $3
*** TURN *** [8s Ad Td] [3d]
StarWheels: checks
krytalex: checks
*** RIVER *** [8s Ad Td 3d] [8d]
StarWheels: checks
krytalex: checks
*** SHOW DOWN ***
StarWheels: shows [Ah 5s] (two pair, Aces and Eights)
krytalex: mucks hand
StarWheels collected $17.64 from pot
*** SUMMARY ***
Total pot $18 | Rake $0.36
Board [8s Ad Td 3d 8d]
Seat 1: krytalex (button) (small blind) mucked
Seat 5: StarWheels (big blind) showed [Ah 5s] and won ($17.64) with two pair, Aces and Eights


PokerStars Hand #172656786396:  Hold'em Limit ($3/$6 USD) - 2017/07/05 19:06:24 ET
Table 'Phemios' 6-max Seat #1 is the button
Seat 1: krytalex ($95.66 in chips)
Seat 5: StarWheels ($51.57 in chips)
krytalex: posts small blind $1
StarWheels: posts big blind $3
*** HOLE CARDS ***
krytalex: folds
Uncalled bet ($2) returned to StarWheels
StarWheels collected $2 from pot
StarWheels: doesn't show hand
*** SUMMARY ***
Total pot $2 | Rake $0
Seat 1: krytalex (button) (small blind) folded before Flop
Seat 5: StarWheels (big blind) collected ($2)


PokerStars Hand #172656783458:  Hold'em Limit ($3/$6 USD) - 2017/07/05 19:06:20 ET
Table 'Phemios' 6-max Seat #5 is the button
Seat 1: krytalex ($94.66 in chips)
Seat 5: StarWheels ($52.57 in chips)
StarWheels: posts small blind $1
krytalex: posts big blind $3
*** HOLE CARDS ***
StarWheels: folds
Uncalled bet ($2) returned to krytalex
krytalex collected $2 from pot
*** SUMMARY ***
Total pot $2 | Rake $0
Seat 1: krytalex (big blind) collected ($2)
Seat 5: StarWheels (button) (small blind) folded before Flop


PokerStars Hand #172656789595:  Hold'em Limit ($3/$6 USD) - 2017/07/05 19:06:30 ET
Table 'Phemios' 6-max Seat #5 is the button
Seat 1: krytalex ($94.66 in chips)
Seat 5: StarWheels ($52.57 in chips)
StarWheels: posts small blind $1
krytalex: posts big blind $3
*** HOLE CARDS ***
StarWheels: raises $3 to $6
krytalex: folds
Uncalled bet ($3) returned to StarWheels
StarWheels collected $6 from pot
StarWheels: doesn't show hand
*** SUMMARY ***
Total pot $6 | Rake $0
Seat 1: krytalex (big blind) folded before Flop
Seat 5: StarWheels (button) (small blind) collected ($6)


PokerStars Hand #172656822148:  Hold'em Limit ($3/$6 USD) - 2017/07/05 19:07:25 ET
Table 'Phemios' 6-max Seat #1 is the button
Seat 1: krytalex ($87.66 in chips)
Seat 5: StarWheels ($59.21 in chips)
krytalex: posts small blind $1
StarWheels: posts big blind $3
*** HOLE CARDS ***
krytalex: raises $3 to $6
StarWheels: calls $3
*** FLOP *** [3d Ac 5d]
StarWheels: checks
krytalex: bets $3
StarWheels: calls $3
*** TURN *** [3d Ac 5d] [8c]
StarWheels: checks
krytalex: bets $6
StarWheels: calls $6
*** RIVER *** [3d Ac 5d 8c] [Ah]
StarWheels: checks
krytalex: bets $6
StarWheels: calls $6
*** SHOW DOWN ***
krytalex: shows [Ad 3c] (a full house, Aces full of Threes)
StarWheels: mucks hand
krytalex collected $41.50 from pot
*** SUMMARY ***
Total pot $42 | Rake $0.50
Board [3d Ac 5d 8c Ah]
Seat 1: krytalex (button) (small blind) showed [Ad 3c] and won ($41.50) with a full house, Aces full of Threes
Seat 5: StarWheels (big blind) mucked


PokerStars Hand #172656801823:  Hold'em Limit ($3/$6 USD) - 2017/07/05 19:06:50 ET
Table 'Phemios' 6-max Seat #1 is the button
Seat 1: krytalex ($95.66 in chips)
Seat 5: StarWheels ($51.57 in chips)
krytalex: posts small blind $1
StarWheels: posts big blind $3
*** HOLE CARDS ***
krytalex: raises $3 to $6
StarWheels: raises $3 to $9
krytalex: calls $3
*** FLOP *** [Jc Ks 9d]
StarWheels: bets $3
krytalex: folds
Uncalled bet ($3) returned to StarWheels
StarWheels collected $17.64 from pot
StarWheels: doesn't show hand
*** SUMMARY ***
Total pot $18 | Rake $0.36
Board [Jc Ks 9d]
Seat 1: krytalex (button) (small blind) folded on the Flop
Seat 5: StarWheels (big blind) collected ($17.64)


PokerStars Hand #172656808740:  Hold'em Limit ($3/$6 USD) - 2017/07/05 19:07:02 ET
Table 'Phemios' 6-max Seat #5 is the button
Seat 1: krytalex ($86.66 in chips)
Seat 5: StarWheels ($60.21 in chips)
StarWheels: posts small blind $1
krytalex: posts big blind $3
*** HOLE CARDS ***
StarWheels: folds
Uncalled bet ($2) returned to krytalex
krytalex collected $2 from pot
*** SUMMARY ***
Total pot $2 | Rake $0
Seat 1: krytalex (big blind) collected ($2)
Seat 5: StarWheels (button) (small blind) folded before Flop


PokerStars Hand #172656811722:  Hold'em Limit ($3/$6 USD) - 2017/07/05 19:07:07 ET
Table 'Phemios' 6-max Seat #1 is the button
Seat 1: krytalex ($87.66 in chips)
Seat 5: StarWheels ($59.21 in chips)
krytalex: posts small blind $1
StarWheels: posts big blind $3
*** HOLE CARDS ***
krytalex: folds
Uncalled bet ($2) returned to StarWheels
StarWheels collected $2 from pot
StarWheels: doesn't show hand
*** SUMMARY ***
Total pot $2 | Rake $0
Seat 1: krytalex (button) (small blind) folded before Flop
Seat 5: StarWheels (big blind) collected ($2)


PokerStars Hand #172656819142:  Hold'em Limit ($3/$6 USD) - 2017/07/05 19:07:20 ET
Table 'Phemios' 6-max Seat #5 is the button
Seat 1: krytalex ($86.66 in chips)
Seat 5: StarWheels ($60.21 in chips)
StarWheels: posts small blind $1
krytalex: posts big blind $3
*** HOLE CARDS ***
StarWheels: folds
Uncalled bet ($2) returned to krytalex
krytalex collected $2 from pot
*** SUMMARY ***
Total pot $2 | Rake $0
Seat 1: krytalex (big blind) collected ($2)
Seat 5: StarWheels (button) (small blind) folded before Flop


PokerStars Hand #172656838815:  Hold'em Limit ($3/$6 USD) - 2017/07/05 19:07:53 ET
Table 'Phemios' 6-max Seat #5 is the button
Seat 1: krytalex ($108.16 in chips)
Seat 5: StarWheels ($38.21 in chips)
StarWheels: posts small blind $1
krytalex: posts big blind $3
*** HOLE CARDS ***
StarWheels: folds
Uncalled bet ($2) returned to krytalex
krytalex collected $2 from pot
*** SUMMARY ***
Total pot $2 | Rake $0
Seat 1: krytalex (big blind) collected ($2)
Seat 5: StarWheels (button) (small blind) folded before Flop


PokerStars Hand #172656841985:  Hold'em Limit ($3/$6 USD) - 2017/07/05 19:07:58 ET
Table 'Phemios' 6-max Seat #1 is the button
Seat 1: krytalex ($109.16 in chips)
Seat 5: StarWheels ($37.21 in chips)
krytalex: posts small blind $1
StarWheels: posts big blind $3
*** HOLE CARDS ***
krytalex: folds
Uncalled bet ($2) returned to StarWheels
StarWheels collected $2 from pot
StarWheels: doesn't show hand
*** SUMMARY ***
Total pot $2 | Rake $0
Seat 1: krytalex (button) (small blind) folded before Flop
Seat 5: StarWheels (big blind) collected ($2)


PokerStars Hand #172656845381:  Hold'em Limit ($3/$6 USD) - 2017/07/05 19:08:04 ET
Table 'Phemios' 6-max Seat #5 is the button
Seat 1: krytalex ($108.16 in chips)
Seat 5: StarWheels ($38.21 in chips)
StarWheels: posts small blind $1
krytalex: posts big blind $3
*** HOLE CARDS ***
StarWheels: raises $3 to $6
krytalex: raises $3 to $9
StarWheels: calls $3
*** FLOP *** [3h 4s Ad]
krytalex: bets $3
StarWheels: calls $3
*** TURN *** [3h 4s Ad] [6s]
krytalex: bets $6
StarWheels: calls $6
*** RIVER *** [3h 4s Ad 6s] [9d]
krytalex: checks
StarWheels: bets $6
krytalex: folds
Uncalled bet ($6) returned to StarWheels
StarWheels collected $35.50 from pot
StarWheels: doesn't show hand
*** SUMMARY ***
Total pot $36 | Rake $0.50
Board [3h 4s Ad 6s 9d]
Seat 1: krytalex (big blind) folded on the River
Seat 5: StarWheels (button) (small blind) collected ($35.50)


PokerStars Hand #172656860287:  Hold'em Limit ($3/$6 USD) - 2017/07/05 19:08:29 ET
Table 'Phemios' 6-max Seat #1 is the button
Seat 1: krytalex ($90.16 in chips)
Seat 5: StarWheels ($55.71 in chips)
krytalex: posts small blind $1
StarWheels: posts big blind $3
*** HOLE CARDS ***
krytalex: raises $3 to $6
StarWheels: raises $3 to $9
krytalex: calls $3
*** FLOP *** [7h Qc Ad]
StarWheels: bets $3
krytalex: calls $3
*** TURN *** [7h Qc Ad] [Jc]
StarWheels: bets $6
krytalex: calls $6
*** RIVER *** [7h Qc Ad Jc] [6d]
StarWheels: bets $6
krytalex: calls $6
*** SHOW DOWN ***
StarWheels: shows [As Th] (a pair of Aces)
krytalex: mucks hand
StarWheels collected $47.50 from pot
*** SUMMARY ***
Total pot $48 | Rake $0.50
Board [7h Qc Ad Jc 6d]
Seat 1: krytalex (button) (small blind) mucked
Seat 5: StarWheels (big blind) showed [As Th] and won ($47.50) with a pair of Aces


PokerStars Hand #172656874007:  Hold'em Limit ($3/$6 USD) - 2017/07/05 19:08:53 ET
Table 'Phemios' 6-max Seat #5 is the button
Seat 1: krytalex ($72 in chips)
Seat 5: StarWheels ($79.21 in chips)
StarWheels: posts small blind $1
krytalex: posts big blind $3
*** HOLE CARDS ***
StarWheels: folds
Uncalled bet ($2) returned to krytalex
krytalex collected $2 from pot
*** SUMMARY ***
Total pot $2 | Rake $0
Seat 1: krytalex (big blind) collected ($2)
Seat 5: StarWheels (button) (small blind) folded before Flop


PokerStars Hand #172656878183:  Hold'em Limit ($3/$6 USD) - 2017/07/05 19:09:00 ET
Table 'Phemios' 6-max Seat #1 is the button
Seat 1: krytalex ($73 in chips)
Seat 5: StarWheels ($78.21 in chips)
krytalex: posts small blind $1
StarWheels: posts big blind $3
*** HOLE CARDS ***
krytalex: raises $3 to $6
StarWheels: calls $3
*** FLOP *** [6c 3d Ah]
StarWheels: checks
krytalex: bets $3
StarWheels: folds
Uncalled bet ($3) returned to krytalex
krytalex collected $11.76 from pot
*** SUMMARY ***
Total pot $12 | Rake $0.24
Board [6c 3d Ah]
Seat 1: krytalex (button) (small blind) collected ($11.76)
Seat 5: StarWheels (big blind) folded on the Flop


PokerStars Hand #172656885098:  Hold'em Limit ($3/$6 USD) - 2017/07/05 19:09:11 ET
Table 'Phemios' 6-max Seat #5 is the button
Seat 1: krytalex ($78.76 in chips)
Seat 5: StarWheels ($72.21 in chips)
StarWheels: posts small blind $1
krytalex: posts big blind $3
*** HOLE CARDS ***
StarWheels: raises $3 to $6
krytalex: calls $3
*** FLOP *** [7c 7d 3s]
krytalex: checks
StarWheels: bets $3
krytalex: calls $3
*** TURN *** [7c 7d 3s] [7h]
krytalex: checks
StarWheels: checks
*** RIVER *** [7c 7d 3s 7h] [Qs]
krytalex: checks
StarWheels: checks
*** SHOW DOWN ***
krytalex: shows [2h Ks] (three of a kind, Sevens)
StarWheels: shows [Th Ac] (three of a kind, Sevens - Ace kicker)
StarWheels collected $17.64 from pot
*** SUMMARY ***
Total pot $18 | Rake $0.36
Board [7c 7d 3s 7h Qs]
Seat 1: krytalex (big blind) showed [2h Ks] and lost with three of a kind, Sevens
Seat 5: StarWheels (button) (small blind) showed [Th Ac] and won ($17.64) with three of a kind, Sevens


PokerStars Hand #172656906265:  Hold'em Limit ($3/$6 USD) - 2017/07/05 19:09:47 ET
Table 'Phemios' 6-max Seat #5 is the button
Seat 1: krytalex ($72 in chips)
Seat 5: StarWheels ($89.49 in chips)
StarWheels: posts small blind $1
krytalex: posts big blind $3
*** HOLE CARDS ***
StarWheels: folds
Uncalled bet ($2) returned to krytalex
krytalex collected $2 from pot
*** SUMMARY ***
Total pot $2 | Rake $0
Seat 1: krytalex (big blind) collected ($2)
Seat 5: StarWheels (button) (small blind) folded before Flop


PokerStars Hand #172656897147:  Hold'em Limit ($3/$6 USD) - 2017/07/05 19:09:32 ET
Table 'Phemios' 6-max Seat #1 is the button
Seat 1: krytalex ($72 in chips)
Seat 5: StarWheels ($80.85 in chips)
krytalex: posts small blind $1
StarWheels: posts big blind $3
*** HOLE CARDS ***
krytalex: raises $3 to $6
StarWheels: calls $3
*** FLOP *** [4d 4h Qs]
StarWheels: checks
krytalex: bets $3
StarWheels: calls $3
*** TURN *** [4d 4h Qs] [6c]
StarWheels: checks
krytalex: checks
*** RIVER *** [4d 4h Qs 6c] [7c]
StarWheels: bets $6
krytalex: folds
Uncalled bet ($6) returned to StarWheels
StarWheels collected $17.64 from pot
StarWheels: doesn't show hand
*** SUMMARY ***
Total pot $18 | Rake $0.36
Board [4d 4h Qs 6c 7c]
Seat 1: krytalex (button) (small blind) folded on the River
Seat 5: StarWheels (big blind) collected ($17.64)


PokerStars Hand #172656909146:  Hold'em Limit ($3/$6 USD) - 2017/07/05 19:09:52 ET
Table 'Phemios' 6-max Seat #1 is the button
Seat 1: krytalex ($73 in chips)
Seat 5: StarWheels ($88.49 in chips)
krytalex: posts small blind $1
StarWheels: posts big blind $3
*** HOLE CARDS ***
krytalex: raises $3 to $6
StarWheels: raises $3 to $9
krytalex: calls $3
*** FLOP *** [Kh 7h 5c]
StarWheels: bets $3
krytalex: calls $3
*** TURN *** [Kh 7h 5c] [Ts]
StarWheels: bets $6
krytalex: calls $6
*** RIVER *** [Kh 7h 5c Ts] [8s]
StarWheels: bets $6
krytalex: calls $6
*** SHOW DOWN ***
StarWheels: shows [Td Tc] (three of a kind, Tens)
krytalex: mucks hand
StarWheels collected $47.50 from pot
*** SUMMARY ***
Total pot $48 | Rake $0.50
Board [Kh 7h 5c Ts 8s]
Seat 1: krytalex (button) (small blind) mucked
Seat 5: StarWheels (big blind) showed [Td Tc] and won ($47.50) with three of a kind, Tens


PokerStars Hand #172656925801:  Hold'em Limit ($3/$6 USD) - 2017/07/05 19:10:21 ET
Table 'Phemios' 6-max Seat #5 is the button
Seat 1: krytalex ($72 in chips)
Seat 5: StarWheels ($111.99 in chips)
StarWheels: posts small blind $1
krytalex: posts big blind $3
*** HOLE CARDS ***
StarWheels: raises $3 to $6
krytalex: raises $3 to $9
StarWheels: calls $3
*** FLOP *** [Qd 7c Ac]
krytalex: bets $3
SLK500 joins the table at seat #2
StarWheels: calls $3
*** TURN *** [Qd 7c Ac] [2h]
krytalex: bets $6
StarWheels: calls $6
*** RIVER *** [Qd 7c Ac 2h] [4s]
krytalex: bets $6
StarWheels: calls $6
*** SHOW DOWN ***
krytalex: shows [Ah Ad] (three of a kind, Aces)
StarWheels: mucks hand
krytalex collected $47.50 from pot
*** SUMMARY ***
Total pot $48 | Rake $0.50
Board [Qd 7c Ac 2h 4s]
Seat 1: krytalex (big blind) showed [Ah Ad] and won ($47.50) with three of a kind, Aces
Seat 5: StarWheels (button) (small blind) mucked


PokerStars Hand #172657280297:  Hold'em Limit ($3/$6 USD) - 2017/07/05 19:20:39 ET
Table 'Phemios' 6-max Seat #1 is the button
Seat 1: krytalex ($95.38 in chips)
Seat 2: SLK500 ($95.93 in chips)
krytalex: posts small blind $1
SLK500: posts big blind $3
*** HOLE CARDS ***
krytalex: raises $3 to $6
SLK500: raises $3 to $9
krytalex: calls $3
*** FLOP *** [Kd 8c 4h]
SLK500: bets $3
krytalex: folds
Uncalled bet ($3) returned to SLK500
SLK500 collected $17.64 from pot
SLK500: doesn't show hand
*** SUMMARY ***
Total pot $18 | Rake $0.36
Board [Kd 8c 4h]
Seat 1: krytalex (button) (small blind) folded on the Flop
Seat 2: SLK500 (big blind) collected ($17.64)


PokerStars Hand #172657293459:  Hold'em Limit ($3/$6 USD) - 2017/07/05 19:21:02 ET
Table 'Phemios' 6-max Seat #2 is the button
Seat 1: krytalex ($86.38 in chips)
Seat 2: SLK500 ($104.57 in chips)
SLK500: posts small blind $1
krytalex: posts big blind $3
*** HOLE CARDS ***
SLK500: raises $3 to $6
krytalex: folds
Uncalled bet ($3) returned to SLK500
NEST201300 joins the table at seat #3
SLK500 collected $6 from pot
SLK500: doesn't show hand
*** SUMMARY ***
Total pot $6 | Rake $0
Seat 1: krytalex (big blind) folded before Flop
Seat 2: SLK500 (button) (small blind) collected ($6)


PokerStars Hand #172657305790:  Hold'em Limit ($3/$6 USD) - 2017/07/05 19:21:24 ET
Table 'Phemios' 6-max Seat #1 is the button
Seat 1: krytalex ($83.38 in chips)
Seat 2: SLK500 ($107.57 in chips)
krytalex: posts small blind $1
SLK500: posts big blind $3
*** HOLE CARDS ***
krytalex: raises $3 to $6
NEST201300 leaves the table
rascal_319 joins the table at seat #3
SLK500: calls $3
*** FLOP *** [6d Kh Js]
SLK500: checks
krytalex: bets $3
SLK500: calls $3
*** TURN *** [6d Kh Js] [7c]
SLK500: checks
krytalex: checks
*** RIVER *** [6d Kh Js 7c] [7d]
SLK500: bets $6
krytalex: calls $6
*** SHOW DOWN ***
SLK500: shows [Jc Ts] (two pair, Jacks and Sevens)
krytalex: mucks hand
SLK500 collected $29.50 from pot
*** SUMMARY ***
Total pot $30 | Rake $0.50
Board [6d Kh Js 7c 7d]
Seat 1: krytalex (button) (small blind) mucked
Seat 2: SLK500 (big blind) showed [Jc Ts] and won ($29.50) with two pair, Jacks and Sevens


PokerStars Hand #172657427747:  Hold'em Limit ($3/$6 USD) - 2017/07/05 19:25:02 ET
Table 'Phemios' 6-max Seat #2 is the button
Seat 1: krytalex ($72 in chips)
Seat 2: SLK500 ($154.27 in chips)
SLK500: posts small blind $1
rascal_319: is sitting out
krytalex: posts big blind $3
*** HOLE CARDS ***
SLK500: raises $3 to $6
krytalex: calls $3
*** FLOP *** [7s 5s 2c]
krytalex: checks
SLK500: checks
*** TURN *** [7s 5s 2c] [Td]
krytalex: bets $6
SLK500: folds
Uncalled bet ($6) returned to krytalex
krytalex collected $11.76 from pot
*** SUMMARY ***
Total pot $12 | Rake $0.24
Board [7s 5s 2c Td]
Seat 1: krytalex (big blind) collected ($11.76)
Seat 2: SLK500 (button) (small blind) folded on the Turn


PokerStars Hand #172658148409:  Hold'em Limit ($3/$6 USD) - 2017/07/05 19:47:37 ET
Table 'Phemios' 6-max Seat #1 is the button
Seat 1: krytalex ($77.76 in chips)
Seat 4: StarWheels ($122.24 in chips)
krytalex: posts small blind $1
StarWheels: posts big blind $3
*** HOLE CARDS ***
krytalex: raises $3 to $6
StarWheels: calls $3
*** FLOP *** [Ad Jh 2c]
StarWheels: checks
krytalex: bets $3
StarWheels: calls $3
*** TURN *** [Ad Jh 2c] [9s]
StarWheels: checks
krytalex: bets $6
StarWheels: calls $6
*** RIVER *** [Ad Jh 2c 9s] [4c]
StarWheels: checks
krytalex: checks
*** SHOW DOWN ***
StarWheels: shows [Kc 2d] (a pair of Deuces)
krytalex: mucks hand
StarWheels collected $29.50 from pot
*** SUMMARY ***
Total pot $30 | Rake $0.50
Board [Ad Jh 2c 9s 4c]
Seat 1: krytalex (button) (small blind) mucked
Seat 4: StarWheels (big blind) showed [Kc 2d] and won ($29.50) with a pair of Deuces


PokerStars Hand #172658161613:  Hold'em Limit ($3/$6 USD) - 2017/07/05 19:48:02 ET
Table 'Phemios' 6-max Seat #4 is the button
Seat 1: krytalex ($72 in chips)
Seat 4: StarWheels ($136.74 in chips)
StarWheels: posts small blind $1
krytalex: posts big blind $3
*** HOLE CARDS ***
StarWheels: raises $3 to $6
krytalex: calls $3
*** FLOP *** [Ah 8d 3d]
krytalex: checks
StarWheels: bets $3
krytalex: folds
Uncalled bet ($3) returned to StarWheels
StarWheels collected $11.76 from pot
StarWheels: doesn't show hand
*** SUMMARY ***
Total pot $12 | Rake $0.24
Board [Ah 8d 3d]
Seat 1: krytalex (big blind) folded on the Flop
Seat 4: StarWheels (button) (small blind) collected ($11.76)


PokerStars Hand #172658176297:  Hold'em Limit ($3/$6 USD) - 2017/07/05 19:48:31 ET
Table 'Phemios' 6-max Seat #1 is the button
Seat 1: krytalex ($72 in chips)
Seat 4: StarWheels ($142.50 in chips)
krytalex: posts small blind $1
StarWheels: posts big blind $3
*** HOLE CARDS ***
krytalex: raises $3 to $6
StarWheels: folds
Uncalled bet ($3) returned to krytalex
krytalex collected $6 from pot
*** SUMMARY ***
Total pot $6 | Rake $0
Seat 1: krytalex (button) (small blind) collected ($6)
Seat 4: StarWheels (big blind) folded before Flop


PokerStars Hand #172658179483:  Hold'em Limit ($3/$6 USD) - 2017/07/05 19:48:37 ET
Table 'Phemios' 6-max Seat #4 is the button
Seat 1: krytalex ($75 in chips)
Seat 4: StarWheels ($139.50 in chips)
StarWheels: posts small blind $1
krytalex: posts big blind $3
*** HOLE CARDS ***
StarWheels: raises $3 to $6
krytalex: folds
Uncalled bet ($3) returned to StarWheels
StarWheels collected $6 from pot
StarWheels: doesn't show hand
*** SUMMARY ***
Total pot $6 | Rake $0
Seat 1: krytalex (big blind) folded before Flop
Seat 4: StarWheels (button) (small blind) collected ($6)


PokerStars Hand #172658199760:  Hold'em Limit ($3/$6 USD) - 2017/07/05 19:49:18 ET
Table 'Phemios' 6-max Seat #4 is the button
Seat 1: krytalex ($72 in chips)
Seat 4: StarWheels ($157 in chips)
StarWheels: posts small blind $1
krytalex: posts big blind $3
*** HOLE CARDS ***
StarWheels: folds
Uncalled bet ($2) returned to krytalex
krytalex collected $2 from pot
*** SUMMARY ***
Total pot $2 | Rake $0
Seat 1: krytalex (big blind) collected ($2)
Seat 4: StarWheels (button) (small blind) folded before Flop


PokerStars Hand #172658183350:  Hold'em Limit ($3/$6 USD) - 2017/07/05 19:48:45 ET
Table 'Phemios' 6-max Seat #1 is the button
Seat 1: krytalex ($72 in chips)
Seat 4: StarWheels ($142.50 in chips)
krytalex: posts small blind $1
StarWheels: posts big blind $3
*** HOLE CARDS ***
krytalex: raises $3 to $6
StarWheels: calls $3
*** FLOP *** [Ad 9h 8d]
StarWheels: checks
krytalex: bets $3
StarWheels: calls $3
*** TURN *** [Ad 9h 8d] [Ah]
StarWheels: checks
NewRocker joins the table at seat #3
krytalex: bets $6
StarWheels: calls $6
*** RIVER *** [Ad 9h 8d Ah] [9c]
StarWheels: checks
krytalex: checks
*** SHOW DOWN ***
StarWheels: shows [6h Kh] (two pair, Aces and Nines)
krytalex: mucks hand
StarWheels collected $29.50 from pot
*** SUMMARY ***
Total pot $30 | Rake $0.50
Board [Ad 9h 8d Ah 9c]
Seat 1: krytalex (button) (small blind) mucked
Seat 4: StarWheels (big blind) showed [6h Kh] and won ($29.50) with two pair, Aces and Nines


