PokerStars Hand #144637285190:  Hold'em Limit ($3/$6 USD) - 2015/11/30 18:59:29 ET
Table 'Pherkad II' 2-max Seat #1 is the button
Seat 1: kenysis ($78.28 in chips)
Seat 2: ChrisTuff ($160.40 in chips)
kenysis: posts small blind $1
ChrisTuff: posts big blind $3
*** HOLE CARDS ***
kenysis: raises $3 to $6
ChrisTuff: calls $3
*** FLOP *** [Qd Td 7h]
ChrisTuff: checks
kenysis: checks
*** TURN *** [Qd Td 7h] [5s]
ChrisTuff: bets $6
kenysis: calls $6
*** RIVER *** [Qd Td 7h 5s] [4c]
ChrisTuff: checks
kenysis: bets $6
ChrisTuff: folds
Uncalled bet ($6) returned to kenysis
kenysis collected $23.52 from pot
kenysis: doesn't show hand
*** SUMMARY ***
Total pot $24 | Rake $0.48
Board [Qd Td 7h 5s 4c]
Seat 1: kenysis (button) (small blind) collected ($23.52)
Seat 2: ChrisTuff (big blind) folded on the River


PokerStars Hand #144637281926:  Hold'em Limit ($3/$6 USD) - 2015/11/30 18:59:23 ET
Table 'Pherkad II' 2-max Seat #2 is the button
Seat 1: kenysis ($81.28 in chips)
Seat 2: ChrisTuff ($157.40 in chips)
ChrisTuff: posts small blind $1
kenysis: posts big blind $3
*** HOLE CARDS ***
ChrisTuff: raises $3 to $6
kenysis: folds
Uncalled bet ($3) returned to ChrisTuff
ChrisTuff collected $6 from pot
ChrisTuff: doesn't show hand
*** SUMMARY ***
Total pot $6 | Rake $0
Seat 1: kenysis (big blind) folded before Flop
Seat 2: ChrisTuff (button) (small blind) collected ($6)


PokerStars Hand #144637267449:  Hold'em Limit ($3/$6 USD) - 2015/11/30 18:58:58 ET
Table 'Pherkad II' 2-max Seat #1 is the button
Seat 1: kenysis ($111.28 in chips)
Seat 2: ChrisTuff ($127.90 in chips)
kenysis: posts small blind $1
ChrisTuff: posts big blind $3
*** HOLE CARDS ***
kenysis: raises $3 to $6
ChrisTuff: raises $3 to $9
kenysis: calls $3
*** FLOP *** [8c 9s Th]
ChrisTuff: bets $3
kenysis: calls $3
*** TURN *** [8c 9s Th] [Kd]
ChrisTuff: bets $6
kenysis: raises $6 to $12
ChrisTuff: calls $6
*** RIVER *** [8c 9s Th Kd] [Qs]
ChrisTuff: bets $6
kenysis: calls $6
*** SHOW DOWN ***
ChrisTuff: shows [Jc Jh] (a straight, Nine to King)
kenysis: mucks hand
ChrisTuff collected $59.50 from pot
*** SUMMARY ***
Total pot $60 | Rake $0.50
Board [8c 9s Th Kd Qs]
Seat 1: kenysis (button) (small blind) mucked
Seat 2: ChrisTuff (big blind) showed [Jc Jh] and won ($59.50) with a straight, Nine to King


PokerStars Hand #144637326062:  Hold'em Limit ($3/$6 USD) - 2015/11/30 19:00:37 ET
Table 'Pherkad II' 2-max Seat #2 is the button
Seat 1: kenysis ($97.30 in chips)
Seat 2: ChrisTuff ($140.16 in chips)
ChrisTuff: posts small blind $1
kenysis: posts big blind $3
*** HOLE CARDS ***
ChrisTuff: raises $3 to $6
kenysis: calls $3
*** FLOP *** [3h Kc Jh]
kenysis: checks
ChrisTuff: bets $3
kenysis: folds
Uncalled bet ($3) returned to ChrisTuff
ChrisTuff collected $11.76 from pot
ChrisTuff: doesn't show hand
*** SUMMARY ***
Total pot $12 | Rake $0.24
Board [3h Kc Jh]
Seat 1: kenysis (big blind) folded on the Flop
Seat 2: ChrisTuff (button) (small blind) collected ($11.76)


PokerStars Hand #144637318834:  Hold'em Limit ($3/$6 USD) - 2015/11/30 19:00:26 ET
Table 'Pherkad II' 2-max Seat #1 is the button
Seat 1: kenysis ($103.30 in chips)
Seat 2: ChrisTuff ($134.40 in chips)
kenysis: posts small blind $1
ChrisTuff: posts big blind $3
*** HOLE CARDS ***
kenysis: calls $2
ChrisTuff: raises $3 to $6
kenysis: calls $3
*** FLOP *** [9d Ah Qc]
ChrisTuff: bets $3
kenysis: folds
Uncalled bet ($3) returned to ChrisTuff
ChrisTuff collected $11.76 from pot
ChrisTuff: doesn't show hand
*** SUMMARY ***
Total pot $12 | Rake $0.24
Board [9d Ah Qc]
Seat 1: kenysis (button) (small blind) folded on the Flop
Seat 2: ChrisTuff (big blind) collected ($11.76)


PokerStars Hand #144637315899:  Hold'em Limit ($3/$6 USD) - 2015/11/30 19:00:21 ET
Table 'Pherkad II' 2-max Seat #2 is the button
Seat 1: kenysis ($106.30 in chips)
Seat 2: ChrisTuff ($131.40 in chips)
ChrisTuff: posts small blind $1
kenysis: posts big blind $3
*** HOLE CARDS ***
ChrisTuff: raises $3 to $6
kenysis: folds
Uncalled bet ($3) returned to ChrisTuff
ChrisTuff collected $6 from pot
ChrisTuff: doesn't show hand
*** SUMMARY ***
Total pot $6 | Rake $0
Seat 1: kenysis (big blind) folded before Flop
Seat 2: ChrisTuff (button) (small blind) collected ($6)


PokerStars Hand #144637312509:  Hold'em Limit ($3/$6 USD) - 2015/11/30 19:00:15 ET
Table 'Pherkad II' 2-max Seat #1 is the button
Seat 1: kenysis ($107.30 in chips)
Seat 2: ChrisTuff ($130.40 in chips)
kenysis: posts small blind $1
ChrisTuff: posts big blind $3
*** HOLE CARDS ***
kenysis: folds
Uncalled bet ($2) returned to ChrisTuff
ChrisTuff collected $2 from pot
ChrisTuff: doesn't show hand
*** SUMMARY ***
Total pot $2 | Rake $0
Seat 1: kenysis (button) (small blind) folded before Flop
Seat 2: ChrisTuff (big blind) collected ($2)


PokerStars Hand #144637298915:  Hold'em Limit ($3/$6 USD) - 2015/11/30 18:59:53 ET
Table 'Pherkad II' 2-max Seat #2 is the button
Seat 1: kenysis ($89.80 in chips)
Seat 2: ChrisTuff ($148.40 in chips)
ChrisTuff: posts small blind $1
kenysis: posts big blind $3
*** HOLE CARDS ***
ChrisTuff: raises $3 to $6
kenysis: raises $3 to $9
ChrisTuff: calls $3
*** FLOP *** [Kc Kh 8s]
kenysis: bets $3
ChrisTuff: calls $3
*** TURN *** [Kc Kh 8s] [2h]
kenysis: bets $6
ChrisTuff: calls $6
*** RIVER *** [Kc Kh 8s 2h] [3s]
kenysis: checks
ChrisTuff: checks
*** SHOW DOWN ***
kenysis: shows [As 9s] (a pair of Kings)
ChrisTuff: mucks hand
kenysis collected $35.50 from pot
*** SUMMARY ***
Total pot $36 | Rake $0.50
Board [Kc Kh 8s 2h 3s]
Seat 1: kenysis (big blind) showed [As 9s] and won ($35.50) with a pair of Kings
Seat 2: ChrisTuff (button) (small blind) mucked


PokerStars Hand #144637380241:  Hold'em Limit ($3/$6 USD) - 2015/11/30 19:01:59 ET
Table 'Pherkad II' 2-max Seat #2 is the button
Seat 1: kenysis ($46.06 in chips)
Seat 2: ChrisTuff ($189.92 in chips)
ChrisTuff: posts small blind $1
kenysis: posts big blind $3
*** HOLE CARDS ***
ChrisTuff: folds
Uncalled bet ($2) returned to kenysis
kenysis collected $2 from pot
kenysis: doesn't show hand
*** SUMMARY ***
Total pot $2 | Rake $0
Seat 1: kenysis (big blind) collected ($2)
Seat 2: ChrisTuff (button) (small blind) folded before Flop


PokerStars Hand #144637365538:  Hold'em Limit ($3/$6 USD) - 2015/11/30 19:01:37 ET
Table 'Pherkad II' 2-max Seat #1 is the button
Seat 1: kenysis ($73.06 in chips)
Seat 2: ChrisTuff ($163.42 in chips)
kenysis: posts small blind $1
ChrisTuff: posts big blind $3
*** HOLE CARDS ***
kenysis: raises $3 to $6
ChrisTuff: calls $3
*** FLOP *** [Th Qc Tc]
ChrisTuff: checks
kenysis: bets $3
ChrisTuff: calls $3
*** TURN *** [Th Qc Tc] [Kd]
ChrisTuff: checks
kenysis: bets $6
ChrisTuff: calls $6
*** RIVER *** [Th Qc Tc Kd] [4c]
ChrisTuff: checks
kenysis: bets $6
ChrisTuff: raises $6 to $12
kenysis: calls $6
*** SHOW DOWN ***
ChrisTuff: shows [6c Ac] (a flush, Ace high)
kenysis: mucks hand
ChrisTuff collected $53.50 from pot
*** SUMMARY ***
Total pot $54 | Rake $0.50
Board [Th Qc Tc Kd 4c]
Seat 1: kenysis (button) (small blind) mucked
Seat 2: ChrisTuff (big blind) showed [6c Ac] and won ($53.50) with a flush, Ace high


PokerStars Hand #144637348179:  Hold'em Limit ($3/$6 USD) - 2015/11/30 19:01:12 ET
Table 'Pherkad II' 2-max Seat #2 is the button
Seat 1: kenysis ($97.06 in chips)
Seat 2: ChrisTuff ($139.92 in chips)
ChrisTuff: posts small blind $1
kenysis: posts big blind $3
*** HOLE CARDS ***
ChrisTuff: raises $3 to $6
kenysis: raises $3 to $9
ChrisTuff: calls $3
*** FLOP *** [Ac Qs 2s]
kenysis: bets $3
ChrisTuff: calls $3
*** TURN *** [Ac Qs 2s] [9h]
kenysis: bets $6
ChrisTuff: calls $6
*** RIVER *** [Ac Qs 2s 9h] [8c]
kenysis: bets $6
ChrisTuff: raises $6 to $12
kenysis: folds
Uncalled bet ($6) returned to ChrisTuff
ChrisTuff collected $47.50 from pot
ChrisTuff: doesn't show hand
*** SUMMARY ***
Total pot $48 | Rake $0.50
Board [Ac Qs 2s 9h 8c]
Seat 1: kenysis (big blind) folded on the River
Seat 2: ChrisTuff (button) (small blind) collected ($47.50)


PokerStars Hand #144637340623:  Hold'em Limit ($3/$6 USD) - 2015/11/30 19:01:00 ET
Table 'Pherkad II' 2-max Seat #1 is the button
Seat 1: kenysis ($91.30 in chips)
Seat 2: ChrisTuff ($145.92 in chips)
kenysis: posts small blind $1
ChrisTuff: posts big blind $3
*** HOLE CARDS ***
kenysis: raises $3 to $6
ChrisTuff: calls $3
*** FLOP *** [Ad 4s 3h]
ChrisTuff: checks
kenysis: bets $3
ChrisTuff: folds
Uncalled bet ($3) returned to kenysis
kenysis collected $11.76 from pot
kenysis: doesn't show hand
*** SUMMARY ***
Total pot $12 | Rake $0.24
Board [Ad 4s 3h]
Seat 1: kenysis (button) (small blind) collected ($11.76)
Seat 2: ChrisTuff (big blind) folded on the Flop


PokerStars Hand #144637412948:  Hold'em Limit ($3/$6 USD) - 2015/11/30 19:02:45 ET
Table 'Pherkad II' 2-max Seat #2 is the button
Seat 1: kenysis ($28.70 in chips)
Seat 2: ChrisTuff ($206.06 in chips)
ChrisTuff: posts small blind $1
kenysis: posts big blind $3
*** HOLE CARDS ***
ChrisTuff: raises $3 to $6
kenysis: folds
Uncalled bet ($3) returned to ChrisTuff
ChrisTuff collected $6 from pot
ChrisTuff: doesn't show hand
*** SUMMARY ***
Total pot $6 | Rake $0
Seat 1: kenysis (big blind) folded before Flop
Seat 2: ChrisTuff (button) (small blind) collected ($6)


PokerStars Hand #144637405269:  Hold'em Limit ($3/$6 USD) - 2015/11/30 19:02:35 ET
Table 'Pherkad II' 2-max Seat #1 is the button
Seat 1: kenysis ($37.70 in chips)
Seat 2: ChrisTuff ($197.42 in chips)
kenysis: posts small blind $1
ChrisTuff: posts big blind $3
*** HOLE CARDS ***
kenysis: raises $3 to $6
ChrisTuff: raises $3 to $9
kenysis: calls $3
*** FLOP *** [Qd 5c 5s]
ChrisTuff: bets $3
kenysis: folds
Uncalled bet ($3) returned to ChrisTuff
ChrisTuff collected $17.64 from pot
ChrisTuff: doesn't show hand
*** SUMMARY ***
Total pot $18 | Rake $0.36
Board [Qd 5c 5s]
Seat 1: kenysis (button) (small blind) folded on the Flop
Seat 2: ChrisTuff (big blind) collected ($17.64)


PokerStars Hand #144637396782:  Hold'em Limit ($3/$6 USD) - 2015/11/30 19:02:23 ET
Table 'Pherkad II' 2-max Seat #2 is the button
Seat 1: kenysis ($29.06 in chips)
Seat 2: ChrisTuff ($206.42 in chips)
ChrisTuff: posts small blind $1
kenysis: posts big blind $3
*** HOLE CARDS ***
ChrisTuff: raises $3 to $6
kenysis: raises $3 to $9
ChrisTuff: calls $3
*** FLOP *** [5d 3s Jc]
kenysis: bets $3
ChrisTuff: folds
Uncalled bet ($3) returned to kenysis
kenysis collected $17.64 from pot
kenysis: doesn't show hand
*** SUMMARY ***
Total pot $18 | Rake $0.36
Board [5d 3s Jc]
Seat 1: kenysis (big blind) collected ($17.64)
Seat 2: ChrisTuff (button) (small blind) folded on the Flop


PokerStars Hand #144637384276:  Hold'em Limit ($3/$6 USD) - 2015/11/30 19:02:05 ET
Table 'Pherkad II' 2-max Seat #1 is the button
Seat 1: kenysis ($47.06 in chips)
Seat 2: ChrisTuff ($188.92 in chips)
kenysis: posts small blind $1
ChrisTuff: posts big blind $3
*** HOLE CARDS ***
kenysis: raises $3 to $6
ChrisTuff: calls $3
*** FLOP *** [2c 7c 7h]
ChrisTuff: checks
kenysis: bets $3
ChrisTuff: raises $3 to $6
kenysis: calls $3
*** TURN *** [2c 7c 7h] [8d]
ChrisTuff: bets $6
kenysis: calls $6
*** RIVER *** [2c 7c 7h 8d] [Jc]
ChrisTuff: checks
kenysis: checks
*** SHOW DOWN ***
ChrisTuff: shows [2h Kh] (two pair, Sevens and Deuces)
kenysis: mucks hand
ChrisTuff collected $35.50 from pot
*** SUMMARY ***
Total pot $36 | Rake $0.50
Board [2c 7c 7h 8d Jc]
Seat 1: kenysis (button) (small blind) mucked
Seat 2: ChrisTuff (big blind) showed [2h Kh] and won ($35.50) with two pair, Sevens and Deuces


PokerStars Hand #144637446732:  Hold'em Limit ($3/$6 USD) - 2015/11/30 19:03:33 ET
Table 'Pherkad II' 2-max Seat #2 is the button
Seat 1: kenysis ($11.34 in chips)
Seat 2: ChrisTuff ($222.56 in chips)
ChrisTuff: posts small blind $1
kenysis: posts big blind $3
*** HOLE CARDS ***
ChrisTuff: raises $3 to $6
kenysis: raises $3 to $9
ChrisTuff: calls $3
*** FLOP *** [Td 3h 2c]
kenysis: bets $2.34 and is all-in
ChrisTuff: calls $2.34
*** TURN *** [Td 3h 2c] [9h]
*** RIVER *** [Td 3h 2c 9h] [2h]
*** SHOW DOWN ***
kenysis: shows [5d Ac] (a pair of Deuces)
ChrisTuff: shows [7h Jh] (a flush, Jack high)
ChrisTuff collected $22.23 from pot
*** SUMMARY ***
Total pot $22.68 | Rake $0.45
Board [Td 3h 2c 9h 2h]
Seat 1: kenysis (big blind) showed [5d Ac] and lost with a pair of Deuces
Seat 2: ChrisTuff (button) (small blind) showed [7h Jh] and won ($22.23) with a flush, Jack high


PokerStars Hand #144637433668:  Hold'em Limit ($3/$6 USD) - 2015/11/30 19:03:15 ET
Table 'Pherkad II' 2-max Seat #1 is the button
Seat 1: kenysis ($35.34 in chips)
Seat 2: ChrisTuff ($199.06 in chips)
kenysis: posts small blind $1
ChrisTuff: posts big blind $3
*** HOLE CARDS ***
kenysis: raises $3 to $6
ChrisTuff: calls $3
*** FLOP *** [Ts Js Ks]
ChrisTuff: checks
kenysis: bets $3
ChrisTuff: raises $3 to $6
kenysis: calls $3
*** TURN *** [Ts Js Ks] [4d]
ChrisTuff: bets $6
kenysis: calls $6
*** RIVER *** [Ts Js Ks 4d] [5h]
ChrisTuff: bets $6
kenysis: calls $6
*** SHOW DOWN ***
ChrisTuff: shows [Kd 4s] (two pair, Kings and Fours)
kenysis: mucks hand
ChrisTuff collected $47.50 from pot
*** SUMMARY ***
Total pot $48 | Rake $0.50
Board [Ts Js Ks 4d 5h]
Seat 1: kenysis (button) (small blind) mucked
Seat 2: ChrisTuff (big blind) showed [Kd 4s] and won ($47.50) with two pair, Kings and Fours


PokerStars Hand #144637430374:  Hold'em Limit ($3/$6 USD) - 2015/11/30 19:03:10 ET
Table 'Pherkad II' 2-max Seat #2 is the button
Seat 1: kenysis ($34.34 in chips)
Seat 2: ChrisTuff ($200.06 in chips)
ChrisTuff: posts small blind $1
kenysis: posts big blind $3
*** HOLE CARDS ***
ChrisTuff: folds
Uncalled bet ($2) returned to kenysis
kenysis collected $2 from pot
kenysis: doesn't show hand
*** SUMMARY ***
Total pot $2 | Rake $0
Seat 1: kenysis (big blind) collected ($2)
Seat 2: ChrisTuff (button) (small blind) folded before Flop


PokerStars Hand #144637417322:  Hold'em Limit ($3/$6 USD) - 2015/11/30 19:02:51 ET
Table 'Pherkad II' 2-max Seat #1 is the button
Seat 1: kenysis ($25.70 in chips)
Seat 2: ChrisTuff ($209.06 in chips)
kenysis: posts small blind $1
ChrisTuff: posts big blind $3
*** HOLE CARDS ***
kenysis: raises $3 to $6
ChrisTuff: calls $3
*** FLOP *** [9h Th 8s]
ChrisTuff: checks
kenysis: bets $3
ChrisTuff: calls $3
*** TURN *** [9h Th 8s] [Jd]
ChrisTuff: checks
kenysis: bets $6
ChrisTuff: folds
Uncalled bet ($6) returned to kenysis
kenysis collected $17.64 from pot
kenysis: doesn't show hand
*** SUMMARY ***
Total pot $18 | Rake $0.36
Board [9h Th 8s Jd]
Seat 1: kenysis (button) (small blind) collected ($17.64)
Seat 2: ChrisTuff (big blind) folded on the Turn


