PokerStars Hand #157926484737:  Hold'em Limit ($3/$6 USD) - 2016/08/30 7:17:22 ET
Table 'Phereclos II' 6-max Seat #3 is the button
Seat 3: parnishka11 ($28.82 in chips)
Seat 4: VolkovDmitri ($135.50 in chips)
parnishka11: posts small blind $1
VolkovDmitri: posts big blind $3
*** HOLE CARDS ***
parnishka11: raises $3 to $6
VolkovDmitri: raises $3 to $9
parnishka11: raises $3 to $12
Betting is capped
VolkovDmitri: calls $3
*** FLOP *** [Jc Jd 2s]
VolkovDmitri: checks
parnishka11: bets $3
VolkovDmitri: calls $3
*** TURN *** [Jc Jd 2s] [Kh]
VolkovDmitri: checks
parnishka11: bets $6
VolkovDmitri: calls $6
*** RIVER *** [Jc Jd 2s Kh] [9h]
VolkovDmitri: checks
parnishka11: bets $6
VolkovDmitri: folds
Uncalled bet ($6) returned to parnishka11
parnishka11 collected $41.50 from pot
*** SUMMARY ***
Total pot $42 | Rake $0.50
Board [Jc Jd 2s Kh 9h]
Seat 3: parnishka11 (button) (small blind) collected ($41.50)
Seat 4: VolkovDmitri (big blind) folded on the River


PokerStars Hand #157926475602:  Hold'em Limit ($3/$6 USD) - 2016/08/30 7:17:00 ET
Table 'Phereclos II' 6-max Seat #4 is the button
Seat 3: parnishka11 ($43.82 in chips)
Seat 4: VolkovDmitri ($121 in chips)
VolkovDmitri: posts small blind $1
parnishka11: posts big blind $3
*** HOLE CARDS ***
VolkovDmitri: raises $3 to $6
parnishka11: calls $3
*** FLOP *** [7s Qd 3s]
parnishka11: checks
VolkovDmitri: bets $3
parnishka11: calls $3
*** TURN *** [7s Qd 3s] [3c]
parnishka11: checks
VolkovDmitri: bets $6
parnishka11: calls $6
*** RIVER *** [7s Qd 3s 3c] [5d]
parnishka11: checks
VolkovDmitri: checks
*** SHOW DOWN ***
parnishka11: shows [8s 5s] (two pair, Fives and Threes)
VolkovDmitri: shows [7h 8h] (two pair, Sevens and Threes)
VolkovDmitri collected $29.50 from pot
*** SUMMARY ***
Total pot $30 | Rake $0.50
Board [7s Qd 3s 3c 5d]
Seat 3: parnishka11 (big blind) showed [8s 5s] and lost with two pair, Fives and Threes
Seat 4: VolkovDmitri (button) (small blind) showed [7h 8h] and won ($29.50) with two pair, Sevens and Threes


PokerStars Hand #157926525089:  Hold'em Limit ($3/$6 USD) - 2016/08/30 7:18:58 ET
Table 'Phereclos II' 6-max Seat #4 is the button
Seat 3: parnishka11 ($58.08 in chips)
Seat 4: VolkovDmitri ($120 in chips)
VolkovDmitri: posts small blind $1
parnishka11: posts big blind $3
*** HOLE CARDS ***
VolkovDmitri: folds
Uncalled bet ($2) returned to parnishka11
parnishka11 collected $2 from pot
*** SUMMARY ***
Total pot $2 | Rake $0
Seat 3: parnishka11 (big blind) collected ($2)
Seat 4: VolkovDmitri (button) (small blind) folded before Flop


PokerStars Hand #157926509418:  Hold'em Limit ($3/$6 USD) - 2016/08/30 7:18:20 ET
Table 'Phereclos II' 6-max Seat #4 is the button
Seat 3: parnishka11 ($49.32 in chips)
Seat 4: VolkovDmitri ($120 in chips)
VolkovDmitri: posts small blind $1
parnishka11: posts big blind $3
*** HOLE CARDS ***
VolkovDmitri: raises $3 to $6
parnishka11: calls $3
*** FLOP *** [2h 4d 5d]
parnishka11: checks
VolkovDmitri: checks
*** TURN *** [2h 4d 5d] [4h]
parnishka11: checks
VolkovDmitri: checks
*** RIVER *** [2h 4d 5d 4h] [Ac]
parnishka11: checks
VolkovDmitri: checks
*** SHOW DOWN ***
parnishka11: shows [Kc 8c] (a pair of Fours)
VolkovDmitri: mucks hand
parnishka11 collected $11.76 from pot
*** SUMMARY ***
Total pot $12 | Rake $0.24
Board [2h 4d 5d 4h Ac]
Seat 3: parnishka11 (big blind) showed [Kc 8c] and won ($11.76) with a pair of Fours
Seat 4: VolkovDmitri (button) (small blind) mucked


PokerStars Hand #157926537524:  Hold'em Limit ($3/$6 USD) - 2016/08/30 7:19:27 ET
Table 'Phereclos II' 6-max Seat #4 is the button
Seat 3: parnishka11 ($53.08 in chips)
Seat 4: VolkovDmitri ($125.76 in chips)
VolkovDmitri: posts small blind $1
parnishka11: posts big blind $3
*** HOLE CARDS ***
VolkovDmitri: raises $3 to $6
Mahmoudjan11 joins the table at seat #2
parnishka11: calls $3
*** FLOP *** [8c Ah Ad]
parnishka11: checks
VolkovDmitri: bets $3
parnishka11: folds
Uncalled bet ($3) returned to VolkovDmitri
VolkovDmitri collected $11.76 from pot
VolkovDmitri: doesn't show hand
*** SUMMARY ***
Total pot $12 | Rake $0.24
Board [8c Ah Ad]
Seat 3: parnishka11 (big blind) folded on the Flop
Seat 4: VolkovDmitri (button) (small blind) collected ($11.76)


PokerStars Hand #157926527626:  Hold'em Limit ($3/$6 USD) - 2016/08/30 7:19:04 ET
Table 'Phereclos II' 6-max Seat #3 is the button
Seat 3: parnishka11 ($59.08 in chips)
Seat 4: VolkovDmitri ($120 in chips)
parnishka11: posts small blind $1
VolkovDmitri: posts big blind $3
*** HOLE CARDS ***
parnishka11: calls $2
VolkovDmitri: raises $3 to $6
parnishka11: calls $3
*** FLOP *** [6c 5h As]
VolkovDmitri: bets $3
parnishka11: folds
Uncalled bet ($3) returned to VolkovDmitri
VolkovDmitri collected $11.76 from pot
VolkovDmitri: doesn't show hand
*** SUMMARY ***
Total pot $12 | Rake $0.24
Board [6c 5h As]
Seat 3: parnishka11 (button) (small blind) folded on the Flop
Seat 4: VolkovDmitri (big blind) collected ($11.76)


PokerStars Hand #157926543842:  Hold'em Limit ($3/$6 USD) - 2016/08/30 7:19:41 ET
Table 'Phereclos II' 6-max Seat #3 is the button
Seat 3: parnishka11 ($47.08 in chips)
Seat 4: VolkovDmitri ($131.52 in chips)
parnishka11: posts small blind $1
VolkovDmitri: posts big blind $3
*** HOLE CARDS ***
parnishka11: raises $3 to $6
VolkovDmitri: raises $3 to $9
parnishka11: calls $3
*** FLOP *** [Ad 7h 2s]
VolkovDmitri: bets $3
parnishka11: raises $3 to $6
VolkovDmitri: raises $3 to $9
parnishka11: folds
Uncalled bet ($3) returned to VolkovDmitri
VolkovDmitri collected $29.50 from pot
VolkovDmitri: doesn't show hand
*** SUMMARY ***
Total pot $30 | Rake $0.50
Board [Ad 7h 2s]
Seat 3: parnishka11 (button) (small blind) folded on the Flop
Seat 4: VolkovDmitri (big blind) collected ($29.50)


PokerStars Hand #157926561546:  Hold'em Limit ($3/$6 USD) - 2016/08/30 7:20:22 ET
Table 'Phereclos II' 6-max Seat #4 is the button
Seat 3: parnishka11 ($32.08 in chips)
Seat 4: VolkovDmitri ($146.02 in chips)
VolkovDmitri: posts small blind $1
parnishka11: posts big blind $3
*** HOLE CARDS ***
VolkovDmitri: raises $3 to $6
parnishka11: calls $3
*** FLOP *** [4s 4h 8h]
parnishka11: checks
VolkovDmitri: bets $3
parnishka11: calls $3
*** TURN *** [4s 4h 8h] [6s]
parnishka11: checks
VolkovDmitri: bets $6
parnishka11: calls $6
*** RIVER *** [4s 4h 8h 6s] [Ah]
parnishka11: checks
VolkovDmitri: checks
*** SHOW DOWN ***
parnishka11: shows [2h 3c] (a pair of Fours)
VolkovDmitri: shows [9h 6d] (two pair, Sixes and Fours)
VolkovDmitri collected $29.50 from pot
*** SUMMARY ***
Total pot $30 | Rake $0.50
Board [4s 4h 8h 6s Ah]
Seat 3: parnishka11 (big blind) showed [2h 3c] and lost with a pair of Fours
Seat 4: VolkovDmitri (button) (small blind) showed [9h 6d] and won ($29.50) with two pair, Sixes and Fours


PokerStars Hand #157926589570:  Hold'em Limit ($3/$6 USD) - 2016/08/30 7:21:27 ET
Table 'Phereclos II' 6-max Seat #3 is the button
Seat 3: parnishka11 ($17.08 in chips)
Seat 4: VolkovDmitri ($160.52 in chips)
parnishka11: posts small blind $1
VolkovDmitri: posts big blind $3
*** HOLE CARDS ***
parnishka11: raises $3 to $6
VolkovDmitri: raises $3 to $9
parnishka11: calls $3
*** FLOP *** [4h 8c Jh]
VolkovDmitri: bets $3
parnishka11: raises $3 to $6
VolkovDmitri: raises $3 to $9
parnishka11: calls $2.08 and is all-in
Uncalled bet ($0.92) returned to VolkovDmitri
*** TURN *** [4h 8c Jh] [5c]
*** RIVER *** [4h 8c Jh 5c] [Jc]
*** SHOW DOWN ***
VolkovDmitri: shows [8s Ad] (two pair, Jacks and Eights)
parnishka11: shows [7c 9c] (a flush, Jack high)
parnishka11 collected $33.66 from pot
*** SUMMARY ***
Total pot $34.16 | Rake $0.50
Board [4h 8c Jh 5c Jc]
Seat 3: parnishka11 (button) (small blind) showed [7c 9c] and won ($33.66) with a flush, Jack high
Seat 4: VolkovDmitri (big blind) showed [8s Ad] and lost with two pair, Jacks and Eights


PokerStars Hand #157931608818:  Hold'em Limit ($3/$6 USD) - 2016/08/30 10:10:03 ET
Table 'Phereclos II' 6-max Seat #6 is the button
Seat 2: gazzzzzza ($63.13 in chips)
Seat 6: Rauskii ($48.89 in chips)
Rauskii: posts small blind $1
AAAbeta: is sitting out
gazzzzzza: posts big blind $3
*** HOLE CARDS ***
Rauskii: raises $3 to $6
gazzzzzza: folds
Uncalled bet ($3) returned to Rauskii
Rauskii collected $6 from pot
Rauskii: doesn't show hand
*** SUMMARY ***
Total pot $6 | Rake $0
Seat 2: gazzzzzza (big blind) folded before Flop
Seat 6: Rauskii (button) (small blind) collected ($6)


PokerStars Hand #157931613729:  Hold'em Limit ($3/$6 USD) - 2016/08/30 10:10:12 ET
Table 'Phereclos II' 6-max Seat #2 is the button
Seat 2: gazzzzzza ($60.13 in chips)
Seat 6: Rauskii ($51.89 in chips)
gazzzzzza: posts small blind $1
Rauskii: posts big blind $3
*** HOLE CARDS ***
gazzzzzza: folds
Uncalled bet ($2) returned to Rauskii
Rauskii collected $2 from pot
Rauskii: doesn't show hand
*** SUMMARY ***
Total pot $2 | Rake $0
Seat 2: gazzzzzza (button) (small blind) folded before Flop
Seat 6: Rauskii (big blind) collected ($2)


