PokerStars Hand #159860963161:  Hold'em Limit ($3/$6 USD) - 2016/10/13 0:50:08 ET
Table 'Phereclos' 6-max Seat #4 is the button
Seat 4: Agrotait ($72 in chips)
Seat 5: Rooman7 ($30 in chips)
Agrotait: posts small blind $1
Rooman7: posts big blind $3
*** HOLE CARDS ***
Agrotait: raises $3 to $6
Rooman7: folds
Uncalled bet ($3) returned to Agrotait
Agrotait collected $6 from pot
Agrotait: doesn't show hand
*** SUMMARY ***
Total pot $6 | Rake $0
Seat 4: Agrotait (button) (small blind) collected ($6)
Seat 5: Rooman7 (big blind) folded before Flop


PokerStars Hand #159860971908:  Hold'em Limit ($3/$6 USD) - 2016/10/13 0:50:45 ET
Table 'Phereclos' 6-max Seat #4 is the button
Seat 4: Agrotait ($60 in chips)
Seat 5: Rooman7 ($41.50 in chips)
Agrotait: posts small blind $1
Rooman7: posts big blind $3
*** HOLE CARDS ***
Agrotait: raises $3 to $6
Rooman7: folds
Uncalled bet ($3) returned to Agrotait
Agrotait collected $6 from pot
Agrotait: doesn't show hand
*** SUMMARY ***
Total pot $6 | Rake $0
Seat 4: Agrotait (button) (small blind) collected ($6)
Seat 5: Rooman7 (big blind) folded before Flop


PokerStars Hand #159860965414:  Hold'em Limit ($3/$6 USD) - 2016/10/13 0:50:18 ET
Table 'Phereclos' 6-max Seat #5 is the button
Seat 4: Agrotait ($75 in chips)
Seat 5: Rooman7 ($27 in chips)
Rooman7: posts small blind $1
Agrotait: posts big blind $3
*** HOLE CARDS ***
Rooman7: raises $3 to $6
Agrotait: calls $3
*** FLOP *** [Kd Jh 3h]
Agrotait: checks
Rooman7: bets $3
Agrotait: calls $3
*** TURN *** [Kd Jh 3h] [5c]
Agrotait: checks
Rooman7: bets $6
Agrotait: calls $6
*** RIVER *** [Kd Jh 3h 5c] [Jc]
Agrotait: checks
Rooman7: checks
*** SHOW DOWN ***
Agrotait: shows [Ad 5h] (two pair, Jacks and Fives)
Rooman7: shows [Qd Qh] (two pair, Queens and Jacks)
Rooman7 collected $29.50 from pot
*** SUMMARY ***
Total pot $30 | Rake $0.50
Board [Kd Jh 3h 5c Jc]
Seat 4: Agrotait (big blind) showed [Ad 5h] and lost with two pair, Jacks and Fives
Seat 5: Rooman7 (button) (small blind) showed [Qd Qh] and won ($29.50) with two pair, Queens and Jacks


PokerStars Hand #159860973599:  Hold'em Limit ($3/$6 USD) - 2016/10/13 0:50:53 ET
Table 'Phereclos' 6-max Seat #5 is the button
Seat 4: Agrotait ($63 in chips)
Seat 5: Rooman7 ($38.50 in chips)
Rooman7: posts small blind $1
Agrotait: posts big blind $3
*** HOLE CARDS ***
Rooman7: calls $2
Agrotait: checks
*** FLOP *** [5d Kd Tc]
mishkamoya joins the table at seat #6
Agrotait: bets $3
Rooman7: calls $3
*** TURN *** [5d Kd Tc] [Jd]
Agrotait: bets $6
Rooman7: calls $6
*** RIVER *** [5d Kd Tc Jd] [4d]
Agrotait: bets $6
Rooman7: calls $6
*** SHOW DOWN ***
Agrotait: shows [Js 3d] (a flush, King high)
Rooman7: shows [Td 9h] (a flush, King high - Ten higher)
Rooman7 collected $35.50 from pot
*** SUMMARY ***
Total pot $36 | Rake $0.50
Board [5d Kd Tc Jd 4d]
Seat 4: Agrotait (big blind) showed [Js 3d] and lost with a flush, King high
Seat 5: Rooman7 (button) (small blind) showed [Td 9h] and won ($35.50) with a flush, King high


PokerStars Hand #159860979706:  Hold'em Limit ($3/$6 USD) - 2016/10/13 0:51:18 ET
Table 'Phereclos' 6-max Seat #4 is the button
Seat 4: Agrotait ($72 in chips)
Seat 5: Rooman7 ($56 in chips)
Agrotait: posts small blind $1
Rooman7: posts big blind $3
*** HOLE CARDS ***
Agrotait: raises $3 to $6
Rooman7: calls $3
*** FLOP *** [Jh Ts Ah]
Rooman7: checks
Agrotait: bets $3
Rooman7: calls $3
*** TURN *** [Jh Ts Ah] [9c]
Rooman7: checks
Agrotait: checks
*** RIVER *** [Jh Ts Ah 9c] [Jc]
Rooman7: bets $6
Agrotait: folds
Uncalled bet ($6) returned to Rooman7
Rooman7 collected $17.64 from pot
Rooman7: doesn't show hand
*** SUMMARY ***
Total pot $18 | Rake $0.36
Board [Jh Ts Ah 9c Jc]
Seat 4: Agrotait (button) (small blind) folded on the River
Seat 5: Rooman7 (big blind) collected ($17.64)


PokerStars Hand #159861031975:  Hold'em Limit ($3/$6 USD) - 2016/10/13 0:55:01 ET
Table 'Phereclos' 6-max Seat #5 is the button
Seat 4: Agrotait ($130.12 in chips)
Seat 5: Rooman7 ($41.38 in chips)
Rooman7: posts small blind $1
Agrotait: posts big blind $3
*** HOLE CARDS ***
Rooman7: folds
Uncalled bet ($2) returned to Agrotait
Agrotait collected $2 from pot
Agrotait: doesn't show hand
*** SUMMARY ***
Total pot $2 | Rake $0
Seat 4: Agrotait (big blind) collected ($2)
Seat 5: Rooman7 (button) (small blind) folded before Flop


PokerStars Hand #159861035027:  Hold'em Limit ($3/$6 USD) - 2016/10/13 0:55:15 ET
Table 'Phereclos' 6-max Seat #5 is the button
Seat 4: Agrotait ($134.12 in chips)
Seat 5: Rooman7 ($37.38 in chips)
Rooman7: posts small blind $1
Agrotait: posts big blind $3
*** HOLE CARDS ***
Rooman7: folds
Uncalled bet ($2) returned to Agrotait
Agrotait collected $2 from pot
Agrotait: doesn't show hand
*** SUMMARY ***
Total pot $2 | Rake $0
Seat 4: Agrotait (big blind) collected ($2)
Seat 5: Rooman7 (button) (small blind) folded before Flop


PokerStars Hand #159861033510:  Hold'em Limit ($3/$6 USD) - 2016/10/13 0:55:08 ET
Table 'Phereclos' 6-max Seat #4 is the button
Seat 4: Agrotait ($131.12 in chips)
Seat 5: Rooman7 ($40.38 in chips)
Agrotait: posts small blind $1
Rooman7: posts big blind $3
*** HOLE CARDS ***
Agrotait: raises $3 to $6
Rooman7: folds
Uncalled bet ($3) returned to Agrotait
Agrotait collected $6 from pot
Agrotait: doesn't show hand
*** SUMMARY ***
Total pot $6 | Rake $0
Seat 4: Agrotait (button) (small blind) collected ($6)
Seat 5: Rooman7 (big blind) folded before Flop


PokerStars Hand #159861036230:  Hold'em Limit ($3/$6 USD) - 2016/10/13 0:55:21 ET
Table 'Phereclos' 6-max Seat #4 is the button
Seat 4: Agrotait ($135.12 in chips)
Seat 5: Rooman7 ($36.38 in chips)
Agrotait: posts small blind $1
Rooman7: posts big blind $3
*** HOLE CARDS ***
Agrotait: raises $3 to $6
Rooman7: calls $3
*** FLOP *** [3h 5h Qs]
Rooman7: checks
Agrotait: bets $3
Rooman7: calls $3
*** TURN *** [3h 5h Qs] [Td]
Rooman7: checks
Agrotait: bets $6
Rooman7: folds
Uncalled bet ($6) returned to Agrotait
Agrotait collected $17.64 from pot
Agrotait: doesn't show hand
*** SUMMARY ***
Total pot $18 | Rake $0.36
Board [3h 5h Qs Td]
Seat 4: Agrotait (button) (small blind) collected ($17.64)
Seat 5: Rooman7 (big blind) folded on the Turn


PokerStars Hand #159861041999:  Hold'em Limit ($3/$6 USD) - 2016/10/13 0:55:48 ET
Table 'Phereclos' 6-max Seat #5 is the button
Seat 4: Agrotait ($143.76 in chips)
Seat 5: Rooman7 ($27.38 in chips)
Rooman7: posts small blind $1
Agrotait: posts big blind $3
*** HOLE CARDS ***
Rooman7: folds
Uncalled bet ($2) returned to Agrotait
Agrotait collected $2 from pot
Agrotait: doesn't show hand
*** SUMMARY ***
Total pot $2 | Rake $0
Seat 4: Agrotait (big blind) collected ($2)
Seat 5: Rooman7 (button) (small blind) folded before Flop


PokerStars Hand #159861043066:  Hold'em Limit ($3/$6 USD) - 2016/10/13 0:55:53 ET
Table 'Phereclos' 6-max Seat #4 is the button
Seat 4: Agrotait ($144.76 in chips)
Seat 5: Rooman7 ($26.38 in chips)
Agrotait: posts small blind $1
Rooman7: posts big blind $3
*** HOLE CARDS ***
Agrotait: raises $3 to $6
Rooman7: raises $3 to $9
Agrotait: calls $3
*** FLOP *** [7h Qc Qs]
Rooman7: bets $3
Agrotait: calls $3
*** TURN *** [7h Qc Qs] [3h]
Rooman7: bets $6
Agrotait: calls $6
*** RIVER *** [7h Qc Qs 3h] [Kc]
Rooman7: bets $6
Agrotait: calls $6
*** SHOW DOWN ***
Rooman7: shows [Ts Ad] (a pair of Queens)
Agrotait: shows [Tc 3c] (two pair, Queens and Threes)
Agrotait collected $47.50 from pot
*** SUMMARY ***
Total pot $48 | Rake $0.50
Board [7h Qc Qs 3h Kc]
Seat 4: Agrotait (button) (small blind) showed [Tc 3c] and won ($47.50) with two pair, Queens and Threes
Seat 5: Rooman7 (big blind) showed [Ts Ad] and lost with a pair of Queens


PokerStars Hand #159861052253:  Hold'em Limit ($3/$6 USD) - 2016/10/13 0:56:37 ET
Table 'Phereclos' 6-max Seat #5 is the button
Seat 4: Agrotait ($168.26 in chips)
Seat 5: Rooman7 ($30 in chips)
Rooman7: posts small blind $1
Agrotait: posts big blind $3
*** HOLE CARDS ***
Rooman7: raises $3 to $6
Agrotait: folds
Uncalled bet ($3) returned to Rooman7
Rooman7 collected $6 from pot
Rooman7: doesn't show hand
*** SUMMARY ***
Total pot $6 | Rake $0
Seat 4: Agrotait (big blind) folded before Flop
Seat 5: Rooman7 (button) (small blind) collected ($6)


PokerStars Hand #159861058393:  Hold'em Limit ($3/$6 USD) - 2016/10/13 0:57:07 ET
Table 'Phereclos' 6-max Seat #4 is the button
Seat 4: Agrotait ($165.26 in chips)
Seat 5: Rooman7 ($33 in chips)
Agrotait: posts small blind $1
Rooman7: posts big blind $3
*** HOLE CARDS ***
Agrotait: raises $3 to $6
Rooman7: calls $3
*** FLOP *** [9s Th 8s]
Rooman7: bets $3
Agrotait: calls $3
*** TURN *** [9s Th 8s] [Td]
Rooman7: bets $6
Agrotait: calls $6
*** RIVER *** [9s Th 8s Td] [4s]
Rooman7: bets $6
Agrotait: calls $6
*** SHOW DOWN ***
Rooman7: shows [Jd 9c] (two pair, Tens and Nines)
Agrotait: mucks hand
Rooman7 collected $41.50 from pot
*** SUMMARY ***
Total pot $42 | Rake $0.50
Board [9s Th 8s Td 4s]
Seat 4: Agrotait (button) (small blind) mucked
Seat 5: Rooman7 (big blind) showed [Jd 9c] and won ($41.50) with two pair, Tens and Nines


PokerStars Hand #159861066497:  Hold'em Limit ($3/$6 USD) - 2016/10/13 0:57:46 ET
Table 'Phereclos' 6-max Seat #5 is the button
Seat 4: Agrotait ($144.26 in chips)
Seat 5: Rooman7 ($53.50 in chips)
Rooman7: posts small blind $1
Agrotait: posts big blind $3
*** HOLE CARDS ***
Rooman7: calls $2
Agrotait: raises $3 to $6
Rooman7: calls $3
*** FLOP *** [2d Kc 8d]
Agrotait: bets $3
Rooman7: calls $3
*** TURN *** [2d Kc 8d] [7d]
Agrotait: checks
Rooman7: checks
*** RIVER *** [2d Kc 8d 7d] [6c]
Agrotait: checks
Rooman7: bets $6
Agrotait: folds
Uncalled bet ($6) returned to Rooman7
Rooman7 collected $17.64 from pot
Rooman7: doesn't show hand
*** SUMMARY ***
Total pot $18 | Rake $0.36
Board [2d Kc 8d 7d 6c]
Seat 4: Agrotait (big blind) folded on the River
Seat 5: Rooman7 (button) (small blind) collected ($17.64)


PokerStars Hand #159861074136:  Hold'em Limit ($3/$6 USD) - 2016/10/13 0:58:23 ET
Table 'Phereclos' 6-max Seat #4 is the button
Seat 4: Agrotait ($135.26 in chips)
Seat 5: Rooman7 ($62.14 in chips)
Agrotait: posts small blind $1
Rooman7: posts big blind $3
*** HOLE CARDS ***
Agrotait: raises $3 to $6
Rooman7: calls $3
*** FLOP *** [As 6d 8h]
Rooman7: checks
Agrotait: bets $3
Rooman7: calls $3
*** TURN *** [As 6d 8h] [Kc]
Rooman7: checks
Agrotait: bets $6
Rooman7: calls $6
*** RIVER *** [As 6d 8h Kc] [6s]
Rooman7: checks
Agrotait: bets $6
Rooman7: folds
Uncalled bet ($6) returned to Agrotait
Agrotait collected $29.50 from pot
Agrotait: doesn't show hand
*** SUMMARY ***
Total pot $30 | Rake $0.50
Board [As 6d 8h Kc 6s]
Seat 4: Agrotait (button) (small blind) collected ($29.50)
Seat 5: Rooman7 (big blind) folded on the River


PokerStars Hand #159861085882:  Hold'em Limit ($3/$6 USD) - 2016/10/13 0:59:19 ET
Table 'Phereclos' 6-max Seat #5 is the button
Seat 4: Agrotait ($149.76 in chips)
Seat 5: Rooman7 ($47.14 in chips)
Rooman7: posts small blind $1
Agrotait: posts big blind $3
*** HOLE CARDS ***
Rooman7: folds
Uncalled bet ($2) returned to Agrotait
Agrotait collected $2 from pot
Agrotait: doesn't show hand
*** SUMMARY ***
Total pot $2 | Rake $0
Seat 4: Agrotait (big blind) collected ($2)
Seat 5: Rooman7 (button) (small blind) folded before Flop


PokerStars Hand #159861098651:  Hold'em Limit ($3/$6 USD) - 2016/10/13 1:00:19 ET
Table 'Phereclos' 6-max Seat #4 is the button
Seat 4: Agrotait ($150.52 in chips)
Seat 5: Rooman7 ($45.90 in chips)
Agrotait: posts small blind $1
Rooman7: posts big blind $3
*** HOLE CARDS ***
Agrotait: raises $3 to $6
Rooman7: calls $3
*** FLOP *** [9h 7d 4c]
Rooman7: checks
Agrotait: bets $3
Rooman7: folds
Uncalled bet ($3) returned to Agrotait
Agrotait collected $11.76 from pot
Agrotait: doesn't show hand
*** SUMMARY ***
Total pot $12 | Rake $0.24
Board [9h 7d 4c]
Seat 4: Agrotait (button) (small blind) collected ($11.76)
Seat 5: Rooman7 (big blind) folded on the Flop


PokerStars Hand #159861087049:  Hold'em Limit ($3/$6 USD) - 2016/10/13 0:59:24 ET
Table 'Phereclos' 6-max Seat #4 is the button
Seat 4: Agrotait ($150.76 in chips)
Seat 5: Rooman7 ($46.14 in chips)
Agrotait: posts small blind $1
Rooman7: posts big blind $3
*** HOLE CARDS ***
Agrotait: raises $3 to $6
Rooman7: calls $3
*** FLOP *** [8s 5s Ks]
Rooman7: checks
Agrotait: checks
*** TURN *** [8s 5s Ks] [8d]
Rooman7: bets $6
Agrotait: folds
Uncalled bet ($6) returned to Rooman7
Rooman7 collected $11.76 from pot
Rooman7: doesn't show hand
*** SUMMARY ***
Total pot $12 | Rake $0.24
Board [8s 5s Ks 8d]
Seat 4: Agrotait (button) (small blind) folded on the Turn
Seat 5: Rooman7 (big blind) collected ($11.76)


PokerStars Hand #159861091030:  Hold'em Limit ($3/$6 USD) - 2016/10/13 0:59:43 ET
Table 'Phereclos' 6-max Seat #5 is the button
Seat 4: Agrotait ($144.76 in chips)
Seat 5: Rooman7 ($51.90 in chips)
Rooman7: posts small blind $1
Agrotait: posts big blind $3
*** HOLE CARDS ***
Rooman7: calls $2
Agrotait: raises $3 to $6
Rooman7: calls $3
*** FLOP *** [2d Ah Qs]
Agrotait: checks
Rooman7: checks
*** TURN *** [2d Ah Qs] [8c]
Agrotait: bets $6
Rooman7: folds
Uncalled bet ($6) returned to Agrotait
Agrotait collected $11.76 from pot
Agrotait: doesn't show hand
*** SUMMARY ***
Total pot $12 | Rake $0.24
Board [2d Ah Qs 8c]
Seat 4: Agrotait (big blind) collected ($11.76)
Seat 5: Rooman7 (button) (small blind) folded on the Turn


PokerStars Hand #159861109531:  Hold'em Limit ($3/$6 USD) - 2016/10/13 1:01:09 ET
Table 'Phereclos' 6-max Seat #5 is the button
Seat 4: Agrotait ($160.28 in chips)
Seat 5: Rooman7 ($35.90 in chips)
Rooman7: posts small blind $1
Agrotait: posts big blind $3
*** HOLE CARDS ***
Rooman7: raises $3 to $6
Agrotait: calls $3
*** FLOP *** [5d 7c 3d]
Agrotait: checks
Rooman7: bets $3
Agrotait: calls $3
*** TURN *** [5d 7c 3d] [9s]
Agrotait: checks
Rooman7: checks
*** RIVER *** [5d 7c 3d 9s] [7d]
Agrotait: bets $6
Rooman7: calls $6
*** SHOW DOWN ***
Agrotait: shows [9d Kc] (two pair, Nines and Sevens)
Rooman7: mucks hand
Agrotait collected $29.50 from pot
*** SUMMARY ***
Total pot $30 | Rake $0.50
Board [5d 7c 3d 9s 7d]
Seat 4: Agrotait (big blind) showed [9d Kc] and won ($29.50) with two pair, Nines and Sevens
Seat 5: Rooman7 (button) (small blind) mucked


PokerStars Hand #159861105545:  Hold'em Limit ($3/$6 USD) - 2016/10/13 1:00:51 ET
Table 'Phereclos' 6-max Seat #5 is the button
Seat 4: Agrotait ($156.28 in chips)
Seat 5: Rooman7 ($39.90 in chips)
Rooman7: posts small blind $1
Agrotait: posts big blind $3
*** HOLE CARDS ***
Rooman7: folds
Uncalled bet ($2) returned to Agrotait
Agrotait collected $2 from pot
Agrotait: doesn't show hand
*** SUMMARY ***
Total pot $2 | Rake $0
Seat 4: Agrotait (big blind) collected ($2)
Seat 5: Rooman7 (button) (small blind) folded before Flop


PokerStars Hand #159861107220:  Hold'em Limit ($3/$6 USD) - 2016/10/13 1:00:58 ET
Table 'Phereclos' 6-max Seat #4 is the button
Seat 4: Agrotait ($157.28 in chips)
Seat 5: Rooman7 ($38.90 in chips)
Agrotait: posts small blind $1
Rooman7: posts big blind $3
*** HOLE CARDS ***
Agrotait: raises $3 to $6
Rooman7: folds
Uncalled bet ($3) returned to Agrotait
Agrotait collected $6 from pot
Agrotait: doesn't show hand
*** SUMMARY ***
Total pot $6 | Rake $0
Seat 4: Agrotait (button) (small blind) collected ($6)
Seat 5: Rooman7 (big blind) folded before Flop


PokerStars Hand #159861104186:  Hold'em Limit ($3/$6 USD) - 2016/10/13 1:00:45 ET
Table 'Phereclos' 6-max Seat #4 is the button
Seat 4: Agrotait ($157.28 in chips)
Seat 5: Rooman7 ($38.90 in chips)
Agrotait: posts small blind $1
Rooman7: posts big blind $3
*** HOLE CARDS ***
Agrotait: folds
Uncalled bet ($2) returned to Rooman7
Rooman7 collected $2 from pot
Rooman7: doesn't show hand
*** SUMMARY ***
Total pot $2 | Rake $0
Seat 4: Agrotait (button) (small blind) folded before Flop
Seat 5: Rooman7 (big blind) collected ($2)


PokerStars Hand #159861102676:  Hold'em Limit ($3/$6 USD) - 2016/10/13 1:00:38 ET
Table 'Phereclos' 6-max Seat #5 is the button
Seat 4: Agrotait ($156.28 in chips)
Seat 5: Rooman7 ($39.90 in chips)
Rooman7: posts small blind $1
Agrotait: posts big blind $3
*** HOLE CARDS ***
Rooman7: folds
Uncalled bet ($2) returned to Agrotait
Agrotait collected $2 from pot
Agrotait: doesn't show hand
*** SUMMARY ***
Total pot $2 | Rake $0
Seat 4: Agrotait (big blind) collected ($2)
Seat 5: Rooman7 (button) (small blind) folded before Flop


PokerStars Hand #159861127538:  Hold'em Limit ($3/$6 USD) - 2016/10/13 1:02:27 ET
Table 'Phereclos' 6-max Seat #4 is the button
Seat 4: Agrotait ($181.54 in chips)
Seat 5: Rooman7 ($13.90 in chips)
Agrotait: posts small blind $1
Rooman7: posts big blind $3
*** HOLE CARDS ***
Agrotait: raises $3 to $6
Rooman7: folds
Uncalled bet ($3) returned to Agrotait
Agrotait collected $6 from pot
Agrotait: doesn't show hand
*** SUMMARY ***
Total pot $6 | Rake $0
Seat 4: Agrotait (button) (small blind) collected ($6)
Seat 5: Rooman7 (big blind) folded before Flop


PokerStars Hand #159861126274:  Hold'em Limit ($3/$6 USD) - 2016/10/13 1:02:22 ET
Table 'Phereclos' 6-max Seat #5 is the button
Seat 4: Agrotait ($180.54 in chips)
Seat 5: Rooman7 ($14.90 in chips)
Rooman7: posts small blind $1
Agrotait: posts big blind $3
*** HOLE CARDS ***
Rooman7: folds
Uncalled bet ($2) returned to Agrotait
Agrotait collected $2 from pot
Agrotait: doesn't show hand
*** SUMMARY ***
Total pot $2 | Rake $0
Seat 4: Agrotait (big blind) collected ($2)
Seat 5: Rooman7 (button) (small blind) folded before Flop


PokerStars Hand #159861115894:  Hold'em Limit ($3/$6 USD) - 2016/10/13 1:01:37 ET
Table 'Phereclos' 6-max Seat #4 is the button
Seat 4: Agrotait ($174.78 in chips)
Seat 5: Rooman7 ($20.90 in chips)
Agrotait: posts small blind $1
Rooman7: posts big blind $3
*** HOLE CARDS ***
Agrotait: raises $3 to $6
Rooman7: calls $3
*** FLOP *** [9h 3c Kc]
Rooman7: checks
Agrotait: checks
*** TURN *** [9h 3c Kc] [3h]
Rooman7: checks
Agrotait: bets $6
Rooman7: folds
Uncalled bet ($6) returned to Agrotait
Agrotait collected $11.76 from pot
Agrotait: doesn't show hand
*** SUMMARY ***
Total pot $12 | Rake $0.24
Board [9h 3c Kc 3h]
Seat 4: Agrotait (button) (small blind) collected ($11.76)
Seat 5: Rooman7 (big blind) folded on the Turn


PokerStars Hand #159861129041:  Hold'em Limit ($3/$6 USD) - 2016/10/13 1:02:34 ET
Table 'Phereclos' 6-max Seat #5 is the button
Seat 4: Agrotait ($184.54 in chips)
Seat 5: Rooman7 ($10.90 in chips)
Rooman7: posts small blind $1
Agrotait: posts big blind $3
*** HOLE CARDS ***
Rooman7: raises $3 to $6
Agrotait: folds
Uncalled bet ($3) returned to Rooman7
Rooman7 collected $6 from pot
Rooman7: doesn't show hand
*** SUMMARY ***
Total pot $6 | Rake $0
Seat 4: Agrotait (big blind) folded before Flop
Seat 5: Rooman7 (button) (small blind) collected ($6)


PokerStars Hand #159861131903:  Hold'em Limit ($3/$6 USD) - 2016/10/13 1:02:47 ET
Table 'Phereclos' 6-max Seat #4 is the button
Seat 4: Agrotait ($181.54 in chips)
Seat 5: Rooman7 ($13.90 in chips)
Agrotait: posts small blind $1
Rooman7: posts big blind $3
*** HOLE CARDS ***
Agrotait: raises $3 to $6
Rooman7: calls $3
*** FLOP *** [2d 5d Ad]
Rooman7: checks
Agrotait: bets $3
Rooman7: raises $3 to $6
Agrotait: calls $3
*** TURN *** [2d 5d Ad] [9h]
Rooman7: bets $1.90 and is all-in
Agrotait: calls $1.90
*** RIVER *** [2d 5d Ad 9h] [3d]
*** SHOW DOWN ***
Rooman7: shows [2h Kh] (a pair of Deuces)
Agrotait: shows [Th 3h] (a pair of Threes)
Agrotait collected $27.30 from pot
*** SUMMARY ***
Total pot $27.80 | Rake $0.50
Board [2d 5d Ad 9h 3d]
Seat 4: Agrotait (button) (small blind) showed [Th 3h] and won ($27.30) with a pair of Threes
Seat 5: Rooman7 (big blind) showed [2h Kh] and lost with a pair of Deuces


PokerStars Hand #159861149835:  Hold'em Limit ($3/$6 USD) - 2016/10/13 1:04:05 ET
Table 'Phereclos' 6-max Seat #4 is the button
Seat 4: Agrotait ($200.70 in chips)
Seat 5: Rooman7 ($24 in chips)
Agrotait: posts small blind $1
Rooman7: posts big blind $3
*** HOLE CARDS ***
Agrotait: folds
Uncalled bet ($2) returned to Rooman7
Rooman7 collected $2 from pot
Rooman7: doesn't show hand
*** SUMMARY ***
Total pot $2 | Rake $0
Seat 4: Agrotait (button) (small blind) folded before Flop
Seat 5: Rooman7 (big blind) collected ($2)


PokerStars Hand #159861141803:  Hold'em Limit ($3/$6 USD) - 2016/10/13 1:03:30 ET
Table 'Phereclos' 6-max Seat #5 is the button
Seat 4: Agrotait ($194.94 in chips)
Seat 5: Rooman7 ($30 in chips)
Rooman7: posts small blind $1
Agrotait: posts big blind $3
*** HOLE CARDS ***
Rooman7: calls $2
Agrotait: raises $3 to $6
Rooman7: calls $3
*** FLOP *** [As 5c Qd]
Agrotait: bets $3
Rooman7: folds
Uncalled bet ($3) returned to Agrotait
Agrotait collected $11.76 from pot
Agrotait: doesn't show hand
*** SUMMARY ***
Total pot $12 | Rake $0.24
Board [As 5c Qd]
Seat 4: Agrotait (big blind) collected ($11.76)
Seat 5: Rooman7 (button) (small blind) folded on the Flop


PokerStars Hand #159861161992:  Hold'em Limit ($3/$6 USD) - 2016/10/13 1:04:54 ET
Table 'Phereclos' 6-max Seat #4 is the button
Seat 4: Agrotait ($190.70 in chips)
Seat 5: Rooman7 ($33.64 in chips)
Agrotait: posts small blind $1
Rooman7: posts big blind $3
*** HOLE CARDS ***
Agrotait: raises $3 to $6
Rooman7: calls $3
*** FLOP *** [5h Jh Td]
Rooman7: bets $3
Agrotait: folds
Uncalled bet ($3) returned to Rooman7
Rooman7 collected $11.76 from pot
Rooman7: doesn't show hand
*** SUMMARY ***
Total pot $12 | Rake $0.24
Board [5h Jh Td]
Seat 4: Agrotait (button) (small blind) folded on the Flop
Seat 5: Rooman7 (big blind) collected ($11.76)


PokerStars Hand #159861153784:  Hold'em Limit ($3/$6 USD) - 2016/10/13 1:04:22 ET
Table 'Phereclos' 6-max Seat #5 is the button
Seat 4: Agrotait ($199.70 in chips)
Seat 5: Rooman7 ($25 in chips)
Rooman7: posts small blind $1
Agrotait: posts big blind $3
*** HOLE CARDS ***
Rooman7: calls $2
Agrotait: checks
*** FLOP *** [9c 9d Kd]
Agrotait: checks
Rooman7: checks
*** TURN *** [9c 9d Kd] [7c]
Agrotait: bets $6
Rooman7: calls $6
*** RIVER *** [9c 9d Kd 7c] [6s]
Agrotait: checks
Rooman7: checks
*** SHOW DOWN ***
Agrotait: shows [2s 4s] (a pair of Nines)
Rooman7: shows [8s 6d] (two pair, Nines and Sixes)
Rooman7 collected $17.64 from pot
*** SUMMARY ***
Total pot $18 | Rake $0.36
Board [9c 9d Kd 7c 6s]
Seat 4: Agrotait (big blind) showed [2s 4s] and lost with a pair of Nines
Seat 5: Rooman7 (button) (small blind) showed [8s 6d] and won ($17.64) with two pair, Nines and Sixes


PokerStars Hand #159861165958:  Hold'em Limit ($3/$6 USD) - 2016/10/13 1:05:09 ET
Table 'Phereclos' 6-max Seat #5 is the button
Seat 4: Agrotait ($184.70 in chips)
Seat 5: Rooman7 ($39.40 in chips)
Rooman7: posts small blind $1
Agrotait: posts big blind $3
*** HOLE CARDS ***
Rooman7: raises $3 to $6
Agrotait: raises $3 to $9
Rooman7: calls $3
*** FLOP *** [6s Ts Jd]
Agrotait: bets $3
Rooman7: calls $3
*** TURN *** [6s Ts Jd] [8d]
Agrotait: checks
Rooman7: checks
*** RIVER *** [6s Ts Jd 8d] [7s]
Agrotait: bets $6
Rooman7: calls $6
*** SHOW DOWN ***
Agrotait: shows [Ac 9c] (a straight, Seven to Jack)
Rooman7: mucks hand
Agrotait collected $35.50 from pot
*** SUMMARY ***
Total pot $36 | Rake $0.50
Board [6s Ts Jd 8d 7s]
Seat 4: Agrotait (big blind) showed [Ac 9c] and won ($35.50) with a straight, Seven to Jack
Seat 5: Rooman7 (button) (small blind) mucked


PokerStars Hand #159861180110:  Hold'em Limit ($3/$6 USD) - 2016/10/13 1:06:10 ET
Table 'Phereclos' 6-max Seat #5 is the button
Seat 4: Agrotait ($193.20 in chips)
Seat 5: Rooman7 ($30.04 in chips)
Rooman7: posts small blind $1
Agrotait: posts big blind $3
*** HOLE CARDS ***
Rooman7: folds
Uncalled bet ($2) returned to Agrotait
Agrotait collected $2 from pot
Agrotait: doesn't show hand
*** SUMMARY ***
Total pot $2 | Rake $0
Seat 4: Agrotait (big blind) collected ($2)
Seat 5: Rooman7 (button) (small blind) folded before Flop


PokerStars Hand #159861172529:  Hold'em Limit ($3/$6 USD) - 2016/10/13 1:05:38 ET
Table 'Phereclos' 6-max Seat #4 is the button
Seat 4: Agrotait ($202.20 in chips)
Seat 5: Rooman7 ($21.40 in chips)
Agrotait: posts small blind $1
Rooman7: posts big blind $3
*** HOLE CARDS ***
Agrotait: raises $3 to $6
Rooman7: raises $3 to $9
Agrotait: calls $3
*** FLOP *** [Qd Tc Th]
Rooman7: bets $3
Agrotait: folds
Uncalled bet ($3) returned to Rooman7
Rooman7 collected $17.64 from pot
Rooman7: doesn't show hand
*** SUMMARY ***
Total pot $18 | Rake $0.36
Board [Qd Tc Th]
Seat 4: Agrotait (button) (small blind) folded on the Flop
Seat 5: Rooman7 (big blind) collected ($17.64)


PokerStars Hand #159861181491:  Hold'em Limit ($3/$6 USD) - 2016/10/13 1:06:16 ET
Table 'Phereclos' 6-max Seat #4 is the button
Seat 4: Agrotait ($194.20 in chips)
Seat 5: Rooman7 ($29.04 in chips)
Agrotait: posts small blind $1
Rooman7: posts big blind $3
*** HOLE CARDS ***
Agrotait: raises $3 to $6
Rooman7: calls $3
*** FLOP *** [5d Td 3h]
Rooman7: checks
Agrotait: bets $3
Rooman7: calls $3
*** TURN *** [5d Td 3h] [Th]
Rooman7: checks
Agrotait: checks
*** RIVER *** [5d Td 3h Th] [3s]
Rooman7: bets $6
Agrotait: calls $6
*** SHOW DOWN ***
Rooman7: shows [8d 3d] (a full house, Threes full of Tens)
Agrotait: mucks hand
Rooman7 collected $29.50 from pot
*** SUMMARY ***
Total pot $30 | Rake $0.50
Board [5d Td 3h Th 3s]
Seat 4: Agrotait (button) (small blind) mucked
Seat 5: Rooman7 (big blind) showed [8d 3d] and won ($29.50) with a full house, Threes full of Tens


PokerStars Hand #159861190729:  Hold'em Limit ($3/$6 USD) - 2016/10/13 1:06:54 ET
Table 'Phereclos' 6-max Seat #5 is the button
Seat 4: Agrotait ($179.20 in chips)
Seat 5: Rooman7 ($43.54 in chips)
Rooman7: posts small blind $1
Agrotait: posts big blind $3
*** HOLE CARDS ***
Rooman7: calls $2
Agrotait: checks
*** FLOP *** [Kd Js As]
Agrotait: bets $3
Rooman7: calls $3
*** TURN *** [Kd Js As] [8s]
Agrotait: checks
Rooman7: bets $6
Agrotait: calls $6
*** RIVER *** [Kd Js As 8s] [9c]
Agrotait: checks
Rooman7: bets $6
Agrotait: folds
Uncalled bet ($6) returned to Rooman7
Rooman7 collected $23.52 from pot
Rooman7: doesn't show hand
*** SUMMARY ***
Total pot $24 | Rake $0.48
Board [Kd Js As 8s 9c]
Seat 4: Agrotait (big blind) folded on the River
Seat 5: Rooman7 (button) (small blind) collected ($23.52)


PokerStars Hand #159861205403:  Hold'em Limit ($3/$6 USD) - 2016/10/13 1:07:55 ET
Table 'Phereclos' 6-max Seat #5 is the button
Seat 4: Agrotait ($170.20 in chips)
Seat 5: Rooman7 ($52.06 in chips)
Rooman7: posts small blind $1
Agrotait: posts big blind $3
*** HOLE CARDS ***
Rooman7: folds
Uncalled bet ($2) returned to Agrotait
Agrotait collected $2 from pot
Agrotait: doesn't show hand
*** SUMMARY ***
Total pot $2 | Rake $0
Seat 4: Agrotait (big blind) collected ($2)
Seat 5: Rooman7 (button) (small blind) folded before Flop


PokerStars Hand #159861203880:  Hold'em Limit ($3/$6 USD) - 2016/10/13 1:07:48 ET
Table 'Phereclos' 6-max Seat #4 is the button
Seat 4: Agrotait ($167.20 in chips)
Seat 5: Rooman7 ($55.06 in chips)
Agrotait: posts small blind $1
Rooman7: posts big blind $3
*** HOLE CARDS ***
Agrotait: raises $3 to $6
Rooman7: folds
Uncalled bet ($3) returned to Agrotait
Agrotait collected $6 from pot
Agrotait: doesn't show hand
*** SUMMARY ***
Total pot $6 | Rake $0
Seat 4: Agrotait (button) (small blind) collected ($6)
Seat 5: Rooman7 (big blind) folded before Flop


PokerStars Hand #159861206980:  Hold'em Limit ($3/$6 USD) - 2016/10/13 1:08:01 ET
Table 'Phereclos' 6-max Seat #4 is the button
Seat 4: Agrotait ($171.20 in chips)
Seat 5: Rooman7 ($51.06 in chips)
Agrotait: posts small blind $1
Rooman7: posts big blind $3
*** HOLE CARDS ***
Agrotait: raises $3 to $6
Rooman7: calls $3
*** FLOP *** [2s Qh 3s]
Rooman7: checks
Agrotait: bets $3
Rooman7: calls $3
*** TURN *** [2s Qh 3s] [Kd]
Rooman7: checks
Agrotait: bets $6
Rooman7: calls $6
*** RIVER *** [2s Qh 3s Kd] [3c]
Rooman7: checks
Agrotait: checks
*** SHOW DOWN ***
Rooman7: shows [Qd 9c] (two pair, Queens and Threes)
Agrotait: mucks hand
Rooman7 collected $29.50 from pot
*** SUMMARY ***
Total pot $30 | Rake $0.50
Board [2s Qh 3s Kd 3c]
Seat 4: Agrotait (button) (small blind) mucked
Seat 5: Rooman7 (big blind) showed [Qd 9c] and won ($29.50) with two pair, Queens and Threes


PokerStars Hand #159861224332:  Hold'em Limit ($3/$6 USD) - 2016/10/13 1:08:40 ET
Table 'Phereclos' 6-max Seat #5 is the button
Seat 4: Agrotait ($156.20 in chips)
Seat 5: Rooman7 ($65.56 in chips)
Rooman7: posts small blind $1
Agrotait: posts big blind $3
*** HOLE CARDS ***
Rooman7: calls $2
Agrotait: checks
*** FLOP *** [Ac Ah 5d]
Agrotait: checks
Rooman7: bets $3
Agrotait: folds
Uncalled bet ($3) returned to Rooman7
Rooman7 collected $5.88 from pot
Rooman7: doesn't show hand
*** SUMMARY ***
Total pot $6 | Rake $0.12
Board [Ac Ah 5d]
Seat 4: Agrotait (big blind) folded on the Flop
Seat 5: Rooman7 (button) (small blind) collected ($5.88)


PokerStars Hand #159861227682:  Hold'em Limit ($3/$6 USD) - 2016/10/13 1:08:54 ET
Table 'Phereclos' 6-max Seat #4 is the button
Seat 4: Agrotait ($153.20 in chips)
Seat 5: Rooman7 ($68.44 in chips)
Agrotait: posts small blind $1
Rooman7: posts big blind $3
*** HOLE CARDS ***
Agrotait: raises $3 to $6
Rooman7: raises $3 to $9
Agrotait: calls $3
*** FLOP *** [2s Ks 5h]
Rooman7: bets $3
Agrotait: calls $3
*** TURN *** [2s Ks 5h] [Js]
Rooman7: bets $6
Agrotait: calls $6
*** RIVER *** [2s Ks 5h Js] [3h]
Rooman7: bets $6
Agrotait: calls $6
*** SHOW DOWN ***
Rooman7: shows [Qh Qc] (a pair of Queens)
Agrotait: shows [Kc Ts] (a pair of Kings)
Agrotait collected $47.50 from pot
*** SUMMARY ***
Total pot $48 | Rake $0.50
Board [2s Ks 5h Js 3h]
Seat 4: Agrotait (button) (small blind) showed [Kc Ts] and won ($47.50) with a pair of Kings
Seat 5: Rooman7 (big blind) showed [Qh Qc] and lost with a pair of Queens


PokerStars Hand #159861234052:  Hold'em Limit ($3/$6 USD) - 2016/10/13 1:09:20 ET
Table 'Phereclos' 6-max Seat #4 is the button
Seat 4: Agrotait ($177.70 in chips)
Seat 5: Rooman7 ($43.44 in chips)
Agrotait: posts small blind $1
Rooman7: posts big blind $3
*** HOLE CARDS ***
Agrotait: raises $3 to $6
Rooman7: folds
Uncalled bet ($3) returned to Agrotait
Agrotait collected $6 from pot
Agrotait: doesn't show hand
*** SUMMARY ***
Total pot $6 | Rake $0
Seat 4: Agrotait (button) (small blind) collected ($6)
Seat 5: Rooman7 (big blind) folded before Flop


PokerStars Hand #159861232581:  Hold'em Limit ($3/$6 USD) - 2016/10/13 1:09:14 ET
Table 'Phereclos' 6-max Seat #5 is the button
Seat 4: Agrotait ($176.70 in chips)
Seat 5: Rooman7 ($44.44 in chips)
Rooman7: posts small blind $1
Agrotait: posts big blind $3
*** HOLE CARDS ***
Rooman7: folds
Uncalled bet ($2) returned to Agrotait
Agrotait collected $2 from pot
Agrotait: doesn't show hand
*** SUMMARY ***
Total pot $2 | Rake $0
Seat 4: Agrotait (big blind) collected ($2)
Seat 5: Rooman7 (button) (small blind) folded before Flop


PokerStars Hand #159861235883:  Hold'em Limit ($3/$6 USD) - 2016/10/13 1:09:27 ET
Table 'Phereclos' 6-max Seat #5 is the button
Seat 4: Agrotait ($180.70 in chips)
Seat 5: Rooman7 ($40.44 in chips)
Rooman7: posts small blind $1
Agrotait: posts big blind $3
*** HOLE CARDS ***
Rooman7: calls $2
Agrotait: raises $3 to $6
Rooman7: calls $3
*** FLOP *** [2d 4s 2s]
Agrotait: bets $3
Rooman7: calls $3
*** TURN *** [2d 4s 2s] [8h]
Agrotait: bets $6
Rooman7: folds
Uncalled bet ($6) returned to Agrotait
Agrotait collected $17.64 from pot
Agrotait: doesn't show hand
*** SUMMARY ***
Total pot $18 | Rake $0.36
Board [2d 4s 2s 8h]
Seat 4: Agrotait (big blind) collected ($17.64)
Seat 5: Rooman7 (button) (small blind) folded on the Turn


PokerStars Hand #159861248371:  Hold'em Limit ($3/$6 USD) - 2016/10/13 1:10:19 ET
Table 'Phereclos' 6-max Seat #5 is the button
Seat 4: Agrotait ($183.34 in chips)
Seat 5: Rooman7 ($37.20 in chips)
Rooman7: posts small blind $1
Agrotait: posts big blind $3
*** HOLE CARDS ***
Rooman7: folds
Uncalled bet ($2) returned to Agrotait
Agrotait collected $2 from pot
Agrotait: doesn't show hand
*** SUMMARY ***
Total pot $2 | Rake $0
Seat 4: Agrotait (big blind) collected ($2)
Seat 5: Rooman7 (button) (small blind) folded before Flop


PokerStars Hand #159861239780:  Hold'em Limit ($3/$6 USD) - 2016/10/13 1:09:43 ET
Table 'Phereclos' 6-max Seat #4 is the button
Seat 4: Agrotait ($189.34 in chips)
Seat 5: Rooman7 ($31.44 in chips)
Agrotait: posts small blind $1
Rooman7: posts big blind $3
*** HOLE CARDS ***
Agrotait: raises $3 to $6
Rooman7: calls $3
*** FLOP *** [7c Qd 2c]
Rooman7: bets $3
Agrotait: folds
Uncalled bet ($3) returned to Rooman7
Rooman7 collected $11.76 from pot
Rooman7: doesn't show hand
*** SUMMARY ***
Total pot $12 | Rake $0.24
Board [7c Qd 2c]
Seat 4: Agrotait (button) (small blind) folded on the Flop
Seat 5: Rooman7 (big blind) collected ($11.76)


PokerStars Hand #159861254671:  Hold'em Limit ($3/$6 USD) - 2016/10/13 1:10:45 ET
Table 'Phereclos' 6-max Seat #5 is the button
Seat 4: Agrotait ($201.84 in chips)
Seat 5: Rooman7 ($18.20 in chips)
Rooman7: posts small blind $1
Agrotait: posts big blind $3
*** HOLE CARDS ***
Rooman7: raises $3 to $6
Agrotait: calls $3
*** FLOP *** [9d 3c 6d]
Agrotait: checks
Rooman7: bets $3
Agrotait: calls $3
*** TURN *** [9d 3c 6d] [Kh]
Agrotait: checks
Rooman7: checks
*** RIVER *** [9d 3c 6d Kh] [9c]
Agrotait: checks
Rooman7: checks
*** SHOW DOWN ***
Agrotait: shows [Td 4d] (a pair of Nines)
Rooman7: shows [Tc As] (a pair of Nines - Ace kicker)
Rooman7 collected $17.64 from pot
*** SUMMARY ***
Total pot $18 | Rake $0.36
Board [9d 3c 6d Kh 9c]
Seat 4: Agrotait (big blind) showed [Td 4d] and lost with a pair of Nines
Seat 5: Rooman7 (button) (small blind) showed [Tc As] and won ($17.64) with a pair of Nines


PokerStars Hand #159861249787:  Hold'em Limit ($3/$6 USD) - 2016/10/13 1:10:25 ET
Table 'Phereclos' 6-max Seat #4 is the button
Seat 4: Agrotait ($184.34 in chips)
Seat 5: Rooman7 ($36.20 in chips)
Agrotait: posts small blind $1
Rooman7: posts big blind $3
*** HOLE CARDS ***
Agrotait: raises $3 to $6
Rooman7: calls $3
*** FLOP *** [2h 8d 4d]
Rooman7: checks
Agrotait: checks
*** TURN *** [2h 8d 4d] [7s]
Rooman7: bets $6
Agrotait: calls $6
*** RIVER *** [2h 8d 4d 7s] [8h]
Rooman7: bets $6
Agrotait: raises $6 to $12
Rooman7: folds
Uncalled bet ($6) returned to Agrotait
Agrotait collected $35.50 from pot
Agrotait: doesn't show hand
*** SUMMARY ***
Total pot $36 | Rake $0.50
Board [2h 8d 4d 7s 8h]
Seat 4: Agrotait (button) (small blind) collected ($35.50)
Seat 5: Rooman7 (big blind) folded on the River


PokerStars Hand #159861273953:  Hold'em Limit ($3/$6 USD) - 2016/10/13 1:12:05 ET
Table 'Phereclos' 6-max Seat #5 is the button
Seat 4: Agrotait ($213.34 in chips)
Seat 5: Rooman7 ($5.84 in chips)
Rooman7: posts small blind $1
Agrotait: posts big blind $3
*** HOLE CARDS ***
Rooman7: folds
Uncalled bet ($2) returned to Agrotait
Agrotait collected $2 from pot
Agrotait: doesn't show hand
*** SUMMARY ***
Total pot $2 | Rake $0
Seat 4: Agrotait (big blind) collected ($2)
Seat 5: Rooman7 (button) (small blind) folded before Flop


PokerStars Hand #159861264035:  Hold'em Limit ($3/$6 USD) - 2016/10/13 1:11:24 ET
Table 'Phereclos' 6-max Seat #4 is the button
Seat 4: Agrotait ($192.84 in chips)
Seat 5: Rooman7 ($26.84 in chips)
Agrotait: posts small blind $1
Rooman7: posts big blind $3
*** HOLE CARDS ***
Agrotait: raises $3 to $6
Rooman7: calls $3
*** FLOP *** [Ac 3h 6h]
Rooman7: checks
Agrotait: bets $3
Rooman7: calls $3
*** TURN *** [Ac 3h 6h] [2h]
Rooman7: checks
Agrotait: bets $6
Rooman7: calls $6
*** RIVER *** [Ac 3h 6h 2h] [7c]
Rooman7: checks
Agrotait: bets $6
Rooman7: calls $6
*** SHOW DOWN ***
Agrotait: shows [Kd As] (a pair of Aces)
Rooman7: mucks hand
Agrotait collected $41.50 from pot
*** SUMMARY ***
Total pot $42 | Rake $0.50
Board [Ac 3h 6h 2h 7c]
Seat 4: Agrotait (button) (small blind) showed [Kd As] and won ($41.50) with a pair of Aces
Seat 5: Rooman7 (big blind) mucked


PokerStars Hand #159861276016:  Hold'em Limit ($3/$6 USD) - 2016/10/13 1:12:14 ET
Table 'Phereclos' 6-max Seat #4 is the button
Seat 4: Agrotait ($214.34 in chips)
Seat 5: Rooman7 ($4.84 in chips)
Agrotait: posts small blind $1
Rooman7: posts big blind $3
*** HOLE CARDS ***
Agrotait: raises $3 to $6
Rooman7: folds
Uncalled bet ($3) returned to Agrotait
Agrotait collected $6 from pot
Agrotait: doesn't show hand
*** SUMMARY ***
Total pot $6 | Rake $0
Seat 4: Agrotait (button) (small blind) collected ($6)
Seat 5: Rooman7 (big blind) folded before Flop


PokerStars Hand #159861294748:  Hold'em Limit ($3/$6 USD) - 2016/10/13 1:13:32 ET
Table 'Phereclos' 6-max Seat #4 is the button
Seat 4: Agrotait ($226.34 in chips)
Seat 5: Rooman7 ($21 in chips)
Agrotait: posts small blind $1
Rooman7: posts big blind $3
*** HOLE CARDS ***
Agrotait: folds
Uncalled bet ($2) returned to Rooman7
Rooman7 collected $2 from pot
Rooman7: doesn't show hand
*** SUMMARY ***
Total pot $2 | Rake $0
Seat 4: Agrotait (button) (small blind) folded before Flop
Seat 5: Rooman7 (big blind) collected ($2)


PokerStars Hand #159861290866:  Hold'em Limit ($3/$6 USD) - 2016/10/13 1:13:16 ET
Table 'Phereclos' 6-max Seat #4 is the button
Seat 4: Agrotait ($222.34 in chips)
Seat 5: Rooman7 ($25 in chips)
Agrotait: posts small blind $1
Rooman7: posts big blind $3
*** HOLE CARDS ***
Agrotait: raises $3 to $6
Rooman7: folds
Uncalled bet ($3) returned to Agrotait
Agrotait collected $6 from pot
Agrotait: doesn't show hand
*** SUMMARY ***
Total pot $6 | Rake $0
Seat 4: Agrotait (button) (small blind) collected ($6)
Seat 5: Rooman7 (big blind) folded before Flop


PokerStars Hand #159861289473:  Hold'em Limit ($3/$6 USD) - 2016/10/13 1:13:10 ET
Table 'Phereclos' 6-max Seat #5 is the button
Seat 4: Agrotait ($221.34 in chips)
Seat 5: Rooman7 ($26 in chips)
Rooman7: posts small blind $1
Agrotait: posts big blind $3
*** HOLE CARDS ***
Rooman7: folds
Uncalled bet ($2) returned to Agrotait
Agrotait collected $2 from pot
Agrotait: doesn't show hand
*** SUMMARY ***
Total pot $2 | Rake $0
Seat 4: Agrotait (big blind) collected ($2)
Seat 5: Rooman7 (button) (small blind) folded before Flop


PokerStars Hand #159861286215:  Hold'em Limit ($3/$6 USD) - 2016/10/13 1:12:57 ET
Table 'Phereclos' 6-max Seat #4 is the button
Seat 4: Agrotait ($218.34 in chips)
Seat 5: Rooman7 ($29 in chips)
Agrotait: posts small blind $1
Rooman7: posts big blind $3
*** HOLE CARDS ***
Agrotait: raises $3 to $6
Rooman7: folds
Uncalled bet ($3) returned to Agrotait
Agrotait collected $6 from pot
Agrotait: doesn't show hand
*** SUMMARY ***
Total pot $6 | Rake $0
Seat 4: Agrotait (button) (small blind) collected ($6)
Seat 5: Rooman7 (big blind) folded before Flop


PokerStars Hand #159861282726:  Hold'em Limit ($3/$6 USD) - 2016/10/13 1:12:42 ET
Table 'Phereclos' 6-max Seat #5 is the button
Seat 4: Agrotait ($217.34 in chips)
Seat 5: Rooman7 ($30 in chips)
Rooman7: posts small blind $1
Agrotait: posts big blind $3
*** HOLE CARDS ***
Rooman7: folds
Uncalled bet ($2) returned to Agrotait
Agrotait collected $2 from pot
Agrotait: doesn't show hand
*** SUMMARY ***
Total pot $2 | Rake $0
Seat 4: Agrotait (big blind) collected ($2)
Seat 5: Rooman7 (button) (small blind) folded before Flop


PokerStars Hand #159861293037:  Hold'em Limit ($3/$6 USD) - 2016/10/13 1:13:25 ET
Table 'Phereclos' 6-max Seat #5 is the button
Seat 4: Agrotait ($225.34 in chips)
Seat 5: Rooman7 ($22 in chips)
Rooman7: posts small blind $1
Agrotait: posts big blind $3
*** HOLE CARDS ***
Rooman7: folds
Uncalled bet ($2) returned to Agrotait
Agrotait collected $2 from pot
Agrotait: doesn't show hand
*** SUMMARY ***
Total pot $2 | Rake $0
Seat 4: Agrotait (big blind) collected ($2)
Seat 5: Rooman7 (button) (small blind) folded before Flop


PokerStars Hand #159861301642:  Hold'em Limit ($3/$6 USD) - 2016/10/13 1:14:01 ET
Table 'Phereclos' 6-max Seat #4 is the button
Seat 4: Agrotait ($233.98 in chips)
Seat 5: Rooman7 ($13 in chips)
Agrotait: posts small blind $1
Rooman7: posts big blind $3
*** HOLE CARDS ***
Agrotait: folds
Uncalled bet ($2) returned to Rooman7
Rooman7 collected $2 from pot
Rooman7: doesn't show hand
*** SUMMARY ***
Total pot $2 | Rake $0
Seat 4: Agrotait (button) (small blind) folded before Flop
Seat 5: Rooman7 (big blind) collected ($2)


PokerStars Hand #159861296269:  Hold'em Limit ($3/$6 USD) - 2016/10/13 1:13:39 ET
Table 'Phereclos' 6-max Seat #5 is the button
Seat 4: Agrotait ($225.34 in chips)
Seat 5: Rooman7 ($22 in chips)
Rooman7: posts small blind $1
Agrotait: posts big blind $3
*** HOLE CARDS ***
Rooman7: calls $2
Agrotait: raises $3 to $6
Rooman7: calls $3
*** FLOP *** [Ks 3c 2s]
Agrotait: bets $3
Rooman7: calls $3
*** TURN *** [Ks 3c 2s] [Th]
Agrotait: bets $6
Rooman7: folds
Uncalled bet ($6) returned to Agrotait
Agrotait collected $17.64 from pot
Agrotait: doesn't show hand
*** SUMMARY ***
Total pot $18 | Rake $0.36
Board [Ks 3c 2s Th]
Seat 4: Agrotait (big blind) collected ($17.64)
Seat 5: Rooman7 (button) (small blind) folded on the Turn


PokerStars Hand #159861303108:  Hold'em Limit ($3/$6 USD) - 2016/10/13 1:14:07 ET
Table 'Phereclos' 6-max Seat #5 is the button
Seat 4: Agrotait ($232.98 in chips)
Seat 5: Rooman7 ($14 in chips)
Rooman7: posts small blind $1
Agrotait: posts big blind $3
*** HOLE CARDS ***
Rooman7: calls $2
Agrotait: checks
*** FLOP *** [Qd 6d 4h]
Agrotait: bets $3
Rooman7: folds
Uncalled bet ($3) returned to Agrotait
Agrotait collected $5.88 from pot
Agrotait: doesn't show hand
*** SUMMARY ***
Total pot $6 | Rake $0.12
Board [Qd 6d 4h]
Seat 4: Agrotait (big blind) collected ($5.88)
Seat 5: Rooman7 (button) (small blind) folded on the Flop


PokerStars Hand #159861318945:  Hold'em Limit ($3/$6 USD) - 2016/10/13 1:15:14 ET
Table 'Phereclos' 6-max Seat #4 is the button
Seat 4: Agrotait ($225.86 in chips)
Seat 5: Rooman7 ($20.56 in chips)
Agrotait: posts small blind $1
Rooman7: posts big blind $3
*** HOLE CARDS ***
Agrotait: folds
Uncalled bet ($2) returned to Rooman7
Rooman7 collected $2 from pot
Rooman7: doesn't show hand
*** SUMMARY ***
Total pot $2 | Rake $0
Seat 4: Agrotait (button) (small blind) folded before Flop
Seat 5: Rooman7 (big blind) collected ($2)


PokerStars Hand #159861317715:  Hold'em Limit ($3/$6 USD) - 2016/10/13 1:15:08 ET
Table 'Phereclos' 6-max Seat #5 is the button
Seat 4: Agrotait ($224.86 in chips)
Seat 5: Rooman7 ($21.56 in chips)
Rooman7: posts small blind $1
Agrotait: posts big blind $3
*** HOLE CARDS ***
Rooman7: folds
Uncalled bet ($2) returned to Agrotait
Agrotait collected $2 from pot
Agrotait: doesn't show hand
*** SUMMARY ***
Total pot $2 | Rake $0
Seat 4: Agrotait (big blind) collected ($2)
Seat 5: Rooman7 (button) (small blind) folded before Flop


PokerStars Hand #159861309482:  Hold'em Limit ($3/$6 USD) - 2016/10/13 1:14:34 ET
Table 'Phereclos' 6-max Seat #4 is the button
Seat 4: Agrotait ($235.86 in chips)
Seat 5: Rooman7 ($11 in chips)
Agrotait: posts small blind $1
Rooman7: posts big blind $3
*** HOLE CARDS ***
Agrotait: raises $3 to $6
Rooman7: calls $3
*** FLOP *** [9d 8h 5d]
Rooman7: checks
Agrotait: bets $3
Rooman7: raises $2 to $5 and is all-in
Agrotait: calls $2
*** TURN *** [9d 8h 5d] [Qh]
*** RIVER *** [9d 8h 5d Qh] [3s]
*** SHOW DOWN ***
Rooman7: shows [5s Jd] (a pair of Fives)
Agrotait: shows [Ts 6c] (high card Queen)
Rooman7 collected $21.56 from pot
*** SUMMARY ***
Total pot $22 | Rake $0.44
Board [9d 8h 5d Qh 3s]
Seat 4: Agrotait (button) (small blind) showed [Ts 6c] and lost with high card Queen
Seat 5: Rooman7 (big blind) showed [5s Jd] and won ($21.56) with a pair of Fives


PokerStars Hand #159861339203:  Hold'em Limit ($3/$6 USD) - 2016/10/13 1:16:38 ET
Table 'Phereclos' 6-max Seat #5 is the button
Seat 4: Agrotait ($209.18 in chips)
Seat 5: Rooman7 ($36.62 in chips)
Rooman7: posts small blind $1
Agrotait: posts big blind $3
*** HOLE CARDS ***
Rooman7: folds
Uncalled bet ($2) returned to Agrotait
Agrotait collected $2 from pot
Agrotait: doesn't show hand
*** SUMMARY ***
Total pot $2 | Rake $0
Seat 4: Agrotait (big blind) collected ($2)
Seat 5: Rooman7 (button) (small blind) folded before Flop


PokerStars Hand #159861329021:  Hold'em Limit ($3/$6 USD) - 2016/10/13 1:15:55 ET
Table 'Phereclos' 6-max Seat #4 is the button
Seat 4: Agrotait ($227.74 in chips)
Seat 5: Rooman7 ($18.56 in chips)
Agrotait: posts small blind $1
Rooman7: posts big blind $3
*** HOLE CARDS ***
Agrotait: raises $3 to $6
Rooman7: calls $3
*** FLOP *** [6d 2c 9s]
Rooman7: checks
Agrotait: bets $3
Rooman7: calls $3
*** TURN *** [6d 2c 9s] [6c]
Rooman7: checks
Agrotait: bets $6
Rooman7: raises $3.56 to $9.56 and is all-in
Agrotait: calls $3.56
*** RIVER *** [6d 2c 9s 6c] [5h]
*** SHOW DOWN ***
Rooman7: shows [2d As] (two pair, Sixes and Deuces)
Agrotait: shows [Jd Ad] (a pair of Sixes)
Rooman7 collected $36.62 from pot
*** SUMMARY ***
Total pot $37.12 | Rake $0.50
Board [6d 2c 9s 6c 5h]
Seat 4: Agrotait (button) (small blind) showed [Jd Ad] and lost with a pair of Sixes
Seat 5: Rooman7 (big blind) showed [2d As] and won ($36.62) with two pair, Sixes and Deuces


PokerStars Hand #159861347963:  Hold'em Limit ($3/$6 USD) - 2016/10/13 1:17:14 ET
Table 'Phereclos' 6-max Seat #5 is the button
Seat 4: Agrotait ($201.18 in chips)
Seat 5: Rooman7 ($44.26 in chips)
Rooman7: posts small blind $1
Agrotait: posts big blind $3
*** HOLE CARDS ***
Rooman7: calls $2
Agrotait: checks
*** FLOP *** [4s Tc Qc]
Agrotait: bets $3
Rooman7: calls $3
*** TURN *** [4s Tc Qc] [Ac]
Agrotait: checks
Rooman7: checks
*** RIVER *** [4s Tc Qc Ac] [2c]
Agrotait: checks
Rooman7: checks
*** SHOW DOWN ***
Agrotait: shows [4c 8s] (a flush, Ace high)
Rooman7: mucks hand
Agrotait collected $11.76 from pot
*** SUMMARY ***
Total pot $12 | Rake $0.24
Board [4s Tc Qc Ac 2c]
Seat 4: Agrotait (big blind) showed [4c 8s] and won ($11.76) with a flush, Ace high
Seat 5: Rooman7 (button) (small blind) mucked


PokerStars Hand #159861340736:  Hold'em Limit ($3/$6 USD) - 2016/10/13 1:16:44 ET
Table 'Phereclos' 6-max Seat #4 is the button
Seat 4: Agrotait ($210.18 in chips)
Seat 5: Rooman7 ($35.62 in chips)
Agrotait: posts small blind $1
Rooman7: posts big blind $3
*** HOLE CARDS ***
Agrotait: raises $3 to $6
Rooman7: calls $3
*** FLOP *** [7d Tc 4s]
Rooman7: checks
Agrotait: bets $3
Rooman7: calls $3
*** TURN *** [7d Tc 4s] [Qd]
Rooman7: checks
Agrotait: checks
*** RIVER *** [7d Tc 4s Qd] [Jd]
Rooman7: bets $6
Agrotait: folds
Uncalled bet ($6) returned to Rooman7
Rooman7 collected $17.64 from pot
Rooman7: doesn't show hand
*** SUMMARY ***
Total pot $18 | Rake $0.36
Board [7d Tc 4s Qd Jd]
Seat 4: Agrotait (button) (small blind) folded on the River
Seat 5: Rooman7 (big blind) collected ($17.64)


PokerStars Hand #159861358329:  Hold'em Limit ($3/$6 USD) - 2016/10/13 1:17:57 ET
Table 'Phereclos' 6-max Seat #5 is the button
Seat 4: Agrotait ($209.94 in chips)
Seat 5: Rooman7 ($35.26 in chips)
Rooman7: posts small blind $1
Agrotait: posts big blind $3
*** HOLE CARDS ***
Rooman7: calls $2
Agrotait: raises $3 to $6
Rooman7: calls $3
*** FLOP *** [7d 9d 9h]
Agrotait: bets $3
Rooman7: calls $3
*** TURN *** [7d 9d 9h] [6s]
Agrotait: bets $6
Rooman7: calls $6
*** RIVER *** [7d 9d 9h 6s] [2c]
Agrotait: bets $6
Rooman7: folds
Uncalled bet ($6) returned to Agrotait
Agrotait collected $29.50 from pot
Agrotait: doesn't show hand
*** SUMMARY ***
Total pot $30 | Rake $0.50
Board [7d 9d 9h 6s 2c]
Seat 4: Agrotait (big blind) collected ($29.50)
Seat 5: Rooman7 (button) (small blind) folded on the River


PokerStars Hand #159861355503:  Hold'em Limit ($3/$6 USD) - 2016/10/13 1:17:46 ET
Table 'Phereclos' 6-max Seat #4 is the button
Seat 4: Agrotait ($206.94 in chips)
Seat 5: Rooman7 ($38.26 in chips)
Agrotait: posts small blind $1
Rooman7: posts big blind $3
*** HOLE CARDS ***
Agrotait: raises $3 to $6
Rooman7: folds
Uncalled bet ($3) returned to Agrotait
Agrotait collected $6 from pot
Agrotait: doesn't show hand
*** SUMMARY ***
Total pot $6 | Rake $0
Seat 4: Agrotait (button) (small blind) collected ($6)
Seat 5: Rooman7 (big blind) folded before Flop


PokerStars Hand #159861364548:  Hold'em Limit ($3/$6 USD) - 2016/10/13 1:18:23 ET
Table 'Phereclos' 6-max Seat #4 is the button
Seat 4: Agrotait ($224.44 in chips)
Seat 5: Rooman7 ($20.26 in chips)
Agrotait: posts small blind $1
Rooman7: posts big blind $3
*** HOLE CARDS ***
Agrotait: raises $3 to $6
Rooman7: calls $3
*** FLOP *** [4d 5c Th]
Rooman7: checks
Agrotait: bets $3
Rooman7: calls $3
*** TURN *** [4d 5c Th] [Ah]
Rooman7: checks
Agrotait: bets $6
Rooman7: raises $5.26 to $11.26 and is all-in
Agrotait: calls $5.26
*** RIVER *** [4d 5c Th Ah] [Kh]
*** SHOW DOWN ***
Rooman7: shows [Js 4s] (a pair of Fours)
Agrotait: shows [3h Qh] (a flush, Ace high)
Agrotait collected $40.02 from pot
*** SUMMARY ***
Total pot $40.52 | Rake $0.50
Board [4d 5c Th Ah Kh]
Seat 4: Agrotait (button) (small blind) showed [3h Qh] and won ($40.02) with a flush, Ace high
Seat 5: Rooman7 (big blind) showed [Js 4s] and lost with a pair of Fours


PokerStars Hand #159861379257:  Hold'em Limit ($3/$6 USD) - 2016/10/13 1:19:23 ET
Table 'Phereclos' 6-max Seat #5 is the button
Seat 4: Agrotait ($244.20 in chips)
Seat 5: Rooman7 ($116.78 in chips)
Rooman7: posts small blind $1
Agrotait: posts big blind $3
*** HOLE CARDS ***
Rooman7: folds
Uncalled bet ($2) returned to Agrotait
Agrotait collected $2 from pot
Agrotait: doesn't show hand
*** SUMMARY ***
Total pot $2 | Rake $0
Seat 4: Agrotait (big blind) collected ($2)
Seat 5: Rooman7 (button) (small blind) folded before Flop


PokerStars Hand #159861381315:  Hold'em Limit ($3/$6 USD) - 2016/10/13 1:19:32 ET
Table 'Phereclos' 6-max Seat #4 is the button
Seat 4: Agrotait ($245.20 in chips)
Seat 5: Rooman7 ($115.78 in chips)
Agrotait: posts small blind $1
Rooman7: posts big blind $3
*** HOLE CARDS ***
Agrotait: raises $3 to $6
Rooman7: raises $3 to $9
Agrotait: calls $3
*** FLOP *** [3d 2s 6c]
Rooman7: bets $3
Agrotait: raises $3 to $6
Rooman7: calls $3
*** TURN *** [3d 2s 6c] [4h]
Rooman7: checks
Agrotait: bets $6
Rooman7: raises $6 to $12
Agrotait: calls $6
*** RIVER *** [3d 2s 6c 4h] [3h]
Rooman7: bets $6
Agrotait: calls $6
*** SHOW DOWN ***
Rooman7: shows [5h Ac] (a straight, Deuce to Six)
Agrotait: mucks hand
Rooman7 collected $65.50 from pot
*** SUMMARY ***
Total pot $66 | Rake $0.50
Board [3d 2s 6c 4h 3h]
Seat 4: Agrotait (button) (small blind) mucked
Seat 5: Rooman7 (big blind) showed [5h Ac] and won ($65.50) with a straight, Deuce to Six


PokerStars Hand #159861409455:  Hold'em Limit ($3/$6 USD) - 2016/10/13 1:21:29 ET
Table 'Phereclos' 6-max Seat #5 is the button
Seat 4: Agrotait ($202.20 in chips)
Seat 5: Rooman7 ($157.92 in chips)
Rooman7: posts small blind $1
Agrotait: posts big blind $3
*** HOLE CARDS ***
Rooman7: folds
Uncalled bet ($2) returned to Agrotait
Agrotait collected $2 from pot
Agrotait: doesn't show hand
*** SUMMARY ***
Total pot $2 | Rake $0
Seat 4: Agrotait (big blind) collected ($2)
Seat 5: Rooman7 (button) (small blind) folded before Flop


PokerStars Hand #159861407921:  Hold'em Limit ($3/$6 USD) - 2016/10/13 1:21:23 ET
Table 'Phereclos' 6-max Seat #4 is the button
Seat 4: Agrotait ($203.20 in chips)
Seat 5: Rooman7 ($156.92 in chips)
Agrotait: posts small blind $1
Rooman7: posts big blind $3
*** HOLE CARDS ***
Agrotait: folds
Uncalled bet ($2) returned to Rooman7
Rooman7 collected $2 from pot
Rooman7: doesn't show hand
*** SUMMARY ***
Total pot $2 | Rake $0
Seat 4: Agrotait (button) (small blind) folded before Flop
Seat 5: Rooman7 (big blind) collected ($2)


PokerStars Hand #159861398607:  Hold'em Limit ($3/$6 USD) - 2016/10/13 1:20:44 ET
Table 'Phereclos' 6-max Seat #5 is the button
Seat 4: Agrotait ($212.20 in chips)
Seat 5: Rooman7 ($148.28 in chips)
Rooman7: posts small blind $1
Agrotait: posts big blind $3
*** HOLE CARDS ***
Rooman7: calls $2
Agrotait: raises $3 to $6
Rooman7: calls $3
*** FLOP *** [Ts 3d 9c]
Agrotait: bets $3
Rooman7: calls $3
*** TURN *** [Ts 3d 9c] [Ks]
Agrotait: checks
Rooman7: bets $6
Agrotait: folds
Uncalled bet ($6) returned to Rooman7
Rooman7 collected $17.64 from pot
Rooman7: doesn't show hand
*** SUMMARY ***
Total pot $18 | Rake $0.36
Board [Ts 3d 9c Ks]
Seat 4: Agrotait (big blind) folded on the Turn
Seat 5: Rooman7 (button) (small blind) collected ($17.64)


PokerStars Hand #159861410860:  Hold'em Limit ($3/$6 USD) - 2016/10/13 1:21:35 ET
Table 'Phereclos' 6-max Seat #4 is the button
Seat 4: Agrotait ($203.20 in chips)
Seat 5: Rooman7 ($156.92 in chips)
Agrotait: posts small blind $1
Rooman7: posts big blind $3
*** HOLE CARDS ***
Agrotait: raises $3 to $6
Rooman7: calls $3
*** FLOP *** [7d Qh 5d]
Rooman7: checks
Agrotait: bets $3
Rooman7: calls $3
*** TURN *** [7d Qh 5d] [7c]
Rooman7: checks
Agrotait: bets $6
Rooman7: calls $6
*** RIVER *** [7d Qh 5d 7c] [Jd]
Rooman7: bets $6
Agrotait: folds
Uncalled bet ($6) returned to Rooman7
Rooman7 collected $29.50 from pot
Rooman7: doesn't show hand
*** SUMMARY ***
Total pot $30 | Rake $0.50
Board [7d Qh 5d 7c Jd]
Seat 4: Agrotait (button) (small blind) folded on the River
Seat 5: Rooman7 (big blind) collected ($29.50)


PokerStars Hand #159861440498:  Hold'em Limit ($3/$6 USD) - 2016/10/13 1:23:38 ET
Table 'Phereclos' 6-max Seat #4 is the button
Seat 4: Agrotait ($173.08 in chips)
Seat 5: Rooman7 ($185.92 in chips)
Agrotait: posts small blind $1
Rooman7: posts big blind $3
*** HOLE CARDS ***
Agrotait: raises $3 to $6
Rooman7: folds
Uncalled bet ($3) returned to Agrotait
Agrotait collected $6 from pot
Agrotait: doesn't show hand
*** SUMMARY ***
Total pot $6 | Rake $0
Seat 4: Agrotait (button) (small blind) collected ($6)
Seat 5: Rooman7 (big blind) folded before Flop


PokerStars Hand #159861434288:  Hold'em Limit ($3/$6 USD) - 2016/10/13 1:23:12 ET
Table 'Phereclos' 6-max Seat #5 is the button
Seat 4: Agrotait ($194.08 in chips)
Seat 5: Rooman7 ($165.42 in chips)
Rooman7: posts small blind $1
Agrotait: posts big blind $3
*** HOLE CARDS ***
Rooman7: raises $3 to $6
Agrotait: raises $3 to $9
Rooman7: calls $3
*** FLOP *** [9d 3d 2d]
Agrotait: checks
Rooman7: checks
*** TURN *** [9d 3d 2d] [Ts]
Agrotait: bets $6
Rooman7: calls $6
*** RIVER *** [9d 3d 2d Ts] [4h]
Agrotait: bets $6
Rooman7: calls $6
*** SHOW DOWN ***
Agrotait: shows [Kh Ah] (high card Ace)
Rooman7: shows [3h Ad] (a pair of Threes)
Rooman7 collected $41.50 from pot
*** SUMMARY ***
Total pot $42 | Rake $0.50
Board [9d 3d 2d Ts 4h]
Seat 4: Agrotait (big blind) showed [Kh Ah] and lost with high card Ace
Seat 5: Rooman7 (button) (small blind) showed [3h Ad] and won ($41.50) with a pair of Threes


PokerStars Hand #159861431377:  Hold'em Limit ($3/$6 USD) - 2016/10/13 1:23:00 ET
Table 'Phereclos' 6-max Seat #4 is the button
Seat 4: Agrotait ($191.08 in chips)
Seat 5: Rooman7 ($168.42 in chips)
Agrotait: posts small blind $1
Rooman7: posts big blind $3
*** HOLE CARDS ***
Agrotait: raises $3 to $6
Rooman7: folds
Uncalled bet ($3) returned to Agrotait
Agrotait collected $6 from pot
Agrotait: doesn't show hand
*** SUMMARY ***
Total pot $6 | Rake $0
Seat 4: Agrotait (button) (small blind) collected ($6)
Seat 5: Rooman7 (big blind) folded before Flop


PokerStars Hand #159861453054:  Hold'em Limit ($3/$6 USD) - 2016/10/13 1:24:29 ET
Table 'Phereclos' 6-max Seat #4 is the button
Seat 4: Agrotait ($167.08 in chips)
Seat 5: Rooman7 ($191.56 in chips)
Agrotait: posts small blind $1
Rooman7: posts big blind $3
*** HOLE CARDS ***
Agrotait: raises $3 to $6
Rooman7: calls $3
*** FLOP *** [6s 4d 5c]
Rooman7: checks
Agrotait: bets $3
Rooman7: calls $3
*** TURN *** [6s 4d 5c] [8d]
Rooman7: checks
Agrotait: checks
*** RIVER *** [6s 4d 5c 8d] [9h]
Rooman7: bets $6
Agrotait: folds
Uncalled bet ($6) returned to Rooman7
Rooman7 collected $17.64 from pot
Rooman7: doesn't show hand
*** SUMMARY ***
Total pot $18 | Rake $0.36
Board [6s 4d 5c 8d 9h]
Seat 4: Agrotait (button) (small blind) folded on the River
Seat 5: Rooman7 (big blind) collected ($17.64)


PokerStars Hand #159861464219:  Hold'em Limit ($3/$6 USD) - 2016/10/13 1:25:16 ET
Table 'Phereclos' 6-max Seat #5 is the button
Seat 4: Agrotait ($158.08 in chips)
Seat 5: Rooman7 ($200.20 in chips)
Rooman7: posts small blind $1
Agrotait: posts big blind $3
*** HOLE CARDS ***
Rooman7: raises $3 to $6
Agrotait: folds
Uncalled bet ($3) returned to Rooman7
Rooman7 collected $6 from pot
Rooman7: doesn't show hand
*** SUMMARY ***
Total pot $6 | Rake $0
Seat 4: Agrotait (big blind) folded before Flop
Seat 5: Rooman7 (button) (small blind) collected ($6)


PokerStars Hand #159861466141:  Hold'em Limit ($3/$6 USD) - 2016/10/13 1:25:24 ET
Table 'Phereclos' 6-max Seat #4 is the button
Seat 4: Agrotait ($155.08 in chips)
Seat 5: Rooman7 ($203.20 in chips)
Agrotait: posts small blind $1
Rooman7: posts big blind $3
*** HOLE CARDS ***
Agrotait: folds
Uncalled bet ($2) returned to Rooman7
Rooman7 collected $2 from pot
Rooman7: doesn't show hand
*** SUMMARY ***
Total pot $2 | Rake $0
Seat 4: Agrotait (button) (small blind) folded before Flop
Seat 5: Rooman7 (big blind) collected ($2)


PokerStars Hand #159861469631:  Hold'em Limit ($3/$6 USD) - 2016/10/13 1:25:39 ET
Table 'Phereclos' 6-max Seat #5 is the button
Seat 4: Agrotait ($154.08 in chips)
Seat 5: Rooman7 ($204.20 in chips)
Rooman7: posts small blind $1
Agrotait: posts big blind $3
*** HOLE CARDS ***
Rooman7: raises $3 to $6
Agrotait: raises $3 to $9
Rooman7: calls $3
*** FLOP *** [8c Kd 3d]
Agrotait: bets $3
Rooman7: calls $3
*** TURN *** [8c Kd 3d] [7h]
Agrotait: checks
Rooman7: bets $6
Agrotait: calls $6
*** RIVER *** [8c Kd 3d 7h] [6h]
Agrotait: checks
Rooman7: bets $6
Agrotait: calls $6
*** SHOW DOWN ***
Rooman7: shows [9d Qd] (high card King)
Agrotait: shows [6c Ac] (a pair of Sixes)
Agrotait collected $47.50 from pot
*** SUMMARY ***
Total pot $48 | Rake $0.50
Board [8c Kd 3d 7h 6h]
Seat 4: Agrotait (big blind) showed [6c Ac] and won ($47.50) with a pair of Sixes
Seat 5: Rooman7 (button) (small blind) showed [9d Qd] and lost with high card King


PokerStars Hand #159861482558:  Hold'em Limit ($3/$6 USD) - 2016/10/13 1:26:34 ET
Table 'Phereclos' 6-max Seat #4 is the button
Seat 4: Agrotait ($177.58 in chips)
Seat 5: Rooman7 ($180.20 in chips)
Agrotait: posts small blind $1
Rooman7: posts big blind $3
*** HOLE CARDS ***
Agrotait: raises $3 to $6
Rooman7: folds
Uncalled bet ($3) returned to Agrotait
Agrotait collected $6 from pot
Agrotait: doesn't show hand
*** SUMMARY ***
Total pot $6 | Rake $0
Seat 4: Agrotait (button) (small blind) collected ($6)
Seat 5: Rooman7 (big blind) folded before Flop


PokerStars Hand #159861487961:  Hold'em Limit ($3/$6 USD) - 2016/10/13 1:26:56 ET
Table 'Phereclos' 6-max Seat #4 is the button
Seat 4: Agrotait ($183.46 in chips)
Seat 5: Rooman7 ($174.20 in chips)
Agrotait: posts small blind $1
Rooman7: posts big blind $3
*** HOLE CARDS ***
Agrotait: raises $3 to $6
Rooman7: raises $3 to $9
Agrotait: calls $3
*** FLOP *** [9c 7d Qc]
Rooman7: bets $3
Agrotait: folds
Uncalled bet ($3) returned to Rooman7
Rooman7 collected $17.64 from pot
Rooman7: doesn't show hand
*** SUMMARY ***
Total pot $18 | Rake $0.36
Board [9c 7d Qc]
Seat 4: Agrotait (button) (small blind) folded on the Flop
Seat 5: Rooman7 (big blind) collected ($17.64)


PokerStars Hand #159861484034:  Hold'em Limit ($3/$6 USD) - 2016/10/13 1:26:40 ET
Table 'Phereclos' 6-max Seat #5 is the button
Seat 4: Agrotait ($180.58 in chips)
Seat 5: Rooman7 ($177.20 in chips)
Rooman7: posts small blind $1
Agrotait: posts big blind $3
*** HOLE CARDS ***
Rooman7: calls $2
Agrotait: checks
*** FLOP *** [4s 7s Th]
Agrotait: bets $3
Rooman7: folds
Uncalled bet ($3) returned to Agrotait
Agrotait collected $5.88 from pot
Agrotait: doesn't show hand
*** SUMMARY ***
Total pot $6 | Rake $0.12
Board [4s 7s Th]
Seat 4: Agrotait (big blind) collected ($5.88)
Seat 5: Rooman7 (button) (small blind) folded on the Flop


PokerStars Hand #159861494903:  Hold'em Limit ($3/$6 USD) - 2016/10/13 1:27:26 ET
Table 'Phereclos' 6-max Seat #5 is the button
Seat 4: Agrotait ($174.46 in chips)
Seat 5: Rooman7 ($182.84 in chips)
Rooman7: posts small blind $1
Agrotait: posts big blind $3
*** HOLE CARDS ***
Rooman7: folds
Uncalled bet ($2) returned to Agrotait
Agrotait collected $2 from pot
Agrotait: doesn't show hand
*** SUMMARY ***
Total pot $2 | Rake $0
Seat 4: Agrotait (big blind) collected ($2)
Seat 5: Rooman7 (button) (small blind) folded before Flop


PokerStars Hand #159861496259:  Hold'em Limit ($3/$6 USD) - 2016/10/13 1:27:32 ET
Table 'Phereclos' 6-max Seat #4 is the button
Seat 4: Agrotait ($175.46 in chips)
Seat 5: Rooman7 ($181.84 in chips)
Agrotait: posts small blind $1
Rooman7: posts big blind $3
*** HOLE CARDS ***
Agrotait: raises $3 to $6
Rooman7: raises $3 to $9
Agrotait: calls $3
*** FLOP *** [Th Qc 2s]
Rooman7: bets $3
Agrotait: folds
Uncalled bet ($3) returned to Rooman7
Rooman7 collected $17.64 from pot
Rooman7: doesn't show hand
*** SUMMARY ***
Total pot $18 | Rake $0.36
Board [Th Qc 2s]
Seat 4: Agrotait (button) (small blind) folded on the Flop
Seat 5: Rooman7 (big blind) collected ($17.64)


PokerStars Hand #159861512374:  Hold'em Limit ($3/$6 USD) - 2016/10/13 1:28:40 ET
Table 'Phereclos' 6-max Seat #4 is the button
Seat 4: Agrotait ($172.22 in chips)
Seat 5: Rooman7 ($184.48 in chips)
Agrotait: posts small blind $1
Rooman7: posts big blind $3
*** HOLE CARDS ***
Agrotait: raises $3 to $6
Rooman7: calls $3
*** FLOP *** [5d 6h 3c]
Rooman7: checks
Agrotait: bets $3
Rooman7: calls $3
*** TURN *** [5d 6h 3c] [Th]
Rooman7: checks
Agrotait: bets $6
Rooman7: calls $6
*** RIVER *** [5d 6h 3c Th] [2h]
Rooman7: checks
Agrotait: checks
*** SHOW DOWN ***
Rooman7: shows [5c 8h] (a pair of Fives)
Agrotait: mucks hand
Rooman7 collected $29.50 from pot
*** SUMMARY ***
Total pot $30 | Rake $0.50
Board [5d 6h 3c Th 2h]
Seat 4: Agrotait (button) (small blind) mucked
Seat 5: Rooman7 (big blind) showed [5c 8h] and won ($29.50) with a pair of Fives


PokerStars Hand #159861520052:  Hold'em Limit ($3/$6 USD) - 2016/10/13 1:29:13 ET
Table 'Phereclos' 6-max Seat #5 is the button
Seat 4: Agrotait ($157.22 in chips)
Seat 5: Rooman7 ($198.98 in chips)
Rooman7: posts small blind $1
Agrotait: posts big blind $3
*** HOLE CARDS ***
Rooman7: calls $2
Agrotait: checks
*** FLOP *** [Qc Jh 7s]
Agrotait: bets $3
Rooman7: calls $3
*** TURN *** [Qc Jh 7s] [2s]
Agrotait: checks
Rooman7: bets $6
Agrotait: folds
Uncalled bet ($6) returned to Rooman7
Rooman7 collected $11.76 from pot
Rooman7: doesn't show hand
*** SUMMARY ***
Total pot $12 | Rake $0.24
Board [Qc Jh 7s 2s]
Seat 4: Agrotait (big blind) folded on the Turn
Seat 5: Rooman7 (button) (small blind) collected ($11.76)


PokerStars Hand #159861538270:  Hold'em Limit ($3/$6 USD) - 2016/10/13 1:30:31 ET
Table 'Phereclos' 6-max Seat #5 is the button
Seat 4: Agrotait ($178.72 in chips)
Seat 5: Rooman7 ($176.74 in chips)
Rooman7: posts small blind $1
Agrotait: posts big blind $3
*** HOLE CARDS ***
Rooman7: folds
Uncalled bet ($2) returned to Agrotait
Agrotait collected $2 from pot
Agrotait: doesn't show hand
*** SUMMARY ***
Total pot $2 | Rake $0
Seat 4: Agrotait (big blind) collected ($2)
Seat 5: Rooman7 (button) (small blind) folded before Flop


PokerStars Hand #159861536108:  Hold'em Limit ($3/$6 USD) - 2016/10/13 1:30:22 ET
Table 'Phereclos' 6-max Seat #4 is the button
Seat 4: Agrotait ($175.72 in chips)
Seat 5: Rooman7 ($179.74 in chips)
Agrotait: posts small blind $1
Rooman7: posts big blind $3
*** HOLE CARDS ***
Agrotait: raises $3 to $6
Rooman7: folds
Uncalled bet ($3) returned to Agrotait
Agrotait collected $6 from pot
Agrotait: doesn't show hand
*** SUMMARY ***
Total pot $6 | Rake $0
Seat 4: Agrotait (button) (small blind) collected ($6)
Seat 5: Rooman7 (big blind) folded before Flop


PokerStars Hand #159861527196:  Hold'em Limit ($3/$6 USD) - 2016/10/13 1:29:43 ET
Table 'Phereclos' 6-max Seat #4 is the button
Seat 4: Agrotait ($151.22 in chips)
Seat 5: Rooman7 ($204.74 in chips)
Agrotait: posts small blind $1
Rooman7: posts big blind $3
*** HOLE CARDS ***
Agrotait: raises $3 to $6
Rooman7: calls $3
*** FLOP *** [3h 3d 8c]
Rooman7: bets $3
Agrotait: raises $3 to $6
Rooman7: calls $3
*** TURN *** [3h 3d 8c] [5d]
Rooman7: checks
Agrotait: checks
*** RIVER *** [3h 3d 8c 5d] [8d]
Rooman7: bets $6
Agrotait: raises $6 to $12
Rooman7: calls $6
*** SHOW DOWN ***
Agrotait: shows [8s As] (a full house, Eights full of Threes)
Rooman7: mucks hand
Agrotait collected $47.50 from pot
*** SUMMARY ***
Total pot $48 | Rake $0.50
Board [3h 3d 8c 5d 8d]
Seat 4: Agrotait (button) (small blind) showed [8s As] and won ($47.50) with a full house, Eights full of Threes
Seat 5: Rooman7 (big blind) mucked


PokerStars Hand #159861534803:  Hold'em Limit ($3/$6 USD) - 2016/10/13 1:30:16 ET
Table 'Phereclos' 6-max Seat #5 is the button
Seat 4: Agrotait ($174.72 in chips)
Seat 5: Rooman7 ($180.74 in chips)
Rooman7: posts small blind $1
Agrotait: posts big blind $3
*** HOLE CARDS ***
Rooman7: folds
Uncalled bet ($2) returned to Agrotait
Agrotait collected $2 from pot
Agrotait: doesn't show hand
*** SUMMARY ***
Total pot $2 | Rake $0
Seat 4: Agrotait (big blind) collected ($2)
Seat 5: Rooman7 (button) (small blind) folded before Flop


PokerStars Hand #159861550533:  Hold'em Limit ($3/$6 USD) - 2016/10/13 1:31:23 ET
Table 'Phereclos' 6-max Seat #5 is the button
Seat 4: Agrotait ($181.48 in chips)
Seat 5: Rooman7 ($173.62 in chips)
Rooman7: posts small blind $1
Agrotait: posts big blind $3
*** HOLE CARDS ***
Rooman7: raises $3 to $6
Agrotait: calls $3
*** FLOP *** [6s 7d Qc]
Agrotait: checks
Rooman7: checks
*** TURN *** [6s 7d Qc] [Jd]
Agrotait: bets $6
Rooman7: folds
Uncalled bet ($6) returned to Agrotait
Agrotait collected $11.76 from pot
Agrotait: doesn't show hand
*** SUMMARY ***
Total pot $12 | Rake $0.24
Board [6s 7d Qc Jd]
Seat 4: Agrotait (big blind) collected ($11.76)
Seat 5: Rooman7 (button) (small blind) folded on the Turn


PokerStars Hand #159861539652:  Hold'em Limit ($3/$6 USD) - 2016/10/13 1:30:37 ET
Table 'Phereclos' 6-max Seat #4 is the button
Seat 4: Agrotait ($179.72 in chips)
Seat 5: Rooman7 ($175.74 in chips)
Agrotait: posts small blind $1
Rooman7: posts big blind $3
*** HOLE CARDS ***
Agrotait: raises $3 to $6
Rooman7: calls $3
*** FLOP *** [Ts 5d 5s]
Rooman7: checks
Agrotait: bets $3
Rooman7: folds
Uncalled bet ($3) returned to Agrotait
Agrotait collected $11.76 from pot
Agrotait: doesn't show hand
*** SUMMARY ***
Total pot $12 | Rake $0.24
Board [Ts 5d 5s]
Seat 4: Agrotait (button) (small blind) collected ($11.76)
Seat 5: Rooman7 (big blind) folded on the Flop


PokerStars Hand #159861546297:  Hold'em Limit ($3/$6 USD) - 2016/10/13 1:31:05 ET
Table 'Phereclos' 6-max Seat #4 is the button
Seat 4: Agrotait ($182.48 in chips)
Seat 5: Rooman7 ($172.62 in chips)
Agrotait: posts small blind $1
Rooman7: posts big blind $3
*** HOLE CARDS ***
Agrotait: folds
Uncalled bet ($2) returned to Rooman7
Rooman7 collected $2 from pot
Rooman7: doesn't show hand
*** SUMMARY ***
Total pot $2 | Rake $0
Seat 4: Agrotait (button) (small blind) folded before Flop
Seat 5: Rooman7 (big blind) collected ($2)


PokerStars Hand #159861542970:  Hold'em Limit ($3/$6 USD) - 2016/10/13 1:30:51 ET
Table 'Phereclos' 6-max Seat #5 is the button
Seat 4: Agrotait ($185.48 in chips)
Seat 5: Rooman7 ($169.74 in chips)
Rooman7: posts small blind $1
Agrotait: posts big blind $3
*** HOLE CARDS ***
Rooman7: calls $2
Agrotait: checks
*** FLOP *** [6h 9c Th]
Agrotait: checks
Rooman7: bets $3
Agrotait: folds
Uncalled bet ($3) returned to Rooman7
Rooman7 collected $5.88 from pot
Rooman7: doesn't show hand
*** SUMMARY ***
Total pot $6 | Rake $0.12
Board [6h 9c Th]
Seat 4: Agrotait (big blind) folded on the Flop
Seat 5: Rooman7 (button) (small blind) collected ($5.88)


PokerStars Hand #159861565448:  Hold'em Limit ($3/$6 USD) - 2016/10/13 1:32:26 ET
Table 'Phereclos' 6-max Seat #4 is the button
Seat 4: Agrotait ($178.24 in chips)
Seat 5: Rooman7 ($176.14 in chips)
Agrotait: posts small blind $1
Rooman7: posts big blind $3
*** HOLE CARDS ***
Agrotait: raises $3 to $6
Rooman7: folds
Uncalled bet ($3) returned to Agrotait
Agrotait collected $6 from pot
Agrotait: doesn't show hand
*** SUMMARY ***
Total pot $6 | Rake $0
Seat 4: Agrotait (button) (small blind) collected ($6)
Seat 5: Rooman7 (big blind) folded before Flop


PokerStars Hand #159861554309:  Hold'em Limit ($3/$6 USD) - 2016/10/13 1:31:39 ET
Table 'Phereclos' 6-max Seat #4 is the button
Seat 4: Agrotait ($187.24 in chips)
Seat 5: Rooman7 ($167.62 in chips)
Agrotait: posts small blind $1
Rooman7: posts big blind $3
*** HOLE CARDS ***
Agrotait: raises $3 to $6
Rooman7: folds
Uncalled bet ($3) returned to Agrotait
Agrotait collected $6 from pot
Agrotait: doesn't show hand
*** SUMMARY ***
Total pot $6 | Rake $0
Seat 4: Agrotait (button) (small blind) collected ($6)
Seat 5: Rooman7 (big blind) folded before Flop


PokerStars Hand #159861557247:  Hold'em Limit ($3/$6 USD) - 2016/10/13 1:31:51 ET
Table 'Phereclos' 6-max Seat #5 is the button
Seat 4: Agrotait ($190.24 in chips)
Seat 5: Rooman7 ($164.62 in chips)
Rooman7: posts small blind $1
Agrotait: posts big blind $3
*** HOLE CARDS ***
Rooman7: calls $2
Agrotait: checks
*** FLOP *** [2s Jd Kc]
Agrotait: bets $3
Rooman7: calls $3
*** TURN *** [2s Jd Kc] [As]
Agrotait: bets $6
Rooman7: raises $6 to $12
Agrotait: folds
Uncalled bet ($6) returned to Rooman7
Rooman7 collected $23.52 from pot
Rooman7: doesn't show hand
*** SUMMARY ***
Total pot $24 | Rake $0.48
Board [2s Jd Kc As]
Seat 4: Agrotait (big blind) folded on the Turn
Seat 5: Rooman7 (button) (small blind) collected ($23.52)


PokerStars Hand #159861575859:  Hold'em Limit ($3/$6 USD) - 2016/10/13 1:33:09 ET
Table 'Phereclos' 6-max Seat #4 is the button
Seat 4: Agrotait ($160.24 in chips)
Seat 5: Rooman7 ($193.64 in chips)
Agrotait: posts small blind $1
Rooman7: posts big blind $3
*** HOLE CARDS ***
Agrotait: folds
Uncalled bet ($2) returned to Rooman7
Rooman7 collected $2 from pot
Rooman7: doesn't show hand
*** SUMMARY ***
Total pot $2 | Rake $0
Seat 4: Agrotait (button) (small blind) folded before Flop
Seat 5: Rooman7 (big blind) collected ($2)


PokerStars Hand #159861567210:  Hold'em Limit ($3/$6 USD) - 2016/10/13 1:32:33 ET
Table 'Phereclos' 6-max Seat #5 is the button
Seat 4: Agrotait ($181.24 in chips)
Seat 5: Rooman7 ($173.14 in chips)
Rooman7: posts small blind $1
Agrotait: posts big blind $3
*** HOLE CARDS ***
Rooman7: calls $2
Agrotait: raises $3 to $6
Rooman7: calls $3
*** FLOP *** [3d Ad 7s]
Agrotait: bets $3
Rooman7: calls $3
*** TURN *** [3d Ad 7s] [5h]
Agrotait: bets $6
Rooman7: calls $6
*** RIVER *** [3d Ad 7s 5h] [Jc]
Agrotait: bets $6
Rooman7: calls $6
*** SHOW DOWN ***
Agrotait: shows [Qc 6c] (high card Ace)
Rooman7: shows [5c 6h] (a pair of Fives)
Rooman7 collected $41.50 from pot
*** SUMMARY ***
Total pot $42 | Rake $0.50
Board [3d Ad 7s 5h Jc]
Seat 4: Agrotait (big blind) showed [Qc 6c] and lost with high card Ace
Seat 5: Rooman7 (button) (small blind) showed [5c 6h] and won ($41.50) with a pair of Fives


PokerStars Hand #159861577743:  Hold'em Limit ($3/$6 USD) - 2016/10/13 1:33:17 ET
Table 'Phereclos' 6-max Seat #5 is the button
Seat 4: Agrotait ($159.24 in chips)
Seat 5: Rooman7 ($194.64 in chips)
Rooman7: posts small blind $1
Agrotait: posts big blind $3
*** HOLE CARDS ***
Rooman7: calls $2
Agrotait: raises $3 to $6
Rooman7: calls $3
*** FLOP *** [3h 6d Ac]
Agrotait: bets $3
Rooman7: calls $3
*** TURN *** [3h 6d Ac] [Kd]
Agrotait: bets $6
Rooman7: folds
Uncalled bet ($6) returned to Agrotait
Agrotait collected $17.64 from pot
Agrotait: doesn't show hand
*** SUMMARY ***
Total pot $18 | Rake $0.36
Board [3h 6d Ac Kd]
Seat 4: Agrotait (big blind) collected ($17.64)
Seat 5: Rooman7 (button) (small blind) folded on the Turn


PokerStars Hand #159861585710:  Hold'em Limit ($3/$6 USD) - 2016/10/13 1:33:52 ET
Table 'Phereclos' 6-max Seat #5 is the button
Seat 4: Agrotait ($173.64 in chips)
Seat 5: Rooman7 ($179.64 in chips)
Rooman7: posts small blind $1
Agrotait: posts big blind $3
*** HOLE CARDS ***
Rooman7: calls $2
Agrotait: checks
*** FLOP *** [3d 9h 7c]
Agrotait: bets $3
Rooman7: calls $3
*** TURN *** [3d 9h 7c] [Js]
Agrotait: checks
Rooman7: bets $6
Agrotait: raises $6 to $12
Rooman7: calls $6
*** RIVER *** [3d 9h 7c Js] [Th]
Agrotait: checks
Rooman7: bets $6
Agrotait: calls $6
*** SHOW DOWN ***
Rooman7: shows [Kh Jh] (a pair of Jacks)
Agrotait: mucks hand
Rooman7 collected $47.50 from pot
*** SUMMARY ***
Total pot $48 | Rake $0.50
Board [3d 9h 7c Js Th]
Seat 4: Agrotait (big blind) mucked
Seat 5: Rooman7 (button) (small blind) showed [Kh Jh] and won ($47.50) with a pair of Jacks


PokerStars Hand #159861581587:  Hold'em Limit ($3/$6 USD) - 2016/10/13 1:33:34 ET
Table 'Phereclos' 6-max Seat #4 is the button
Seat 4: Agrotait ($167.88 in chips)
Seat 5: Rooman7 ($185.64 in chips)
Agrotait: posts small blind $1
Rooman7: posts big blind $3
*** HOLE CARDS ***
Agrotait: raises $3 to $6
Rooman7: calls $3
*** FLOP *** [5d Tc Ah]
Rooman7: checks
Agrotait: bets $3
Rooman7: folds
Uncalled bet ($3) returned to Agrotait
Agrotait collected $11.76 from pot
Agrotait: doesn't show hand
*** SUMMARY ***
Total pot $12 | Rake $0.24
Board [5d Tc Ah]
Seat 4: Agrotait (button) (small blind) collected ($11.76)
Seat 5: Rooman7 (big blind) folded on the Flop


PokerStars Hand #159861604480:  Hold'em Limit ($3/$6 USD) - 2016/10/13 1:35:11 ET
Table 'Phereclos' 6-max Seat #5 is the button
Seat 4: Agrotait ($128.64 in chips)
Seat 5: Rooman7 ($223.64 in chips)
Rooman7: posts small blind $1
Agrotait: posts big blind $3
*** HOLE CARDS ***
Rooman7: folds
Uncalled bet ($2) returned to Agrotait
Agrotait collected $2 from pot
Agrotait: doesn't show hand
*** SUMMARY ***
Total pot $2 | Rake $0
Seat 4: Agrotait (big blind) collected ($2)
Seat 5: Rooman7 (button) (small blind) folded before Flop


PokerStars Hand #159861593715:  Hold'em Limit ($3/$6 USD) - 2016/10/13 1:34:25 ET
Table 'Phereclos' 6-max Seat #4 is the button
Seat 4: Agrotait ($149.64 in chips)
Seat 5: Rooman7 ($203.14 in chips)
Agrotait: posts small blind $1
Rooman7: posts big blind $3
*** HOLE CARDS ***
Agrotait: raises $3 to $6
Rooman7: calls $3
*** FLOP *** [7s 4c Ac]
Rooman7: checks
Agrotait: bets $3
Rooman7: calls $3
*** TURN *** [7s 4c Ac] [3h]
Rooman7: checks
Agrotait: bets $6
Rooman7: calls $6
*** RIVER *** [7s 4c Ac 3h] [Jh]
Rooman7: checks
Agrotait: bets $6
Rooman7: calls $6
*** SHOW DOWN ***
Agrotait: shows [9h 6h] (high card Ace)
Rooman7: shows [2h 2c] (a pair of Deuces)
Rooman7 collected $41.50 from pot
*** SUMMARY ***
Total pot $42 | Rake $0.50
Board [7s 4c Ac 3h Jh]
Seat 4: Agrotait (button) (small blind) showed [9h 6h] and lost with high card Ace
Seat 5: Rooman7 (big blind) showed [2h 2c] and won ($41.50) with a pair of Deuces


PokerStars Hand #159861609108:  Hold'em Limit ($3/$6 USD) - 2016/10/13 1:35:31 ET
Table 'Phereclos' 6-max Seat #5 is the button
Seat 4: Agrotait ($123.64 in chips)
Seat 5: Rooman7 ($228.40 in chips)
Rooman7: posts small blind $1
Agrotait: posts big blind $3
*** HOLE CARDS ***
Rooman7: folds
Uncalled bet ($2) returned to Agrotait
Agrotait collected $2 from pot
Agrotait: doesn't show hand
*** SUMMARY ***
Total pot $2 | Rake $0
Seat 4: Agrotait (big blind) collected ($2)
Seat 5: Rooman7 (button) (small blind) folded before Flop


PokerStars Hand #159861605822:  Hold'em Limit ($3/$6 USD) - 2016/10/13 1:35:17 ET
Table 'Phereclos' 6-max Seat #4 is the button
Seat 4: Agrotait ($129.64 in chips)
Seat 5: Rooman7 ($222.64 in chips)
Agrotait: posts small blind $1
Rooman7: posts big blind $3
*** HOLE CARDS ***
Agrotait: raises $3 to $6
Rooman7: calls $3
*** FLOP *** [4d 2c 5s]
Rooman7: checks
Agrotait: checks
*** TURN *** [4d 2c 5s] [4c]
Rooman7: bets $6
Agrotait: folds
Uncalled bet ($6) returned to Rooman7
Rooman7 collected $11.76 from pot
Rooman7: doesn't show hand
*** SUMMARY ***
Total pot $12 | Rake $0.24
Board [4d 2c 5s 4c]
Seat 4: Agrotait (button) (small blind) folded on the Turn
Seat 5: Rooman7 (big blind) collected ($11.76)


PokerStars Hand #159861610526:  Hold'em Limit ($3/$6 USD) - 2016/10/13 1:35:37 ET
Table 'Phereclos' 6-max Seat #4 is the button
Seat 4: Agrotait ($124.64 in chips)
Seat 5: Rooman7 ($227.40 in chips)
Agrotait: posts small blind $1
Rooman7: posts big blind $3
*** HOLE CARDS ***
Agrotait: raises $3 to $6
Rooman7: folds
Uncalled bet ($3) returned to Agrotait
Agrotait collected $6 from pot
Agrotait: doesn't show hand
*** SUMMARY ***
Total pot $6 | Rake $0
Seat 4: Agrotait (button) (small blind) collected ($6)
Seat 5: Rooman7 (big blind) folded before Flop


PokerStars Hand #159861619495:  Hold'em Limit ($3/$6 USD) - 2016/10/13 1:36:15 ET
Table 'Phereclos' 6-max Seat #4 is the button
Seat 4: Agrotait ($115.64 in chips)
Seat 5: Rooman7 ($235.92 in chips)
Agrotait: posts small blind $1
Rooman7: posts big blind $3
*** HOLE CARDS ***
Agrotait: raises $3 to $6
Rooman7: calls $3
*** FLOP *** [Qc 8h Ac]
Rooman7: checks
Agrotait: bets $3
Rooman7: folds
Uncalled bet ($3) returned to Agrotait
Agrotait collected $11.76 from pot
Agrotait: doesn't show hand
*** SUMMARY ***
Total pot $12 | Rake $0.24
Board [Qc 8h Ac]
Seat 4: Agrotait (button) (small blind) collected ($11.76)
Seat 5: Rooman7 (big blind) folded on the Flop


PokerStars Hand #159861622610:  Hold'em Limit ($3/$6 USD) - 2016/10/13 1:36:28 ET
Table 'Phereclos' 6-max Seat #5 is the button
Seat 4: Agrotait ($121.40 in chips)
Seat 5: Rooman7 ($229.92 in chips)
Rooman7: posts small blind $1
Agrotait: posts big blind $3
*** HOLE CARDS ***
Rooman7: calls $2
Agrotait: raises $3 to $6
Rooman7: calls $3
*** FLOP *** [5h Jc 8s]
Agrotait: bets $3
Rooman7: calls $3
*** TURN *** [5h Jc 8s] [9c]
Agrotait: checks
Rooman7: checks
*** RIVER *** [5h Jc 8s 9c] [6h]
Agrotait: checks
Rooman7: bets $6
Agrotait: calls $6
*** SHOW DOWN ***
Rooman7: shows [8d Ac] (a pair of Eights)
Agrotait: mucks hand
Rooman7 collected $29.50 from pot
*** SUMMARY ***
Total pot $30 | Rake $0.50
Board [5h Jc 8s 9c 6h]
Seat 4: Agrotait (big blind) mucked
Seat 5: Rooman7 (button) (small blind) showed [8d Ac] and won ($29.50) with a pair of Eights


PokerStars Hand #159861612190:  Hold'em Limit ($3/$6 USD) - 2016/10/13 1:35:44 ET
Table 'Phereclos' 6-max Seat #5 is the button
Seat 4: Agrotait ($127.64 in chips)
Seat 5: Rooman7 ($224.40 in chips)
Rooman7: posts small blind $1
Agrotait: posts big blind $3
*** HOLE CARDS ***
Rooman7: calls $2
Agrotait: checks
*** FLOP *** [Kd 5h 3s]
Agrotait: bets $3
Rooman7: calls $3
*** TURN *** [Kd 5h 3s] [8s]
Agrotait: bets $6
Rooman7: calls $6
*** RIVER *** [Kd 5h 3s 8s] [2s]
Agrotait: checks
Rooman7: bets $6
Agrotait: folds
Uncalled bet ($6) returned to Rooman7
Rooman7 collected $23.52 from pot
Rooman7: doesn't show hand
*** SUMMARY ***
Total pot $24 | Rake $0.48
Board [Kd 5h 3s 8s 2s]
Seat 4: Agrotait (big blind) folded on the River
Seat 5: Rooman7 (button) (small blind) collected ($23.52)


PokerStars Hand #159861633510:  Hold'em Limit ($3/$6 USD) - 2016/10/13 1:37:14 ET
Table 'Phereclos' 6-max Seat #5 is the button
Seat 4: Agrotait ($85.40 in chips)
Seat 5: Rooman7 ($264.92 in chips)
Rooman7: posts small blind $1
Agrotait: posts big blind $3
*** HOLE CARDS ***
Rooman7: folds
Uncalled bet ($2) returned to Agrotait
Agrotait collected $2 from pot
Agrotait: doesn't show hand
*** SUMMARY ***
Total pot $2 | Rake $0
Seat 4: Agrotait (big blind) collected ($2)
Seat 5: Rooman7 (button) (small blind) folded before Flop


PokerStars Hand #159861626847:  Hold'em Limit ($3/$6 USD) - 2016/10/13 1:36:46 ET
Table 'Phereclos' 6-max Seat #4 is the button
Seat 4: Agrotait ($106.40 in chips)
Seat 5: Rooman7 ($244.42 in chips)
Agrotait: posts small blind $1
Rooman7: posts big blind $3
*** HOLE CARDS ***
Agrotait: raises $3 to $6
Rooman7: calls $3
*** FLOP *** [Qh 5d 9d]
Rooman7: checks
Agrotait: bets $3
Rooman7: calls $3
*** TURN *** [Qh 5d 9d] [Kd]
Rooman7: checks
Agrotait: bets $6
Rooman7: calls $6
*** RIVER *** [Qh 5d 9d Kd] [8s]
Rooman7: checks
Agrotait: bets $6
Rooman7: calls $6
*** SHOW DOWN ***
Agrotait: shows [Jd Ks] (a pair of Kings)
Rooman7: shows [9c Qc] (two pair, Queens and Nines)
Rooman7 collected $41.50 from pot
*** SUMMARY ***
Total pot $42 | Rake $0.50
Board [Qh 5d 9d Kd 8s]
Seat 4: Agrotait (button) (small blind) showed [Jd Ks] and lost with a pair of Kings
Seat 5: Rooman7 (big blind) showed [9c Qc] and won ($41.50) with two pair, Queens and Nines


PokerStars Hand #159861634770:  Hold'em Limit ($3/$6 USD) - 2016/10/13 1:37:19 ET
Table 'Phereclos' 6-max Seat #4 is the button
Seat 4: Agrotait ($86.40 in chips)
Seat 5: Rooman7 ($263.92 in chips)
Agrotait: posts small blind $1
Rooman7: posts big blind $3
*** HOLE CARDS ***
Agrotait: raises $3 to $6
Rooman7: calls $3
*** FLOP *** [3c 6s 9h]
Rooman7: checks
Agrotait: bets $3
Rooman7: calls $3
*** TURN *** [3c 6s 9h] [Tc]
Rooman7: checks
Agrotait: bets $6
Rooman7: calls $6
*** RIVER *** [3c 6s 9h Tc] [2h]
Rooman7: checks
Agrotait: checks
*** SHOW DOWN ***
Rooman7: shows [9c Qh] (a pair of Nines)
Agrotait: mucks hand
Rooman7 collected $29.50 from pot
*** SUMMARY ***
Total pot $30 | Rake $0.50
Board [3c 6s 9h Tc 2h]
Seat 4: Agrotait (button) (small blind) mucked
Seat 5: Rooman7 (big blind) showed [9c Qh] and won ($29.50) with a pair of Nines


PokerStars Hand #159861638600:  Hold'em Limit ($3/$6 USD) - 2016/10/13 1:37:35 ET
Table 'Phereclos' 6-max Seat #5 is the button
Seat 4: Agrotait ($71.40 in chips)
Seat 5: Rooman7 ($278.42 in chips)
Rooman7: posts small blind $1
Agrotait: posts big blind $3
*** HOLE CARDS ***
Rooman7: folds
Uncalled bet ($2) returned to Agrotait
Agrotait collected $2 from pot
Agrotait: doesn't show hand
*** SUMMARY ***
Total pot $2 | Rake $0
Seat 4: Agrotait (big blind) collected ($2)
Seat 5: Rooman7 (button) (small blind) folded before Flop


PokerStars Hand #159861644929:  Hold'em Limit ($3/$6 USD) - 2016/10/13 1:38:02 ET
Table 'Phereclos' 6-max Seat #4 is the button
Seat 4: Agrotait ($82.04 in chips)
Seat 5: Rooman7 ($267.42 in chips)
Agrotait: posts small blind $1
Rooman7: posts big blind $3
*** HOLE CARDS ***
Agrotait: raises $3 to $6
Rooman7: calls $3
*** FLOP *** [3c 9h Ks]
Rooman7: checks
Agrotait: bets $3
Rooman7: folds
Uncalled bet ($3) returned to Agrotait
Agrotait collected $11.76 from pot
Agrotait: doesn't show hand
*** SUMMARY ***
Total pot $12 | Rake $0.24
Board [3c 9h Ks]
Seat 4: Agrotait (button) (small blind) collected ($11.76)
Seat 5: Rooman7 (big blind) folded on the Flop


PokerStars Hand #159861643640:  Hold'em Limit ($3/$6 USD) - 2016/10/13 1:37:56 ET
Table 'Phereclos' 6-max Seat #5 is the button
Seat 4: Agrotait ($81.04 in chips)
Seat 5: Rooman7 ($268.42 in chips)
Rooman7: posts small blind $1
Agrotait: posts big blind $3
*** HOLE CARDS ***
Rooman7: folds
Uncalled bet ($2) returned to Agrotait
Agrotait collected $2 from pot
Agrotait: doesn't show hand
*** SUMMARY ***
Total pot $2 | Rake $0
Seat 4: Agrotait (big blind) collected ($2)
Seat 5: Rooman7 (button) (small blind) folded before Flop


PokerStars Hand #159861656428:  Hold'em Limit ($3/$6 USD) - 2016/10/13 1:38:50 ET
Table 'Phereclos' 6-max Seat #4 is the button
Seat 4: Agrotait ($96.44 in chips)
Seat 5: Rooman7 ($252.42 in chips)
Agrotait: posts small blind $1
Rooman7: posts big blind $3
*** HOLE CARDS ***
Agrotait: raises $3 to $6
Rooman7: calls $3
*** FLOP *** [Jh 3d 5c]
Rooman7: checks
Agrotait: bets $3
Rooman7: calls $3
*** TURN *** [Jh 3d 5c] [Ah]
Rooman7: checks
Agrotait: bets $6
Rooman7: calls $6
*** RIVER *** [Jh 3d 5c Ah] [Kh]
Rooman7: checks
Agrotait: bets $6
Rooman7: folds
Uncalled bet ($6) returned to Agrotait
Agrotait collected $29.50 from pot
Agrotait: doesn't show hand
*** SUMMARY ***
Total pot $30 | Rake $0.50
Board [Jh 3d 5c Ah Kh]
Seat 4: Agrotait (button) (small blind) collected ($29.50)
Seat 5: Rooman7 (big blind) folded on the River


PokerStars Hand #159861661575:  Hold'em Limit ($3/$6 USD) - 2016/10/13 1:39:12 ET
Table 'Phereclos' 6-max Seat #5 is the button
Seat 4: Agrotait ($110.94 in chips)
Seat 5: Rooman7 ($237.42 in chips)
Rooman7: posts small blind $1
Agrotait: posts big blind $3
*** HOLE CARDS ***
Rooman7: calls $2
Agrotait: checks
*** FLOP *** [8s 3c Tc]
Agrotait: bets $3
Rooman7: folds
Uncalled bet ($3) returned to Agrotait
Agrotait collected $5.88 from pot
Agrotait: doesn't show hand
*** SUMMARY ***
Total pot $6 | Rake $0.12
Board [8s 3c Tc]
Seat 4: Agrotait (big blind) collected ($5.88)
Seat 5: Rooman7 (button) (small blind) folded on the Flop


PokerStars Hand #159861650754:  Hold'em Limit ($3/$6 USD) - 2016/10/13 1:38:26 ET
Table 'Phereclos' 6-max Seat #5 is the button
Seat 4: Agrotait ($87.80 in chips)
Seat 5: Rooman7 ($261.42 in chips)
Rooman7: posts small blind $1
Agrotait: posts big blind $3
*** HOLE CARDS ***
Rooman7: calls $2
Agrotait: checks
*** FLOP *** [Kc 3d Tc]
Agrotait: checks
Rooman7: checks
*** TURN *** [Kc 3d Tc] [6d]
Agrotait: bets $6
Rooman7: calls $6
*** RIVER *** [Kc 3d Tc 6d] [8s]
Agrotait: checks
Rooman7: checks
*** SHOW DOWN ***
Agrotait: shows [6s Jd] (a pair of Sixes)
Rooman7: mucks hand
Agrotait collected $17.64 from pot
*** SUMMARY ***
Total pot $18 | Rake $0.36
Board [Kc 3d Tc 6d 8s]
Seat 4: Agrotait (big blind) showed [6s Jd] and won ($17.64) with a pair of Sixes
Seat 5: Rooman7 (button) (small blind) mucked


PokerStars Hand #159861678123:  Hold'em Limit ($3/$6 USD) - 2016/10/13 1:40:22 ET
Table 'Phereclos' 6-max Seat #4 is the button
Seat 4: Agrotait ($107.32 in chips)
Seat 5: Rooman7 ($239.92 in chips)
Agrotait: posts small blind $1
Rooman7: posts big blind $3
*** HOLE CARDS ***
Agrotait: folds
Uncalled bet ($2) returned to Rooman7
Rooman7 collected $2 from pot
Rooman7: doesn't show hand
*** SUMMARY ***
Total pot $2 | Rake $0
Seat 4: Agrotait (button) (small blind) folded before Flop
Seat 5: Rooman7 (big blind) collected ($2)


PokerStars Hand #159861670844:  Hold'em Limit ($3/$6 USD) - 2016/10/13 1:39:51 ET
Table 'Phereclos' 6-max Seat #5 is the button
Seat 4: Agrotait ($134.32 in chips)
Seat 5: Rooman7 ($213.42 in chips)
Rooman7: posts small blind $1
Agrotait: posts big blind $3
*** HOLE CARDS ***
Rooman7: calls $2
Agrotait: raises $3 to $6
Rooman7: calls $3
*** FLOP *** [7s Qh Td]
Agrotait: bets $3
Rooman7: calls $3
*** TURN *** [7s Qh Td] [6h]
Agrotait: bets $6
Rooman7: raises $6 to $12
Agrotait: calls $6
*** RIVER *** [7s Qh Td 6h] [Jd]
Agrotait: checks
Rooman7: bets $6
Agrotait: calls $6
*** SHOW DOWN ***
Rooman7: shows [7h Qc] (two pair, Queens and Sevens)
Agrotait: mucks hand
Rooman7 collected $53.50 from pot
*** SUMMARY ***
Total pot $54 | Rake $0.50
Board [7s Qh Td 6h Jd]
Seat 4: Agrotait (big blind) mucked
Seat 5: Rooman7 (button) (small blind) showed [7h Qc] and won ($53.50) with two pair, Queens and Sevens


PokerStars Hand #159861666351:  Hold'em Limit ($3/$6 USD) - 2016/10/13 1:39:32 ET
Table 'Phereclos' 6-max Seat #4 is the button
Seat 4: Agrotait ($113.82 in chips)
Seat 5: Rooman7 ($234.42 in chips)
Agrotait: posts small blind $1
Rooman7: posts big blind $3
*** HOLE CARDS ***
Agrotait: raises $3 to $6
Rooman7: raises $3 to $9
Agrotait: calls $3
*** FLOP *** [8d 6s 7h]
Rooman7: bets $3
Agrotait: raises $3 to $6
Rooman7: calls $3
*** TURN *** [8d 6s 7h] [9s]
Rooman7: checks
Agrotait: checks
*** RIVER *** [8d 6s 7h 9s] [8s]
Rooman7: checks
Agrotait: bets $6
Rooman7: calls $6
*** SHOW DOWN ***
Agrotait: shows [Jh 9h] (two pair, Nines and Eights)
Rooman7: mucks hand
Agrotait collected $41.50 from pot
*** SUMMARY ***
Total pot $42 | Rake $0.50
Board [8d 6s 7h 9s 8s]
Seat 4: Agrotait (button) (small blind) showed [Jh 9h] and won ($41.50) with two pair, Nines and Eights
Seat 5: Rooman7 (big blind) mucked


PokerStars Hand #159861686494:  Hold'em Limit ($3/$6 USD) - 2016/10/13 1:40:57 ET
Table 'Phereclos' 6-max Seat #5 is the button
Seat 4: Agrotait ($99.32 in chips)
Seat 5: Rooman7 ($247.68 in chips)
Rooman7: posts small blind $1
Agrotait: posts big blind $3
*** HOLE CARDS ***
Rooman7: calls $2
Agrotait: raises $3 to $6
Rooman7: calls $3
*** FLOP *** [Ac Ah 2s]
Agrotait: bets $3
Rooman7: folds
Uncalled bet ($3) returned to Agrotait
Agrotait collected $11.76 from pot
Agrotait: doesn't show hand
*** SUMMARY ***
Total pot $12 | Rake $0.24
Board [Ac Ah 2s]
Seat 4: Agrotait (big blind) collected ($11.76)
Seat 5: Rooman7 (button) (small blind) folded on the Flop


PokerStars Hand #159861685142:  Hold'em Limit ($3/$6 USD) - 2016/10/13 1:40:52 ET
Table 'Phereclos' 6-max Seat #4 is the button
Seat 4: Agrotait ($100.32 in chips)
Seat 5: Rooman7 ($246.68 in chips)
Agrotait: posts small blind $1
Rooman7: posts big blind $3
*** HOLE CARDS ***
Agrotait: folds
Uncalled bet ($2) returned to Rooman7
Rooman7 collected $2 from pot
Rooman7: doesn't show hand
*** SUMMARY ***
Total pot $2 | Rake $0
Seat 4: Agrotait (button) (small blind) folded before Flop
Seat 5: Rooman7 (big blind) collected ($2)


PokerStars Hand #159861679378:  Hold'em Limit ($3/$6 USD) - 2016/10/13 1:40:27 ET
Table 'Phereclos' 6-max Seat #5 is the button
Seat 4: Agrotait ($106.32 in chips)
Seat 5: Rooman7 ($240.92 in chips)
Rooman7: posts small blind $1
Agrotait: posts big blind $3
*** HOLE CARDS ***
Rooman7: calls $2
Agrotait: checks
*** FLOP *** [4h 4s Qs]
Agrotait: bets $3
Rooman7: calls $3
*** TURN *** [4h 4s Qs] [Tc]
Agrotait: checks
Rooman7: bets $6
Agrotait: folds
Uncalled bet ($6) returned to Rooman7
Rooman7 collected $11.76 from pot
Rooman7: doesn't show hand
*** SUMMARY ***
Total pot $12 | Rake $0.24
Board [4h 4s Qs Tc]
Seat 4: Agrotait (big blind) folded on the Turn
Seat 5: Rooman7 (button) (small blind) collected ($11.76)


PokerStars Hand #159861699979:  Hold'em Limit ($3/$6 USD) - 2016/10/13 1:41:54 ET
Table 'Phereclos' 6-max Seat #5 is the button
Seat 4: Agrotait ($81.08 in chips)
Seat 5: Rooman7 ($265.18 in chips)
Rooman7: posts small blind $1
Agrotait: posts big blind $3
*** HOLE CARDS ***
Rooman7: calls $2
Agrotait: checks
*** FLOP *** [3h 8h 4d]
Agrotait: bets $3
Rooman7: calls $3
*** TURN *** [3h 8h 4d] [As]
Agrotait: bets $6
Rooman7: folds
Uncalled bet ($6) returned to Agrotait
Agrotait collected $11.76 from pot
Agrotait: doesn't show hand
*** SUMMARY ***
Total pot $12 | Rake $0.24
Board [3h 8h 4d As]
Seat 4: Agrotait (big blind) collected ($11.76)
Seat 5: Rooman7 (button) (small blind) folded on the Turn


PokerStars Hand #159861696173:  Hold'em Limit ($3/$6 USD) - 2016/10/13 1:41:38 ET
Table 'Phereclos' 6-max Seat #4 is the button
Seat 4: Agrotait ($105.08 in chips)
Seat 5: Rooman7 ($241.68 in chips)
Agrotait: posts small blind $1
Rooman7: posts big blind $3
*** HOLE CARDS ***
Agrotait: raises $3 to $6
Rooman7: raises $3 to $9
Agrotait: calls $3
*** FLOP *** [Jh 7d Ad]
Rooman7: bets $3
Agrotait: calls $3
*** TURN *** [Jh 7d Ad] [2d]
Rooman7: bets $6
Agrotait: calls $6
*** RIVER *** [Jh 7d Ad 2d] [Ac]
Rooman7: bets $6
Agrotait: calls $6
*** SHOW DOWN ***
Rooman7: shows [Qh Ah] (three of a kind, Aces)
Agrotait: mucks hand
Rooman7 collected $47.50 from pot
*** SUMMARY ***
Total pot $48 | Rake $0.50
Board [Jh 7d Ad 2d Ac]
Seat 4: Agrotait (button) (small blind) mucked
Seat 5: Rooman7 (big blind) showed [Qh Ah] and won ($47.50) with three of a kind, Aces


PokerStars Hand #159861710432:  Hold'em Limit ($3/$6 USD) - 2016/10/13 1:42:39 ET
Table 'Phereclos' 6-max Seat #4 is the button
Seat 4: Agrotait ($86.84 in chips)
Seat 5: Rooman7 ($259.18 in chips)
Agrotait: posts small blind $1
Rooman7: posts big blind $3
*** HOLE CARDS ***
Agrotait: raises $3 to $6
Rooman7: calls $3
*** FLOP *** [5s 9c 8d]
Rooman7: checks
Agrotait: bets $3
Rooman7: calls $3
*** TURN *** [5s 9c 8d] [7d]
Rooman7: checks
Agrotait: bets $6
Rooman7: calls $6
*** RIVER *** [5s 9c 8d 7d] [4c]
Rooman7: checks
Agrotait: bets $6
Rooman7: calls $6
*** SHOW DOWN ***
Agrotait: shows [6h 9h] (a straight, Five to Nine)
Rooman7: mucks hand
Agrotait collected $41.50 from pot
*** SUMMARY ***
Total pot $42 | Rake $0.50
Board [5s 9c 8d 7d 4c]
Seat 4: Agrotait (button) (small blind) showed [6h 9h] and won ($41.50) with a straight, Five to Nine
Seat 5: Rooman7 (big blind) mucked


PokerStars Hand #159861728533:  Hold'em Limit ($3/$6 USD) - 2016/10/13 1:43:56 ET
Table 'Phereclos' 6-max Seat #4 is the button
Seat 4: Agrotait ($124.84 in chips)
Seat 5: Rooman7 ($220.18 in chips)
Agrotait: posts small blind $1
Rooman7: posts big blind $3
*** HOLE CARDS ***
Agrotait: folds
Uncalled bet ($2) returned to Rooman7
Rooman7 collected $2 from pot
Rooman7: doesn't show hand
*** SUMMARY ***
Total pot $2 | Rake $0
Seat 4: Agrotait (button) (small blind) folded before Flop
Seat 5: Rooman7 (big blind) collected ($2)


PokerStars Hand #159861716227:  Hold'em Limit ($3/$6 USD) - 2016/10/13 1:43:03 ET
Table 'Phereclos' 6-max Seat #5 is the button
Seat 4: Agrotait ($107.34 in chips)
Seat 5: Rooman7 ($238.18 in chips)
Rooman7: posts small blind $1
Agrotait: posts big blind $3
yayaya joins the table at seat #2
*** HOLE CARDS ***
Rooman7: calls $2
Agrotait: checks
*** FLOP *** [Qs Jh 2c]
Agrotait: bets $3
Rooman7: calls $3
*** TURN *** [Qs Jh 2c] [Kc]
Agrotait: bets $6
Rooman7: calls $6
*** RIVER *** [Qs Jh 2c Kc] [8d]
Agrotait: bets $6
Rooman7: calls $6
*** SHOW DOWN ***
Agrotait: shows [9d Tc] (a straight, Nine to King)
Rooman7: mucks hand
Agrotait collected $35.50 from pot
*** SUMMARY ***
Total pot $36 | Rake $0.50
Board [Qs Jh 2c Kc 8d]
Seat 4: Agrotait (big blind) showed [9d Tc] and won ($35.50) with a straight, Nine to King
Seat 5: Rooman7 (button) (small blind) mucked


PokerStars Hand #159862213737:  Hold'em Limit ($3/$6 USD) - 2016/10/13 2:17:33 ET
Table 'Phereclos' 6-max Seat #3 is the button
Seat 2: yayaya ($136.92 in chips)
Seat 3: habari786 ($33.77 in chips)
habari786: posts small blind $1
yayaya: posts big blind $3
*** HOLE CARDS ***
habari786: raises $3 to $6
yayaya: calls $3
*** FLOP *** [5c Qh 3d]
yayaya: checks
habari786: bets $3
yayaya: calls $3
*** TURN *** [5c Qh 3d] [2h]
yayaya: checks
habari786: bets $6
yayaya: folds
Uncalled bet ($6) returned to habari786
habari786 collected $17.64 from pot
habari786: doesn't show hand
*** SUMMARY ***
Total pot $18 | Rake $0.36
Board [5c Qh 3d 2h]
Seat 2: yayaya (big blind) folded on the Turn
Seat 3: habari786 (button) (small blind) collected ($17.64)


PokerStars Hand #159862212563:  Hold'em Limit ($3/$6 USD) - 2016/10/13 2:17:28 ET
Table 'Phereclos' 6-max Seat #2 is the button
Seat 2: yayaya ($137.92 in chips)
Seat 3: habari786 ($32.77 in chips)
yayaya: posts small blind $1
habari786: posts big blind $3
*** HOLE CARDS ***
yayaya: folds
Uncalled bet ($2) returned to habari786
habari786 collected $2 from pot
habari786: doesn't show hand
*** SUMMARY ***
Total pot $2 | Rake $0
Seat 2: yayaya (button) (small blind) folded before Flop
Seat 3: habari786 (big blind) collected ($2)


PokerStars Hand #159862211211:  Hold'em Limit ($3/$6 USD) - 2016/10/13 2:17:23 ET
Table 'Phereclos' 6-max Seat #3 is the button
Seat 2: yayaya ($136.92 in chips)
Seat 3: habari786 ($33.77 in chips)
habari786: posts small blind $1
Thrash370: is sitting out
yayaya: posts big blind $3
*** HOLE CARDS ***
habari786: folds
Uncalled bet ($2) returned to yayaya
Thrash370 leaves the table
yayaya collected $2 from pot
*** SUMMARY ***
Total pot $2 | Rake $0
Seat 2: yayaya (big blind) collected ($2)
Seat 3: habari786 (button) (small blind) folded before Flop


PokerStars Hand #159862223548:  Hold'em Limit ($3/$6 USD) - 2016/10/13 2:18:13 ET
Table 'Phereclos' 6-max Seat #3 is the button
Seat 2: yayaya ($160.42 in chips)
Seat 3: habari786 ($9.41 in chips)
habari786: posts small blind $1
yayaya: posts big blind $3
*** HOLE CARDS ***
habari786: raises $3 to $6
yayaya: raises $3 to $9
habari786: raises $0.41 to $9.41 and is all-in
Betting is capped
yayaya: calls $0.41
*** FLOP *** [Kc 7s Ah]
*** TURN *** [Kc 7s Ah] [2h]
*** RIVER *** [Kc 7s Ah 2h] [Jd]
*** SHOW DOWN ***
yayaya: shows [Jc 9c] (a pair of Jacks)
habari786: shows [9h Ad] (a pair of Aces)
habari786 collected $18.44 from pot
*** SUMMARY ***
Total pot $18.82 | Rake $0.38
Board [Kc 7s Ah 2h Jd]
Seat 2: yayaya (big blind) showed [Jc 9c] and lost with a pair of Jacks
Seat 3: habari786 (button) (small blind) showed [9h Ad] and won ($18.44) with a pair of Aces


PokerStars Hand #159862230227:  Hold'em Limit ($3/$6 USD) - 2016/10/13 2:18:40 ET
Table 'Phereclos' 6-max Seat #3 is the button
Seat 2: yayaya ($154.01 in chips)
Seat 3: habari786 ($15.44 in chips)
habari786: posts small blind $1
yayaya: posts big blind $3
*** HOLE CARDS ***
habari786: folds
Uncalled bet ($2) returned to yayaya
yayaya collected $2 from pot
yayaya: doesn't show hand
*** SUMMARY ***
Total pot $2 | Rake $0
Seat 2: yayaya (big blind) collected ($2)
Seat 3: habari786 (button) (small blind) folded before Flop


PokerStars Hand #159862226952:  Hold'em Limit ($3/$6 USD) - 2016/10/13 2:18:27 ET
Table 'Phereclos' 6-max Seat #2 is the button
Seat 2: yayaya ($151.01 in chips)
Seat 3: habari786 ($18.44 in chips)
yayaya: posts small blind $1
habari786: posts big blind $3
*** HOLE CARDS ***
yayaya: raises $3 to $6
habari786: folds
Uncalled bet ($3) returned to yayaya
yayaya collected $6 from pot
*** SUMMARY ***
Total pot $6 | Rake $0
Seat 2: yayaya (button) (small blind) collected ($6)
Seat 3: habari786 (big blind) folded before Flop


PokerStars Hand #159862216584:  Hold'em Limit ($3/$6 USD) - 2016/10/13 2:17:45 ET
Table 'Phereclos' 6-max Seat #2 is the button
Seat 2: yayaya ($127.92 in chips)
Seat 3: habari786 ($42.41 in chips)
yayaya: posts small blind $1
habari786: posts big blind $3
*** HOLE CARDS ***
yayaya: raises $3 to $6
habari786: calls $3
*** FLOP *** [3h 3s 8d]
habari786: checks
yayaya: bets $3
habari786: calls $3
*** TURN *** [3h 3s 8d] [Ts]
habari786: checks
yayaya: bets $6
habari786: calls $6
*** RIVER *** [3h 3s 8d Ts] [2d]
habari786: checks
yayaya: bets $6
habari786: raises $6 to $12
yayaya: raises $6 to $18
habari786: calls $6
*** SHOW DOWN ***
yayaya: shows [3c Ac] (three of a kind, Threes)
habari786: mucks hand
yayaya collected $65.50 from pot
*** SUMMARY ***
Total pot $66 | Rake $0.50
Board [3h 3s 8d Ts 2d]
Seat 2: yayaya (button) (small blind) showed [3c Ac] and won ($65.50) with three of a kind, Threes
Seat 3: habari786 (big blind) mucked


PokerStars Hand #159862238091:  Hold'em Limit ($3/$6 USD) - 2016/10/13 2:19:12 ET
Table 'Phereclos' 6-max Seat #3 is the button
Seat 2: yayaya ($154.01 in chips)
Seat 3: habari786 ($15.44 in chips)
habari786: posts small blind $1
yayaya: posts big blind $3
*** HOLE CARDS ***
habari786: raises $3 to $6
yayaya: calls $3
*** FLOP *** [5h 7h Qs]
yayaya: checks
habari786: bets $3
yayaya: folds
Uncalled bet ($3) returned to habari786
habari786 collected $11.76 from pot
habari786: doesn't show hand
*** SUMMARY ***
Total pot $12 | Rake $0.24
Board [5h 7h Qs]
Seat 2: yayaya (big blind) folded on the Flop
Seat 3: habari786 (button) (small blind) collected ($11.76)


PokerStars Hand #159862232628:  Hold'em Limit ($3/$6 USD) - 2016/10/13 2:18:50 ET
Table 'Phereclos' 6-max Seat #3 is the button
Seat 2: yayaya ($154.01 in chips)
Seat 3: habari786 ($15.44 in chips)
habari786: posts small blind $1
yayaya: posts big blind $3
*** HOLE CARDS ***
habari786: folds
Uncalled bet ($2) returned to yayaya
yayaya collected $2 from pot
*** SUMMARY ***
Total pot $2 | Rake $0
Seat 2: yayaya (big blind) collected ($2)
Seat 3: habari786 (button) (small blind) folded before Flop


PokerStars Hand #159862231575:  Hold'em Limit ($3/$6 USD) - 2016/10/13 2:18:45 ET
Table 'Phereclos' 6-max Seat #2 is the button
Seat 2: yayaya ($155.01 in chips)
Seat 3: habari786 ($14.44 in chips)
yayaya: posts small blind $1
habari786: posts big blind $3
*** HOLE CARDS ***
yayaya: folds
Uncalled bet ($2) returned to habari786
habari786 collected $2 from pot
habari786: doesn't show hand
*** SUMMARY ***
Total pot $2 | Rake $0
Seat 2: yayaya (button) (small blind) folded before Flop
Seat 3: habari786 (big blind) collected ($2)


PokerStars Hand #159862236535:  Hold'em Limit ($3/$6 USD) - 2016/10/13 2:19:06 ET
Table 'Phereclos' 6-max Seat #2 is the button
Seat 2: yayaya ($151.01 in chips)
Seat 3: habari786 ($18.44 in chips)
yayaya: posts small blind $1
habari786: posts big blind $3
*** HOLE CARDS ***
yayaya: raises $3 to $6
habari786: folds
Uncalled bet ($3) returned to yayaya
yayaya collected $6 from pot
*** SUMMARY ***
Total pot $6 | Rake $0
Seat 2: yayaya (button) (small blind) collected ($6)
Seat 3: habari786 (big blind) folded before Flop


PokerStars Hand #159862235093:  Hold'em Limit ($3/$6 USD) - 2016/10/13 2:19:00 ET
Table 'Phereclos' 6-max Seat #3 is the button
Seat 2: yayaya ($154.01 in chips)
Seat 3: habari786 ($15.44 in chips)
habari786: posts small blind $1
yayaya: posts big blind $3
*** HOLE CARDS ***
habari786: raises $3 to $6
yayaya: folds
Uncalled bet ($3) returned to habari786
habari786 collected $6 from pot
habari786: doesn't show hand
*** SUMMARY ***
Total pot $6 | Rake $0
Seat 2: yayaya (big blind) folded before Flop
Seat 3: habari786 (button) (small blind) collected ($6)


PokerStars Hand #159862233899:  Hold'em Limit ($3/$6 USD) - 2016/10/13 2:18:55 ET
Table 'Phereclos' 6-max Seat #2 is the button
Seat 2: yayaya ($155.01 in chips)
Seat 3: habari786 ($14.44 in chips)
yayaya: posts small blind $1
habari786: posts big blind $3
*** HOLE CARDS ***
yayaya: folds
Uncalled bet ($2) returned to habari786
habari786 collected $2 from pot
habari786: doesn't show hand
*** SUMMARY ***
Total pot $2 | Rake $0
Seat 2: yayaya (button) (small blind) folded before Flop
Seat 3: habari786 (big blind) collected ($2)


PokerStars Hand #159862255464:  Hold'em Limit ($3/$6 USD) - 2016/10/13 2:20:22 ET
Table 'Phereclos' 6-max Seat #3 is the button
Seat 2: yayaya ($117.31 in chips)
Seat 3: habari786 ($50.40 in chips)
habari786: posts small blind $1
yayaya: posts big blind $3
*** HOLE CARDS ***
habari786: folds
Uncalled bet ($2) returned to yayaya
yayaya collected $2 from pot
*** SUMMARY ***
Total pot $2 | Rake $0
Seat 2: yayaya (big blind) collected ($2)
Seat 3: habari786 (button) (small blind) folded before Flop


PokerStars Hand #159862251114:  Hold'em Limit ($3/$6 USD) - 2016/10/13 2:20:05 ET
Table 'Phereclos' 6-max Seat #2 is the button
Seat 2: yayaya ($102.81 in chips)
Seat 3: habari786 ($65.40 in chips)
yayaya: posts small blind $1
habari786: posts big blind $3
*** HOLE CARDS ***
yayaya: raises $3 to $6
habari786: raises $3 to $9
yayaya: calls $3
*** FLOP *** [4d Qh Ah]
habari786: bets $3
yayaya: raises $3 to $6
habari786: calls $3
*** TURN *** [4d Qh Ah] [Kc]
habari786: checks
yayaya: bets $6
habari786: folds
Uncalled bet ($6) returned to yayaya
yayaya collected $29.50 from pot
*** SUMMARY ***
Total pot $30 | Rake $0.50
Board [4d Qh Ah Kc]
Seat 2: yayaya (button) (small blind) collected ($29.50)
Seat 3: habari786 (big blind) folded on the Turn


PokerStars Hand #159862257690:  Hold'em Limit ($3/$6 USD) - 2016/10/13 2:20:31 ET
Table 'Phereclos' 6-max Seat #2 is the button
Seat 2: yayaya ($118.31 in chips)
Seat 3: habari786 ($49.40 in chips)
yayaya: posts small blind $1
habari786: posts big blind $3
*** HOLE CARDS ***
yayaya: raises $3 to $6
habari786: folds
Uncalled bet ($3) returned to yayaya
yayaya collected $6 from pot
*** SUMMARY ***
Total pot $6 | Rake $0
Seat 2: yayaya (button) (small blind) collected ($6)
Seat 3: habari786 (big blind) folded before Flop


PokerStars Hand #159862245935:  Hold'em Limit ($3/$6 USD) - 2016/10/13 2:19:44 ET
Table 'Phereclos' 6-max Seat #3 is the button
Seat 2: yayaya ($126.81 in chips)
Seat 3: habari786 ($41.90 in chips)
habari786: posts small blind $1
yayaya: posts big blind $3
*** HOLE CARDS ***
habari786: raises $3 to $6
yayaya: calls $3
*** FLOP *** [4s 5h Qd]
yayaya: checks
habari786: bets $3
yayaya: raises $3 to $6
habari786: calls $3
*** TURN *** [4s 5h Qd] [3d]
yayaya: bets $6
habari786: raises $6 to $12
yayaya: calls $6
*** RIVER *** [4s 5h Qd 3d] [2s]
yayaya: checks
habari786: checks
*** SHOW DOWN ***
yayaya: shows [5c 7c] (a pair of Fives)
habari786: shows [Qc Js] (a pair of Queens)
habari786 collected $47.50 from pot
*** SUMMARY ***
Total pot $48 | Rake $0.50
Board [4s 5h Qd 3d 2s]
Seat 2: yayaya (big blind) showed [5c 7c] and lost with a pair of Fives
Seat 3: habari786 (button) (small blind) showed [Qc Js] and won ($47.50) with a pair of Queens


PokerStars Hand #159862263204:  Hold'em Limit ($3/$6 USD) - 2016/10/13 2:20:54 ET
Table 'Phereclos' 6-max Seat #3 is the button
Seat 2: yayaya ($125.31 in chips)
Seat 3: habari786 ($42.40 in chips)
habari786: posts small blind $1
yayaya: posts big blind $3
*** HOLE CARDS ***
habari786: raises $3 to $6
yayaya: calls $3
*** FLOP *** [Ah 8c Qs]
yayaya: checks
habari786: bets $3
yayaya: folds
Uncalled bet ($3) returned to habari786
habari786 collected $11.76 from pot
habari786: doesn't show hand
*** SUMMARY ***
Total pot $12 | Rake $0.24
Board [Ah 8c Qs]
Seat 2: yayaya (big blind) folded on the Flop
Seat 3: habari786 (button) (small blind) collected ($11.76)


PokerStars Hand #159862271915:  Hold'em Limit ($3/$6 USD) - 2016/10/13 2:21:30 ET
Table 'Phereclos' 6-max Seat #3 is the button
Seat 2: yayaya ($139.81 in chips)
Seat 3: habari786 ($27.16 in chips)
habari786: posts small blind $1
yayaya: posts big blind $3
*** HOLE CARDS ***
habari786: folds
Uncalled bet ($2) returned to yayaya
yayaya collected $2 from pot
*** SUMMARY ***
Total pot $2 | Rake $0
Seat 2: yayaya (big blind) collected ($2)
Seat 3: habari786 (button) (small blind) folded before Flop


PokerStars Hand #159862270876:  Hold'em Limit ($3/$6 USD) - 2016/10/13 2:21:25 ET
Table 'Phereclos' 6-max Seat #2 is the button
Seat 2: yayaya ($140.81 in chips)
Seat 3: habari786 ($26.16 in chips)
yayaya: posts small blind $1
habari786: posts big blind $3
*** HOLE CARDS ***
yayaya: folds
Uncalled bet ($2) returned to habari786
habari786 collected $2 from pot
habari786: doesn't show hand
*** SUMMARY ***
Total pot $2 | Rake $0
Seat 2: yayaya (button) (small blind) folded before Flop
Seat 3: habari786 (big blind) collected ($2)


PokerStars Hand #159862261814:  Hold'em Limit ($3/$6 USD) - 2016/10/13 2:20:48 ET
Table 'Phereclos' 6-max Seat #2 is the button
Seat 2: yayaya ($122.31 in chips)
Seat 3: habari786 ($45.40 in chips)
yayaya: posts small blind $1
habari786: posts big blind $3
*** HOLE CARDS ***
yayaya: raises $3 to $6
habari786: folds
Uncalled bet ($3) returned to yayaya
yayaya collected $6 from pot
yayaya: doesn't show hand
*** SUMMARY ***
Total pot $6 | Rake $0
Seat 2: yayaya (button) (small blind) collected ($6)
Seat 3: habari786 (big blind) folded before Flop


PokerStars Hand #159862260305:  Hold'em Limit ($3/$6 USD) - 2016/10/13 2:20:42 ET
Table 'Phereclos' 6-max Seat #3 is the button
Seat 2: yayaya ($121.31 in chips)
Seat 3: habari786 ($46.40 in chips)
habari786: posts small blind $1
yayaya: posts big blind $3
*** HOLE CARDS ***
habari786: folds
Uncalled bet ($2) returned to yayaya
yayaya collected $2 from pot
yayaya: doesn't show hand
*** SUMMARY ***
Total pot $2 | Rake $0
Seat 2: yayaya (big blind) collected ($2)
Seat 3: habari786 (button) (small blind) folded before Flop


PokerStars Hand #159862269576:  Hold'em Limit ($3/$6 USD) - 2016/10/13 2:21:20 ET
Table 'Phereclos' 6-max Seat #3 is the button
Seat 2: yayaya ($139.81 in chips)
Seat 3: habari786 ($27.16 in chips)
habari786: posts small blind $1
yayaya: posts big blind $3
*** HOLE CARDS ***
habari786: folds
Uncalled bet ($2) returned to yayaya
yayaya collected $2 from pot
yayaya: doesn't show hand
*** SUMMARY ***
Total pot $2 | Rake $0
Seat 2: yayaya (big blind) collected ($2)
Seat 3: habari786 (button) (small blind) folded before Flop


PokerStars Hand #159862265422:  Hold'em Limit ($3/$6 USD) - 2016/10/13 2:21:03 ET
Table 'Phereclos' 6-max Seat #2 is the button
Seat 2: yayaya ($119.31 in chips)
Seat 3: habari786 ($48.16 in chips)
yayaya: posts small blind $1
habari786: posts big blind $3
*** HOLE CARDS ***
yayaya: raises $3 to $6
habari786: raises $3 to $9
yayaya: calls $3
*** FLOP *** [6h Kd Jd]
habari786: bets $3
yayaya: raises $3 to $6
habari786: calls $3
*** TURN *** [6h Kd Jd] [Ac]
habari786: checks
yayaya: checks
*** RIVER *** [6h Kd Jd Ac] [7h]
habari786: bets $6
yayaya: calls $6
*** SHOW DOWN ***
habari786: shows [9s Qd] (high card Ace)
yayaya: shows [Jc Qh] (a pair of Jacks)
yayaya collected $41.50 from pot
*** SUMMARY ***
Total pot $42 | Rake $0.50
Board [6h Kd Jd Ac 7h]
Seat 2: yayaya (button) (small blind) showed [Jc Qh] and won ($41.50) with a pair of Jacks
Seat 3: habari786 (big blind) showed [9s Qd] and lost with high card Ace


PokerStars Hand #159862274181:  Hold'em Limit ($3/$6 USD) - 2016/10/13 2:21:40 ET
Table 'Phereclos' 6-max Seat #3 is the button
Seat 2: yayaya ($139.81 in chips)
Seat 3: habari786 ($27.16 in chips)
habari786: posts small blind $1
yayaya: posts big blind $3
*** HOLE CARDS ***
habari786: raises $3 to $6
yayaya: folds
Uncalled bet ($3) returned to habari786
habari786 collected $6 from pot
habari786: doesn't show hand
*** SUMMARY ***
Total pot $6 | Rake $0
Seat 2: yayaya (big blind) folded before Flop
Seat 3: habari786 (button) (small blind) collected ($6)


PokerStars Hand #159862273142:  Hold'em Limit ($3/$6 USD) - 2016/10/13 2:21:35 ET
Table 'Phereclos' 6-max Seat #2 is the button
Seat 2: yayaya ($140.81 in chips)
Seat 3: habari786 ($26.16 in chips)
yayaya: posts small blind $1
habari786: posts big blind $3
*** HOLE CARDS ***
yayaya: folds
Uncalled bet ($2) returned to habari786
habari786 collected $2 from pot
habari786: doesn't show hand
*** SUMMARY ***
Total pot $2 | Rake $0
Seat 2: yayaya (button) (small blind) folded before Flop
Seat 3: habari786 (big blind) collected ($2)


PokerStars Hand #159862275467:  Hold'em Limit ($3/$6 USD) - 2016/10/13 2:21:45 ET
Table 'Phereclos' 6-max Seat #2 is the button
Seat 2: yayaya ($136.81 in chips)
Seat 3: habari786 ($30.16 in chips)
yayaya: posts small blind $1
habari786: posts big blind $3
*** HOLE CARDS ***
yayaya: raises $3 to $6
habari786: raises $3 to $9
yayaya: calls $3
*** FLOP *** [7c 6c Kd]
habari786: bets $3
yayaya: raises $3 to $6
habari786: calls $3
*** TURN *** [7c 6c Kd] [9s]
habari786: checks
yayaya: bets $6
habari786: calls $6
*** RIVER *** [7c 6c Kd 9s] [Qs]
habari786: bets $6
yayaya: raises $6 to $12
habari786: calls $3.16 and is all-in
Uncalled bet ($2.84) returned to yayaya
*** SHOW DOWN ***
yayaya: shows [9h 7h] (two pair, Nines and Sevens)
habari786: shows [Jc Qd] (a pair of Queens)
yayaya collected $59.82 from pot
*** SUMMARY ***
Total pot $60.32 | Rake $0.50
Board [7c 6c Kd 9s Qs]
Seat 2: yayaya (button) (small blind) showed [9h 7h] and won ($59.82) with two pair, Nines and Sevens
Seat 3: habari786 (big blind) showed [Jc Qd] and lost with a pair of Queens


