PokerStars Hand #145458189874:  Hold'em Limit ($3/$6 USD) - 2015/12/16 18:35:18 ET
Table 'Phereclos II' 6-max Seat #2 is the button
Seat 2: vestimokrec ($188.83 in chips)
Seat 6: stronghawk ($90 in chips)
vestimokrec: posts small blind $1
AzureCaper: is sitting out
craaa: is sitting out
stronghawk: posts big blind $3
*** HOLE CARDS ***
SpeedKing78 joins the table at seat #3
vestimokrec: folds
Uncalled bet ($2) returned to stronghawk
stronghawk collected $2 from pot
stronghawk: doesn't show hand
*** SUMMARY ***
Total pot $2 | Rake $0
Seat 2: vestimokrec (button) (small blind) folded before Flop
Seat 6: stronghawk (big blind) collected ($2)


PokerStars Hand #145458201951:  Hold'em Limit ($3/$6 USD) - 2015/12/16 18:35:35 ET
Table 'Phereclos II' 6-max Seat #6 is the button
Seat 3: SpeedKing78 ($120 in chips)
Seat 6: stronghawk ($91 in chips)
stronghawk: posts small blind $1
SpeedKing78: posts big blind $3
*** HOLE CARDS ***
stronghawk: raises $3 to $6
SpeedKing78: folds
Uncalled bet ($3) returned to stronghawk
stronghawk collected $6 from pot
stronghawk: doesn't show hand
AzureCaper leaves the table
*** SUMMARY ***
Total pot $6 | Rake $0
Seat 3: SpeedKing78 (big blind) folded before Flop
Seat 6: stronghawk (button) (small blind) collected ($6)


PokerStars Hand #145458210476:  Hold'em Limit ($3/$6 USD) - 2015/12/16 18:35:47 ET
Table 'Phereclos II' 6-max Seat #3 is the button
Seat 3: SpeedKing78 ($117 in chips)
Seat 6: stronghawk ($94 in chips)
SpeedKing78: posts small blind $1
stronghawk: posts big blind $3
*** HOLE CARDS ***
SpeedKing78: raises $3 to $6
stronghawk: raises $3 to $9
SpeedKing78: calls $3
*** FLOP *** [2h Qs Ac]
stronghawk: bets $3
SpeedKing78: calls $3
*** TURN *** [2h Qs Ac] [4h]
stronghawk: bets $6
SpeedKing78: calls $6
*** RIVER *** [2h Qs Ac 4h] [8s]
stronghawk: bets $6
SpeedKing78: calls $6
*** SHOW DOWN ***
stronghawk: shows [Ks Qc] (a pair of Queens)
SpeedKing78: shows [As 3c] (a pair of Aces)
SpeedKing78 collected $47.50 from pot
*** SUMMARY ***
Total pot $48 | Rake $0.50
Board [2h Qs Ac 4h 8s]
Seat 3: SpeedKing78 (button) (small blind) showed [As 3c] and won ($47.50) with a pair of Aces
Seat 6: stronghawk (big blind) showed [Ks Qc] and lost with a pair of Queens


PokerStars Hand #145458228931:  Hold'em Limit ($3/$6 USD) - 2015/12/16 18:36:12 ET
Table 'Phereclos II' 6-max Seat #6 is the button
Seat 3: SpeedKing78 ($140.50 in chips)
Seat 6: stronghawk ($90 in chips)
stronghawk: posts small blind $1
SpeedKing78: posts big blind $3
*** HOLE CARDS ***
stronghawk: raises $3 to $6
SpeedKing78: calls $3
*** FLOP *** [8d 5c 6s]
SpeedKing78: bets $3
stronghawk: calls $3
*** TURN *** [8d 5c 6s] [2c]
SpeedKing78: bets $6
stronghawk: calls $6
*** RIVER *** [8d 5c 6s 2c] [Jh]
SpeedKing78: bets $6
stronghawk: calls $6
*** SHOW DOWN ***
SpeedKing78: shows [As 5h] (a pair of Fives)
stronghawk: mucks hand
SpeedKing78 collected $41.50 from pot
*** SUMMARY ***
Total pot $42 | Rake $0.50
Board [8d 5c 6s 2c Jh]
Seat 3: SpeedKing78 (big blind) showed [As 5h] and won ($41.50) with a pair of Fives
Seat 6: stronghawk (button) (small blind) mucked


PokerStars Hand #145458244285:  Hold'em Limit ($3/$6 USD) - 2015/12/16 18:36:34 ET
Table 'Phereclos II' 6-max Seat #3 is the button
Seat 3: SpeedKing78 ($161 in chips)
Seat 6: stronghawk ($90 in chips)
SpeedKing78: posts small blind $1
stronghawk: posts big blind $3
*** HOLE CARDS ***
SpeedKing78: raises $3 to $6
stronghawk: folds
Uncalled bet ($3) returned to SpeedKing78
SpeedKing78 collected $6 from pot
*** SUMMARY ***
Total pot $6 | Rake $0
Seat 3: SpeedKing78 (button) (small blind) collected ($6)
Seat 6: stronghawk (big blind) folded before Flop


PokerStars Hand #145458248822:  Hold'em Limit ($3/$6 USD) - 2015/12/16 18:36:40 ET
Table 'Phereclos II' 6-max Seat #6 is the button
Seat 3: SpeedKing78 ($164 in chips)
Seat 6: stronghawk ($90 in chips)
stronghawk: posts small blind $1
SpeedKing78: posts big blind $3
*** HOLE CARDS ***
stronghawk: raises $3 to $6
SpeedKing78: calls $3
*** FLOP *** [8c 9s 6h]
SpeedKing78: checks
stronghawk: bets $3
SpeedKing78: folds
Uncalled bet ($3) returned to stronghawk
SpeedKing78 leaves the table
stronghawk collected $11.76 from pot
stronghawk: doesn't show hand
*** SUMMARY ***
Total pot $12 | Rake $0.24
Board [8c 9s 6h]
Seat 3: SpeedKing78 (big blind) folded on the Flop
Seat 6: stronghawk (button) (small blind) collected ($11.76)


