PokerStars Hand #146339963387:  Hold'em Limit ($3/$6 USD) - 2016/01/02 13:20:56 ET
Table 'Pherkard' 6-max Seat #3 is the button
Seat 3: Puzanchik 11 ($30.14 in chips)
Seat 4: Karpik09 ($133 in chips)
Puzanchik 11: posts small blind $1
Karpik09: posts big blind $3
*** HOLE CARDS ***
Puzanchik 11: raises $3 to $6
Karpik09: folds
Uncalled bet ($3) returned to Puzanchik 11
Puzanchik 11 collected $6 from pot
*** SUMMARY ***
Total pot $6 | Rake $0
Seat 3: Puzanchik 11 (button) (small blind) collected ($6)
Seat 4: Karpik09 (big blind) folded before Flop


PokerStars Hand #146339953200:  Hold'em Limit ($3/$6 USD) - 2016/01/02 13:20:46 ET
Table 'Pherkard' 6-max Seat #4 is the button
Seat 3: Puzanchik 11 ($33.14 in chips)
Seat 4: Karpik09 ($130 in chips)
Karpik09: posts small blind $1
Puzanchik 11: posts big blind $3
*** HOLE CARDS ***
Karpik09: raises $3 to $6
Puzanchik 11 said, "clown"
Puzanchik 11: folds
Uncalled bet ($3) returned to Karpik09
Karpik09 collected $6 from pot
Karpik09: doesn't show hand
*** SUMMARY ***
Total pot $6 | Rake $0
Seat 3: Puzanchik 11 (big blind) folded before Flop
Seat 4: Karpik09 (button) (small blind) collected ($6)


PokerStars Hand #146340009880:  Hold'em Limit ($3/$6 USD) - 2016/01/02 13:21:42 ET
Table 'Pherkard' 6-max Seat #4 is the button
Seat 3: Puzanchik 11 ($41.66 in chips)
Seat 4: Karpik09 ($121 in chips)
Karpik09: posts small blind $1
Puzanchik 11: posts big blind $3
*** HOLE CARDS ***
Karpik09: raises $3 to $6
Puzanchik 11: raises $3 to $9
Karpik09: calls $3
*** FLOP *** [Ts 3c 5h]
Puzanchik 11: checks
Karpik09: bets $3
Puzanchik 11: calls $3
*** TURN *** [Ts 3c 5h] [7c]
Puzanchik 11: checks
Karpik09: bets $6
Puzanchik 11: calls $6
*** RIVER *** [Ts 3c 5h 7c] [Js]
Puzanchik 11: checks
Karpik09: bets $6
Puzanchik 11: calls $6
*** SHOW DOWN ***
Karpik09: shows [5c 6d] (a pair of Fives)
Puzanchik 11: mucks hand
Karpik09 collected $47.50 from pot
*** SUMMARY ***
Total pot $48 | Rake $0.50
Board [Ts 3c 5h 7c Js]
Seat 3: Puzanchik 11 (big blind) mucked
Seat 4: Karpik09 (button) (small blind) showed [5c 6d] and won ($47.50) with a pair of Fives


PokerStars Hand #146339984052:  Hold'em Limit ($3/$6 USD) - 2016/01/02 13:21:17 ET
Table 'Pherkard' 6-max Seat #3 is the button
Seat 3: Puzanchik 11 ($30.14 in chips)
Seat 4: Karpik09 ($133 in chips)
Puzanchik 11: posts small blind $1
Karpik09: posts big blind $3
*** HOLE CARDS ***
Puzanchik 11: raises $3 to $6
Karpik09: raises $3 to $9
Puzanchik 11: raises $3 to $12
Betting is capped
Karpik09: calls $3
*** FLOP *** [4h 8s Ac]
Karpik09: checks
Puzanchik 11: bets $3
Karpik09: folds
Uncalled bet ($3) returned to Puzanchik 11
Puzanchik 11 collected $23.52 from pot
*** SUMMARY ***
Total pot $24 | Rake $0.48
Board [4h 8s Ac]
Seat 3: Puzanchik 11 (button) (small blind) collected ($23.52)
Seat 4: Karpik09 (big blind) folded on the Flop


PokerStars Hand #146339977542:  Hold'em Limit ($3/$6 USD) - 2016/01/02 13:21:10 ET
Table 'Pherkard' 6-max Seat #4 is the button
Seat 3: Puzanchik 11 ($33.14 in chips)
Seat 4: Karpik09 ($130 in chips)
Karpik09: posts small blind $1
Puzanchik 11: posts big blind $3
*** HOLE CARDS ***
Karpik09: raises $3 to $6
Puzanchik 11: folds
Uncalled bet ($3) returned to Karpik09
Karpik09 collected $6 from pot
Karpik09: doesn't show hand
*** SUMMARY ***
Total pot $6 | Rake $0
Seat 3: Puzanchik 11 (big blind) folded before Flop
Seat 4: Karpik09 (button) (small blind) collected ($6)


PokerStars Hand #146340093029:  Hold'em Limit ($3/$6 USD) - 2016/01/02 13:23:03 ET
Table 'Pherkard' 6-max Seat #3 is the button
Seat 3: Puzanchik 11 ($49.32 in chips)
Seat 4: Karpik09 ($111.84 in chips)
Puzanchik 11: posts small blind $1
Karpik09: posts big blind $3
*** HOLE CARDS ***
Puzanchik 11: raises $3 to $6
Karpik09: folds
Uncalled bet ($3) returned to Puzanchik 11
Puzanchik 11 collected $6 from pot
*** SUMMARY ***
Total pot $6 | Rake $0
Seat 3: Puzanchik 11 (button) (small blind) collected ($6)
Seat 4: Karpik09 (big blind) folded before Flop


PokerStars Hand #146340065069:  Hold'em Limit ($3/$6 USD) - 2016/01/02 13:22:36 ET
Table 'Pherkard' 6-max Seat #4 is the button
Seat 3: Puzanchik 11 ($34.82 in chips)
Seat 4: Karpik09 ($126.84 in chips)
Karpik09: posts small blind $1
Puzanchik 11: posts big blind $3
*** HOLE CARDS ***
Karpik09: raises $3 to $6
Puzanchik 11: calls $3
*** FLOP *** [6d 7h Kc]
Puzanchik 11: checks
Karpik09: bets $3
Puzanchik 11: calls $3
*** TURN *** [6d 7h Kc] [7c]
Puzanchik 11: checks
Karpik09: bets $6
Puzanchik 11: raises $6 to $12
Karpik09: folds
Uncalled bet ($6) returned to Puzanchik 11
Puzanchik 11 collected $29.50 from pot
*** SUMMARY ***
Total pot $30 | Rake $0.50
Board [6d 7h Kc 7c]
Seat 3: Puzanchik 11 (big blind) collected ($29.50)
Seat 4: Karpik09 (button) (small blind) folded on the Turn


PokerStars Hand #146340035443:  Hold'em Limit ($3/$6 USD) - 2016/01/02 13:22:07 ET
Table 'Pherkard' 6-max Seat #3 is the button
Seat 3: Puzanchik 11 ($17.66 in chips)
Seat 4: Karpik09 ($144.50 in chips)
Puzanchik 11: posts small blind $1
Karpik09: posts big blind $3
*** HOLE CARDS ***
Puzanchik 11 said, "you fkn idiot"
Puzanchik 11: raises $3 to $6
Puzanchik 11 said, "fish"
Karpik09: calls $3
*** FLOP *** [Qd Js 8h]
Karpik09: checks
Puzanchik 11: bets $3
Karpik09: calls $3
*** TURN *** [Qd Js 8h] [7h]
Karpik09: checks
Puzanchik 11: bets $6
Karpik09: raises $6 to $12
Puzanchik 11: calls $2.66 and is all-in
Uncalled bet ($3.34) returned to Karpik09
*** RIVER *** [Qd Js 8h 7h] [3h]
*** SHOW DOWN ***
Karpik09: shows [Qc 5d] (a pair of Queens)
Puzanchik 11: shows [Jh 8s] (two pair, Jacks and Eights)
Puzanchik 11 collected $34.82 from pot
*** SUMMARY ***
Total pot $35.32 | Rake $0.50
Board [Qd Js 8h 7h 3h]
Seat 3: Puzanchik 11 (button) (small blind) showed [Jh 8s] and won ($34.82) with two pair, Jacks and Eights
Seat 4: Karpik09 (big blind) showed [Qc 5d] and lost with a pair of Queens


PokerStars Hand #146340155858:  Hold'em Limit ($3/$6 USD) - 2016/01/02 13:24:04 ET
Table 'Pherkard' 6-max Seat #3 is the button
Seat 3: Puzanchik 11 ($28.32 in chips)
Seat 4: Karpik09 ($132.34 in chips)
Puzanchik 11: posts small blind $1
Karpik09: posts big blind $3
*** HOLE CARDS ***
Puzanchik 11: folds
Uncalled bet ($2) returned to Karpik09
Karpik09 collected $2 from pot
Karpik09: doesn't show hand
*** SUMMARY ***
Total pot $2 | Rake $0
Seat 3: Puzanchik 11 (button) (small blind) folded before Flop
Seat 4: Karpik09 (big blind) collected ($2)


PokerStars Hand #146340149141:  Hold'em Limit ($3/$6 USD) - 2016/01/02 13:23:57 ET
Table 'Pherkard' 6-max Seat #4 is the button
Seat 3: Puzanchik 11 ($27.32 in chips)
Seat 4: Karpik09 ($133.34 in chips)
Karpik09: posts small blind $1
Puzanchik 11: posts big blind $3
*** HOLE CARDS ***
Karpik09: folds
Uncalled bet ($2) returned to Puzanchik 11
Puzanchik 11 collected $2 from pot
*** SUMMARY ***
Total pot $2 | Rake $0
Seat 3: Puzanchik 11 (big blind) collected ($2)
Seat 4: Karpik09 (button) (small blind) folded before Flop


PokerStars Hand #146340121247:  Hold'em Limit ($3/$6 USD) - 2016/01/02 13:23:30 ET
Table 'Pherkard' 6-max Seat #3 is the button
Seat 3: Puzanchik 11 ($45.32 in chips)
Seat 4: Karpik09 ($115.84 in chips)
Puzanchik 11: posts small blind $1
Karpik09: posts big blind $3
*** HOLE CARDS ***
Puzanchik 11: raises $3 to $6
Karpik09: raises $3 to $9
Puzanchik 11: calls $3
*** FLOP *** [Ad 3h Ah]
Karpik09: bets $3
Puzanchik 11: calls $3
*** TURN *** [Ad 3h Ah] [Kh]
Karpik09: bets $6
Puzanchik 11: calls $6
*** RIVER *** [Ad 3h Ah Kh] [2c]
Karpik09: bets $6
Puzanchik 11: folds
Uncalled bet ($6) returned to Karpik09
Karpik09 collected $35.50 from pot
Karpik09: doesn't show hand
*** SUMMARY ***
Total pot $36 | Rake $0.50
Board [Ad 3h Ah Kh 2c]
Seat 3: Puzanchik 11 (button) (small blind) folded on the River
Seat 4: Karpik09 (big blind) collected ($35.50)


PokerStars Hand #146340114594:  Hold'em Limit ($3/$6 USD) - 2016/01/02 13:23:24 ET
Table 'Pherkard' 6-max Seat #4 is the button
Seat 3: Puzanchik 11 ($48.32 in chips)
Seat 4: Karpik09 ($112.84 in chips)
Karpik09: posts small blind $1
Puzanchik 11: posts big blind $3
*** HOLE CARDS ***
Karpik09: raises $3 to $6
Puzanchik 11: folds
Uncalled bet ($3) returned to Karpik09
Karpik09 collected $6 from pot
Karpik09: doesn't show hand
*** SUMMARY ***
Total pot $6 | Rake $0
Seat 3: Puzanchik 11 (big blind) folded before Flop
Seat 4: Karpik09 (button) (small blind) collected ($6)


PokerStars Hand #146340109403:  Hold'em Limit ($3/$6 USD) - 2016/01/02 13:23:19 ET
Table 'Pherkard' 6-max Seat #3 is the button
Seat 3: Puzanchik 11 ($49.32 in chips)
Seat 4: Karpik09 ($111.84 in chips)
Puzanchik 11: posts small blind $1
Karpik09: posts big blind $3
*** HOLE CARDS ***
Puzanchik 11: folds
Uncalled bet ($2) returned to Karpik09
Karpik09 collected $2 from pot
Karpik09: doesn't show hand
*** SUMMARY ***
Total pot $2 | Rake $0
Seat 3: Puzanchik 11 (button) (small blind) folded before Flop
Seat 4: Karpik09 (big blind) collected ($2)


PokerStars Hand #146340100974:  Hold'em Limit ($3/$6 USD) - 2016/01/02 13:23:11 ET
Table 'Pherkard' 6-max Seat #4 is the button
Seat 3: Puzanchik 11 ($52.32 in chips)
Seat 4: Karpik09 ($108.84 in chips)
Karpik09: posts small blind $1
Puzanchik 11: posts big blind $3
*** HOLE CARDS ***
Karpik09: raises $3 to $6
Puzanchik 11: folds
Uncalled bet ($3) returned to Karpik09
Karpik09 collected $6 from pot
Karpik09: doesn't show hand
*** SUMMARY ***
Total pot $6 | Rake $0
Seat 3: Puzanchik 11 (big blind) folded before Flop
Seat 4: Karpik09 (button) (small blind) collected ($6)


PokerStars Hand #146340160743:  Hold'em Limit ($3/$6 USD) - 2016/01/02 13:24:09 ET
Table 'Pherkard' 6-max Seat #4 is the button
Seat 3: Puzanchik 11 ($27.32 in chips)
Seat 4: Karpik09 ($133.34 in chips)
Karpik09: posts small blind $1
Puzanchik 11: posts big blind $3
*** HOLE CARDS ***
Karpik09: raises $3 to $6
Puzanchik 11: calls $3
*** FLOP *** [Ks 8s Ah]
Puzanchik 11: checks
Karpik09: bets $3
Puzanchik 11: raises $3 to $6
Karpik09: calls $3
*** TURN *** [Ks 8s Ah] [8h]
Puzanchik 11: bets $6
Karpik09: calls $6
*** RIVER *** [Ks 8s Ah 8h] [9h]
Puzanchik 11: bets $6
Karpik09: calls $6
*** SHOW DOWN ***
Puzanchik 11: shows [5c Qd] (a pair of Eights)
Karpik09: shows [Kh Qc] (two pair, Kings and Eights)
Karpik09 collected $47.50 from pot
*** SUMMARY ***
Total pot $48 | Rake $0.50
Board [Ks 8s Ah 8h 9h]
Seat 3: Puzanchik 11 (big blind) showed [5c Qd] and lost with a pair of Eights
Seat 4: Karpik09 (button) (small blind) showed [Kh Qc] and won ($47.50) with two pair, Kings and Eights


