PokerStars Hand #155839544144:  Hold'em Limit ($3/$6 USD) - 2016/07/11 12:41:52 ET
Table 'Pherkad' 10-max Seat #6 is the button
Seat 5: partyalex92 ($131.40 in chips)
Seat 6: Agrotait ($74.88 in chips)
Agrotait: posts small blind $1
partyalex92: posts big blind $3
*** HOLE CARDS ***
Agrotait: folds
Uncalled bet ($2) returned to partyalex92
partyalex92 collected $2 from pot
*** SUMMARY ***
Total pot $2 | Rake $0
Seat 5: partyalex92 (big blind) collected ($2)
Seat 6: Agrotait (button) (small blind) folded before Flop


PokerStars Hand #155839537047:  Hold'em Limit ($3/$6 USD) - 2016/07/11 12:41:41 ET
Table 'Pherkad' 10-max Seat #5 is the button
Seat 5: partyalex92 ($134.40 in chips)
Seat 6: Agrotait ($72 in chips)
partyalex92: posts small blind $1
Agrotait: posts big blind $3
*** HOLE CARDS ***
partyalex92: calls $2
Agrotait: checks
*** FLOP *** [Jc 5d Ad]
Agrotait: bets $3
partyalex92: folds
Uncalled bet ($3) returned to Agrotait
Agrotait collected $5.88 from pot
Agrotait: doesn't show hand
*** SUMMARY ***
Total pot $6 | Rake $0.12
Board [Jc 5d Ad]
Seat 5: partyalex92 (button) (small blind) folded on the Flop
Seat 6: Agrotait (big blind) collected ($5.88)


PokerStars Hand #155839520720:  Hold'em Limit ($3/$6 USD) - 2016/07/11 12:41:15 ET
Table 'Pherkad' 10-max Seat #6 is the button
Seat 5: partyalex92 ($125.76 in chips)
Seat 6: Agrotait ($66 in chips)
Agrotait: posts small blind $1
partyalex92: posts big blind $3
*** HOLE CARDS ***
Agrotait: raises $3 to $6
partyalex92: calls $3
*** FLOP *** [9s Qh 4c]
partyalex92: checks
Agrotait: bets $3
partyalex92: calls $3
*** TURN *** [9s Qh 4c] [6d]
partyalex92: checks
Agrotait: checks
*** RIVER *** [9s Qh 4c 6d] [7s]
partyalex92: bets $6
Agrotait: folds
Uncalled bet ($6) returned to partyalex92
partyalex92 collected $17.64 from pot
*** SUMMARY ***
Total pot $18 | Rake $0.36
Board [9s Qh 4c 6d 7s]
Seat 5: partyalex92 (big blind) collected ($17.64)
Seat 6: Agrotait (button) (small blind) folded on the River


PokerStars Hand #155839503238:  Hold'em Limit ($3/$6 USD) - 2016/07/11 12:40:48 ET
Table 'Pherkad' 10-max Seat #5 is the button
Seat 5: partyalex92 ($120 in chips)
Seat 6: Agrotait ($72 in chips)
partyalex92: posts small blind $1
Agrotait: posts big blind $3
*** HOLE CARDS ***
partyalex92: calls $2
Agrotait: checks
*** FLOP *** [8c 3s Ad]
Agrotait: bets $3
partyalex92: calls $3
*** TURN *** [8c 3s Ad] [Kd]
Agrotait: checks
partyalex92: bets $6
Agrotait: folds
Uncalled bet ($6) returned to partyalex92
partyalex92 collected $11.76 from pot
*** SUMMARY ***
Total pot $12 | Rake $0.24
Board [8c 3s Ad Kd]
Seat 5: partyalex92 (button) (small blind) collected ($11.76)
Seat 6: Agrotait (big blind) folded on the Turn


PokerStars Hand #155839575270:  Hold'em Limit ($3/$6 USD) - 2016/07/11 12:42:40 ET
Table 'Pherkad' 10-max Seat #5 is the button
Seat 5: partyalex92 ($130.40 in chips)
Seat 6: Agrotait ($75.76 in chips)
partyalex92: posts small blind $1
Agrotait: posts big blind $3
*** HOLE CARDS ***
partyalex92: calls $2
Agrotait: checks
*** FLOP *** [8h 5c Js]
Agrotait: bets $3
partyalex92: calls $3
*** TURN *** [8h 5c Js] [6s]
Agrotait: bets $6
partyalex92: calls $6
*** RIVER *** [8h 5c Js 6s] [6d]
Agrotait: checks
partyalex92: bets $6
Agrotait: folds
Uncalled bet ($6) returned to partyalex92
partyalex92 collected $23.52 from pot
*** SUMMARY ***
Total pot $24 | Rake $0.48
Board [8h 5c Js 6s 6d]
Seat 5: partyalex92 (button) (small blind) collected ($23.52)
Seat 6: Agrotait (big blind) folded on the River


PokerStars Hand #155839572139:  Hold'em Limit ($3/$6 USD) - 2016/07/11 12:42:35 ET
Table 'Pherkad' 10-max Seat #6 is the button
Seat 5: partyalex92 ($129.40 in chips)
Seat 6: Agrotait ($76.76 in chips)
Agrotait: posts small blind $1
partyalex92: posts big blind $3
*** HOLE CARDS ***
Agrotait: folds
Uncalled bet ($2) returned to partyalex92
partyalex92 collected $2 from pot
*** SUMMARY ***
Total pot $2 | Rake $0
Seat 5: partyalex92 (big blind) collected ($2)
Seat 6: Agrotait (button) (small blind) folded before Flop


PokerStars Hand #155839547479:  Hold'em Limit ($3/$6 USD) - 2016/07/11 12:41:57 ET
Table 'Pherkad' 10-max Seat #5 is the button
Seat 5: partyalex92 ($132.40 in chips)
Seat 6: Agrotait ($73.88 in chips)
partyalex92: posts small blind $1
Agrotait: posts big blind $3
*** HOLE CARDS ***
partyalex92: calls $2
Agrotait: checks
*** FLOP *** [2h 3d Kd]
Agrotait: checks
partyalex92: checks
*** TURN *** [2h 3d Kd] [6s]
Agrotait: bets $6
partyalex92: folds
Uncalled bet ($6) returned to Agrotait
Agrotait collected $5.88 from pot
Agrotait: doesn't show hand
*** SUMMARY ***
Total pot $6 | Rake $0.12
Board [2h 3d Kd 6s]
Seat 5: partyalex92 (button) (small blind) folded on the Turn
Seat 6: Agrotait (big blind) collected ($5.88)


PokerStars Hand #155839591893:  Hold'em Limit ($3/$6 USD) - 2016/07/11 12:43:06 ET
Table 'Pherkad' 10-max Seat #6 is the button
Seat 5: partyalex92 ($141.92 in chips)
Seat 6: Agrotait ($63.76 in chips)
Agrotait: posts small blind $1
partyalex92: posts big blind $3
*** HOLE CARDS ***
Agrotait: raises $3 to $6
partyalex92: calls $3
*** FLOP *** [9c 7h Js]
partyalex92: checks
Agrotait: bets $3
partyalex92: calls $3
*** TURN *** [9c 7h Js] [Jc]
partyalex92: checks
Agrotait: bets $6
partyalex92: calls $6
*** RIVER *** [9c 7h Js Jc] [Td]
partyalex92: checks
Agrotait: bets $6
partyalex92: raises $6 to $12
Agrotait: folds
Uncalled bet ($6) returned to partyalex92
partyalex92 collected $41.50 from pot
*** SUMMARY ***
Total pot $42 | Rake $0.50
Board [9c 7h Js Jc Td]
Seat 5: partyalex92 (big blind) collected ($41.50)
Seat 6: Agrotait (button) (small blind) folded on the River


PokerStars Hand #155839664508:  Hold'em Limit ($3/$6 USD) - 2016/07/11 12:45:00 ET
Table 'Pherkad' 10-max Seat #5 is the button
Seat 5: partyalex92 ($166.94 in chips)
Seat 6: Agrotait ($66.76 in chips)
partyalex92: posts small blind $1
Agrotait: posts big blind $3
*** HOLE CARDS ***
partyalex92: calls $2
Agrotait: checks
*** FLOP *** [5h 3c 5d]
Agrotait: bets $3
partyalex92: calls $3
*** TURN *** [5h 3c 5d] [3h]
Agrotait: bets $6
partyalex92: folds
Uncalled bet ($6) returned to Agrotait
Agrotait collected $11.76 from pot
Agrotait: doesn't show hand
*** SUMMARY ***
Total pot $12 | Rake $0.24
Board [5h 3c 5d 3h]
Seat 5: partyalex92 (button) (small blind) folded on the Turn
Seat 6: Agrotait (big blind) collected ($11.76)


PokerStars Hand #155839652178:  Hold'em Limit ($3/$6 USD) - 2016/07/11 12:44:40 ET
Table 'Pherkad' 10-max Seat #6 is the button
Seat 5: partyalex92 ($158.30 in chips)
Seat 6: Agrotait ($75.76 in chips)
Agrotait: posts small blind $1
partyalex92: posts big blind $3
*** HOLE CARDS ***
Agrotait: raises $3 to $6
partyalex92: calls $3
*** FLOP *** [Jh 4h Jc]
partyalex92: checks
Agrotait: bets $3
partyalex92: calls $3
*** TURN *** [Jh 4h Jc] [Qs]
partyalex92: checks
Agrotait: checks
*** RIVER *** [Jh 4h Jc Qs] [2s]
partyalex92: bets $6
Agrotait: folds
Uncalled bet ($6) returned to partyalex92
partyalex92 collected $17.64 from pot
*** SUMMARY ***
Total pot $18 | Rake $0.36
Board [Jh 4h Jc Qs 2s]
Seat 5: partyalex92 (big blind) collected ($17.64)
Seat 6: Agrotait (button) (small blind) folded on the River


PokerStars Hand #155839649284:  Hold'em Limit ($3/$6 USD) - 2016/07/11 12:44:36 ET
Table 'Pherkad' 10-max Seat #5 is the button
Seat 5: partyalex92 ($159.30 in chips)
Seat 6: Agrotait ($74.76 in chips)
partyalex92: posts small blind $1
Agrotait: posts big blind $3
*** HOLE CARDS ***
partyalex92: folds
Uncalled bet ($2) returned to Agrotait
Agrotait collected $2 from pot
Agrotait: doesn't show hand
*** SUMMARY ***
Total pot $2 | Rake $0
Seat 5: partyalex92 (button) (small blind) folded before Flop
Seat 6: Agrotait (big blind) collected ($2)


PokerStars Hand #155839639146:  Hold'em Limit ($3/$6 USD) - 2016/07/11 12:44:20 ET
Table 'Pherkad' 10-max Seat #6 is the button
Seat 5: partyalex92 ($165.30 in chips)
Seat 6: Agrotait ($69 in chips)
Agrotait: posts small blind $1
partyalex92: posts big blind $3
*** HOLE CARDS ***
Agrotait: raises $3 to $6
partyalex92: calls $3
*** FLOP *** [Kc Kh Jc]
partyalex92: checks
Agrotait: bets $3
partyalex92: folds
Uncalled bet ($3) returned to Agrotait
Agrotait collected $11.76 from pot
Agrotait: doesn't show hand
*** SUMMARY ***
Total pot $12 | Rake $0.24
Board [Kc Kh Jc]
Seat 5: partyalex92 (big blind) folded on the Flop
Seat 6: Agrotait (button) (small blind) collected ($11.76)


PokerStars Hand #155839619857:  Hold'em Limit ($3/$6 USD) - 2016/07/11 12:43:50 ET
Table 'Pherkad' 10-max Seat #5 is the button
Seat 5: partyalex92 ($162.42 in chips)
Seat 6: Agrotait ($72 in chips)
partyalex92: posts small blind $1
Agrotait: posts big blind $3
*** HOLE CARDS ***
partyalex92: calls $2
Agrotait: checks
*** FLOP *** [9d 4d 6s]
Agrotait: checks
partyalex92: checks
*** TURN *** [9d 4d 6s] [9h]
Agrotait: checks
partyalex92: bets $6
Agrotait: folds
Uncalled bet ($6) returned to partyalex92
partyalex92 collected $5.88 from pot
*** SUMMARY ***
Total pot $6 | Rake $0.12
Board [9d 4d 6s 9h]
Seat 5: partyalex92 (button) (small blind) collected ($5.88)
Seat 6: Agrotait (big blind) folded on the Turn


PokerStars Hand #155839686483:  Hold'em Limit ($3/$6 USD) - 2016/07/11 12:45:31 ET
Table 'Pherkad' 10-max Seat #5 is the button
Seat 5: partyalex92 ($172.46 in chips)
Seat 6: Agrotait ($60.52 in chips)
partyalex92: posts small blind $1
Agrotait: posts big blind $3
*** HOLE CARDS ***
partyalex92: calls $2
Agrotait: raises $3 to $6
partyalex92: calls $3
*** FLOP *** [Kc 6d As]
Agrotait: bets $3
partyalex92: calls $3
*** TURN *** [Kc 6d As] [Qs]
Agrotait: bets $6
partyalex92: calls $6
*** RIVER *** [Kc 6d As Qs] [2s]
Agrotait: bets $6
partyalex92: calls $6
*** SHOW DOWN ***
Agrotait: shows [Ad 7s] (a pair of Aces)
partyalex92: shows [Qc 6s] (two pair, Queens and Sixes)
partyalex92 collected $41.50 from pot
*** SUMMARY ***
Total pot $42 | Rake $0.50
Board [Kc 6d As Qs 2s]
Seat 5: partyalex92 (button) (small blind) showed [Qc 6s] and won ($41.50) with two pair, Queens and Sixes
Seat 6: Agrotait (big blind) showed [Ad 7s] and lost with a pair of Aces


PokerStars Hand #155839675070:  Hold'em Limit ($3/$6 USD) - 2016/07/11 12:45:13 ET
Table 'Pherkad' 10-max Seat #6 is the button
Seat 5: partyalex92 ($160.94 in chips)
Seat 6: Agrotait ($72.52 in chips)
Agrotait: posts small blind $1
partyalex92: posts big blind $3
*** HOLE CARDS ***
Agrotait: raises $3 to $6
partyalex92: calls $3
*** FLOP *** [Ks Qh 9s]
partyalex92: checks
Agrotait: checks
*** TURN *** [Ks Qh 9s] [Js]
partyalex92: checks
Agrotait: checks
*** RIVER *** [Ks Qh 9s Js] [3d]
partyalex92: bets $6
Agrotait: calls $6
*** SHOW DOWN ***
partyalex92: shows [5h Jd] (a pair of Jacks)
Agrotait: mucks hand
partyalex92 collected $23.52 from pot
*** SUMMARY ***
Total pot $24 | Rake $0.48
Board [Ks Qh 9s Js 3d]
Seat 5: partyalex92 (big blind) showed [5h Jd] and won ($23.52) with a pair of Jacks
Seat 6: Agrotait (button) (small blind) mucked


PokerStars Hand #155839733973:  Hold'em Limit ($3/$6 USD) - 2016/07/11 12:46:44 ET
Table 'Pherkad' 10-max Seat #5 is the button
Seat 5: partyalex92 ($207.46 in chips)
Seat 6: Agrotait ($72 in chips)
partyalex92: posts small blind $1
Agrotait: posts big blind $3
*** HOLE CARDS ***
partyalex92: raises $3 to $6
Agrotait: calls $3
*** FLOP *** [2h Qd Kh]
Agrotait: checks
partyalex92: bets $3
Agrotait: calls $3
*** TURN *** [2h Qd Kh] [3h]
Agrotait: checks
partyalex92: checks
*** RIVER *** [2h Qd Kh 3h] [8h]
Agrotait: bets $6
partyalex92: folds
Uncalled bet ($6) returned to Agrotait
Agrotait collected $17.64 from pot
Agrotait: doesn't show hand
*** SUMMARY ***
Total pot $18 | Rake $0.36
Board [2h Qd Kh 3h 8h]
Seat 5: partyalex92 (button) (small blind) folded on the River
Seat 6: Agrotait (big blind) collected ($17.64)


PokerStars Hand #155839703680:  Hold'em Limit ($3/$6 USD) - 2016/07/11 12:45:57 ET
Table 'Pherkad' 10-max Seat #6 is the button
Seat 5: partyalex92 ($192.96 in chips)
Seat 6: Agrotait ($72 in chips)
Agrotait: posts small blind $1
partyalex92: posts big blind $3
*** HOLE CARDS ***
Agrotait: raises $3 to $6
partyalex92: calls $3
*** FLOP *** [5h Td 5d]
partyalex92: checks
Agrotait: bets $3
partyalex92: calls $3
*** TURN *** [5h Td 5d] [Ts]
partyalex92: checks
Agrotait: bets $6
partyalex92: raises $6 to $12
Agrotait: folds
Uncalled bet ($6) returned to partyalex92
partyalex92 collected $29.50 from pot
*** SUMMARY ***
Total pot $30 | Rake $0.50
Board [5h Td 5d Ts]
Seat 5: partyalex92 (big blind) collected ($29.50)
Seat 6: Agrotait (button) (small blind) folded on the Turn


PokerStars Hand #155839776765:  Hold'em Limit ($3/$6 USD) - 2016/07/11 12:47:48 ET
Table 'Pherkad' 10-max Seat #5 is the button
Seat 5: partyalex92 ($218.96 in chips)
Seat 6: Agrotait ($72 in chips)
partyalex92: posts small blind $1
Agrotait: posts big blind $3
*** HOLE CARDS ***
partyalex92: calls $2
Agrotait: checks
*** FLOP *** [Jh 3s Qs]
Agrotait: bets $3
partyalex92: calls $3
*** TURN *** [Jh 3s Qs] [6h]
Agrotait: bets $6
partyalex92: folds
Uncalled bet ($6) returned to Agrotait
Agrotait collected $11.76 from pot
Agrotait: doesn't show hand
*** SUMMARY ***
Total pot $12 | Rake $0.24
Board [Jh 3s Qs 6h]
Seat 5: partyalex92 (button) (small blind) folded on the Turn
Seat 6: Agrotait (big blind) collected ($11.76)


PokerStars Hand #155839747763:  Hold'em Limit ($3/$6 USD) - 2016/07/11 12:47:05 ET
Table 'Pherkad' 10-max Seat #6 is the button
Seat 5: partyalex92 ($198.46 in chips)
Seat 6: Agrotait ($80.64 in chips)
Agrotait: posts small blind $1
partyalex92: posts big blind $3
*** HOLE CARDS ***
Agrotait: raises $3 to $6
partyalex92: calls $3
*** FLOP *** [9d 6h 2s]
partyalex92: checks
Agrotait: bets $3
partyalex92: calls $3
*** TURN *** [9d 6h 2s] [As]
partyalex92: bets $6
Agrotait: calls $6
*** RIVER *** [9d 6h 2s As] [4c]
partyalex92: checks
Agrotait: bets $6
partyalex92: raises $6 to $12
Agrotait: folds
Uncalled bet ($6) returned to partyalex92
partyalex92 collected $41.50 from pot
*** SUMMARY ***
Total pot $42 | Rake $0.50
Board [9d 6h 2s As 4c]
Seat 5: partyalex92 (big blind) collected ($41.50)
Seat 6: Agrotait (button) (small blind) folded on the River


PokerStars Hand #155839824399:  Hold'em Limit ($3/$6 USD) - 2016/07/11 12:48:58 ET
Table 'Pherkad' 10-max Seat #5 is the button
Seat 5: partyalex92 ($236.22 in chips)
Seat 6: Agrotait ($80.64 in chips)
partyalex92: posts small blind $1
Agrotait: posts big blind $3
*** HOLE CARDS ***
partyalex92: folds
Uncalled bet ($2) returned to Agrotait
Agrotait collected $2 from pot
Agrotait: doesn't show hand
*** SUMMARY ***
Total pot $2 | Rake $0
Seat 5: partyalex92 (button) (small blind) folded before Flop
Seat 6: Agrotait (big blind) collected ($2)


PokerStars Hand #155839815182:  Hold'em Limit ($3/$6 USD) - 2016/07/11 12:48:44 ET
Table 'Pherkad' 10-max Seat #6 is the button
Seat 5: partyalex92 ($245.22 in chips)
Seat 6: Agrotait ($72 in chips)
Agrotait: posts small blind $1
partyalex92: posts big blind $3
*** HOLE CARDS ***
Agrotait: raises $3 to $6
partyalex92: calls $3
*** FLOP *** [Ac 6s Jh]
partyalex92: bets $3
Agrotait: calls $3
*** TURN *** [Ac 6s Jh] [8d]
partyalex92: checks
Agrotait: bets $6
partyalex92: folds
Uncalled bet ($6) returned to Agrotait
Agrotait collected $17.64 from pot
Agrotait: doesn't show hand
*** SUMMARY ***
Total pot $18 | Rake $0.36
Board [Ac 6s Jh 8d]
Seat 5: partyalex92 (big blind) folded on the Turn
Seat 6: Agrotait (button) (small blind) collected ($17.64)


PokerStars Hand #155839801828:  Hold'em Limit ($3/$6 USD) - 2016/07/11 12:48:25 ET
Table 'Pherkad' 10-max Seat #5 is the button
Seat 5: partyalex92 ($218.72 in chips)
Seat 6: Agrotait ($71.76 in chips)
partyalex92: posts small blind $1
Agrotait: posts big blind $3
*** HOLE CARDS ***
partyalex92: raises $3 to $6
Agrotait: calls $3
*** FLOP *** [6s 2d 4d]
Agrotait: bets $3
partyalex92: calls $3
*** TURN *** [6s 2d 4d] [5s]
Agrotait: checks
partyalex92: bets $6
Agrotait: raises $6 to $12
partyalex92: calls $6
*** RIVER *** [6s 2d 4d 5s] [4s]
Agrotait: bets $6
partyalex92: calls $6
*** SHOW DOWN ***
Agrotait: shows [Ac 4c] (three of a kind, Fours)
partyalex92: shows [2s 2h] (a full house, Deuces full of Fours)
partyalex92 collected $53.50 from pot
*** SUMMARY ***
Total pot $54 | Rake $0.50
Board [6s 2d 4d 5s 4s]
Seat 5: partyalex92 (button) (small blind) showed [2s 2h] and won ($53.50) with a full house, Deuces full of Fours
Seat 6: Agrotait (big blind) showed [Ac 4c] and lost with three of a kind, Fours


PokerStars Hand #155839786801:  Hold'em Limit ($3/$6 USD) - 2016/07/11 12:48:03 ET
Table 'Pherkad' 10-max Seat #6 is the button
Seat 5: partyalex92 ($212.96 in chips)
Seat 6: Agrotait ($77.76 in chips)
Agrotait: posts small blind $1
partyalex92: posts big blind $3
*** HOLE CARDS ***
Agrotait: raises $3 to $6
partyalex92: calls $3
*** FLOP *** [Qc 4d 5h]
partyalex92: checks
Agrotait: checks
*** TURN *** [Qc 4d 5h] [2c]
partyalex92: bets $6
Agrotait: folds
Uncalled bet ($6) returned to partyalex92
partyalex92 collected $11.76 from pot
*** SUMMARY ***
Total pot $12 | Rake $0.24
Board [Qc 4d 5h 2c]
Seat 5: partyalex92 (big blind) collected ($11.76)
Seat 6: Agrotait (button) (small blind) folded on the Turn


PokerStars Hand #155839845637:  Hold'em Limit ($3/$6 USD) - 2016/07/11 12:49:28 ET
Table 'Pherkad' 10-max Seat #5 is the button
Seat 5: partyalex92 ($230.97 in chips)
Seat 6: Agrotait ($85.39 in chips)
partyalex92: posts small blind $1
Agrotait: posts big blind $3
*** HOLE CARDS ***
partyalex92: calls $2
Agrotait: checks
*** FLOP *** [3h Qc 4d]
Agrotait: bets $3
partyalex92: folds
Uncalled bet ($3) returned to Agrotait
Agrotait collected $5.88 from pot
Agrotait: doesn't show hand
Vincenzo Vs joins the table at seat #1
*** SUMMARY ***
Total pot $6 | Rake $0.12
Board [3h Qc 4d]
Seat 5: partyalex92 (button) (small blind) folded on the Flop
Seat 6: Agrotait (big blind) collected ($5.88)


PokerStars Hand #155839841576:  Hold'em Limit ($3/$6 USD) - 2016/07/11 12:49:23 ET
Table 'Pherkad' 10-max Seat #6 is the button
Seat 5: partyalex92 ($233.97 in chips)
Seat 6: Agrotait ($82.39 in chips)
Agrotait: posts small blind $1
partyalex92: posts big blind $3
*** HOLE CARDS ***
Agrotait: raises $3 to $6
partyalex92: folds
Uncalled bet ($3) returned to Agrotait
Agrotait collected $6 from pot
Agrotait: doesn't show hand
*** SUMMARY ***
Total pot $6 | Rake $0
Seat 5: partyalex92 (big blind) folded before Flop
Seat 6: Agrotait (button) (small blind) collected ($6)


PokerStars Hand #155839838347:  Hold'em Limit ($3/$6 USD) - 2016/07/11 12:49:18 ET
Table 'Pherkad' 10-max Seat #5 is the button
Seat 5: partyalex92 ($234.97 in chips)
Seat 6: Agrotait ($81.39 in chips)
partyalex92: posts small blind $1
Agrotait: posts big blind $3
*** HOLE CARDS ***
partyalex92: folds
Uncalled bet ($2) returned to Agrotait
Agrotait collected $2 from pot
Agrotait: doesn't show hand
*** SUMMARY ***
Total pot $2 | Rake $0
Seat 5: partyalex92 (button) (small blind) folded before Flop
Seat 6: Agrotait (big blind) collected ($2)


PokerStars Hand #155839827559:  Hold'em Limit ($3/$6 USD) - 2016/07/11 12:49:02 ET
Table 'Pherkad' 10-max Seat #6 is the button
Seat 5: partyalex92 ($235.22 in chips)
Seat 6: Agrotait ($81.64 in chips)
Agrotait: posts small blind $1
partyalex92: posts big blind $3
*** HOLE CARDS ***
Agrotait: raises $3 to $6
partyalex92: calls $3
*** FLOP *** [4s 5c 4c]
partyalex92: checks
Agrotait: bets $3
partyalex92: calls $3
*** TURN *** [4s 5c 4c] [Qs]
partyalex92: checks
Agrotait: bets $6
partyalex92: calls $6
*** RIVER *** [4s 5c 4c Qs] [8c]
partyalex92: checks
Agrotait: checks
*** SHOW DOWN ***
partyalex92: shows [5s 3c] (two pair, Fives and Fours)
Agrotait: shows [Th 5d] (two pair, Fives and Fours)
partyalex92 collected $14.75 from pot
Agrotait collected $14.75 from pot
*** SUMMARY ***
Total pot $30 | Rake $0.50
Board [4s 5c 4c Qs 8c]
Seat 5: partyalex92 (big blind) showed [5s 3c] and won ($14.75) with two pair, Fives and Fours
Seat 6: Agrotait (button) (small blind) showed [Th 5d] and won ($14.75) with two pair, Fives and Fours


PokerStars Hand #155839954550:  Hold'em Limit ($3/$6 USD) - 2016/07/11 12:52:07 ET
Table 'Pherkad' 10-max Seat #6 is the button
Seat 5: partyalex92 ($188.97 in chips)
Seat 6: Agrotait ($110.71 in chips)
Agrotait: posts small blind $1
partyalex92: posts big blind $3
*** HOLE CARDS ***
Agrotait: folds
Uncalled bet ($2) returned to partyalex92
partyalex92 collected $2 from pot
*** SUMMARY ***
Total pot $2 | Rake $0
Seat 5: partyalex92 (big blind) collected ($2)
Seat 6: Agrotait (button) (small blind) folded before Flop


PokerStars Hand #155839964517:  Hold'em Limit ($3/$6 USD) - 2016/07/11 12:52:15 ET
Table 'Pherkad' 10-max Seat #5 is the button
Seat 5: partyalex92 ($189.97 in chips)
Seat 6: Agrotait ($109.71 in chips)
partyalex92: posts small blind $1
Agrotait: posts big blind $3
*** HOLE CARDS ***
partyalex92: calls $2
Agrotait: checks
*** FLOP *** [9h 5h 5c]
RJF1943 joins the table at seat #8
Agrotait: bets $3
partyalex92: calls $3
*** TURN *** [9h 5h 5c] [2s]
Agrotait: checks
partyalex92: bets $6
Agrotait: folds
Uncalled bet ($6) returned to partyalex92
partyalex92 collected $11.76 from pot
*** SUMMARY ***
Total pot $12 | Rake $0.24
Board [9h 5h 5c 2s]
Seat 5: partyalex92 (button) (small blind) collected ($11.76)
Seat 6: Agrotait (big blind) folded on the Turn


PokerStars Hand #155840520919:  Hold'em Limit ($3/$6 USD) - 2016/07/11 13:06:57 ET
Table 'Pherkad' 10-max Seat #6 is the button
Seat 6: Agrotait ($126.68 in chips)
Seat 7: Ale4o ($138.96 in chips)
Agrotait: posts small blind $1
Ale4o: posts big blind $3
*** HOLE CARDS ***
Agrotait: raises $3 to $6
Ale4o: calls $3
*** FLOP *** [9c 8h 9h]
Ale4o: checks
Agrotait: bets $3
Ale4o: raises $3 to $6
Agrotait: calls $3
*** TURN *** [9c 8h 9h] [7d]
Ale4o: bets $6
Agrotait: calls $6
*** RIVER *** [9c 8h 9h 7d] [3d]
Ale4o: bets $6
Agrotait: calls $6
*** SHOW DOWN ***
Ale4o: shows [Qs Qh] (two pair, Queens and Nines)
Agrotait: mucks hand
Ale4o collected $47.50 from pot
*** SUMMARY ***
Total pot $48 | Rake $0.50
Board [9c 8h 9h 7d 3d]
Seat 6: Agrotait (button) (small blind) mucked
Seat 7: Ale4o (big blind) showed [Qs Qh] and won ($47.50) with two pair, Queens and Nines


