PokerStars Hand #147290907406:  Hold'em Limit ($3/$6 USD) - 2016/01/18 22:42:06 ET
Table 'Pherkad II' 6-max Seat #3 is the button
Seat 3: carmello774 ($112.88 in chips)
Seat 6: cvillegurl ($36.64 in chips)
carmello774: posts small blind $1
cvillegurl: posts big blind $3
*** HOLE CARDS ***
carmello774: raises $3 to $6
cvillegurl: calls $3
*** FLOP *** [9s 8c 4s]
cvillegurl: bets $3
carmello774: calls $3
*** TURN *** [9s 8c 4s] [9c]
cvillegurl: checks
carmello774: bets $6
cvillegurl: folds
Uncalled bet ($6) returned to carmello774
carmello774 collected $17.64 from pot
carmello774: doesn't show hand
*** SUMMARY ***
Total pot $18 | Rake $0.36
Board [9s 8c 4s 9c]
Seat 3: carmello774 (button) (small blind) collected ($17.64)
Seat 6: cvillegurl (big blind) folded on the Turn


PokerStars Hand #147290898994:  Hold'em Limit ($3/$6 USD) - 2016/01/18 22:41:43 ET
Table 'Pherkad II' 6-max Seat #3 is the button
Seat 3: carmello774 ($122.88 in chips)
Seat 6: cvillegurl ($27 in chips)
carmello774: posts small blind $1
cvillegurl: posts big blind $3
*** HOLE CARDS ***
carmello774: folds
Uncalled bet ($2) returned to cvillegurl
cvillegurl collected $2 from pot
cvillegurl: doesn't show hand
*** SUMMARY ***
Total pot $2 | Rake $0
Seat 3: carmello774 (button) (small blind) folded before Flop
Seat 6: cvillegurl (big blind) collected ($2)


PokerStars Hand #147290891652:  Hold'em Limit ($3/$6 USD) - 2016/01/18 22:41:22 ET
Table 'Pherkad II' 6-max Seat #6 is the button
Seat 3: carmello774 ($120 in chips)
Seat 6: cvillegurl ($30 in chips)
cvillegurl: posts small blind $1
carmello774: posts big blind $3
*** HOLE CARDS ***
cvillegurl: calls $2
carmello774: checks
*** FLOP *** [Ks Qh Ad]
carmello774: checks
cvillegurl: checks
*** TURN *** [Ks Qh Ad] [4h]
carmello774: bets $6
cvillegurl: folds
Uncalled bet ($6) returned to carmello774
carmello774 collected $5.88 from pot
*** SUMMARY ***
Total pot $6 | Rake $0.12
Board [Ks Qh Ad 4h]
Seat 3: carmello774 (big blind) collected ($5.88)
Seat 6: cvillegurl (button) (small blind) folded on the Turn


PokerStars Hand #147290926900:  Hold'em Limit ($3/$6 USD) - 2016/01/18 22:43:02 ET
Table 'Pherkad II' 6-max Seat #6 is the button
Seat 3: carmello774 ($127.02 in chips)
Seat 6: cvillegurl ($21.14 in chips)
cvillegurl: posts small blind $1
carmello774: posts big blind $3
*** HOLE CARDS ***
3hatebotts joins the table at seat #5
cvillegurl: calls $2
carmello774: checks
*** FLOP *** [8d 7h 8s]
carmello774: checks
cvillegurl: checks
*** TURN *** [8d 7h 8s] [Jc]
carmello774: bets $6
cvillegurl: calls $6
*** RIVER *** [8d 7h 8s Jc] [9d]
carmello774: bets $6
cvillegurl: folds
Uncalled bet ($6) returned to carmello774
carmello774 collected $17.64 from pot
carmello774: doesn't show hand
*** SUMMARY ***
Total pot $18 | Rake $0.36
Board [8d 7h 8s Jc 9d]
Seat 3: carmello774 (big blind) collected ($17.64)
Seat 6: cvillegurl (button) (small blind) folded on the River


PokerStars Hand #147290919049:  Hold'em Limit ($3/$6 USD) - 2016/01/18 22:42:40 ET
Table 'Pherkad II' 6-max Seat #3 is the button
Seat 3: carmello774 ($100.52 in chips)
Seat 6: cvillegurl ($48.14 in chips)
carmello774: posts small blind $1
cvillegurl: posts big blind $3
*** HOLE CARDS ***
carmello774: raises $3 to $6
cvillegurl: raises $3 to $9
carmello774: raises $3 to $12
Betting is capped
cvillegurl: calls $3
*** FLOP *** [Jd Kd 8d]
cvillegurl: checks
carmello774: bets $3
cvillegurl: calls $3
*** TURN *** [Jd Kd 8d] [9c]
cvillegurl: checks
carmello774: bets $6
cvillegurl: calls $6
*** RIVER *** [Jd Kd 8d 9c] [Kc]
cvillegurl: checks
carmello774: bets $6
cvillegurl: calls $6
*** SHOW DOWN ***
carmello774: shows [Jh Ad] (two pair, Kings and Jacks)
cvillegurl: mucks hand
carmello774 collected $53.50 from pot
*** SUMMARY ***
Total pot $54 | Rake $0.50
Board [Jd Kd 8d 9c Kc]
Seat 3: carmello774 (button) (small blind) showed [Jh Ad] and won ($53.50) with two pair, Kings and Jacks
Seat 6: cvillegurl (big blind) mucked


PokerStars Hand #147290912364:  Hold'em Limit ($3/$6 USD) - 2016/01/18 22:42:21 ET
Table 'Pherkad II' 6-max Seat #6 is the button
Seat 3: carmello774 ($121.52 in chips)
Seat 6: cvillegurl ($27.64 in chips)
cvillegurl: posts small blind $1
carmello774: posts big blind $3
*** HOLE CARDS ***
cvillegurl: calls $2
carmello774: raises $3 to $6
cvillegurl: calls $3
*** FLOP *** [4s 9s Jd]
carmello774: bets $3
cvillegurl: calls $3
*** TURN *** [4s 9s Jd] [7s]
carmello774: bets $6
cvillegurl: calls $6
*** RIVER *** [4s 9s Jd 7s] [Ks]
carmello774: checks
cvillegurl: bets $6
carmello774: calls $6
*** SHOW DOWN ***
cvillegurl: shows [4h Kd] (two pair, Kings and Fours)
carmello774: mucks hand
cvillegurl collected $41.50 from pot
*** SUMMARY ***
Total pot $42 | Rake $0.50
Board [4s 9s Jd 7s Ks]
Seat 3: carmello774 (big blind) mucked
Seat 6: cvillegurl (button) (small blind) showed [4h Kd] and won ($41.50) with two pair, Kings and Fours


