PokerStars Hand #157047767552:  Hold'em Limit ($3/$6 USD) - 2016/08/09 1:11:56 ET
Table 'Phereclos' 6-max Seat #3 is the button
Seat 3: @92gara42@ ($171.61 in chips)
Seat 4: Agrotait ($72 in chips)
@92gara42@: posts small blind $1
Agrotait: posts big blind $3
*** HOLE CARDS ***
@92gara42@: calls $2
Agrotait: checks
*** FLOP *** [Js 2h 4h]
Agrotait: bets $3
@92gara42@: folds
Uncalled bet ($3) returned to Agrotait
Agrotait collected $5.88 from pot
Agrotait: doesn't show hand
*** SUMMARY ***
Total pot $6 | Rake $0.12
Board [Js 2h 4h]
Seat 3: @92gara42@ (button) (small blind) folded on the Flop
Seat 4: Agrotait (big blind) collected ($5.88)


PokerStars Hand #157047770988:  Hold'em Limit ($3/$6 USD) - 2016/08/09 1:12:10 ET
Table 'Phereclos' 6-max Seat #4 is the button
Seat 3: @92gara42@ ($168.61 in chips)
Seat 4: Agrotait ($74.88 in chips)
Agrotait: posts small blind $1
@92gara42@: posts big blind $3
*** HOLE CARDS ***
Agrotait: calls $2
@92gara42@: checks
*** FLOP *** [Ks 9d Ts]
@92gara42@: checks
Agrotait: bets $3
@92gara42@: calls $3
*** TURN *** [Ks 9d Ts] [Jh]
@92gara42@: checks
Agrotait: checks
*** RIVER *** [Ks 9d Ts Jh] [8d]
@92gara42@: checks
Agrotait: checks
*** SHOW DOWN ***
@92gara42@: shows [7s 9h] (a straight, Seven to Jack)
Agrotait: mucks hand
@92gara42@ collected $11.76 from pot
*** SUMMARY ***
Total pot $12 | Rake $0.24
Board [Ks 9d Ts Jh 8d]
Seat 3: @92gara42@ (big blind) showed [7s 9h] and won ($11.76) with a straight, Seven to Jack
Seat 4: Agrotait (button) (small blind) mucked


PokerStars Hand #157047783278:  Hold'em Limit ($3/$6 USD) - 2016/08/09 1:13:02 ET
Table 'Phereclos' 6-max Seat #3 is the button
Seat 3: @92gara42@ ($174.37 in chips)
Seat 4: Agrotait ($68.88 in chips)
@92gara42@: posts small blind $1
Agrotait: posts big blind $3
*** HOLE CARDS ***
@92gara42@: calls $2
Agrotait: raises $3 to $6
@92gara42@: calls $3
*** FLOP *** [Qd Jd 4c]
Agrotait: bets $3
@92gara42@: calls $3
*** TURN *** [Qd Jd 4c] [6s]
Agrotait: bets $6
@92gara42@: folds
Uncalled bet ($6) returned to Agrotait
Agrotait collected $17.64 from pot
Agrotait: doesn't show hand
*** SUMMARY ***
Total pot $18 | Rake $0.36
Board [Qd Jd 4c 6s]
Seat 3: @92gara42@ (button) (small blind) folded on the Turn
Seat 4: Agrotait (big blind) collected ($17.64)


PokerStars Hand #157047796491:  Hold'em Limit ($3/$6 USD) - 2016/08/09 1:13:59 ET
Table 'Phereclos' 6-max Seat #3 is the button
Seat 3: @92gara42@ ($159.37 in chips)
Seat 4: Agrotait ($83.28 in chips)
@92gara42@: posts small blind $1
Agrotait: posts big blind $3
*** HOLE CARDS ***
@92gara42@: folds
Uncalled bet ($2) returned to Agrotait
Agrotait collected $2 from pot
Agrotait: doesn't show hand
*** SUMMARY ***
Total pot $2 | Rake $0
Seat 3: @92gara42@ (button) (small blind) folded before Flop
Seat 4: Agrotait (big blind) collected ($2)


PokerStars Hand #157047791569:  Hold'em Limit ($3/$6 USD) - 2016/08/09 1:13:38 ET
Table 'Phereclos' 6-max Seat #4 is the button
Seat 3: @92gara42@ ($165.37 in chips)
Seat 4: Agrotait ($77.52 in chips)
Agrotait: posts small blind $1
@92gara42@: posts big blind $3
*** HOLE CARDS ***
Agrotait: raises $3 to $6
@92gara42@: calls $3
*** FLOP *** [2d Ts Ad]
@92gara42@: checks
Agrotait: bets $3
@92gara42@: folds
Uncalled bet ($3) returned to Agrotait
Agrotait collected $11.76 from pot
Agrotait: doesn't show hand
*** SUMMARY ***
Total pot $12 | Rake $0.24
Board [2d Ts Ad]
Seat 3: @92gara42@ (big blind) folded on the Flop
Seat 4: Agrotait (button) (small blind) collected ($11.76)


PokerStars Hand #157047797559:  Hold'em Limit ($3/$6 USD) - 2016/08/09 1:14:04 ET
Table 'Phereclos' 6-max Seat #4 is the button
Seat 3: @92gara42@ ($158.37 in chips)
Seat 4: Agrotait ($84.28 in chips)
Agrotait: posts small blind $1
@92gara42@: posts big blind $3
*** HOLE CARDS ***
Agrotait: folds
Uncalled bet ($2) returned to @92gara42@
@92gara42@ collected $2 from pot
@92gara42@: doesn't show hand
*** SUMMARY ***
Total pot $2 | Rake $0
Seat 3: @92gara42@ (big blind) collected ($2)
Seat 4: Agrotait (button) (small blind) folded before Flop


PokerStars Hand #157048108227:  Hold'em Limit ($3/$6 USD) - 2016/08/09 1:35:47 ET
Table 'Phereclos' 6-max Seat #4 is the button
Seat 2: filemon_swe ($106.04 in chips)
Seat 4: Agrotait ($187.95 in chips)
TbIP-TbIP 88 will be allowed to play after the button
Agrotait: posts small blind $1
filemon_swe: posts big blind $3
*** HOLE CARDS ***
Agrotait: raises $3 to $6
filemon_swe: calls $3
*** FLOP *** [5h Jh Kc]
filemon_swe: checks
Agrotait: bets $3
filemon_swe: folds
Uncalled bet ($3) returned to Agrotait
Agrotait collected $11.76 from pot
Agrotait: doesn't show hand
*** SUMMARY ***
Total pot $12 | Rake $0.24
Board [5h Jh Kc]
Seat 2: filemon_swe (big blind) folded on the Flop
Seat 4: Agrotait (button) (small blind) collected ($11.76)


PokerStars Hand #157049084087:  Hold'em Limit ($3/$6 USD) - 2016/08/09 2:45:48 ET
Table 'Phereclos' 6-max Seat #3 is the button
Seat 3: Vetal949 ($98.95 in chips)
Seat 4: degal76 ($168.83 in chips)
Vetal949: posts small blind $1
degal76: posts big blind $3
*** HOLE CARDS ***
Vetal949: raises $3 to $6
degal76: folds
Uncalled bet ($3) returned to Vetal949
Vetal949 collected $6 from pot
*** SUMMARY ***
Total pot $6 | Rake $0
Seat 3: Vetal949 (button) (small blind) collected ($6)
Seat 4: degal76 (big blind) folded before Flop


PokerStars Hand #157049080404:  Hold'em Limit ($3/$6 USD) - 2016/08/09 2:45:32 ET
Table 'Phereclos' 6-max Seat #3 is the button
Seat 3: Vetal949 ($98.95 in chips)
Seat 4: degal76 ($168.83 in chips)
Vetal949: posts small blind $1
degal76: posts big blind $3
*** HOLE CARDS ***
Vetal949: raises $3 to $6
degal76: folds
Uncalled bet ($3) returned to Vetal949
Vetal949 collected $6 from pot
*** SUMMARY ***
Total pot $6 | Rake $0
Seat 3: Vetal949 (button) (small blind) collected ($6)
Seat 4: degal76 (big blind) folded before Flop


PokerStars Hand #157049078727:  Hold'em Limit ($3/$6 USD) - 2016/08/09 2:45:25 ET
Table 'Phereclos' 6-max Seat #4 is the button
Seat 3: Vetal949 ($97.95 in chips)
Seat 4: degal76 ($169.83 in chips)
degal76: posts small blind $1
Poor Konrad: is sitting out
Vetal949: posts big blind $3
*** HOLE CARDS ***
TbIP-TbIP 88 leaves the table
Poor Konrad leaves the table
degal76: folds
Uncalled bet ($2) returned to Vetal949
Vetal949 collected $2 from pot
*** SUMMARY ***
Total pot $2 | Rake $0
Seat 3: Vetal949 (big blind) collected ($2)
Seat 4: degal76 (button) (small blind) folded before Flop


PokerStars Hand #157049081967:  Hold'em Limit ($3/$6 USD) - 2016/08/09 2:45:39 ET
Table 'Phereclos' 6-max Seat #4 is the button
Seat 3: Vetal949 ($101.95 in chips)
Seat 4: degal76 ($165.83 in chips)
degal76: posts small blind $1
Vetal949: posts big blind $3
*** HOLE CARDS ***
degal76: raises $3 to $6
Vetal949: folds
Uncalled bet ($3) returned to degal76
degal76 collected $6 from pot
degal76: doesn't show hand
*** SUMMARY ***
Total pot $6 | Rake $0
Seat 3: Vetal949 (big blind) folded before Flop
Seat 4: degal76 (button) (small blind) collected ($6)


PokerStars Hand #157049095953:  Hold'em Limit ($3/$6 USD) - 2016/08/09 2:46:37 ET
Table 'Phereclos' 6-max Seat #3 is the button
Seat 3: Vetal949 ($144.21 in chips)
Seat 4: degal76 ($122.83 in chips)
Vetal949: posts small blind $1
degal76: posts big blind $3
*** HOLE CARDS ***
Vetal949: raises $3 to $6
degal76: folds
Uncalled bet ($3) returned to Vetal949
Vetal949 collected $6 from pot
*** SUMMARY ***
Total pot $6 | Rake $0
Seat 3: Vetal949 (button) (small blind) collected ($6)
Seat 4: degal76 (big blind) folded before Flop


PokerStars Hand #157049085797:  Hold'em Limit ($3/$6 USD) - 2016/08/09 2:45:55 ET
Table 'Phereclos' 6-max Seat #4 is the button
Seat 3: Vetal949 ($101.95 in chips)
Seat 4: degal76 ($165.83 in chips)
degal76: posts small blind $1
Vetal949: posts big blind $3
*** HOLE CARDS ***
degal76: raises $3 to $6
Vetal949: raises $3 to $9
degal76: calls $3
*** FLOP *** [Tc Th 5c]
Vetal949: checks
degal76: bets $3
Vetal949: calls $3
*** TURN *** [Tc Th 5c] [Ac]
Vetal949: checks
degal76: bets $6
Vetal949: raises $6 to $12
degal76: raises $6 to $18
Vetal949: calls $6
*** RIVER *** [Tc Th 5c Ac] [Kd]
Vetal949: checks
degal76: bets $6
Vetal949: calls $6
*** SHOW DOWN ***
degal76: shows [As 2h] (two pair, Aces and Tens)
Vetal949: shows [Qc Td] (three of a kind, Tens)
Vetal949 collected $71.50 from pot
Chessnok leaves the table
*** SUMMARY ***
Total pot $72 | Rake $0.50
Board [Tc Th 5c Ac Kd]
Seat 3: Vetal949 (big blind) showed [Qc Td] and won ($71.50) with three of a kind, Tens
Seat 4: degal76 (button) (small blind) showed [As 2h] and lost with two pair, Aces and Tens


PokerStars Hand #157049094801:  Hold'em Limit ($3/$6 USD) - 2016/08/09 2:46:32 ET
Table 'Phereclos' 6-max Seat #4 is the button
Seat 3: Vetal949 ($143.21 in chips)
Seat 4: degal76 ($123.83 in chips)
degal76: posts small blind $1
Vetal949: posts big blind $3
*** HOLE CARDS ***
degal76: folds
Uncalled bet ($2) returned to Vetal949
Vetal949 collected $2 from pot
*** SUMMARY ***
Total pot $2 | Rake $0
Seat 3: Vetal949 (big blind) collected ($2)
Seat 4: degal76 (button) (small blind) folded before Flop


PokerStars Hand #157049092113:  Hold'em Limit ($3/$6 USD) - 2016/08/09 2:46:21 ET
Table 'Phereclos' 6-max Seat #3 is the button
Seat 3: Vetal949 ($137.45 in chips)
Seat 4: degal76 ($129.83 in chips)
Vetal949: posts small blind $1
degal76: posts big blind $3
*** HOLE CARDS ***
Vetal949: raises $3 to $6
degal76: calls $3
*** FLOP *** [5h Kc 8h]
degal76: checks
Vetal949: bets $3
degal76: folds
Uncalled bet ($3) returned to Vetal949
Vetal949 collected $11.76 from pot
*** SUMMARY ***
Total pot $12 | Rake $0.24
Board [5h Kc 8h]
Seat 3: Vetal949 (button) (small blind) collected ($11.76)
Seat 4: degal76 (big blind) folded on the Flop


PokerStars Hand #157049097566:  Hold'em Limit ($3/$6 USD) - 2016/08/09 2:46:43 ET
Table 'Phereclos' 6-max Seat #4 is the button
Seat 3: Vetal949 ($147.21 in chips)
Seat 4: degal76 ($119.83 in chips)
degal76: posts small blind $1
Vetal949: posts big blind $3
*** HOLE CARDS ***
degal76: raises $3 to $6
Vetal949: raises $3 to $9
degal76: calls $3
*** FLOP *** [Js Jh 2s]
Vetal949: checks
degal76: bets $3
Vetal949: calls $3
*** TURN *** [Js Jh 2s] [Qh]
Vetal949: checks
degal76: bets $6
Vetal949: raises $6 to $12
degal76: calls $6
*** RIVER *** [Js Jh 2s Qh] [7c]
Vetal949: bets $6
degal76: calls $6
*** SHOW DOWN ***
Vetal949: shows [Ah Jd] (three of a kind, Jacks)
degal76: mucks hand
Vetal949 collected $59.50 from pot
*** SUMMARY ***
Total pot $60 | Rake $0.50
Board [Js Jh 2s Qh 7c]
Seat 3: Vetal949 (big blind) showed [Ah Jd] and won ($59.50) with three of a kind, Jacks
Seat 4: degal76 (button) (small blind) mucked


PokerStars Hand #157049103804:  Hold'em Limit ($3/$6 USD) - 2016/08/09 2:47:09 ET
Table 'Phereclos' 6-max Seat #3 is the button
Seat 3: Vetal949 ($176.71 in chips)
Seat 4: degal76 ($89.83 in chips)
Vetal949: posts small blind $1
degal76: posts big blind $3
*** HOLE CARDS ***
Vetal949: raises $3 to $6
degal76: folds
Uncalled bet ($3) returned to Vetal949
Vetal949 collected $6 from pot
*** SUMMARY ***
Total pot $6 | Rake $0
Seat 3: Vetal949 (button) (small blind) collected ($6)
Seat 4: degal76 (big blind) folded before Flop


PokerStars Hand #157049105825:  Hold'em Limit ($3/$6 USD) - 2016/08/09 2:47:17 ET
Table 'Phereclos' 6-max Seat #4 is the button
Seat 3: Vetal949 ($179.71 in chips)
Seat 4: degal76 ($86.83 in chips)
degal76: posts small blind $1
Vetal949: posts big blind $3
*** HOLE CARDS ***
degal76: calls $2
Vetal949: checks
*** FLOP *** [5c Ts 2s]
Vetal949: checks
degal76: checks
*** TURN *** [5c Ts 2s] [3c]
Vetal949: checks
degal76: bets $6
Vetal949: calls $6
*** RIVER *** [5c Ts 2s 3c] [9d]
Vetal949: checks
degal76: bets $6
Vetal949: folds
Uncalled bet ($6) returned to degal76
degal76 collected $17.64 from pot
degal76: doesn't show hand
*** SUMMARY ***
Total pot $18 | Rake $0.36
Board [5c Ts 2s 3c 9d]
Seat 3: Vetal949 (big blind) folded on the River
Seat 4: degal76 (button) (small blind) collected ($17.64)


PokerStars Hand #157049117616:  Hold'em Limit ($3/$6 USD) - 2016/08/09 2:48:06 ET
Table 'Phereclos' 6-max Seat #3 is the button
Seat 3: Vetal949 ($201.21 in chips)
Seat 4: degal76 ($184.47 in chips)
Vetal949: posts small blind $1
degal76: posts big blind $3
*** HOLE CARDS ***
Vetal949: raises $3 to $6
degal76: calls $3
*** FLOP *** [2s Qs Ah]
degal76: checks
Vetal949: bets $3
degal76: folds
Uncalled bet ($3) returned to Vetal949
Vetal949 collected $11.76 from pot
*** SUMMARY ***
Total pot $12 | Rake $0.24
Board [2s Qs Ah]
Seat 3: Vetal949 (button) (small blind) collected ($11.76)
Seat 4: degal76 (big blind) folded on the Flop


PokerStars Hand #157049120036:  Hold'em Limit ($3/$6 USD) - 2016/08/09 2:48:16 ET
Table 'Phereclos' 6-max Seat #4 is the button
Seat 3: Vetal949 ($206.97 in chips)
Seat 4: degal76 ($238.47 in chips)
degal76: posts small blind $1
Vetal949: posts big blind $3
*** HOLE CARDS ***
degal76: raises $3 to $6
Vetal949: folds
Uncalled bet ($3) returned to degal76
degal76 collected $6 from pot
degal76: doesn't show hand
*** SUMMARY ***
Total pot $6 | Rake $0
Seat 3: Vetal949 (big blind) folded before Flop
Seat 4: degal76 (button) (small blind) collected ($6)


PokerStars Hand #157049126140:  Hold'em Limit ($3/$6 USD) - 2016/08/09 2:48:41 ET
Table 'Phereclos' 6-max Seat #4 is the button
Seat 3: Vetal949 ($185.97 in chips)
Seat 4: degal76 ($258.97 in chips)
degal76: posts small blind $1
Vetal949: posts big blind $3
*** HOLE CARDS ***
degal76: raises $3 to $6
Vetal949: raises $3 to $9
degal76: raises $3 to $12
Betting is capped
Vetal949: calls $3
*** FLOP *** [4d 9s 7d]
Vetal949: checks
degal76: checks
*** TURN *** [4d 9s 7d] [Qd]
Vetal949: bets $6
degal76: calls $6
*** RIVER *** [4d 9s 7d Qd] [7s]
Vetal949: bets $6
degal76: calls $6
*** SHOW DOWN ***
Vetal949: shows [Kh Ah] (a pair of Sevens)
degal76: mucks hand
Vetal949 collected $47.50 from pot
*** SUMMARY ***
Total pot $48 | Rake $0.50
Board [4d 9s 7d Qd 7s]
Seat 3: Vetal949 (big blind) showed [Kh Ah] and won ($47.50) with a pair of Sevens
Seat 4: degal76 (button) (small blind) mucked


PokerStars Hand #157049116163:  Hold'em Limit ($3/$6 USD) - 2016/08/09 2:48:00 ET
Table 'Phereclos' 6-max Seat #4 is the button
Seat 3: Vetal949 ($200.21 in chips)
Seat 4: degal76 ($65.47 in chips)
degal76: posts small blind $1
Vetal949: posts big blind $3
*** HOLE CARDS ***
degal76: folds
Uncalled bet ($2) returned to Vetal949
Vetal949 collected $2 from pot
*** SUMMARY ***
Total pot $2 | Rake $0
Seat 3: Vetal949 (big blind) collected ($2)
Seat 4: degal76 (button) (small blind) folded before Flop


PokerStars Hand #157049110934:  Hold'em Limit ($3/$6 USD) - 2016/08/09 2:47:38 ET
Table 'Phereclos' 6-max Seat #3 is the button
Seat 3: Vetal949 ($170.71 in chips)
Seat 4: degal76 ($95.47 in chips)
Vetal949: posts small blind $1
degal76: posts big blind $3
*** HOLE CARDS ***
Vetal949: raises $3 to $6
degal76: raises $3 to $9
Vetal949: calls $3
*** FLOP *** [Ah Td 7d]
degal76: bets $3
Vetal949: calls $3
*** TURN *** [Ah Td 7d] [Ts]
degal76: bets $6
Vetal949: raises $6 to $12
degal76: calls $6
*** RIVER *** [Ah Td 7d Ts] [5h]
degal76: checks
Vetal949: bets $6
degal76: calls $6
*** SHOW DOWN ***
Vetal949: shows [Tc 4c] (three of a kind, Tens)
degal76: mucks hand
Vetal949 collected $59.50 from pot
*** SUMMARY ***
Total pot $60 | Rake $0.50
Board [Ah Td 7d Ts 5h]
Seat 3: Vetal949 (button) (small blind) showed [Tc 4c] and won ($59.50) with three of a kind, Tens
Seat 4: degal76 (big blind) mucked


PokerStars Hand #157049121574:  Hold'em Limit ($3/$6 USD) - 2016/08/09 2:48:22 ET
Table 'Phereclos' 6-max Seat #3 is the button
Seat 3: Vetal949 ($203.97 in chips)
Seat 4: degal76 ($241.47 in chips)
Vetal949: posts small blind $1
degal76: posts big blind $3
*** HOLE CARDS ***
Vetal949: raises $3 to $6
degal76: calls $3
*** FLOP *** [5d Ad Qs]
degal76: checks
Vetal949: bets $3
degal76: raises $3 to $6
Vetal949: calls $3
*** TURN *** [5d Ad Qs] [6h]
degal76: bets $6
Vetal949: calls $6
*** RIVER *** [5d Ad Qs 6h] [4h]
degal76: bets $6
Vetal949: folds
Uncalled bet ($6) returned to degal76
degal76 collected $35.50 from pot
degal76: doesn't show hand
*** SUMMARY ***
Total pot $36 | Rake $0.50
Board [5d Ad Qs 6h 4h]
Seat 3: Vetal949 (button) (small blind) folded on the River
Seat 4: degal76 (big blind) collected ($35.50)


PokerStars Hand #157049136899:  Hold'em Limit ($3/$6 USD) - 2016/08/09 2:49:25 ET
Table 'Phereclos' 6-max Seat #4 is the button
Seat 3: Vetal949 ($197.47 in chips)
Seat 4: degal76 ($246.49 in chips)
degal76: posts small blind $1
Vetal949: posts big blind $3
*** HOLE CARDS ***
degal76: folds
Uncalled bet ($2) returned to Vetal949
Vetal949 collected $2 from pot
*** SUMMARY ***
Total pot $2 | Rake $0
Seat 3: Vetal949 (big blind) collected ($2)
Seat 4: degal76 (button) (small blind) folded before Flop


PokerStars Hand #157049138197:  Hold'em Limit ($3/$6 USD) - 2016/08/09 2:49:31 ET
Table 'Phereclos' 6-max Seat #3 is the button
Seat 3: Vetal949 ($198.47 in chips)
Seat 4: degal76 ($245.49 in chips)
Vetal949: posts small blind $1
degal76: posts big blind $3
*** HOLE CARDS ***
Vetal949: raises $3 to $6
degal76: raises $3 to $9
Vetal949: calls $3
*** FLOP *** [3c 5c 8s]
degal76: bets $3
Vetal949: calls $3
*** TURN *** [3c 5c 8s] [Qc]
degal76: bets $6
Vetal949: calls $6
*** RIVER *** [3c 5c 8s Qc] [7h]
degal76: bets $6
Vetal949: calls $6
*** SHOW DOWN ***
degal76: shows [Ts Th] (a pair of Tens)
Vetal949: mucks hand
degal76 collected $47.50 from pot
*** SUMMARY ***
Total pot $48 | Rake $0.50
Board [3c 5c 8s Qc 7h]
Seat 3: Vetal949 (button) (small blind) mucked
Seat 4: degal76 (big blind) showed [Ts Th] and won ($47.50) with a pair of Tens


PokerStars Hand #157049135448:  Hold'em Limit ($3/$6 USD) - 2016/08/09 2:49:19 ET
Table 'Phereclos' 6-max Seat #3 is the button
Seat 3: Vetal949 ($198.47 in chips)
Seat 4: degal76 ($245.49 in chips)
Vetal949: posts small blind $1
degal76: posts big blind $3
*** HOLE CARDS ***
Vetal949: folds
Uncalled bet ($2) returned to degal76
degal76 collected $2 from pot
degal76: doesn't show hand
*** SUMMARY ***
Total pot $2 | Rake $0
Seat 3: Vetal949 (button) (small blind) folded before Flop
Seat 4: degal76 (big blind) collected ($2)


PokerStars Hand #157049133998:  Hold'em Limit ($3/$6 USD) - 2016/08/09 2:49:13 ET
Table 'Phereclos' 6-max Seat #4 is the button
Seat 3: Vetal949 ($197.47 in chips)
Seat 4: degal76 ($246.49 in chips)
degal76: posts small blind $1
Vetal949: posts big blind $3
*** HOLE CARDS ***
degal76: folds
Uncalled bet ($2) returned to Vetal949
Vetal949 collected $2 from pot
*** SUMMARY ***
Total pot $2 | Rake $0
Seat 3: Vetal949 (big blind) collected ($2)
Seat 4: degal76 (button) (small blind) folded before Flop


PokerStars Hand #157049130274:  Hold'em Limit ($3/$6 USD) - 2016/08/09 2:48:58 ET
Table 'Phereclos' 6-max Seat #3 is the button
Seat 3: Vetal949 ($209.47 in chips)
Seat 4: degal76 ($234.97 in chips)
Vetal949: posts small blind $1
degal76: posts big blind $3
*** HOLE CARDS ***
Vetal949: raises $3 to $6
degal76: calls $3
*** FLOP *** [Kc 2d 3s]
degal76: checks
Vetal949: bets $3
degal76: raises $3 to $6
Vetal949: calls $3
*** TURN *** [Kc 2d 3s] [4d]
degal76: bets $6
Vetal949: folds
Uncalled bet ($6) returned to degal76
degal76 collected $23.52 from pot
degal76: doesn't show hand
*** SUMMARY ***
Total pot $24 | Rake $0.48
Board [Kc 2d 3s 4d]
Seat 3: Vetal949 (button) (small blind) folded on the Turn
Seat 4: degal76 (big blind) collected ($23.52)


PokerStars Hand #157049149953:  Hold'em Limit ($3/$6 USD) - 2016/08/09 2:50:19 ET
Table 'Phereclos' 6-max Seat #3 is the button
Seat 3: Vetal949 ($176.11 in chips)
Seat 4: degal76 ($266.75 in chips)
Vetal949: posts small blind $1
degal76: posts big blind $3
*** HOLE CARDS ***
Vetal949: raises $3 to $6
degal76: calls $3
*** FLOP *** [2d 3d 8c]
degal76: checks
Vetal949: bets $3
degal76: calls $3
*** TURN *** [2d 3d 8c] [9s]
degal76: checks
Vetal949: checks
*** RIVER *** [2d 3d 8c 9s] [2c]
degal76: bets $6
Vetal949: calls $6
*** SHOW DOWN ***
degal76: shows [6c 5c] (a pair of Deuces)
Vetal949: shows [Ac 4h] (a pair of Deuces - Ace kicker)
Vetal949 collected $29.50 from pot
*** SUMMARY ***
Total pot $30 | Rake $0.50
Board [2d 3d 8c 9s 2c]
Seat 3: Vetal949 (button) (small blind) showed [Ac 4h] and won ($29.50) with a pair of Deuces
Seat 4: degal76 (big blind) showed [6c 5c] and lost with a pair of Deuces


PokerStars Hand #157049146602:  Hold'em Limit ($3/$6 USD) - 2016/08/09 2:50:05 ET
Table 'Phereclos' 6-max Seat #4 is the button
Seat 3: Vetal949 ($167.47 in chips)
Seat 4: degal76 ($275.75 in chips)
degal76: posts small blind $1
Vetal949: posts big blind $3
*** HOLE CARDS ***
degal76: raises $3 to $6
Vetal949: raises $3 to $9
degal76: calls $3
*** FLOP *** [2s As Ts]
Vetal949: checks
degal76: checks
*** TURN *** [2s As Ts] [Ks]
Vetal949: bets $6
degal76: folds
Uncalled bet ($6) returned to Vetal949
Vetal949 collected $17.64 from pot
*** SUMMARY ***
Total pot $18 | Rake $0.36
Board [2s As Ts Ks]
Seat 3: Vetal949 (big blind) collected ($17.64)
Seat 4: degal76 (button) (small blind) folded on the Turn


PokerStars Hand #157049154044:  Hold'em Limit ($3/$6 USD) - 2016/08/09 2:50:36 ET
Table 'Phereclos' 6-max Seat #4 is the button
Seat 3: Vetal949 ($190.61 in chips)
Seat 4: degal76 ($251.75 in chips)
degal76: posts small blind $1
Vetal949: posts big blind $3
*** HOLE CARDS ***
degal76: raises $3 to $6
Vetal949: raises $3 to $9
degal76: raises $3 to $12
Betting is capped
Vetal949: calls $3
*** FLOP *** [Ah 2d 6h]
Vetal949: checks
degal76: bets $3
Vetal949: calls $3
*** TURN *** [Ah 2d 6h] [Ac]
Vetal949: checks
degal76: bets $6
Vetal949: folds
Uncalled bet ($6) returned to degal76
degal76 collected $29.50 from pot
degal76: doesn't show hand
*** SUMMARY ***
Total pot $30 | Rake $0.50
Board [Ah 2d 6h Ac]
Seat 3: Vetal949 (big blind) folded on the Turn
Seat 4: degal76 (button) (small blind) collected ($29.50)


PokerStars Hand #157049145410:  Hold'em Limit ($3/$6 USD) - 2016/08/09 2:50:00 ET
Table 'Phereclos' 6-max Seat #3 is the button
Seat 3: Vetal949 ($168.47 in chips)
Seat 4: degal76 ($274.75 in chips)
Vetal949: posts small blind $1
degal76: posts big blind $3
*** HOLE CARDS ***
Vetal949: folds
Uncalled bet ($2) returned to degal76
degal76 collected $2 from pot
degal76: doesn't show hand
*** SUMMARY ***
Total pot $2 | Rake $0
Seat 3: Vetal949 (button) (small blind) folded before Flop
Seat 4: degal76 (big blind) collected ($2)


PokerStars Hand #157049142862:  Hold'em Limit ($3/$6 USD) - 2016/08/09 2:49:50 ET
Table 'Phereclos' 6-max Seat #4 is the button
Seat 3: Vetal949 ($174.47 in chips)
Seat 4: degal76 ($268.99 in chips)
degal76: posts small blind $1
Vetal949: posts big blind $3
*** HOLE CARDS ***
degal76: raises $3 to $6
Vetal949: calls $3
*** FLOP *** [3c 9d Th]
Vetal949: checks
degal76: bets $3
Vetal949: folds
Uncalled bet ($3) returned to degal76
degal76 collected $11.76 from pot
degal76: doesn't show hand
*** SUMMARY ***
Total pot $12 | Rake $0.24
Board [3c 9d Th]
Seat 3: Vetal949 (big blind) folded on the Flop
Seat 4: degal76 (button) (small blind) collected ($11.76)


PokerStars Hand #157049158390:  Hold'em Limit ($3/$6 USD) - 2016/08/09 2:50:53 ET
Table 'Phereclos' 6-max Seat #3 is the button
Seat 3: Vetal949 ($175.61 in chips)
Seat 4: degal76 ($266.25 in chips)
Vetal949: posts small blind $1
degal76: posts big blind $3
*** HOLE CARDS ***
Vetal949: raises $3 to $6
degal76: calls $3
*** FLOP *** [6s 4h Qc]
degal76: checks
Vetal949: checks
*** TURN *** [6s 4h Qc] [Jh]
degal76: bets $6
Vetal949: calls $6
*** RIVER *** [6s 4h Qc Jh] [8d]
degal76: bets $6
Vetal949: calls $6
*** SHOW DOWN ***
degal76: shows [9h 7h] (high card Queen)
Vetal949: shows [7s 6h] (a pair of Sixes)
Vetal949 collected $35.50 from pot
*** SUMMARY ***
Total pot $36 | Rake $0.50
Board [6s 4h Qc Jh 8d]
Seat 3: Vetal949 (button) (small blind) showed [7s 6h] and won ($35.50) with a pair of Sixes
Seat 4: degal76 (big blind) showed [9h 7h] and lost with high card Queen


PokerStars Hand #157049166931:  Hold'em Limit ($3/$6 USD) - 2016/08/09 2:51:28 ET
Table 'Phereclos' 6-max Seat #3 is the button
Seat 3: Vetal949 ($194.11 in chips)
Seat 4: degal76 ($307.25 in chips)
Vetal949: posts small blind $1
degal76: posts big blind $3
*** HOLE CARDS ***
Vetal949: raises $3 to $6
degal76: folds
Uncalled bet ($3) returned to Vetal949
Vetal949 collected $6 from pot
*** SUMMARY ***
Total pot $6 | Rake $0
Seat 3: Vetal949 (button) (small blind) collected ($6)
Seat 4: degal76 (big blind) folded before Flop


PokerStars Hand #157049162334:  Hold'em Limit ($3/$6 USD) - 2016/08/09 2:51:10 ET
Table 'Phereclos' 6-max Seat #4 is the button
Seat 3: Vetal949 ($193.11 in chips)
Seat 4: degal76 ($248.25 in chips)
degal76: posts small blind $1
Vetal949: posts big blind $3
*** HOLE CARDS ***
degal76: folds
Uncalled bet ($2) returned to Vetal949
Vetal949 collected $2 from pot
*** SUMMARY ***
Total pot $2 | Rake $0
Seat 3: Vetal949 (big blind) collected ($2)
Seat 4: degal76 (button) (small blind) folded before Flop


PokerStars Hand #157049165380:  Hold'em Limit ($3/$6 USD) - 2016/08/09 2:51:22 ET
Table 'Phereclos' 6-max Seat #4 is the button
Seat 3: Vetal949 ($197.11 in chips)
Seat 4: degal76 ($304.25 in chips)
degal76: posts small blind $1
Vetal949: posts big blind $3
*** HOLE CARDS ***
degal76: raises $3 to $6
Vetal949: folds
Uncalled bet ($3) returned to degal76
degal76 collected $6 from pot
degal76: doesn't show hand
*** SUMMARY ***
Total pot $6 | Rake $0
Seat 3: Vetal949 (big blind) folded before Flop
Seat 4: degal76 (button) (small blind) collected ($6)


PokerStars Hand #157049163583:  Hold'em Limit ($3/$6 USD) - 2016/08/09 2:51:15 ET
Table 'Phereclos' 6-max Seat #3 is the button
Seat 3: Vetal949 ($194.11 in chips)
Seat 4: degal76 ($307.25 in chips)
Vetal949: posts small blind $1
degal76: posts big blind $3
*** HOLE CARDS ***
Vetal949: raises $3 to $6
degal76: folds
Uncalled bet ($3) returned to Vetal949
Vetal949 collected $6 from pot
*** SUMMARY ***
Total pot $6 | Rake $0
Seat 3: Vetal949 (button) (small blind) collected ($6)
Seat 4: degal76 (big blind) folded before Flop


PokerStars Hand #157049181288:  Hold'em Limit ($3/$6 USD) - 2016/08/09 2:52:28 ET
Table 'Phereclos' 6-max Seat #3 is the button
Seat 3: Vetal949 ($198.87 in chips)
Seat 4: degal76 ($302.13 in chips)
Vetal949: posts small blind $1
degal76: posts big blind $3
*** HOLE CARDS ***
Vetal949: raises $3 to $6
degal76: calls $3
*** FLOP *** [9c Kc 7c]
degal76: checks
Vetal949: bets $3
degal76: raises $3 to $6
Vetal949: calls $3
*** TURN *** [9c Kc 7c] [5h]
degal76: bets $6
Vetal949: raises $6 to $12
degal76: calls $6
*** RIVER *** [9c Kc 7c 5h] [2d]
degal76: checks
Vetal949: bets $6
degal76: calls $6
*** SHOW DOWN ***
Vetal949: shows [8c 6d] (a straight, Five to Nine)
degal76: mucks hand
Vetal949 collected $59.50 from pot
*** SUMMARY ***
Total pot $60 | Rake $0.50
Board [9c Kc 7c 5h 2d]
Seat 3: Vetal949 (button) (small blind) showed [8c 6d] and won ($59.50) with a straight, Five to Nine
Seat 4: degal76 (big blind) mucked


PokerStars Hand #157049176982:  Hold'em Limit ($3/$6 USD) - 2016/08/09 2:52:10 ET
Table 'Phereclos' 6-max Seat #4 is the button
Seat 3: Vetal949 ($193.11 in chips)
Seat 4: degal76 ($308.13 in chips)
degal76: posts small blind $1
Vetal949: posts big blind $3
*** HOLE CARDS ***
degal76: calls $2
Vetal949: checks
*** FLOP *** [Jd 7h 4s]
Vetal949: checks
degal76: bets $3
Vetal949: calls $3
*** TURN *** [Jd 7h 4s] [4c]
Vetal949: checks
degal76: checks
*** RIVER *** [Jd 7h 4s 4c] [6d]
Vetal949: bets $6
degal76: folds
Uncalled bet ($6) returned to Vetal949
Vetal949 collected $11.76 from pot
*** SUMMARY ***
Total pot $12 | Rake $0.24
Board [Jd 7h 4s 4c 6d]
Seat 3: Vetal949 (big blind) collected ($11.76)
Seat 4: degal76 (button) (small blind) folded on the River


PokerStars Hand #157049175721:  Hold'em Limit ($3/$6 USD) - 2016/08/09 2:52:05 ET
Table 'Phereclos' 6-max Seat #3 is the button
Seat 3: Vetal949 ($194.11 in chips)
Seat 4: degal76 ($307.13 in chips)
Vetal949: posts small blind $1
degal76: posts big blind $3
*** HOLE CARDS ***
Vetal949: folds
Uncalled bet ($2) returned to degal76
degal76 collected $2 from pot
degal76: doesn't show hand
*** SUMMARY ***
Total pot $2 | Rake $0
Seat 3: Vetal949 (button) (small blind) folded before Flop
Seat 4: degal76 (big blind) collected ($2)


PokerStars Hand #157049171940:  Hold'em Limit ($3/$6 USD) - 2016/08/09 2:51:49 ET
Table 'Phereclos' 6-max Seat #4 is the button
Seat 3: Vetal949 ($197.11 in chips)
Seat 4: degal76 ($304.25 in chips)
degal76: posts small blind $1
Vetal949: posts big blind $3
*** HOLE CARDS ***
degal76: calls $2
Vetal949: checks
*** FLOP *** [Ad 3c 9s]
Vetal949: checks
degal76: checks
*** TURN *** [Ad 3c 9s] [9d]
Vetal949: checks
degal76: bets $6
Vetal949: folds
Uncalled bet ($6) returned to degal76
degal76 collected $5.88 from pot
degal76: doesn't show hand
*** SUMMARY ***
Total pot $6 | Rake $0.12
Board [Ad 3c 9s 9d]
Seat 3: Vetal949 (big blind) folded on the Turn
Seat 4: degal76 (button) (small blind) collected ($5.88)


PokerStars Hand #157049186803:  Hold'em Limit ($3/$6 USD) - 2016/08/09 2:52:51 ET
Table 'Phereclos' 6-max Seat #4 is the button
Seat 3: Vetal949 ($228.37 in chips)
Seat 4: degal76 ($272.13 in chips)
degal76: posts small blind $1
Vetal949: posts big blind $3
*** HOLE CARDS ***
degal76: raises $3 to $6
Vetal949: calls $3
*** FLOP *** [Ah Js 4h]
Vetal949: checks
degal76: bets $3
Vetal949: folds
Uncalled bet ($3) returned to degal76
degal76 collected $11.76 from pot
degal76: doesn't show hand
*** SUMMARY ***
Total pot $12 | Rake $0.24
Board [Ah Js 4h]
Seat 3: Vetal949 (big blind) folded on the Flop
Seat 4: degal76 (button) (small blind) collected ($11.76)


PokerStars Hand #157049193242:  Hold'em Limit ($3/$6 USD) - 2016/08/09 2:53:17 ET
Table 'Phereclos' 6-max Seat #4 is the button
Seat 3: Vetal949 ($239.87 in chips)
Seat 4: degal76 ($259.89 in chips)
degal76: posts small blind $1
Vetal949: posts big blind $3
*** HOLE CARDS ***
degal76: calls $2
Vetal949: checks
*** FLOP *** [2s 8d 5d]
Vetal949: checks
degal76: bets $3
Vetal949: calls $3
*** TURN *** [2s 8d 5d] [Qc]
Vetal949: checks
degal76: bets $6
Vetal949: calls $6
*** RIVER *** [2s 8d 5d Qc] [Kd]
Vetal949: checks
degal76: bets $6
Vetal949: folds
Uncalled bet ($6) returned to degal76
degal76 collected $23.52 from pot
degal76: doesn't show hand
*** SUMMARY ***
Total pot $24 | Rake $0.48
Board [2s 8d 5d Qc Kd]
Seat 3: Vetal949 (big blind) folded on the River
Seat 4: degal76 (button) (small blind) collected ($23.52)


PokerStars Hand #157049189441:  Hold'em Limit ($3/$6 USD) - 2016/08/09 2:53:02 ET
Table 'Phereclos' 6-max Seat #3 is the button
Seat 3: Vetal949 ($222.37 in chips)
Seat 4: degal76 ($277.89 in chips)
Vetal949: posts small blind $1
degal76: posts big blind $3
*** HOLE CARDS ***
Vetal949: raises $3 to $6
degal76: calls $3
*** FLOP *** [7h 6d 6h]
degal76: checks
Vetal949: bets $3
degal76: raises $3 to $6
Vetal949: calls $3
*** TURN *** [7h 6d 6h] [Tc]
degal76: bets $6
Vetal949: raises $6 to $12
degal76: folds
Uncalled bet ($6) returned to Vetal949
Vetal949 collected $35.50 from pot
*** SUMMARY ***
Total pot $36 | Rake $0.50
Board [7h 6d 6h Tc]
Seat 3: Vetal949 (button) (small blind) collected ($35.50)
Seat 4: degal76 (big blind) folded on the Turn


PokerStars Hand #157049198269:  Hold'em Limit ($3/$6 USD) - 2016/08/09 2:53:38 ET
Table 'Phereclos' 6-max Seat #3 is the button
Seat 3: Vetal949 ($227.87 in chips)
Seat 4: degal76 ($271.41 in chips)
Vetal949: posts small blind $1
degal76: posts big blind $3
*** HOLE CARDS ***
Vetal949: raises $3 to $6
degal76: calls $3
*** FLOP *** [Kd Qh 6s]
degal76: checks
Vetal949: checks
*** TURN *** [Kd Qh 6s] [9h]
degal76: checks
Vetal949: checks
*** RIVER *** [Kd Qh 6s 9h] [5s]
degal76: checks
Vetal949: bets $6
degal76: folds
Uncalled bet ($6) returned to Vetal949
Vetal949 collected $11.76 from pot
*** SUMMARY ***
Total pot $12 | Rake $0.24
Board [Kd Qh 6s 9h 5s]
Seat 3: Vetal949 (button) (small blind) collected ($11.76)
Seat 4: degal76 (big blind) folded on the River


PokerStars Hand #157049211656:  Hold'em Limit ($3/$6 USD) - 2016/08/09 2:54:33 ET
Table 'Phereclos' 6-max Seat #4 is the button
Seat 3: Vetal949 ($257.13 in chips)
Seat 4: degal76 ($241.17 in chips)
degal76: posts small blind $1
Vetal949: posts big blind $3
*** HOLE CARDS ***
degal76: folds
Uncalled bet ($2) returned to Vetal949
Vetal949 collected $2 from pot
*** SUMMARY ***
Total pot $2 | Rake $0
Seat 3: Vetal949 (big blind) collected ($2)
Seat 4: degal76 (button) (small blind) folded before Flop


PokerStars Hand #157049207035:  Hold'em Limit ($3/$6 USD) - 2016/08/09 2:54:15 ET
Table 'Phereclos' 6-max Seat #3 is the button
Seat 3: Vetal949 ($263.13 in chips)
Seat 4: degal76 ($235.41 in chips)
Vetal949: posts small blind $1
degal76: posts big blind $3
*** HOLE CARDS ***
Vetal949: raises $3 to $6
degal76: calls $3
*** FLOP *** [Kd Kc 9h]
degal76: checks
Vetal949: checks
*** TURN *** [Kd Kc 9h] [9c]
degal76: checks
Vetal949: checks
*** RIVER *** [Kd Kc 9h 9c] [5h]
degal76: checks
Vetal949: checks
*** SHOW DOWN ***
degal76: shows [Td 4d] (two pair, Kings and Nines)
Vetal949: mucks hand
degal76 collected $11.76 from pot
*** SUMMARY ***
Total pot $12 | Rake $0.24
Board [Kd Kc 9h 9c 5h]
Seat 3: Vetal949 (button) (small blind) mucked
Seat 4: degal76 (big blind) showed [Td 4d] and won ($11.76) with two pair, Kings and Nines


PokerStars Hand #157049213121:  Hold'em Limit ($3/$6 USD) - 2016/08/09 2:54:39 ET
Table 'Phereclos' 6-max Seat #3 is the button
Seat 3: Vetal949 ($258.13 in chips)
Seat 4: degal76 ($240.17 in chips)
Vetal949: posts small blind $1
degal76: posts big blind $3
*** HOLE CARDS ***
Vetal949: raises $3 to $6
degal76: raises $3 to $9
Vetal949: calls $3
*** FLOP *** [Tc 5c 8c]
degal76: bets $3
Vetal949: folds
Uncalled bet ($3) returned to degal76
degal76 collected $17.64 from pot
degal76: doesn't show hand
*** SUMMARY ***
Total pot $18 | Rake $0.36
Board [Tc 5c 8c]
Seat 3: Vetal949 (button) (small blind) folded on the Flop
Seat 4: degal76 (big blind) collected ($17.64)


PokerStars Hand #157049201956:  Hold'em Limit ($3/$6 USD) - 2016/08/09 2:53:54 ET
Table 'Phereclos' 6-max Seat #4 is the button
Seat 3: Vetal949 ($233.63 in chips)
Seat 4: degal76 ($265.41 in chips)
degal76: posts small blind $1
Vetal949: posts big blind $3
*** HOLE CARDS ***
degal76: raises $3 to $6
Vetal949: raises $3 to $9
degal76: calls $3
*** FLOP *** [9d 4c 8d]
Vetal949: checks
degal76: bets $3
Vetal949: calls $3
*** TURN *** [9d 4c 8d] [Qh]
Vetal949: checks
degal76: bets $6
Vetal949: raises $6 to $12
degal76: calls $6
*** RIVER *** [9d 4c 8d Qh] [4d]
Vetal949: bets $6
degal76: calls $6
*** SHOW DOWN ***
Vetal949: shows [9h Kh] (two pair, Nines and Fours)
degal76: mucks hand
Vetal949 collected $59.50 from pot
*** SUMMARY ***
Total pot $60 | Rake $0.50
Board [9d 4c 8d Qh 4d]
Seat 3: Vetal949 (big blind) showed [9h Kh] and won ($59.50) with two pair, Nines and Fours
Seat 4: degal76 (button) (small blind) mucked


PokerStars Hand #157049221064:  Hold'em Limit ($3/$6 USD) - 2016/08/09 2:55:12 ET
Table 'Phereclos' 6-max Seat #4 is the button
Seat 3: Vetal949 ($256.77 in chips)
Seat 4: degal76 ($240.81 in chips)
degal76: posts small blind $1
Vetal949: posts big blind $3
*** HOLE CARDS ***
degal76: raises $3 to $6
Vetal949: calls $3
*** FLOP *** [4d 4s 2d]
Vetal949: checks
degal76: bets $3
Vetal949: calls $3
*** TURN *** [4d 4s 2d] [9s]
Vetal949: checks
degal76: checks
*** RIVER *** [4d 4s 2d 9s] [6d]
Vetal949: checks
degal76: checks
*** SHOW DOWN ***
Vetal949: shows [3s Ts] (a pair of Fours)
degal76: shows [Kd 7c] (a pair of Fours - King kicker)
degal76 collected $17.64 from pot
*** SUMMARY ***
Total pot $18 | Rake $0.36
Board [4d 4s 2d 9s 6d]
Seat 3: Vetal949 (big blind) showed [3s Ts] and lost with a pair of Fours
Seat 4: degal76 (button) (small blind) showed [Kd 7c] and won ($17.64) with a pair of Fours


PokerStars Hand #157049224785:  Hold'em Limit ($3/$6 USD) - 2016/08/09 2:55:29 ET
Table 'Phereclos' 6-max Seat #3 is the button
Seat 3: Vetal949 ($247.77 in chips)
Seat 4: degal76 ($249.45 in chips)
Vetal949: posts small blind $1
degal76: posts big blind $3
*** HOLE CARDS ***
Vetal949: raises $3 to $6
degal76: calls $3
*** FLOP *** [8s 7c 6d]
degal76: checks
Vetal949: bets $3
degal76: calls $3
*** TURN *** [8s 7c 6d] [6h]
degal76: checks
Vetal949: checks
*** RIVER *** [8s 7c 6d 6h] [2s]
degal76: bets $6
Vetal949: calls $6
*** SHOW DOWN ***
degal76: shows [Kh 6s] (three of a kind, Sixes)
Vetal949: mucks hand
degal76 collected $29.50 from pot
*** SUMMARY ***
Total pot $30 | Rake $0.50
Board [8s 7c 6d 6h 2s]
Seat 3: Vetal949 (button) (small blind) mucked
Seat 4: degal76 (big blind) showed [Kh 6s] and won ($29.50) with three of a kind, Sixes


PokerStars Hand #157049215923:  Hold'em Limit ($3/$6 USD) - 2016/08/09 2:54:51 ET
Table 'Phereclos' 6-max Seat #4 is the button
Seat 3: Vetal949 ($249.13 in chips)
Seat 4: degal76 ($248.81 in chips)
degal76: posts small blind $1
Vetal949: posts big blind $3
*** HOLE CARDS ***
degal76: raises $3 to $6
Vetal949: calls $3
*** FLOP *** [9c Kh 3d]
Vetal949: checks
degal76: bets $3
Vetal949: calls $3
*** TURN *** [9c Kh 3d] [2c]
Vetal949: checks
degal76: checks
*** RIVER *** [9c Kh 3d 2c] [9h]
Vetal949: bets $6
degal76: folds
Uncalled bet ($6) returned to Vetal949
Vetal949 collected $17.64 from pot
*** SUMMARY ***
Total pot $18 | Rake $0.36
Board [9c Kh 3d 2c 9h]
Seat 3: Vetal949 (big blind) collected ($17.64)
Seat 4: degal76 (button) (small blind) folded on the River


PokerStars Hand #157049219697:  Hold'em Limit ($3/$6 USD) - 2016/08/09 2:55:06 ET
Table 'Phereclos' 6-max Seat #3 is the button
Seat 3: Vetal949 ($257.77 in chips)
Seat 4: degal76 ($239.81 in chips)
Vetal949: posts small blind $1
degal76: posts big blind $3
*** HOLE CARDS ***
Vetal949: folds
Uncalled bet ($2) returned to degal76
degal76 collected $2 from pot
degal76: doesn't show hand
*** SUMMARY ***
Total pot $2 | Rake $0
Seat 3: Vetal949 (button) (small blind) folded before Flop
Seat 4: degal76 (big blind) collected ($2)


PokerStars Hand #157049241970:  Hold'em Limit ($3/$6 USD) - 2016/08/09 2:56:38 ET
Table 'Phereclos' 6-max Seat #4 is the button
Seat 3: Vetal949 ($223.27 in chips)
Seat 4: degal76 ($272.45 in chips)
degal76: posts small blind $1
Vetal949: posts big blind $3
*** HOLE CARDS ***
degal76: raises $3 to $6
Vetal949: calls $3
*** FLOP *** [Kd Ac Jh]
Vetal949: checks
degal76: bets $3
Vetal949: folds
Uncalled bet ($3) returned to degal76
degal76 collected $11.76 from pot
degal76: doesn't show hand
*** SUMMARY ***
Total pot $12 | Rake $0.24
Board [Kd Ac Jh]
Seat 3: Vetal949 (big blind) folded on the Flop
Seat 4: degal76 (button) (small blind) collected ($11.76)


PokerStars Hand #157049228495:  Hold'em Limit ($3/$6 USD) - 2016/08/09 2:55:46 ET
Table 'Phereclos' 6-max Seat #4 is the button
Seat 3: Vetal949 ($232.77 in chips)
Seat 4: degal76 ($263.95 in chips)
degal76: posts small blind $1
Vetal949: posts big blind $3
*** HOLE CARDS ***
degal76: calls $2
Vetal949: raises $3 to $6
degal76: calls $3
*** FLOP *** [3d 3s As]
Vetal949: checks
degal76: bets $3
Vetal949: calls $3
*** TURN *** [3d 3s As] [Jh]
Vetal949: checks
degal76: checks
*** RIVER *** [3d 3s As Jh] [8c]
Vetal949: bets $6
degal76: calls $6
*** SHOW DOWN ***
Vetal949: shows [Qd Ah] (two pair, Aces and Threes)
degal76: mucks hand
Vetal949 collected $29.50 from pot
*** SUMMARY ***
Total pot $30 | Rake $0.50
Board [3d 3s As Jh 8c]
Seat 3: Vetal949 (big blind) showed [Qd Ah] and won ($29.50) with two pair, Aces and Threes
Seat 4: degal76 (button) (small blind) mucked


PokerStars Hand #157049240510:  Hold'em Limit ($3/$6 USD) - 2016/08/09 2:56:31 ET
Table 'Phereclos' 6-max Seat #3 is the button
Seat 3: Vetal949 ($224.27 in chips)
Seat 4: degal76 ($271.45 in chips)
Vetal949: posts small blind $1
degal76: posts big blind $3
*** HOLE CARDS ***
Vetal949: folds
Uncalled bet ($2) returned to degal76
degal76 collected $2 from pot
degal76: doesn't show hand
*** SUMMARY ***
Total pot $2 | Rake $0
Seat 3: Vetal949 (button) (small blind) folded before Flop
Seat 4: degal76 (big blind) collected ($2)


PokerStars Hand #157049236892:  Hold'em Limit ($3/$6 USD) - 2016/08/09 2:56:25 ET
Table 'Phereclos' 6-max Seat #4 is the button
Seat 3: Vetal949 ($223.27 in chips)
Seat 4: degal76 ($272.45 in chips)
degal76: posts small blind $1
Vetal949: posts big blind $3
*** HOLE CARDS ***
degal76: folds
Uncalled bet ($2) returned to Vetal949
Vetal949 collected $2 from pot
*** SUMMARY ***
Total pot $2 | Rake $0
Seat 3: Vetal949 (big blind) collected ($2)
Seat 4: degal76 (button) (small blind) folded before Flop


PokerStars Hand #157049244593:  Hold'em Limit ($3/$6 USD) - 2016/08/09 2:56:50 ET
Table 'Phereclos' 6-max Seat #3 is the button
Seat 3: Vetal949 ($217.27 in chips)
Seat 4: degal76 ($278.21 in chips)
Vetal949: posts small blind $1
degal76: posts big blind $3
*** HOLE CARDS ***
Vetal949: folds
Uncalled bet ($2) returned to degal76
degal76 collected $2 from pot
degal76: doesn't show hand
*** SUMMARY ***
Total pot $2 | Rake $0
Seat 3: Vetal949 (button) (small blind) folded before Flop
Seat 4: degal76 (big blind) collected ($2)


PokerStars Hand #157049232992:  Hold'em Limit ($3/$6 USD) - 2016/08/09 2:56:07 ET
Table 'Phereclos' 6-max Seat #3 is the button
Seat 3: Vetal949 ($247.27 in chips)
Seat 4: degal76 ($248.95 in chips)
Vetal949: posts small blind $1
degal76: posts big blind $3
*** HOLE CARDS ***
Vetal949: raises $3 to $6
degal76: raises $3 to $9
Vetal949: calls $3
*** FLOP *** [8d 6d 2c]
degal76: bets $3
Vetal949: calls $3
*** TURN *** [8d 6d 2c] [Ts]
degal76: bets $6
Vetal949: calls $6
*** RIVER *** [8d 6d 2c Ts] [3h]
degal76: bets $6
Vetal949: calls $6
*** SHOW DOWN ***
degal76: shows [Jd Jc] (a pair of Jacks)
Vetal949: mucks hand
degal76 collected $47.50 from pot
*** SUMMARY ***
Total pot $48 | Rake $0.50
Board [8d 6d 2c Ts 3h]
Seat 3: Vetal949 (button) (small blind) mucked
Seat 4: degal76 (big blind) showed [Jd Jc] and won ($47.50) with a pair of Jacks


PokerStars Hand #157049250668:  Hold'em Limit ($3/$6 USD) - 2016/08/09 2:57:17 ET
Table 'Phereclos' 6-max Seat #4 is the button
Seat 3: Vetal949 ($223.91 in chips)
Seat 4: degal76 ($271.21 in chips)
degal76: posts small blind $1
Vetal949: posts big blind $3
*** HOLE CARDS ***
degal76: raises $3 to $6
Vetal949: calls $3
*** FLOP *** [Kd Jc Js]
Vetal949: checks
degal76: bets $3
Vetal949: folds
Uncalled bet ($3) returned to degal76
degal76 collected $11.76 from pot
degal76: doesn't show hand
*** SUMMARY ***
Total pot $12 | Rake $0.24
Board [Kd Jc Js]
Seat 3: Vetal949 (big blind) folded on the Flop
Seat 4: degal76 (button) (small blind) collected ($11.76)


PokerStars Hand #157049252945:  Hold'em Limit ($3/$6 USD) - 2016/08/09 2:57:28 ET
Table 'Phereclos' 6-max Seat #3 is the button
Seat 3: Vetal949 ($217.91 in chips)
Seat 4: degal76 ($276.97 in chips)
Vetal949: posts small blind $1
degal76: posts big blind $3
*** HOLE CARDS ***
Vetal949: folds
Uncalled bet ($2) returned to degal76
degal76 collected $2 from pot
degal76: doesn't show hand
*** SUMMARY ***
Total pot $2 | Rake $0
Seat 3: Vetal949 (button) (small blind) folded before Flop
Seat 4: degal76 (big blind) collected ($2)


PokerStars Hand #157049258645:  Hold'em Limit ($3/$6 USD) - 2016/08/09 2:57:54 ET
Table 'Phereclos' 6-max Seat #3 is the button
Seat 3: Vetal949 ($195.91 in chips)
Seat 4: degal76 ($298.47 in chips)
Vetal949: posts small blind $1
degal76: posts big blind $3
*** HOLE CARDS ***
Vetal949: folds
Uncalled bet ($2) returned to degal76
degal76 collected $2 from pot
degal76: doesn't show hand
*** SUMMARY ***
Total pot $2 | Rake $0
Seat 3: Vetal949 (button) (small blind) folded before Flop
Seat 4: degal76 (big blind) collected ($2)


PokerStars Hand #157049254110:  Hold'em Limit ($3/$6 USD) - 2016/08/09 2:57:33 ET
Table 'Phereclos' 6-max Seat #4 is the button
Seat 3: Vetal949 ($216.91 in chips)
Seat 4: degal76 ($277.97 in chips)
degal76: posts small blind $1
Vetal949: posts big blind $3
*** HOLE CARDS ***
degal76: raises $3 to $6
Vetal949: calls $3
*** FLOP *** [5d 3h 2c]
Vetal949: checks
degal76: bets $3
Vetal949: calls $3
*** TURN *** [5d 3h 2c] [4d]
Vetal949: checks
degal76: bets $6
Vetal949: calls $6
*** RIVER *** [5d 3h 2c 4d] [4h]
Vetal949: checks
degal76: bets $6
Vetal949: calls $6
*** SHOW DOWN ***
degal76: shows [6h 9s] (a straight, Deuce to Six)
Vetal949: mucks hand
degal76 collected $41.50 from pot
*** SUMMARY ***
Total pot $42 | Rake $0.50
Board [5d 3h 2c 4d 4h]
Seat 3: Vetal949 (big blind) mucked
Seat 4: degal76 (button) (small blind) showed [6h 9s] and won ($41.50) with a straight, Deuce to Six


PokerStars Hand #157049249434:  Hold'em Limit ($3/$6 USD) - 2016/08/09 2:57:12 ET
Table 'Phereclos' 6-max Seat #3 is the button
Seat 3: Vetal949 ($224.91 in chips)
Seat 4: degal76 ($270.21 in chips)
Vetal949: posts small blind $1
degal76: posts big blind $3
*** HOLE CARDS ***
Vetal949: folds
Uncalled bet ($2) returned to degal76
degal76 collected $2 from pot
degal76: doesn't show hand
*** SUMMARY ***
Total pot $2 | Rake $0
Seat 3: Vetal949 (button) (small blind) folded before Flop
Seat 4: degal76 (big blind) collected ($2)


PokerStars Hand #157049263507:  Hold'em Limit ($3/$6 USD) - 2016/08/09 2:58:16 ET
Table 'Phereclos' 6-max Seat #4 is the button
Seat 3: Vetal949 ($202.55 in chips)
Seat 4: degal76 ($291.47 in chips)
degal76: posts small blind $1
Vetal949: posts big blind $3
*** HOLE CARDS ***
degal76: calls $2
Vetal949: checks
*** FLOP *** [Kd Jc 6d]
Vetal949: checks
degal76: bets $3
Vetal949: folds
Uncalled bet ($3) returned to degal76
degal76 collected $5.88 from pot
degal76: doesn't show hand
*** SUMMARY ***
Total pot $6 | Rake $0.12
Board [Kd Jc 6d]
Seat 3: Vetal949 (big blind) folded on the Flop
Seat 4: degal76 (button) (small blind) collected ($5.88)


PokerStars Hand #157049260112:  Hold'em Limit ($3/$6 USD) - 2016/08/09 2:58:00 ET
Table 'Phereclos' 6-max Seat #4 is the button
Seat 3: Vetal949 ($194.91 in chips)
Seat 4: degal76 ($299.47 in chips)
degal76: posts small blind $1
Vetal949: posts big blind $3
*** HOLE CARDS ***
degal76: raises $3 to $6
Vetal949: raises $3 to $9
degal76: calls $3
*** FLOP *** [2h Qh Jd]
Vetal949: bets $3
degal76: folds
Uncalled bet ($3) returned to Vetal949
Vetal949 collected $17.64 from pot
*** SUMMARY ***
Total pot $18 | Rake $0.36
Board [2h Qh Jd]
Seat 3: Vetal949 (big blind) collected ($17.64)
Seat 4: degal76 (button) (small blind) folded on the Flop


PokerStars Hand #157049268012:  Hold'em Limit ($3/$6 USD) - 2016/08/09 2:58:36 ET
Table 'Phereclos' 6-max Seat #4 is the button
Seat 3: Vetal949 ($202.55 in chips)
Seat 4: degal76 ($291.35 in chips)
degal76: posts small blind $1
Vetal949: posts big blind $3
*** HOLE CARDS ***
degal76: calls $2
Vetal949: checks
*** FLOP *** [3c 7h 3h]
Vetal949: checks
degal76: bets $3
Vetal949: calls $3
*** TURN *** [3c 7h 3h] [Jh]
Vetal949: checks
degal76: checks
*** RIVER *** [3c 7h 3h Jh] [Ah]
Vetal949: checks
degal76: bets $6
Vetal949: folds
Uncalled bet ($6) returned to degal76
degal76 collected $11.76 from pot
degal76: doesn't show hand
*** SUMMARY ***
Total pot $12 | Rake $0.24
Board [3c 7h 3h Jh Ah]
Seat 3: Vetal949 (big blind) folded on the River
Seat 4: degal76 (button) (small blind) collected ($11.76)


PokerStars Hand #157049262221:  Hold'em Limit ($3/$6 USD) - 2016/08/09 2:58:10 ET
Table 'Phereclos' 6-max Seat #3 is the button
Seat 3: Vetal949 ($203.55 in chips)
Seat 4: degal76 ($290.47 in chips)
Vetal949: posts small blind $1
degal76: posts big blind $3
*** HOLE CARDS ***
Vetal949: folds
Uncalled bet ($2) returned to degal76
degal76 collected $2 from pot
degal76: doesn't show hand
*** SUMMARY ***
Total pot $2 | Rake $0
Seat 3: Vetal949 (button) (small blind) folded before Flop
Seat 4: degal76 (big blind) collected ($2)


PokerStars Hand #157049266362:  Hold'em Limit ($3/$6 USD) - 2016/08/09 2:58:29 ET
Table 'Phereclos' 6-max Seat #3 is the button
Seat 3: Vetal949 ($199.55 in chips)
Seat 4: degal76 ($294.35 in chips)
Vetal949: posts small blind $1
degal76: posts big blind $3
*** HOLE CARDS ***
Vetal949: raises $3 to $6
degal76: folds
Uncalled bet ($3) returned to Vetal949
Vetal949 collected $6 from pot
*** SUMMARY ***
Total pot $6 | Rake $0
Seat 3: Vetal949 (button) (small blind) collected ($6)
Seat 4: degal76 (big blind) folded before Flop


PokerStars Hand #157049273106:  Hold'em Limit ($3/$6 USD) - 2016/08/09 2:58:59 ET
Table 'Phereclos' 6-max Seat #3 is the button
Seat 3: Vetal949 ($196.55 in chips)
Seat 4: degal76 ($297.11 in chips)
Vetal949: posts small blind $1
degal76: posts big blind $3
*** HOLE CARDS ***
Vetal949: raises $3 to $6
degal76: calls $3
*** FLOP *** [Td Jh 5h]
degal76: checks
Vetal949: bets $3
degal76: calls $3
*** TURN *** [Td Jh 5h] [4d]
degal76: checks
Vetal949: checks
*** RIVER *** [Td Jh 5h 4d] [2d]
degal76: checks
Vetal949: checks
*** SHOW DOWN ***
degal76: shows [6s Ac] (high card Ace)
Vetal949: shows [9h As] (high card Ace - Jack+Ten+Nine kicker)
Vetal949 collected $17.64 from pot
*** SUMMARY ***
Total pot $18 | Rake $0.36
Board [Td Jh 5h 4d 2d]
Seat 3: Vetal949 (button) (small blind) showed [9h As] and won ($17.64) with high card Ace
Seat 4: degal76 (big blind) showed [6s Ac] and lost with high card Ace


PokerStars Hand #157049281834:  Hold'em Limit ($3/$6 USD) - 2016/08/09 2:59:38 ET
Table 'Phereclos' 6-max Seat #3 is the button
Seat 3: Vetal949 ($199.19 in chips)
Seat 4: degal76 ($293.87 in chips)
Vetal949: posts small blind $1
degal76: posts big blind $3
*** HOLE CARDS ***
Vetal949: raises $3 to $6
degal76: calls $3
*** FLOP *** [2c 5h Kd]
degal76: checks
Vetal949: checks
*** TURN *** [2c 5h Kd] [Ks]
degal76: checks
Vetal949: bets $6
degal76: folds
Uncalled bet ($6) returned to Vetal949
Vetal949 collected $11.76 from pot
*** SUMMARY ***
Total pot $12 | Rake $0.24
Board [2c 5h Kd Ks]
Seat 3: Vetal949 (button) (small blind) collected ($11.76)
Seat 4: degal76 (big blind) folded on the Turn


PokerStars Hand #157049276745:  Hold'em Limit ($3/$6 USD) - 2016/08/09 2:59:16 ET
Table 'Phereclos' 6-max Seat #4 is the button
Seat 3: Vetal949 ($205.19 in chips)
Seat 4: degal76 ($288.11 in chips)
degal76: posts small blind $1
Vetal949: posts big blind $3
*** HOLE CARDS ***
degal76: calls $2
Vetal949: checks
*** FLOP *** [Jd 4c 2s]
Vetal949: checks
degal76: bets $3
Vetal949: calls $3
*** TURN *** [Jd 4c 2s] [8h]
Vetal949: checks
degal76: checks
*** RIVER *** [Jd 4c 2s 8h] [2c]
Vetal949: checks
degal76: bets $6
Vetal949: folds
Uncalled bet ($6) returned to degal76
degal76 collected $11.76 from pot
degal76: doesn't show hand
*** SUMMARY ***
Total pot $12 | Rake $0.24
Board [Jd 4c 2s 8h 2c]
Seat 3: Vetal949 (big blind) folded on the River
Seat 4: degal76 (button) (small blind) collected ($11.76)


PokerStars Hand #157049290113:  Hold'em Limit ($3/$6 USD) - 2016/08/09 3:00:15 ET
Table 'Phereclos' 6-max Seat #3 is the button
Seat 3: Vetal949 ($252.45 in chips)
Seat 4: degal76 ($239.87 in chips)
Vetal949: posts small blind $1
degal76: posts big blind $3
*** HOLE CARDS ***
Vetal949: folds
Uncalled bet ($2) returned to degal76
degal76 collected $2 from pot
degal76: doesn't show hand
*** SUMMARY ***
Total pot $2 | Rake $0
Seat 3: Vetal949 (button) (small blind) folded before Flop
Seat 4: degal76 (big blind) collected ($2)


PokerStars Hand #157049291715:  Hold'em Limit ($3/$6 USD) - 2016/08/09 3:00:22 ET
Table 'Phereclos' 6-max Seat #4 is the button
Seat 3: Vetal949 ($251.45 in chips)
Seat 4: degal76 ($240.87 in chips)
degal76: posts small blind $1
Vetal949: posts big blind $3
*** HOLE CARDS ***
degal76: raises $3 to $6
Vetal949: calls $3
*** FLOP *** [Kd As Tc]
Vetal949: checks
degal76: bets $3
Vetal949: calls $3
*** TURN *** [Kd As Tc] [7d]
Vetal949: checks
degal76: bets $6
Vetal949: folds
Uncalled bet ($6) returned to degal76
degal76 collected $17.64 from pot
degal76: doesn't show hand
*** SUMMARY ***
Total pot $18 | Rake $0.36
Board [Kd As Tc 7d]
Seat 3: Vetal949 (big blind) folded on the Turn
Seat 4: degal76 (button) (small blind) collected ($17.64)


PokerStars Hand #157049284875:  Hold'em Limit ($3/$6 USD) - 2016/08/09 2:59:52 ET
Table 'Phereclos' 6-max Seat #4 is the button
Seat 3: Vetal949 ($204.95 in chips)
Seat 4: degal76 ($287.87 in chips)
degal76: posts small blind $1
Vetal949: posts big blind $3
*** HOLE CARDS ***
degal76: calls $2
Vetal949: checks
*** FLOP *** [Th 2c 9d]
Vetal949: checks
degal76: bets $3
Vetal949: calls $3
*** TURN *** [Th 2c 9d] [Js]
Vetal949: checks
degal76: bets $6
Vetal949: raises $6 to $12
degal76: raises $6 to $18
Vetal949: raises $6 to $24
Betting is capped
degal76: calls $6
*** RIVER *** [Th 2c 9d Js] [Ah]
Vetal949: bets $6
degal76: raises $6 to $12
Vetal949: raises $6 to $18
degal76: calls $6
*** SHOW DOWN ***
Vetal949: shows [7d 8h] (a straight, Seven to Jack)
degal76: mucks hand
Vetal949 collected $95.50 from pot
*** SUMMARY ***
Total pot $96 | Rake $0.50
Board [Th 2c 9d Js Ah]
Seat 3: Vetal949 (big blind) showed [7d 8h] and won ($95.50) with a straight, Seven to Jack
Seat 4: degal76 (button) (small blind) mucked


PokerStars Hand #157049298806:  Hold'em Limit ($3/$6 USD) - 2016/08/09 3:00:53 ET
Table 'Phereclos' 6-max Seat #4 is the button
Seat 3: Vetal949 ($241.45 in chips)
Seat 4: degal76 ($250.51 in chips)
degal76: posts small blind $1
Vetal949: posts big blind $3
*** HOLE CARDS ***
degal76: raises $3 to $6
Vetal949: raises $3 to $9
degal76: calls $3
*** FLOP *** [8d 4h Qd]
Vetal949: bets $3
degal76: raises $3 to $6
Vetal949: calls $3
*** TURN *** [8d 4h Qd] [5s]
Vetal949: checks
degal76: bets $6
Vetal949: calls $6
*** RIVER *** [8d 4h Qd 5s] [7c]
Vetal949: checks
degal76: bets $6
Vetal949: calls $6
*** SHOW DOWN ***
degal76: shows [Qh Tc] (a pair of Queens)
Vetal949: mucks hand
degal76 collected $53.50 from pot
*** SUMMARY ***
Total pot $54 | Rake $0.50
Board [8d 4h Qd 5s 7c]
Seat 3: Vetal949 (big blind) mucked
Seat 4: degal76 (button) (small blind) showed [Qh Tc] and won ($53.50) with a pair of Queens


PokerStars Hand #157049304520:  Hold'em Limit ($3/$6 USD) - 2016/08/09 3:01:17 ET
Table 'Phereclos' 6-max Seat #3 is the button
Seat 3: Vetal949 ($214.45 in chips)
Seat 4: degal76 ($277.01 in chips)
Vetal949: posts small blind $1
degal76: posts big blind $3
*** HOLE CARDS ***
Vetal949: raises $3 to $6
degal76: raises $3 to $9
Vetal949: calls $3
*** FLOP *** [9h Js 2h]
degal76: bets $3
Vetal949: calls $3
*** TURN *** [9h Js 2h] [Jd]
degal76: bets $6
Vetal949: raises $6 to $12
degal76: calls $6
*** RIVER *** [9h Js 2h Jd] [7h]
degal76: checks
Vetal949: bets $6
degal76: calls $6
*** SHOW DOWN ***
Vetal949: shows [9s Kc] (two pair, Jacks and Nines)
degal76: mucks hand
Vetal949 collected $59.50 from pot
*** SUMMARY ***
Total pot $60 | Rake $0.50
Board [9h Js 2h Jd 7h]
Seat 3: Vetal949 (button) (small blind) showed [9s Kc] and won ($59.50) with two pair, Jacks and Nines
Seat 4: degal76 (big blind) mucked


PokerStars Hand #157049310441:  Hold'em Limit ($3/$6 USD) - 2016/08/09 3:01:42 ET
Table 'Phereclos' 6-max Seat #3 is the button
Seat 3: Vetal949 ($244.95 in chips)
Seat 4: degal76 ($246.01 in chips)
Vetal949: posts small blind $1
degal76: posts big blind $3
*** HOLE CARDS ***
Vetal949: raises $3 to $6
degal76: calls $3
*** FLOP *** [9h Qh 3s]
degal76: checks
Vetal949: checks
*** TURN *** [9h Qh 3s] [2c]
degal76: checks
Vetal949: bets $6
degal76: calls $6
*** RIVER *** [9h Qh 3s 2c] [Ks]
degal76: checks
Vetal949: checks
*** SHOW DOWN ***
degal76: shows [As Jh] (high card Ace)
Vetal949: shows [Js Qd] (a pair of Queens)
Vetal949 collected $23.52 from pot
*** SUMMARY ***
Total pot $24 | Rake $0.48
Board [9h Qh 3s 2c Ks]
Seat 3: Vetal949 (button) (small blind) showed [Js Qd] and won ($23.52) with a pair of Queens
Seat 4: degal76 (big blind) showed [As Jh] and lost with high card Ace


PokerStars Hand #157049309083:  Hold'em Limit ($3/$6 USD) - 2016/08/09 3:01:36 ET
Table 'Phereclos' 6-max Seat #4 is the button
Seat 3: Vetal949 ($243.95 in chips)
Seat 4: degal76 ($247.01 in chips)
degal76: posts small blind $1
Vetal949: posts big blind $3
*** HOLE CARDS ***
degal76: folds
Uncalled bet ($2) returned to Vetal949
Vetal949 collected $2 from pot
*** SUMMARY ***
Total pot $2 | Rake $0
Seat 3: Vetal949 (big blind) collected ($2)
Seat 4: degal76 (button) (small blind) folded before Flop


PokerStars Hand #157049325238:  Hold'em Limit ($3/$6 USD) - 2016/08/09 3:02:43 ET
Table 'Phereclos' 6-max Seat #3 is the button
Seat 3: Vetal949 ($223.47 in chips)
Seat 4: degal76 ($266.15 in chips)
Vetal949: posts small blind $1
degal76: posts big blind $3
*** HOLE CARDS ***
Vetal949: raises $3 to $6
degal76: calls $3
*** FLOP *** [Ah 7s 3c]
degal76: checks
Vetal949: checks
*** TURN *** [Ah 7s 3c] [2s]
degal76: bets $6
Vetal949: raises $6 to $12
degal76: calls $6
*** RIVER *** [Ah 7s 3c 2s] [Ad]
degal76: checks
Vetal949: bets $6
degal76: calls $6
*** SHOW DOWN ***
Vetal949: shows [Kd As] (three of a kind, Aces)
degal76: mucks hand
Vetal949 collected $47.50 from pot
*** SUMMARY ***
Total pot $48 | Rake $0.50
Board [Ah 7s 3c 2s Ad]
Seat 3: Vetal949 (button) (small blind) showed [Kd As] and won ($47.50) with three of a kind, Aces
Seat 4: degal76 (big blind) mucked


PokerStars Hand #157049323011:  Hold'em Limit ($3/$6 USD) - 2016/08/09 3:02:34 ET
Table 'Phereclos' 6-max Seat #4 is the button
Seat 3: Vetal949 ($226.47 in chips)
Seat 4: degal76 ($263.15 in chips)
degal76: posts small blind $1
Vetal949: posts big blind $3
*** HOLE CARDS ***
degal76: raises $3 to $6
Vetal949: folds
Uncalled bet ($3) returned to degal76
degal76 collected $6 from pot
degal76: doesn't show hand
*** SUMMARY ***
Total pot $6 | Rake $0
Seat 3: Vetal949 (big blind) folded before Flop
Seat 4: degal76 (button) (small blind) collected ($6)


PokerStars Hand #157049319694:  Hold'em Limit ($3/$6 USD) - 2016/08/09 3:02:20 ET
Table 'Phereclos' 6-max Seat #3 is the button
Seat 3: Vetal949 ($235.47 in chips)
Seat 4: degal76 ($254.51 in chips)
Vetal949: posts small blind $1
degal76: posts big blind $3
*** HOLE CARDS ***
Vetal949: raises $3 to $6
degal76: calls $3
*** FLOP *** [Ks 3c Ts]
degal76: checks
Vetal949: bets $3
degal76: raises $3 to $6
Vetal949: folds
Uncalled bet ($3) returned to degal76
degal76 collected $17.64 from pot
degal76: doesn't show hand
*** SUMMARY ***
Total pot $18 | Rake $0.36
Board [Ks 3c Ts]
Seat 3: Vetal949 (button) (small blind) folded on the Flop
Seat 4: degal76 (big blind) collected ($17.64)


PokerStars Hand #157049314655:  Hold'em Limit ($3/$6 USD) - 2016/08/09 3:02:00 ET
Table 'Phereclos' 6-max Seat #4 is the button
Seat 3: Vetal949 ($256.47 in chips)
Seat 4: degal76 ($234.01 in chips)
degal76: posts small blind $1
Vetal949: posts big blind $3
*** HOLE CARDS ***
degal76: raises $3 to $6
Vetal949: calls $3
*** FLOP *** [2s 9c 7h]
Vetal949: checks
degal76: bets $3
Vetal949: calls $3
*** TURN *** [2s 9c 7h] [8s]
Vetal949: checks
degal76: bets $6
Vetal949: calls $6
*** RIVER *** [2s 9c 7h 8s] [3h]
Vetal949: checks
degal76: bets $6
Vetal949: calls $6
*** SHOW DOWN ***
degal76: shows [6h 7d] (a pair of Sevens)
Vetal949: mucks hand
degal76 collected $41.50 from pot
*** SUMMARY ***
Total pot $42 | Rake $0.50
Board [2s 9c 7h 8s 3h]
Seat 3: Vetal949 (big blind) mucked
Seat 4: degal76 (button) (small blind) showed [6h 7d] and won ($41.50) with a pair of Sevens


PokerStars Hand #157049334543:  Hold'em Limit ($3/$6 USD) - 2016/08/09 3:03:22 ET
Table 'Phereclos' 6-max Seat #4 is the button
Seat 3: Vetal949 ($260.47 in chips)
Seat 4: degal76 ($228.15 in chips)
degal76: posts small blind $1
Vetal949: posts big blind $3
*** HOLE CARDS ***
degal76: raises $3 to $6
Vetal949: calls $3
*** FLOP *** [3s 2s 7d]
Vetal949: checks
degal76: checks
*** TURN *** [3s 2s 7d] [8h]
Vetal949: checks
degal76: bets $6
Vetal949: raises $6 to $12
degal76: raises $6 to $18
Vetal949: calls $6
*** RIVER *** [3s 2s 7d 8h] [Tc]
Vetal949: checks
degal76: bets $6
Vetal949: raises $6 to $12
degal76: calls $6
*** SHOW DOWN ***
Vetal949: shows [Ts 7s] (two pair, Tens and Sevens)
degal76: mucks hand
Vetal949 collected $71.50 from pot
*** SUMMARY ***
Total pot $72 | Rake $0.50
Board [3s 2s 7d 8h Tc]
Seat 3: Vetal949 (big blind) showed [Ts 7s] and won ($71.50) with two pair, Tens and Sevens
Seat 4: degal76 (button) (small blind) mucked


PokerStars Hand #157049333155:  Hold'em Limit ($3/$6 USD) - 2016/08/09 3:03:16 ET
Table 'Phereclos' 6-max Seat #3 is the button
Seat 3: Vetal949 ($261.47 in chips)
Seat 4: degal76 ($227.15 in chips)
Vetal949: posts small blind $1
degal76: posts big blind $3
*** HOLE CARDS ***
Vetal949: folds
Uncalled bet ($2) returned to degal76
degal76 collected $2 from pot
degal76: doesn't show hand
*** SUMMARY ***
Total pot $2 | Rake $0
Seat 3: Vetal949 (button) (small blind) folded before Flop
Seat 4: degal76 (big blind) collected ($2)


PokerStars Hand #157049329585:  Hold'em Limit ($3/$6 USD) - 2016/08/09 3:03:02 ET
Table 'Phereclos' 6-max Seat #4 is the button
Seat 3: Vetal949 ($246.97 in chips)
Seat 4: degal76 ($242.15 in chips)
degal76: posts small blind $1
Vetal949: posts big blind $3
*** HOLE CARDS ***
degal76: raises $3 to $6
Vetal949: calls $3
*** FLOP *** [9s 6s 4s]
Vetal949: checks
degal76: bets $3
Vetal949: calls $3
*** TURN *** [9s 6s 4s] [Jh]
Vetal949: checks
degal76: checks
*** RIVER *** [9s 6s 4s Jh] [3h]
Vetal949: bets $6
degal76: calls $6
*** SHOW DOWN ***
Vetal949: shows [9d Kh] (a pair of Nines)
degal76: mucks hand
Vetal949 collected $29.50 from pot
*** SUMMARY ***
Total pot $30 | Rake $0.50
Board [9s 6s 4s Jh 3h]
Seat 3: Vetal949 (big blind) showed [9d Kh] and won ($29.50) with a pair of Nines
Seat 4: degal76 (button) (small blind) mucked


PokerStars Hand #157049349015:  Hold'em Limit ($3/$6 USD) - 2016/08/09 3:04:22 ET
Table 'Phereclos' 6-max Seat #3 is the button
Seat 3: Vetal949 ($271.97 in chips)
Seat 4: degal76 ($215.29 in chips)
Vetal949: posts small blind $1
degal76: posts big blind $3
*** HOLE CARDS ***
Vetal949: raises $3 to $6
degal76: folds
Uncalled bet ($3) returned to Vetal949
Vetal949 collected $6 from pot
*** SUMMARY ***
Total pot $6 | Rake $0
Seat 3: Vetal949 (button) (small blind) collected ($6)
Seat 4: degal76 (big blind) folded before Flop


PokerStars Hand #157049344896:  Hold'em Limit ($3/$6 USD) - 2016/08/09 3:04:05 ET
Table 'Phereclos' 6-max Seat #4 is the button
Seat 3: Vetal949 ($280.97 in chips)
Seat 4: degal76 ($206.65 in chips)
degal76: posts small blind $1
Vetal949: posts big blind $3
*** HOLE CARDS ***
degal76: raises $3 to $6
Vetal949: calls $3
*** FLOP *** [8s Js 2h]
Vetal949: checks
degal76: bets $3
Vetal949: calls $3
*** TURN *** [8s Js 2h] [Qd]
Vetal949: checks
degal76: bets $6
Vetal949: folds
Uncalled bet ($6) returned to degal76
degal76 collected $17.64 from pot
degal76: doesn't show hand
*** SUMMARY ***
Total pot $18 | Rake $0.36
Board [8s Js 2h Qd]
Seat 3: Vetal949 (big blind) folded on the Turn
Seat 4: degal76 (button) (small blind) collected ($17.64)


PokerStars Hand #157049340878:  Hold'em Limit ($3/$6 USD) - 2016/08/09 3:03:48 ET
Table 'Phereclos' 6-max Seat #3 is the button
Seat 3: Vetal949 ($295.97 in chips)
Seat 4: degal76 ($192.15 in chips)
Vetal949: posts small blind $1
degal76: posts big blind $3
*** HOLE CARDS ***
Vetal949: calls $2
degal76: checks
*** FLOP *** [Jd 4h 8c]
degal76: checks
Vetal949: checks
*** TURN *** [Jd 4h 8c] [6s]
degal76: bets $6
Vetal949: calls $6
*** RIVER *** [Jd 4h 8c 6s] [7c]
degal76: bets $6
Vetal949: calls $6
*** SHOW DOWN ***
degal76: shows [6c Tc] (a pair of Sixes)
Vetal949: mucks hand
degal76 collected $29.50 from pot
*** SUMMARY ***
Total pot $30 | Rake $0.50
Board [Jd 4h 8c 6s 7c]
Seat 3: Vetal949 (button) (small blind) mucked
Seat 4: degal76 (big blind) showed [6c Tc] and won ($29.50) with a pair of Sixes


PokerStars Hand #157049350732:  Hold'em Limit ($3/$6 USD) - 2016/08/09 3:04:29 ET
Table 'Phereclos' 6-max Seat #4 is the button
Seat 3: Vetal949 ($274.97 in chips)
Seat 4: degal76 ($212.29 in chips)
degal76: posts small blind $1
Vetal949: posts big blind $3
*** HOLE CARDS ***
degal76: raises $3 to $6
Vetal949: calls $3
*** FLOP *** [2s Js 4s]
Vetal949: checks
degal76: bets $3
Vetal949: calls $3
*** TURN *** [2s Js 4s] [2h]
Vetal949: checks
degal76: bets $6
Vetal949: raises $6 to $12
degal76: calls $6
*** RIVER *** [2s Js 4s 2h] [4d]
Vetal949: bets $6
degal76: calls $6
*** SHOW DOWN ***
Vetal949: shows [2d Td] (a full house, Deuces full of Fours)
degal76: mucks hand
Vetal949 collected $53.50 from pot
*** SUMMARY ***
Total pot $54 | Rake $0.50
Board [2s Js 4s 2h 4d]
Seat 3: Vetal949 (big blind) showed [2d Td] and won ($53.50) with a full house, Deuces full of Fours
Seat 4: degal76 (button) (small blind) mucked


PokerStars Hand #157049359046:  Hold'em Limit ($3/$6 USD) - 2016/08/09 3:05:03 ET
Table 'Phereclos' 6-max Seat #4 is the button
Seat 3: Vetal949 ($300.47 in chips)
Seat 4: degal76 ($186.29 in chips)
degal76: posts small blind $1
Vetal949: posts big blind $3
*** HOLE CARDS ***
degal76: raises $3 to $6
Vetal949: calls $3
*** FLOP *** [Tc Kd Th]
Vetal949: checks
degal76: bets $3
Vetal949: calls $3
*** TURN *** [Tc Kd Th] [6c]
Vetal949: checks
degal76: bets $6
Vetal949: raises $6 to $12
degal76: calls $6
*** RIVER *** [Tc Kd Th 6c] [5d]
Vetal949: bets $6
degal76: calls $6
*** SHOW DOWN ***
Vetal949: shows [3d Kc] (two pair, Kings and Tens)
degal76: shows [Ks 9s] (two pair, Kings and Tens - Nine kicker)
degal76 collected $53.50 from pot
*** SUMMARY ***
Total pot $54 | Rake $0.50
Board [Tc Kd Th 6c 5d]
Seat 3: Vetal949 (big blind) showed [3d Kc] and lost with two pair, Kings and Tens
Seat 4: degal76 (button) (small blind) showed [Ks 9s] and won ($53.50) with two pair, Kings and Tens


PokerStars Hand #157049364273:  Hold'em Limit ($3/$6 USD) - 2016/08/09 3:05:24 ET
Table 'Phereclos' 6-max Seat #3 is the button
Seat 3: Vetal949 ($273.47 in chips)
Seat 4: degal76 ($212.79 in chips)
Vetal949: posts small blind $1
degal76: posts big blind $3
*** HOLE CARDS ***
Vetal949: raises $3 to $6
degal76: calls $3
*** FLOP *** [7s Ks 6c]
degal76: checks
Vetal949: checks
*** TURN *** [7s Ks 6c] [3d]
degal76: checks
Vetal949: bets $6
degal76: folds
Uncalled bet ($6) returned to Vetal949
Vetal949 collected $11.76 from pot
*** SUMMARY ***
Total pot $12 | Rake $0.24
Board [7s Ks 6c 3d]
Seat 3: Vetal949 (button) (small blind) collected ($11.76)
Seat 4: degal76 (big blind) folded on the Turn


PokerStars Hand #157049356560:  Hold'em Limit ($3/$6 USD) - 2016/08/09 3:04:53 ET
Table 'Phereclos' 6-max Seat #3 is the button
Seat 3: Vetal949 ($301.47 in chips)
Seat 4: degal76 ($185.29 in chips)
Vetal949: posts small blind $1
degal76: posts big blind $3
*** HOLE CARDS ***
Vetal949: folds
Uncalled bet ($2) returned to degal76
degal76 collected $2 from pot
degal76: doesn't show hand
*** SUMMARY ***
Total pot $2 | Rake $0
Seat 3: Vetal949 (button) (small blind) folded before Flop
Seat 4: degal76 (big blind) collected ($2)


PokerStars Hand #157049368144:  Hold'em Limit ($3/$6 USD) - 2016/08/09 3:05:40 ET
Table 'Phereclos' 6-max Seat #4 is the button
Seat 3: Vetal949 ($279.23 in chips)
Seat 4: degal76 ($206.79 in chips)
degal76: posts small blind $1
Vetal949: posts big blind $3
*** HOLE CARDS ***
degal76: raises $3 to $6
Vetal949: calls $3
*** FLOP *** [9s 5h 5d]
Vetal949: checks
degal76: bets $3
Vetal949: calls $3
*** TURN *** [9s 5h 5d] [Th]
Vetal949: checks
degal76: checks
*** RIVER *** [9s 5h 5d Th] [Kh]
Vetal949: bets $6
degal76: calls $6
*** SHOW DOWN ***
Vetal949: shows [Qs 9h] (two pair, Nines and Fives)
degal76: shows [As Kc] (two pair, Kings and Fives)
degal76 collected $29.50 from pot
*** SUMMARY ***
Total pot $30 | Rake $0.50
Board [9s 5h 5d Th Kh]
Seat 3: Vetal949 (big blind) showed [Qs 9h] and lost with two pair, Nines and Fives
Seat 4: degal76 (button) (small blind) showed [As Kc] and won ($29.50) with two pair, Kings and Fives


PokerStars Hand #157049381363:  Hold'em Limit ($3/$6 USD) - 2016/08/09 3:06:34 ET
Table 'Phereclos' 6-max Seat #4 is the button
Seat 3: Vetal949 ($269.99 in chips)
Seat 4: degal76 ($215.29 in chips)
degal76: posts small blind $1
Vetal949: posts big blind $3
*** HOLE CARDS ***
degal76: raises $3 to $6
Vetal949: raises $3 to $9
degal76: raises $3 to $12
Betting is capped
Vetal949: calls $3
*** FLOP *** [6h 5s Ks]
Vetal949: checks
degal76: bets $3
Vetal949: calls $3
*** TURN *** [6h 5s Ks] [Td]
Vetal949: checks
degal76: bets $6
Vetal949: calls $6
*** RIVER *** [6h 5s Ks Td] [Th]
Vetal949: checks
degal76: bets $6
Vetal949: calls $6
*** SHOW DOWN ***
degal76: shows [5c 5h] (a full house, Fives full of Tens)
Vetal949: mucks hand
degal76 collected $53.50 from pot
*** SUMMARY ***
Total pot $54 | Rake $0.50
Board [6h 5s Ks Td Th]
Seat 3: Vetal949 (big blind) mucked
Seat 4: degal76 (button) (small blind) showed [5c 5h] and won ($53.50) with a full house, Fives full of Tens


PokerStars Hand #157049377978:  Hold'em Limit ($3/$6 USD) - 2016/08/09 3:06:20 ET
Table 'Phereclos' 6-max Seat #4 is the button
Seat 3: Vetal949 ($273.99 in chips)
Seat 4: degal76 ($211.29 in chips)
degal76: posts small blind $1
Vetal949: posts big blind $3
*** HOLE CARDS ***
degal76: raises $3 to $6
Vetal949: folds
Uncalled bet ($3) returned to degal76
degal76 collected $6 from pot
degal76: doesn't show hand
*** SUMMARY ***
Total pot $6 | Rake $0
Seat 3: Vetal949 (big blind) folded before Flop
Seat 4: degal76 (button) (small blind) collected ($6)


PokerStars Hand #157049376190:  Hold'em Limit ($3/$6 USD) - 2016/08/09 3:06:13 ET
Table 'Phereclos' 6-max Seat #3 is the button
Seat 3: Vetal949 ($270.99 in chips)
Seat 4: degal76 ($214.29 in chips)
Vetal949: posts small blind $1
degal76: posts big blind $3
*** HOLE CARDS ***
Vetal949: raises $3 to $6
degal76: folds
Uncalled bet ($3) returned to Vetal949
Vetal949 collected $6 from pot
*** SUMMARY ***
Total pot $6 | Rake $0
Seat 3: Vetal949 (button) (small blind) collected ($6)
Seat 4: degal76 (big blind) folded before Flop


PokerStars Hand #157049374889:  Hold'em Limit ($3/$6 USD) - 2016/08/09 3:06:07 ET
Table 'Phereclos' 6-max Seat #4 is the button
Seat 3: Vetal949 ($269.99 in chips)
Seat 4: degal76 ($215.29 in chips)
degal76: posts small blind $1
Vetal949: posts big blind $3
*** HOLE CARDS ***
degal76: folds
Uncalled bet ($2) returned to Vetal949
Vetal949 collected $2 from pot
*** SUMMARY ***
Total pot $2 | Rake $0
Seat 3: Vetal949 (big blind) collected ($2)
Seat 4: degal76 (button) (small blind) folded before Flop


PokerStars Hand #157049372104:  Hold'em Limit ($3/$6 USD) - 2016/08/09 3:05:56 ET
Table 'Phereclos' 6-max Seat #3 is the button
Seat 3: Vetal949 ($264.23 in chips)
Seat 4: degal76 ($221.29 in chips)
Vetal949: posts small blind $1
degal76: posts big blind $3
*** HOLE CARDS ***
Vetal949: raises $3 to $6
degal76: calls $3
*** FLOP *** [3c Kh 6d]
degal76: checks
Vetal949: bets $3
degal76: folds
Uncalled bet ($3) returned to Vetal949
Vetal949 collected $11.76 from pot
*** SUMMARY ***
Total pot $12 | Rake $0.24
Board [3c Kh 6d]
Seat 3: Vetal949 (button) (small blind) collected ($11.76)
Seat 4: degal76 (big blind) folded on the Flop


PokerStars Hand #157049380072:  Hold'em Limit ($3/$6 USD) - 2016/08/09 3:06:29 ET
Table 'Phereclos' 6-max Seat #3 is the button
Seat 3: Vetal949 ($270.99 in chips)
Seat 4: degal76 ($214.29 in chips)
Vetal949: posts small blind $1
degal76: posts big blind $3
*** HOLE CARDS ***
Vetal949: folds
Uncalled bet ($2) returned to degal76
degal76 collected $2 from pot
degal76: doesn't show hand
*** SUMMARY ***
Total pot $2 | Rake $0
Seat 3: Vetal949 (button) (small blind) folded before Flop
Seat 4: degal76 (big blind) collected ($2)


PokerStars Hand #157049390485:  Hold'em Limit ($3/$6 USD) - 2016/08/09 3:07:11 ET
Table 'Phereclos' 6-max Seat #4 is the button
Seat 3: Vetal949 ($241.99 in chips)
Seat 4: degal76 ($242.79 in chips)
degal76: posts small blind $1
Vetal949: posts big blind $3
*** HOLE CARDS ***
degal76: raises $3 to $6
Vetal949: raises $3 to $9
degal76: raises $3 to $12
Betting is capped
Vetal949: calls $3
*** FLOP *** [Kh 5h Kd]
Vetal949: checks
degal76: bets $3
Vetal949: calls $3
*** TURN *** [Kh 5h Kd] [Qs]
Vetal949: checks
degal76: checks
*** RIVER *** [Kh 5h Kd Qs] [3c]
Vetal949: bets $6
degal76: calls $6
*** SHOW DOWN ***
Vetal949: shows [8d Qc] (two pair, Kings and Queens)
degal76: mucks hand
Vetal949 collected $41.50 from pot
*** SUMMARY ***
Total pot $42 | Rake $0.50
Board [Kh 5h Kd Qs 3c]
Seat 3: Vetal949 (big blind) showed [8d Qc] and won ($41.50) with two pair, Kings and Queens
Seat 4: degal76 (button) (small blind) mucked


PokerStars Hand #157049395565:  Hold'em Limit ($3/$6 USD) - 2016/08/09 3:07:32 ET
Table 'Phereclos' 6-max Seat #3 is the button
Seat 3: Vetal949 ($262.49 in chips)
Seat 4: degal76 ($221.79 in chips)
Vetal949: posts small blind $1
degal76: posts big blind $3
*** HOLE CARDS ***
Vetal949: raises $3 to $6
degal76: calls $3
*** FLOP *** [3h 9s 5d]
degal76: checks
Vetal949: checks
*** TURN *** [3h 9s 5d] [Ad]
degal76: checks
Vetal949: bets $6
degal76: folds
Uncalled bet ($6) returned to Vetal949
Vetal949 collected $11.76 from pot
*** SUMMARY ***
Total pot $12 | Rake $0.24
Board [3h 9s 5d Ad]
Seat 3: Vetal949 (button) (small blind) collected ($11.76)
Seat 4: degal76 (big blind) folded on the Turn


PokerStars Hand #157049398822:  Hold'em Limit ($3/$6 USD) - 2016/08/09 3:07:45 ET
Table 'Phereclos' 6-max Seat #4 is the button
Seat 3: Vetal949 ($268.25 in chips)
Seat 4: degal76 ($215.79 in chips)
degal76: posts small blind $1
Vetal949: posts big blind $3
*** HOLE CARDS ***
degal76: calls $2
Vetal949: checks
*** FLOP *** [6h Tc Qs]
Vetal949: checks
degal76: checks
*** TURN *** [6h Tc Qs] [Qc]
Vetal949: bets $6
degal76: folds
Uncalled bet ($6) returned to Vetal949
Vetal949 collected $5.88 from pot
*** SUMMARY ***
Total pot $6 | Rake $0.12
Board [6h Tc Qs Qc]
Seat 3: Vetal949 (big blind) collected ($5.88)
Seat 4: degal76 (button) (small blind) folded on the Turn


PokerStars Hand #157049411179:  Hold'em Limit ($3/$6 USD) - 2016/08/09 3:08:36 ET
Table 'Phereclos' 6-max Seat #4 is the button
Seat 3: Vetal949 ($254.77 in chips)
Seat 4: degal76 ($228.29 in chips)
degal76: posts small blind $1
Vetal949: posts big blind $3
*** HOLE CARDS ***
degal76: raises $3 to $6
Vetal949: raises $3 to $9
degal76: calls $3
*** FLOP *** [Ad Jc 2c]
Vetal949: bets $3
degal76: raises $3 to $6
Vetal949: calls $3
*** TURN *** [Ad Jc 2c] [8d]
Vetal949: checks
degal76: bets $6
Vetal949: calls $6
*** RIVER *** [Ad Jc 2c 8d] [3c]
Vetal949: checks
degal76: bets $6
Vetal949: folds
Uncalled bet ($6) returned to degal76
degal76 collected $41.50 from pot
degal76: doesn't show hand
*** SUMMARY ***
Total pot $42 | Rake $0.50
Board [Ad Jc 2c 8d 3c]
Seat 3: Vetal949 (big blind) folded on the River
Seat 4: degal76 (button) (small blind) collected ($41.50)


PokerStars Hand #157049406835:  Hold'em Limit ($3/$6 USD) - 2016/08/09 3:08:18 ET
Table 'Phereclos' 6-max Seat #4 is the button
Seat 3: Vetal949 ($247.13 in chips)
Seat 4: degal76 ($236.29 in chips)
degal76: posts small blind $1
Vetal949: posts big blind $3
*** HOLE CARDS ***
degal76: raises $3 to $6
Vetal949: raises $3 to $9
degal76: calls $3
*** FLOP *** [9h 3s 8d]
Vetal949: bets $3
degal76: folds
Uncalled bet ($3) returned to Vetal949
Vetal949 collected $17.64 from pot
*** SUMMARY ***
Total pot $18 | Rake $0.36
Board [9h 3s 8d]
Seat 3: Vetal949 (big blind) collected ($17.64)
Seat 4: degal76 (button) (small blind) folded on the Flop


PokerStars Hand #157049402017:  Hold'em Limit ($3/$6 USD) - 2016/08/09 3:07:58 ET
Table 'Phereclos' 6-max Seat #3 is the button
Seat 3: Vetal949 ($271.13 in chips)
Seat 4: degal76 ($212.79 in chips)
Vetal949: posts small blind $1
degal76: posts big blind $3
*** HOLE CARDS ***
Vetal949: raises $3 to $6
degal76: raises $3 to $9
Vetal949: calls $3
*** FLOP *** [3s Ks 4c]
degal76: bets $3
Vetal949: calls $3
*** TURN *** [3s Ks 4c] [7s]
degal76: bets $6
Vetal949: calls $6
*** RIVER *** [3s Ks 4c 7s] [7d]
degal76: bets $6
Vetal949: calls $6
*** SHOW DOWN ***
degal76: shows [Kd Kh] (a full house, Kings full of Sevens)
Vetal949: mucks hand
degal76 collected $47.50 from pot
*** SUMMARY ***
Total pot $48 | Rake $0.50
Board [3s Ks 4c 7s 7d]
Seat 3: Vetal949 (button) (small blind) mucked
Seat 4: degal76 (big blind) showed [Kd Kh] and won ($47.50) with a full house, Kings full of Sevens


PokerStars Hand #157049409727:  Hold'em Limit ($3/$6 USD) - 2016/08/09 3:08:30 ET
Table 'Phereclos' 6-max Seat #3 is the button
Seat 3: Vetal949 ($255.77 in chips)
Seat 4: degal76 ($227.29 in chips)
Vetal949: posts small blind $1
degal76: posts big blind $3
*** HOLE CARDS ***
Vetal949: folds
Uncalled bet ($2) returned to degal76
degal76 collected $2 from pot
degal76: doesn't show hand
*** SUMMARY ***
Total pot $2 | Rake $0
Seat 3: Vetal949 (button) (small blind) folded before Flop
Seat 4: degal76 (big blind) collected ($2)


PokerStars Hand #157049418142:  Hold'em Limit ($3/$6 USD) - 2016/08/09 3:09:03 ET
Table 'Phereclos' 6-max Seat #4 is the button
Seat 3: Vetal949 ($232.77 in chips)
Seat 4: degal76 ($249.79 in chips)
degal76: posts small blind $1
Vetal949: posts big blind $3
*** HOLE CARDS ***
degal76: raises $3 to $6
Vetal949: raises $3 to $9
degal76: calls $3
*** FLOP *** [Qs As 6d]
Vetal949: checks
degal76: bets $3
Vetal949: calls $3
*** TURN *** [Qs As 6d] [7h]
Vetal949: checks
degal76: bets $6
Vetal949: raises $6 to $12
degal76: calls $6
*** RIVER *** [Qs As 6d 7h] [8d]
Vetal949: bets $6
degal76: calls $6
*** SHOW DOWN ***
Vetal949: shows [Ah Qd] (two pair, Aces and Queens)
degal76: mucks hand
Vetal949 collected $59.50 from pot
*** SUMMARY ***
Total pot $60 | Rake $0.50
Board [Qs As 6d 7h 8d]
Seat 3: Vetal949 (big blind) showed [Ah Qd] and won ($59.50) with two pair, Aces and Queens
Seat 4: degal76 (button) (small blind) mucked


PokerStars Hand #157049416538:  Hold'em Limit ($3/$6 USD) - 2016/08/09 3:08:57 ET
Table 'Phereclos' 6-max Seat #3 is the button
Seat 3: Vetal949 ($233.77 in chips)
Seat 4: degal76 ($248.79 in chips)
Vetal949: posts small blind $1
degal76: posts big blind $3
*** HOLE CARDS ***
Vetal949: folds
Uncalled bet ($2) returned to degal76
degal76 collected $2 from pot
degal76: doesn't show hand
*** SUMMARY ***
Total pot $2 | Rake $0
Seat 3: Vetal949 (button) (small blind) folded before Flop
Seat 4: degal76 (big blind) collected ($2)


PokerStars Hand #157049423381:  Hold'em Limit ($3/$6 USD) - 2016/08/09 3:09:24 ET
Table 'Phereclos' 6-max Seat #3 is the button
Seat 3: Vetal949 ($262.27 in chips)
Seat 4: degal76 ($219.79 in chips)
Vetal949: posts small blind $1
degal76: posts big blind $3
*** HOLE CARDS ***
Vetal949: raises $3 to $6
degal76: calls $3
*** FLOP *** [6d Jc 6s]
degal76: checks
Vetal949: bets $3
degal76: calls $3
*** TURN *** [6d Jc 6s] [Qc]
degal76: checks
Vetal949: checks
*** RIVER *** [6d Jc 6s Qc] [Jd]
degal76: checks
Vetal949: checks
*** SHOW DOWN ***
degal76: shows [7h As] (two pair, Jacks and Sixes)
Vetal949: mucks hand
degal76 collected $17.64 from pot
*** SUMMARY ***
Total pot $18 | Rake $0.36
Board [6d Jc 6s Qc Jd]
Seat 3: Vetal949 (button) (small blind) mucked
Seat 4: degal76 (big blind) showed [7h As] and won ($17.64) with two pair, Jacks and Sixes


PokerStars Hand #157049434704:  Hold'em Limit ($3/$6 USD) - 2016/08/09 3:10:10 ET
Table 'Phereclos' 6-max Seat #4 is the button
Seat 3: Vetal949 ($231.27 in chips)
Seat 4: degal76 ($249.93 in chips)
degal76: posts small blind $1
Vetal949: posts big blind $3
*** HOLE CARDS ***
degal76: folds
Uncalled bet ($2) returned to Vetal949
Vetal949 collected $2 from pot
*** SUMMARY ***
Total pot $2 | Rake $0
Seat 3: Vetal949 (big blind) collected ($2)
Seat 4: degal76 (button) (small blind) folded before Flop


PokerStars Hand #157049433341:  Hold'em Limit ($3/$6 USD) - 2016/08/09 3:10:04 ET
Table 'Phereclos' 6-max Seat #3 is the button
Seat 3: Vetal949 ($232.27 in chips)
Seat 4: degal76 ($248.93 in chips)
Vetal949: posts small blind $1
degal76: posts big blind $3
*** HOLE CARDS ***
Vetal949: folds
Uncalled bet ($2) returned to degal76
degal76 collected $2 from pot
degal76: doesn't show hand
*** SUMMARY ***
Total pot $2 | Rake $0
Seat 3: Vetal949 (button) (small blind) folded before Flop
Seat 4: degal76 (big blind) collected ($2)


PokerStars Hand #157049428045:  Hold'em Limit ($3/$6 USD) - 2016/08/09 3:09:43 ET
Table 'Phereclos' 6-max Seat #4 is the button
Seat 3: Vetal949 ($253.27 in chips)
Seat 4: degal76 ($228.43 in chips)
degal76: posts small blind $1
Vetal949: posts big blind $3
*** HOLE CARDS ***
degal76: raises $3 to $6
Vetal949: calls $3
*** FLOP *** [8h 5s 3h]
Vetal949: checks
degal76: bets $3
Vetal949: calls $3
*** TURN *** [8h 5s 3h] [Ks]
Vetal949: checks
degal76: bets $6
Vetal949: calls $6
*** RIVER *** [8h 5s 3h Ks] [Kd]
Vetal949: checks
degal76: bets $6
Vetal949: calls $6
*** SHOW DOWN ***
degal76: shows [Qs Qc] (two pair, Kings and Queens)
Vetal949: mucks hand
degal76 collected $41.50 from pot
*** SUMMARY ***
Total pot $42 | Rake $0.50
Board [8h 5s 3h Ks Kd]
Seat 3: Vetal949 (big blind) mucked
Seat 4: degal76 (button) (small blind) showed [Qs Qc] and won ($41.50) with two pair, Kings and Queens


PokerStars Hand #157049445935:  Hold'em Limit ($3/$6 USD) - 2016/08/09 3:10:54 ET
Table 'Phereclos' 6-max Seat #3 is the button
Seat 3: Vetal949 ($193.27 in chips)
Seat 4: degal76 ($286.93 in chips)
Vetal949: posts small blind $1
degal76: posts big blind $3
*** HOLE CARDS ***
Vetal949: folds
Uncalled bet ($2) returned to degal76
degal76 collected $2 from pot
degal76: doesn't show hand
*** SUMMARY ***
Total pot $2 | Rake $0
Seat 3: Vetal949 (button) (small blind) folded before Flop
Seat 4: degal76 (big blind) collected ($2)


PokerStars Hand #157049440481:  Hold'em Limit ($3/$6 USD) - 2016/08/09 3:10:32 ET
Table 'Phereclos' 6-max Seat #4 is the button
Seat 3: Vetal949 ($214.27 in chips)
Seat 4: degal76 ($266.43 in chips)
degal76: posts small blind $1
Vetal949: posts big blind $3
*** HOLE CARDS ***
degal76: raises $3 to $6
Vetal949: calls $3
*** FLOP *** [3h 5h 7s]
Vetal949: checks
degal76: bets $3
Vetal949: calls $3
*** TURN *** [3h 5h 7s] [4c]
Vetal949: checks
degal76: bets $6
Vetal949: calls $6
*** RIVER *** [3h 5h 7s 4c] [7d]
Vetal949: checks
degal76: bets $6
Vetal949: calls $6
*** SHOW DOWN ***
degal76: shows [6s Jc] (a straight, Three to Seven)
Vetal949: mucks hand
degal76 collected $41.50 from pot
*** SUMMARY ***
Total pot $42 | Rake $0.50
Board [3h 5h 7s 4c 7d]
Seat 3: Vetal949 (big blind) mucked
Seat 4: degal76 (button) (small blind) showed [6s Jc] and won ($41.50) with a straight, Three to Seven


PokerStars Hand #157049436094:  Hold'em Limit ($3/$6 USD) - 2016/08/09 3:10:15 ET
Table 'Phereclos' 6-max Seat #3 is the button
Seat 3: Vetal949 ($232.27 in chips)
Seat 4: degal76 ($248.93 in chips)
Vetal949: posts small blind $1
degal76: posts big blind $3
*** HOLE CARDS ***
Vetal949: raises $3 to $6
degal76: calls $3
*** FLOP *** [8d 3h 7h]
degal76: checks
Vetal949: bets $3
degal76: raises $3 to $6
Vetal949: calls $3
*** TURN *** [8d 3h 7h] [7d]
degal76: bets $6
Vetal949: calls $6
*** RIVER *** [8d 3h 7h 7d] [7c]
degal76: bets $6
Vetal949: folds
Uncalled bet ($6) returned to degal76
degal76 collected $35.50 from pot
degal76: doesn't show hand
*** SUMMARY ***
Total pot $36 | Rake $0.50
Board [8d 3h 7h 7d 7c]
Seat 3: Vetal949 (button) (small blind) folded on the River
Seat 4: degal76 (big blind) collected ($35.50)


PokerStars Hand #157049447708:  Hold'em Limit ($3/$6 USD) - 2016/08/09 3:11:01 ET
Table 'Phereclos' 6-max Seat #4 is the button
Seat 3: Vetal949 ($192.27 in chips)
Seat 4: degal76 ($287.93 in chips)
degal76: posts small blind $1
Vetal949: posts big blind $3
*** HOLE CARDS ***
degal76: raises $3 to $6
Vetal949: raises $3 to $9
degal76: calls $3
*** FLOP *** [Jd 3d 6s]
Vetal949: bets $3
degal76: calls $3
*** TURN *** [Jd 3d 6s] [7s]
Vetal949: bets $6
degal76: folds
Uncalled bet ($6) returned to Vetal949
Vetal949 collected $23.52 from pot
*** SUMMARY ***
Total pot $24 | Rake $0.48
Board [Jd 3d 6s 7s]
Seat 3: Vetal949 (big blind) collected ($23.52)
Seat 4: degal76 (button) (small blind) folded on the Turn


PokerStars Hand #157049456203:  Hold'em Limit ($3/$6 USD) - 2016/08/09 3:11:35 ET
Table 'Phereclos' 6-max Seat #4 is the button
Seat 3: Vetal949 ($194.79 in chips)
Seat 4: degal76 ($284.57 in chips)
degal76: posts small blind $1
Vetal949: posts big blind $3
*** HOLE CARDS ***
degal76: calls $2
Vetal949: raises $3 to $6
degal76: calls $3
*** FLOP *** [Qh 8h 4d]
Vetal949: checks
degal76: bets $3
Vetal949: calls $3
*** TURN *** [Qh 8h 4d] [Ad]
Vetal949: checks
degal76: bets $6
Vetal949: calls $6
*** RIVER *** [Qh 8h 4d Ad] [Ks]
Vetal949: checks
degal76: bets $6
Vetal949: folds
Uncalled bet ($6) returned to degal76
degal76 collected $29.50 from pot
degal76: doesn't show hand
*** SUMMARY ***
Total pot $30 | Rake $0.50
Board [Qh 8h 4d Ad Ks]
Seat 3: Vetal949 (big blind) folded on the River
Seat 4: degal76 (button) (small blind) collected ($29.50)


PokerStars Hand #157049451751:  Hold'em Limit ($3/$6 USD) - 2016/08/09 3:11:17 ET
Table 'Phereclos' 6-max Seat #3 is the button
Seat 3: Vetal949 ($203.79 in chips)
Seat 4: degal76 ($275.93 in chips)
Vetal949: posts small blind $1
degal76: posts big blind $3
*** HOLE CARDS ***
Vetal949: raises $3 to $6
degal76: calls $3
*** FLOP *** [Kc Ah Ts]
degal76: checks
Vetal949: bets $3
degal76: calls $3
*** TURN *** [Kc Ah Ts] [4c]
degal76: checks
Vetal949: checks
*** RIVER *** [Kc Ah Ts 4c] [Qs]
degal76: bets $6
Vetal949: folds
Uncalled bet ($6) returned to degal76
degal76 collected $17.64 from pot
degal76: doesn't show hand
*** SUMMARY ***
Total pot $18 | Rake $0.36
Board [Kc Ah Ts 4c Qs]
Seat 3: Vetal949 (button) (small blind) folded on the River
Seat 4: degal76 (big blind) collected ($17.64)


PokerStars Hand #157049470161:  Hold'em Limit ($3/$6 USD) - 2016/08/09 3:12:31 ET
Table 'Phereclos' 6-max Seat #4 is the button
Seat 3: Vetal949 ($189.29 in chips)
Seat 4: degal76 ($288.71 in chips)
degal76: posts small blind $1
Vetal949: posts big blind $3
*** HOLE CARDS ***
degal76: folds
Uncalled bet ($2) returned to Vetal949
Vetal949 collected $2 from pot
*** SUMMARY ***
Total pot $2 | Rake $0
Seat 3: Vetal949 (big blind) collected ($2)
Seat 4: degal76 (button) (small blind) folded before Flop


PokerStars Hand #157049464023:  Hold'em Limit ($3/$6 USD) - 2016/08/09 3:12:07 ET
Table 'Phereclos' 6-max Seat #4 is the button
Seat 3: Vetal949 ($170.79 in chips)
Seat 4: degal76 ($307.71 in chips)
degal76: posts small blind $1
Vetal949: posts big blind $3
*** HOLE CARDS ***
degal76: folds
Uncalled bet ($2) returned to Vetal949
Vetal949 collected $2 from pot
*** SUMMARY ***
Total pot $2 | Rake $0
Seat 3: Vetal949 (big blind) collected ($2)
Seat 4: degal76 (button) (small blind) folded before Flop


PokerStars Hand #157049460817:  Hold'em Limit ($3/$6 USD) - 2016/08/09 3:11:54 ET
Table 'Phereclos' 6-max Seat #3 is the button
Seat 3: Vetal949 ($179.79 in chips)
Seat 4: degal76 ($299.07 in chips)
Vetal949: posts small blind $1
degal76: posts big blind $3
*** HOLE CARDS ***
Vetal949: raises $3 to $6
degal76: calls $3
*** FLOP *** [6d Ad 3d]
degal76: checks
Vetal949: bets $3
degal76: raises $3 to $6
Vetal949: folds
Uncalled bet ($3) returned to degal76
degal76 collected $17.64 from pot
degal76: doesn't show hand
*** SUMMARY ***
Total pot $18 | Rake $0.36
Board [6d Ad 3d]
Seat 3: Vetal949 (button) (small blind) folded on the Flop
Seat 4: degal76 (big blind) collected ($17.64)


PokerStars Hand #157049465382:  Hold'em Limit ($3/$6 USD) - 2016/08/09 3:12:12 ET
Table 'Phereclos' 6-max Seat #3 is the button
Seat 3: Vetal949 ($171.79 in chips)
Seat 4: degal76 ($306.71 in chips)
Vetal949: posts small blind $1
degal76: posts big blind $3
*** HOLE CARDS ***
Vetal949: raises $3 to $6
degal76: calls $3
*** FLOP *** [Qs 5d 9s]
degal76: checks
Vetal949: checks
*** TURN *** [Qs 5d 9s] [Ac]
degal76: bets $6
Vetal949: calls $6
*** RIVER *** [Qs 5d 9s Ac] [8s]
degal76: checks
Vetal949: bets $6
degal76: calls $6
*** SHOW DOWN ***
Vetal949: shows [Kd 9c] (a pair of Nines)
degal76: mucks hand
Vetal949 collected $35.50 from pot
*** SUMMARY ***
Total pot $36 | Rake $0.50
Board [Qs 5d 9s Ac 8s]
Seat 3: Vetal949 (button) (small blind) showed [Kd 9c] and won ($35.50) with a pair of Nines
Seat 4: degal76 (big blind) mucked


PokerStars Hand #157049475788:  Hold'em Limit ($3/$6 USD) - 2016/08/09 3:12:54 ET
Table 'Phereclos' 6-max Seat #4 is the button
Seat 3: Vetal949 ($190.04 in chips)
Seat 4: degal76 ($287.46 in chips)
degal76: posts small blind $1
Vetal949: posts big blind $3
*** HOLE CARDS ***
degal76: folds
Uncalled bet ($2) returned to Vetal949
Vetal949 collected $2 from pot
*** SUMMARY ***
Total pot $2 | Rake $0
Seat 3: Vetal949 (big blind) collected ($2)
Seat 4: degal76 (button) (small blind) folded before Flop


PokerStars Hand #157049471577:  Hold'em Limit ($3/$6 USD) - 2016/08/09 3:12:37 ET
Table 'Phereclos' 6-max Seat #3 is the button
Seat 3: Vetal949 ($190.29 in chips)
Seat 4: degal76 ($287.71 in chips)
Vetal949: posts small blind $1
degal76: posts big blind $3
*** HOLE CARDS ***
Vetal949: raises $3 to $6
degal76: calls $3
*** FLOP *** [4s Qh Td]
degal76: checks
Vetal949: checks
*** TURN *** [4s Qh Td] [4h]
degal76: bets $6
Vetal949: raises $6 to $12
degal76: calls $6
*** RIVER *** [4s Qh Td 4h] [3s]
degal76: checks
Vetal949: bets $6
degal76: calls $6
*** SHOW DOWN ***
Vetal949: shows [Jc Tc] (two pair, Tens and Fours)
degal76: shows [Ts Jd] (two pair, Tens and Fours)
degal76 collected $23.75 from pot
Vetal949 collected $23.75 from pot
*** SUMMARY ***
Total pot $48 | Rake $0.50
Board [4s Qh Td 4h 3s]
Seat 3: Vetal949 (button) (small blind) showed [Jc Tc] and won ($23.75) with two pair, Tens and Fours
Seat 4: degal76 (big blind) showed [Ts Jd] and won ($23.75) with two pair, Tens and Fours


PokerStars Hand #157049490570:  Hold'em Limit ($3/$6 USD) - 2016/08/09 3:13:33 ET
Table 'Phereclos' 6-max Seat #4 is the button
Seat 3: Vetal949 ($201.56 in chips)
Seat 4: degal76 ($275.46 in chips)
degal76: posts small blind $1
Vetal949: posts big blind $3
*** HOLE CARDS ***
degal76: folds
Uncalled bet ($2) returned to Vetal949
Vetal949 collected $2 from pot
*** SUMMARY ***
Total pot $2 | Rake $0
Seat 3: Vetal949 (big blind) collected ($2)
Seat 4: degal76 (button) (small blind) folded before Flop


PokerStars Hand #157049477027:  Hold'em Limit ($3/$6 USD) - 2016/08/09 3:12:59 ET
Table 'Phereclos' 6-max Seat #3 is the button
Seat 3: Vetal949 ($191.04 in chips)
Seat 4: degal76 ($286.46 in chips)
Vetal949: posts small blind $1
degal76: posts big blind $3
*** HOLE CARDS ***
Vetal949: raises $3 to $6
degal76: calls $3
*** FLOP *** [As 9c 7c]
degal76: checks
Vetal949: bets $3
degal76: folds
Uncalled bet ($3) returned to Vetal949
Vetal949 collected $11.76 from pot
*** SUMMARY ***
Total pot $12 | Rake $0.24
Board [As 9c 7c]
Seat 3: Vetal949 (button) (small blind) collected ($11.76)
Seat 4: degal76 (big blind) folded on the Flop


PokerStars Hand #157049491803:  Hold'em Limit ($3/$6 USD) - 2016/08/09 3:13:38 ET
Table 'Phereclos' 6-max Seat #3 is the button
Seat 3: Vetal949 ($202.56 in chips)
Seat 4: degal76 ($274.46 in chips)
Vetal949: posts small blind $1
degal76: posts big blind $3
*** HOLE CARDS ***
Vetal949: folds
Uncalled bet ($2) returned to degal76
degal76 collected $2 from pot
degal76: doesn't show hand
*** SUMMARY ***
Total pot $2 | Rake $0
Seat 3: Vetal949 (button) (small blind) folded before Flop
Seat 4: degal76 (big blind) collected ($2)


PokerStars Hand #157049484076:  Hold'em Limit ($3/$6 USD) - 2016/08/09 3:13:27 ET
Table 'Phereclos' 6-max Seat #3 is the button
Seat 3: Vetal949 ($202.56 in chips)
Seat 4: degal76 ($274.46 in chips)
Vetal949: posts small blind $1
degal76: posts big blind $3
*** HOLE CARDS ***
Vetal949: folds
Uncalled bet ($2) returned to degal76
degal76 collected $2 from pot
degal76: doesn't show hand
*** SUMMARY ***
Total pot $2 | Rake $0
Seat 3: Vetal949 (button) (small blind) folded before Flop
Seat 4: degal76 (big blind) collected ($2)


PokerStars Hand #157049480486:  Hold'em Limit ($3/$6 USD) - 2016/08/09 3:13:13 ET
Table 'Phereclos' 6-max Seat #4 is the button
Seat 3: Vetal949 ($196.80 in chips)
Seat 4: degal76 ($280.46 in chips)
degal76: posts small blind $1
Vetal949: posts big blind $3
*** HOLE CARDS ***
degal76: raises $3 to $6
Vetal949: calls $3
*** FLOP *** [4c 6d 9s]
Vetal949: checks
degal76: checks
*** TURN *** [4c 6d 9s] [Ks]
Vetal949: bets $6
degal76: folds
Uncalled bet ($6) returned to Vetal949
Vetal949 collected $11.76 from pot
*** SUMMARY ***
Total pot $12 | Rake $0.24
Board [4c 6d 9s Ks]
Seat 3: Vetal949 (big blind) collected ($11.76)
Seat 4: degal76 (button) (small blind) folded on the Turn


PokerStars Hand #157049504188:  Hold'em Limit ($3/$6 USD) - 2016/08/09 3:14:28 ET
Table 'Phereclos' 6-max Seat #3 is the button
Seat 3: Vetal949 ($209.06 in chips)
Seat 4: degal76 ($267.10 in chips)
Vetal949: posts small blind $1
degal76: posts big blind $3
*** HOLE CARDS ***
Vetal949: raises $3 to $6
degal76: calls $3
*** FLOP *** [Js 4d 8d]
degal76: checks
Vetal949: bets $3
degal76: raises $3 to $6
Vetal949: calls $3
*** TURN *** [Js 4d 8d] [2c]
degal76: bets $6
Vetal949: folds
Uncalled bet ($6) returned to degal76
degal76 collected $23.52 from pot
degal76: doesn't show hand
*** SUMMARY ***
Total pot $24 | Rake $0.48
Board [Js 4d 8d 2c]
Seat 3: Vetal949 (button) (small blind) folded on the Turn
Seat 4: degal76 (big blind) collected ($23.52)


PokerStars Hand #157049493693:  Hold'em Limit ($3/$6 USD) - 2016/08/09 3:13:46 ET
Table 'Phereclos' 6-max Seat #4 is the button
Seat 3: Vetal949 ($201.56 in chips)
Seat 4: degal76 ($275.46 in chips)
degal76: posts small blind $1
Vetal949: posts big blind $3
*** HOLE CARDS ***
degal76: calls $2
Vetal949: raises $3 to $6
degal76: calls $3
*** FLOP *** [4d Tc 7s]
Vetal949: bets $3
degal76: raises $3 to $6
Vetal949: calls $3
*** TURN *** [4d Tc 7s] [Td]
Vetal949: checks
degal76: checks
*** RIVER *** [4d Tc 7s Td] [8d]
Vetal949: bets $6
degal76: calls $6
*** SHOW DOWN ***
Vetal949: shows [Jh 9c] (a straight, Seven to Jack)
degal76: mucks hand
Vetal949 collected $35.50 from pot
*** SUMMARY ***
Total pot $36 | Rake $0.50
Board [4d Tc 7s Td 8d]
Seat 3: Vetal949 (big blind) showed [Jh 9c] and won ($35.50) with a straight, Seven to Jack
Seat 4: degal76 (button) (small blind) mucked


PokerStars Hand #157049499297:  Hold'em Limit ($3/$6 USD) - 2016/08/09 3:14:08 ET
Table 'Phereclos' 6-max Seat #3 is the button
Seat 3: Vetal949 ($219.06 in chips)
Seat 4: degal76 ($257.46 in chips)
Vetal949: posts small blind $1
degal76: posts big blind $3
*** HOLE CARDS ***
Vetal949: folds
Uncalled bet ($2) returned to degal76
degal76 collected $2 from pot
degal76: doesn't show hand
*** SUMMARY ***
Total pot $2 | Rake $0
Seat 3: Vetal949 (button) (small blind) folded before Flop
Seat 4: degal76 (big blind) collected ($2)


PokerStars Hand #157049500652:  Hold'em Limit ($3/$6 USD) - 2016/08/09 3:14:14 ET
Table 'Phereclos' 6-max Seat #4 is the button
Seat 3: Vetal949 ($218.06 in chips)
Seat 4: degal76 ($258.46 in chips)
degal76: posts small blind $1
Vetal949: posts big blind $3
*** HOLE CARDS ***
degal76: raises $3 to $6
Vetal949: calls $3
*** FLOP *** [3h Qd 3c]
Vetal949: checks
degal76: bets $3
Vetal949: calls $3
*** TURN *** [3h Qd 3c] [5h]
Vetal949: checks
degal76: bets $6
Vetal949: folds
Uncalled bet ($6) returned to degal76
degal76 collected $17.64 from pot
degal76: doesn't show hand
*** SUMMARY ***
Total pot $18 | Rake $0.36
Board [3h Qd 3c 5h]
Seat 3: Vetal949 (big blind) folded on the Turn
Seat 4: degal76 (button) (small blind) collected ($17.64)


PokerStars Hand #157049508527:  Hold'em Limit ($3/$6 USD) - 2016/08/09 3:14:45 ET
Table 'Phereclos' 6-max Seat #4 is the button
Seat 3: Vetal949 ($197.06 in chips)
Seat 4: degal76 ($278.62 in chips)
degal76: posts small blind $1
Vetal949: posts big blind $3
*** HOLE CARDS ***
degal76: raises $3 to $6
Vetal949: calls $3
*** FLOP *** [Js Jc Td]
Vetal949: checks
degal76: bets $3
Vetal949: calls $3
*** TURN *** [Js Jc Td] [Jd]
Vetal949: checks
degal76: checks
*** RIVER *** [Js Jc Td Jd] [6d]
Vetal949: bets $6
degal76: folds
Uncalled bet ($6) returned to Vetal949
Vetal949 collected $17.64 from pot
*** SUMMARY ***
Total pot $18 | Rake $0.36
Board [Js Jc Td Jd 6d]
Seat 3: Vetal949 (big blind) collected ($17.64)
Seat 4: degal76 (button) (small blind) folded on the River


PokerStars Hand #157049525708:  Hold'em Limit ($3/$6 USD) - 2016/08/09 3:15:53 ET
Table 'Phereclos' 6-max Seat #3 is the button
Seat 3: Vetal949 ($220.10 in chips)
Seat 4: degal76 ($254.62 in chips)
Vetal949: posts small blind $1
degal76: posts big blind $3
*** HOLE CARDS ***
Vetal949: folds
Uncalled bet ($2) returned to degal76
degal76 collected $2 from pot
degal76: doesn't show hand
*** SUMMARY ***
Total pot $2 | Rake $0
Seat 3: Vetal949 (button) (small blind) folded before Flop
Seat 4: degal76 (big blind) collected ($2)


PokerStars Hand #157049520052:  Hold'em Limit ($3/$6 USD) - 2016/08/09 3:15:30 ET
Table 'Phereclos' 6-max Seat #3 is the button
Seat 3: Vetal949 ($212.46 in chips)
Seat 4: degal76 ($262.62 in chips)
Vetal949: posts small blind $1
degal76: posts big blind $3
*** HOLE CARDS ***
Vetal949: folds
Uncalled bet ($2) returned to degal76
degal76 collected $2 from pot
degal76: doesn't show hand
*** SUMMARY ***
Total pot $2 | Rake $0
Seat 3: Vetal949 (button) (small blind) folded before Flop
Seat 4: degal76 (big blind) collected ($2)


PokerStars Hand #157049518561:  Hold'em Limit ($3/$6 USD) - 2016/08/09 3:15:24 ET
Table 'Phereclos' 6-max Seat #4 is the button
Seat 3: Vetal949 ($211.46 in chips)
Seat 4: degal76 ($263.62 in chips)
degal76: posts small blind $1
Vetal949: posts big blind $3
*** HOLE CARDS ***
degal76: folds
Uncalled bet ($2) returned to Vetal949
Vetal949 collected $2 from pot
*** SUMMARY ***
Total pot $2 | Rake $0
Seat 3: Vetal949 (big blind) collected ($2)
Seat 4: degal76 (button) (small blind) folded before Flop


PokerStars Hand #157049514580:  Hold'em Limit ($3/$6 USD) - 2016/08/09 3:15:08 ET
Table 'Phereclos' 6-max Seat #3 is the button
Seat 3: Vetal949 ($205.70 in chips)
Seat 4: degal76 ($269.62 in chips)
Vetal949: posts small blind $1
degal76: posts big blind $3
*** HOLE CARDS ***
Vetal949: raises $3 to $6
degal76: calls $3
*** FLOP *** [Qs Td 7s]
degal76: checks
Vetal949: bets $3
degal76: folds
Uncalled bet ($3) returned to Vetal949
Vetal949 collected $11.76 from pot
*** SUMMARY ***
Total pot $12 | Rake $0.24
Board [Qs Td 7s]
Seat 3: Vetal949 (button) (small blind) collected ($11.76)
Seat 4: degal76 (big blind) folded on the Flop


PokerStars Hand #157049521865:  Hold'em Limit ($3/$6 USD) - 2016/08/09 3:15:37 ET
Table 'Phereclos' 6-max Seat #4 is the button
Seat 3: Vetal949 ($211.46 in chips)
Seat 4: degal76 ($263.62 in chips)
degal76: posts small blind $1
Vetal949: posts big blind $3
*** HOLE CARDS ***
degal76: raises $3 to $6
Vetal949: raises $3 to $9
degal76: calls $3
*** FLOP *** [7c 8h Js]
Vetal949: bets $3
degal76: folds
Uncalled bet ($3) returned to Vetal949
Vetal949 collected $17.64 from pot
*** SUMMARY ***
Total pot $18 | Rake $0.36
Board [7c 8h Js]
Seat 3: Vetal949 (big blind) collected ($17.64)
Seat 4: degal76 (button) (small blind) folded on the Flop


PokerStars Hand #157049537366:  Hold'em Limit ($3/$6 USD) - 2016/08/09 3:16:38 ET
Table 'Phereclos' 6-max Seat #3 is the button
Seat 3: Vetal949 ($234.60 in chips)
Seat 4: degal76 ($239.50 in chips)
Vetal949: posts small blind $1
degal76: posts big blind $3
*** HOLE CARDS ***
Vetal949: raises $3 to $6
degal76: raises $3 to $9
Vetal949: calls $3
*** FLOP *** [2d Qc 5d]
degal76: bets $3
Vetal949: calls $3
*** TURN *** [2d Qc 5d] [Jc]
degal76: bets $6
Vetal949: folds
Uncalled bet ($6) returned to degal76
degal76 collected $23.52 from pot
degal76: doesn't show hand
*** SUMMARY ***
Total pot $24 | Rake $0.48
Board [2d Qc 5d Jc]
Seat 3: Vetal949 (button) (small blind) folded on the Turn
Seat 4: degal76 (big blind) collected ($23.52)


PokerStars Hand #157049531474:  Hold'em Limit ($3/$6 USD) - 2016/08/09 3:16:15 ET
Table 'Phereclos' 6-max Seat #3 is the button
Seat 3: Vetal949 ($216.10 in chips)
Seat 4: degal76 ($258.50 in chips)
Vetal949: posts small blind $1
degal76: posts big blind $3
*** HOLE CARDS ***
Vetal949: raises $3 to $6
degal76: calls $3
*** FLOP *** [Qs Ah 8d]
degal76: checks
Vetal949: checks
*** TURN *** [Qs Ah 8d] [Ad]
degal76: checks
Vetal949: bets $6
degal76: calls $6
*** RIVER *** [Qs Ah 8d Ad] [6h]
degal76: checks
Vetal949: bets $6
degal76: calls $6
*** SHOW DOWN ***
Vetal949: shows [Qd 5s] (two pair, Aces and Queens)
degal76: mucks hand
Vetal949 collected $35.50 from pot
*** SUMMARY ***
Total pot $36 | Rake $0.50
Board [Qs Ah 8d Ad 6h]
Seat 3: Vetal949 (button) (small blind) showed [Qd 5s] and won ($35.50) with two pair, Aces and Queens
Seat 4: degal76 (big blind) mucked


PokerStars Hand #157049527333:  Hold'em Limit ($3/$6 USD) - 2016/08/09 3:15:59 ET
Table 'Phereclos' 6-max Seat #4 is the button
Seat 3: Vetal949 ($219.10 in chips)
Seat 4: degal76 ($255.62 in chips)
degal76: posts small blind $1
Vetal949: posts big blind $3
*** HOLE CARDS ***
degal76: calls $2
Vetal949: checks
*** FLOP *** [4h Js Qc]
Vetal949: checks
degal76: bets $3
Vetal949: folds
Uncalled bet ($3) returned to degal76
degal76 collected $5.88 from pot
degal76: doesn't show hand
*** SUMMARY ***
Total pot $6 | Rake $0.12
Board [4h Js Qc]
Seat 3: Vetal949 (big blind) folded on the Flop
Seat 4: degal76 (button) (small blind) collected ($5.88)


PokerStars Hand #157049535979:  Hold'em Limit ($3/$6 USD) - 2016/08/09 3:16:33 ET
Table 'Phereclos' 6-max Seat #4 is the button
Seat 3: Vetal949 ($233.60 in chips)
Seat 4: degal76 ($240.50 in chips)
degal76: posts small blind $1
Vetal949: posts big blind $3
*** HOLE CARDS ***
degal76: folds
Uncalled bet ($2) returned to Vetal949
Vetal949 collected $2 from pot
*** SUMMARY ***
Total pot $2 | Rake $0
Seat 3: Vetal949 (big blind) collected ($2)
Seat 4: degal76 (button) (small blind) folded before Flop


PokerStars Hand #157049541548:  Hold'em Limit ($3/$6 USD) - 2016/08/09 3:16:55 ET
Table 'Phereclos' 6-max Seat #4 is the button
Seat 3: Vetal949 ($222.60 in chips)
Seat 4: degal76 ($251.02 in chips)
degal76: posts small blind $1
Vetal949: posts big blind $3
*** HOLE CARDS ***
degal76: raises $3 to $6
Vetal949: calls $3
*** FLOP *** [6d Kh Ks]
Vetal949: checks
degal76: bets $3
Vetal949: folds
Uncalled bet ($3) returned to degal76
degal76 collected $11.76 from pot
degal76: doesn't show hand
*** SUMMARY ***
Total pot $12 | Rake $0.24
Board [6d Kh Ks]
Seat 3: Vetal949 (big blind) folded on the Flop
Seat 4: degal76 (button) (small blind) collected ($11.76)


PokerStars Hand #157049544516:  Hold'em Limit ($3/$6 USD) - 2016/08/09 3:17:07 ET
Table 'Phereclos' 6-max Seat #3 is the button
Seat 3: Vetal949 ($216.60 in chips)
Seat 4: degal76 ($256.78 in chips)
Vetal949: posts small blind $1
degal76: posts big blind $3
*** HOLE CARDS ***
Vetal949: raises $3 to $6
degal76: calls $3
*** FLOP *** [Kc Jh 4h]
degal76: checks
Vetal949: bets $3
degal76: raises $3 to $6
Vetal949: calls $3
*** TURN *** [Kc Jh 4h] [Qd]
degal76: bets $6
Vetal949: folds
Uncalled bet ($6) returned to degal76
degal76 collected $23.52 from pot
degal76: doesn't show hand
*** SUMMARY ***
Total pot $24 | Rake $0.48
Board [Kc Jh 4h Qd]
Seat 3: Vetal949 (button) (small blind) folded on the Turn
Seat 4: degal76 (big blind) collected ($23.52)


PokerStars Hand #157049554850:  Hold'em Limit ($3/$6 USD) - 2016/08/09 3:17:47 ET
Table 'Phereclos' 6-max Seat #3 is the button
Seat 3: Vetal949 ($231.10 in chips)
Seat 4: degal76 ($241.30 in chips)
Vetal949: posts small blind $1
degal76: posts big blind $3
*** HOLE CARDS ***
Vetal949: raises $3 to $6
degal76: folds
Uncalled bet ($3) returned to Vetal949
Vetal949 collected $6 from pot
*** SUMMARY ***
Total pot $6 | Rake $0
Seat 3: Vetal949 (button) (small blind) collected ($6)
Seat 4: degal76 (big blind) folded before Flop


PokerStars Hand #157049561104:  Hold'em Limit ($3/$6 USD) - 2016/08/09 3:18:12 ET
Table 'Phereclos' 6-max Seat #3 is the button
Seat 3: Vetal949 ($248.60 in chips)
Seat 4: degal76 ($223.30 in chips)
Vetal949: posts small blind $1
degal76: posts big blind $3
*** HOLE CARDS ***
Vetal949: raises $3 to $6
degal76: raises $3 to $9
Vetal949: calls $3
*** FLOP *** [Jd 2c 3c]
degal76: bets $3
Vetal949: calls $3
*** TURN *** [Jd 2c 3c] [6h]
degal76: bets $6
Vetal949: folds
Uncalled bet ($6) returned to degal76
degal76 collected $23.52 from pot
degal76: doesn't show hand
*** SUMMARY ***
Total pot $24 | Rake $0.48
Board [Jd 2c 3c 6h]
Seat 3: Vetal949 (button) (small blind) folded on the Turn
Seat 4: degal76 (big blind) collected ($23.52)


PokerStars Hand #157049565266:  Hold'em Limit ($3/$6 USD) - 2016/08/09 3:18:28 ET
Table 'Phereclos' 6-max Seat #4 is the button
Seat 3: Vetal949 ($236.60 in chips)
Seat 4: degal76 ($234.82 in chips)
degal76: posts small blind $1
Vetal949: posts big blind $3
*** HOLE CARDS ***
degal76: raises $3 to $6
Vetal949: calls $3
*** FLOP *** [Th 7d 3c]
Vetal949: checks
degal76: bets $3
Vetal949: folds
Uncalled bet ($3) returned to degal76
degal76 collected $11.76 from pot
degal76: doesn't show hand
*** SUMMARY ***
Total pot $12 | Rake $0.24
Board [Th 7d 3c]
Seat 3: Vetal949 (big blind) folded on the Flop
Seat 4: degal76 (button) (small blind) collected ($11.76)


PokerStars Hand #157049571391:  Hold'em Limit ($3/$6 USD) - 2016/08/09 3:18:52 ET
Table 'Phereclos' 6-max Seat #3 is the button
Seat 3: Vetal949 ($230.60 in chips)
Seat 4: degal76 ($240.58 in chips)
Vetal949: posts small blind $1
degal76: posts big blind $3
*** HOLE CARDS ***
Vetal949: folds
Uncalled bet ($2) returned to degal76
degal76 collected $2 from pot
degal76: doesn't show hand
*** SUMMARY ***
Total pot $2 | Rake $0
Seat 3: Vetal949 (button) (small blind) folded before Flop
Seat 4: degal76 (big blind) collected ($2)


PokerStars Hand #157049556337:  Hold'em Limit ($3/$6 USD) - 2016/08/09 3:17:53 ET
Table 'Phereclos' 6-max Seat #4 is the button
Seat 3: Vetal949 ($234.10 in chips)
Seat 4: degal76 ($238.30 in chips)
degal76: posts small blind $1
Vetal949: posts big blind $3
*** HOLE CARDS ***
degal76: raises $3 to $6
Vetal949: calls $3
*** FLOP *** [6h 4c 8h]
Vetal949: checks
degal76: bets $3
Vetal949: calls $3
*** TURN *** [6h 4c 8h] [Kd]
Vetal949: checks
degal76: bets $6
Vetal949: calls $6
*** RIVER *** [6h 4c 8h Kd] [7d]
Vetal949: checks
degal76: checks
*** SHOW DOWN ***
Vetal949: shows [4h 5s] (a straight, Four to Eight)
degal76: mucks hand
Vetal949 collected $29.50 from pot
*** SUMMARY ***
Total pot $30 | Rake $0.50
Board [6h 4c 8h Kd 7d]
Seat 3: Vetal949 (big blind) showed [4h 5s] and won ($29.50) with a straight, Four to Eight
Seat 4: degal76 (button) (small blind) mucked


PokerStars Hand #157049569635:  Hold'em Limit ($3/$6 USD) - 2016/08/09 3:18:45 ET
Table 'Phereclos' 6-max Seat #4 is the button
Seat 3: Vetal949 ($233.60 in chips)
Seat 4: degal76 ($237.58 in chips)
degal76: posts small blind $1
Vetal949: posts big blind $3
*** HOLE CARDS ***
degal76: raises $3 to $6
Vetal949: folds
Uncalled bet ($3) returned to degal76
degal76 collected $6 from pot
degal76: doesn't show hand
*** SUMMARY ***
Total pot $6 | Rake $0
Seat 3: Vetal949 (big blind) folded before Flop
Seat 4: degal76 (button) (small blind) collected ($6)


PokerStars Hand #157049567924:  Hold'em Limit ($3/$6 USD) - 2016/08/09 3:18:38 ET
Table 'Phereclos' 6-max Seat #3 is the button
Seat 3: Vetal949 ($230.60 in chips)
Seat 4: degal76 ($240.58 in chips)
Vetal949: posts small blind $1
degal76: posts big blind $3
*** HOLE CARDS ***
Vetal949: raises $3 to $6
degal76: folds
Uncalled bet ($3) returned to Vetal949
Vetal949 collected $6 from pot
*** SUMMARY ***
Total pot $6 | Rake $0
Seat 3: Vetal949 (button) (small blind) collected ($6)
Seat 4: degal76 (big blind) folded before Flop


PokerStars Hand #157049586664:  Hold'em Limit ($3/$6 USD) - 2016/08/09 3:19:53 ET
Table 'Phereclos' 6-max Seat #3 is the button
Seat 3: Vetal949 ($229.10 in chips)
Seat 4: degal76 ($240.58 in chips)
Vetal949: posts small blind $1
degal76: posts big blind $3
*** HOLE CARDS ***
Vetal949: folds
Uncalled bet ($2) returned to degal76
degal76 collected $2 from pot
degal76: doesn't show hand
*** SUMMARY ***
Total pot $2 | Rake $0
Seat 3: Vetal949 (button) (small blind) folded before Flop
Seat 4: degal76 (big blind) collected ($2)


PokerStars Hand #157049581844:  Hold'em Limit ($3/$6 USD) - 2016/08/09 3:19:33 ET
Table 'Phereclos' 6-max Seat #4 is the button
Seat 3: Vetal949 ($244.10 in chips)
Seat 4: degal76 ($226.08 in chips)
degal76: posts small blind $1
Vetal949: posts big blind $3
*** HOLE CARDS ***
degal76: raises $3 to $6
Vetal949: calls $3
*** FLOP *** [Jh 4h Jc]
Vetal949: checks
degal76: bets $3
Vetal949: calls $3
*** TURN *** [Jh 4h Jc] [5d]
Vetal949: checks
degal76: bets $6
Vetal949: calls $6
*** RIVER *** [Jh 4h Jc 5d] [8c]
Vetal949: checks
degal76: checks
*** SHOW DOWN ***
Vetal949: shows [Kd 9h] (a pair of Jacks)
degal76: shows [Ah Kc] (a pair of Jacks - Ace kicker)
degal76 collected $29.50 from pot
*** SUMMARY ***
Total pot $30 | Rake $0.50
Board [Jh 4h Jc 5d 8c]
Seat 3: Vetal949 (big blind) showed [Kd 9h] and lost with a pair of Jacks
Seat 4: degal76 (button) (small blind) showed [Ah Kc] and won ($29.50) with a pair of Jacks


PokerStars Hand #157049577054:  Hold'em Limit ($3/$6 USD) - 2016/08/09 3:19:14 ET
Table 'Phereclos' 6-max Seat #3 is the button
Seat 3: Vetal949 ($214.60 in chips)
Seat 4: degal76 ($256.08 in chips)
Vetal949: posts small blind $1
degal76: posts big blind $3
*** HOLE CARDS ***
Vetal949: raises $3 to $6
degal76: raises $3 to $9
Vetal949: calls $3
*** FLOP *** [3s 5c 6h]
degal76: bets $3
Vetal949: calls $3
*** TURN *** [3s 5c 6h] [Ks]
degal76: bets $6
Vetal949: raises $6 to $12
degal76: calls $6
*** RIVER *** [3s 5c 6h Ks] [Kc]
degal76: checks
Vetal949: bets $6
degal76: calls $6
*** SHOW DOWN ***
Vetal949: shows [Kd 7h] (three of a kind, Kings)
degal76: mucks hand
Vetal949 collected $59.50 from pot
*** SUMMARY ***
Total pot $60 | Rake $0.50
Board [3s 5c 6h Ks Kc]
Seat 3: Vetal949 (button) (small blind) showed [Kd 7h] and won ($59.50) with three of a kind, Kings
Seat 4: degal76 (big blind) mucked


PokerStars Hand #157049572562:  Hold'em Limit ($3/$6 USD) - 2016/08/09 3:18:57 ET
Table 'Phereclos' 6-max Seat #4 is the button
Seat 3: Vetal949 ($229.60 in chips)
Seat 4: degal76 ($241.58 in chips)
degal76: posts small blind $1
Vetal949: posts big blind $3
*** HOLE CARDS ***
degal76: raises $3 to $6
Vetal949: calls $3
*** FLOP *** [5c 4h Qc]
Vetal949: checks
degal76: bets $3
Vetal949: calls $3
*** TURN *** [5c 4h Qc] [9d]
Vetal949: checks
degal76: bets $6
Vetal949: calls $6
*** RIVER *** [5c 4h Qc 9d] [Tc]
Vetal949: checks
degal76: bets $6
Vetal949: folds
Uncalled bet ($6) returned to degal76
degal76 collected $29.50 from pot
degal76: doesn't show hand
*** SUMMARY ***
Total pot $30 | Rake $0.50
Board [5c 4h Qc 9d Tc]
Seat 3: Vetal949 (big blind) folded on the River
Seat 4: degal76 (button) (small blind) collected ($29.50)


PokerStars Hand #157049597241:  Hold'em Limit ($3/$6 USD) - 2016/08/09 3:20:34 ET
Table 'Phereclos' 6-max Seat #3 is the button
Seat 3: Vetal949 ($220.85 in chips)
Seat 4: degal76 ($248.09 in chips)
Vetal949: posts small blind $1
degal76: posts big blind $3
*** HOLE CARDS ***
Vetal949: raises $3 to $6
degal76: calls $3
*** FLOP *** [5d 7h 9s]
degal76: checks
Vetal949: bets $3
degal76: raises $3 to $6
Vetal949: calls $3
*** TURN *** [5d 7h 9s] [3d]
degal76: bets $6
Vetal949: calls $6
*** RIVER *** [5d 7h 9s 3d] [7d]
degal76: bets $6
Vetal949: calls $6
*** SHOW DOWN ***
degal76: shows [4s 9c] (two pair, Nines and Sevens)
Vetal949: mucks hand
degal76 collected $47.50 from pot
*** SUMMARY ***
Total pot $48 | Rake $0.50
Board [5d 7h 9s 3d 7d]
Seat 3: Vetal949 (button) (small blind) mucked
Seat 4: degal76 (big blind) showed [4s 9c] and won ($47.50) with two pair, Nines and Sevens


PokerStars Hand #157049592570:  Hold'em Limit ($3/$6 USD) - 2016/08/09 3:20:16 ET
Table 'Phereclos' 6-max Seat #4 is the button
Seat 3: Vetal949 ($221.10 in chips)
Seat 4: degal76 ($248.34 in chips)
degal76: posts small blind $1
Vetal949: posts big blind $3
*** HOLE CARDS ***
degal76: raises $3 to $6
Vetal949: raises $3 to $9
degal76: calls $3
*** FLOP *** [Js 8d Qd]
Vetal949: bets $3
degal76: raises $3 to $6
Vetal949: calls $3
*** TURN *** [Js 8d Qd] [8c]
Vetal949: checks
degal76: bets $6
Vetal949: calls $6
*** RIVER *** [Js 8d Qd 8c] [5d]
Vetal949: checks
degal76: checks
*** SHOW DOWN ***
Vetal949: shows [4c Jc] (two pair, Jacks and Eights)
degal76: shows [Jh 4s] (two pair, Jacks and Eights)
Vetal949 collected $20.75 from pot
degal76 collected $20.75 from pot
*** SUMMARY ***
Total pot $42 | Rake $0.50
Board [Js 8d Qd 8c 5d]
Seat 3: Vetal949 (big blind) showed [4c Jc] and won ($20.75) with two pair, Jacks and Eights
Seat 4: degal76 (button) (small blind) showed [Jh 4s] and won ($20.75) with two pair, Jacks and Eights


PokerStars Hand #157049591110:  Hold'em Limit ($3/$6 USD) - 2016/08/09 3:20:10 ET
Table 'Phereclos' 6-max Seat #3 is the button
Seat 3: Vetal949 ($222.10 in chips)
Seat 4: degal76 ($247.34 in chips)
Vetal949: posts small blind $1
degal76: posts big blind $3
*** HOLE CARDS ***
Vetal949: folds
Uncalled bet ($2) returned to degal76
degal76 collected $2 from pot
degal76: doesn't show hand
*** SUMMARY ***
Total pot $2 | Rake $0
Seat 3: Vetal949 (button) (small blind) folded before Flop
Seat 4: degal76 (big blind) collected ($2)


PokerStars Hand #157049588148:  Hold'em Limit ($3/$6 USD) - 2016/08/09 3:19:59 ET
Table 'Phereclos' 6-max Seat #4 is the button
Seat 3: Vetal949 ($228.10 in chips)
Seat 4: degal76 ($241.58 in chips)
degal76: posts small blind $1
Vetal949: posts big blind $3
*** HOLE CARDS ***
degal76: raises $3 to $6
Vetal949: calls $3
*** FLOP *** [8c Js 7s]
Vetal949: checks
degal76: bets $3
Vetal949: folds
Uncalled bet ($3) returned to degal76
degal76 collected $11.76 from pot
degal76: doesn't show hand
*** SUMMARY ***
Total pot $12 | Rake $0.24
Board [8c Js 7s]
Seat 3: Vetal949 (big blind) folded on the Flop
Seat 4: degal76 (button) (small blind) collected ($11.76)


PokerStars Hand #157049608506:  Hold'em Limit ($3/$6 USD) - 2016/08/09 3:21:18 ET
Table 'Phereclos' 6-max Seat #3 is the button
Seat 3: Vetal949 ($229.35 in chips)
Seat 4: degal76 ($238.59 in chips)
Vetal949: posts small blind $1
degal76: posts big blind $3
*** HOLE CARDS ***
Vetal949: raises $3 to $6
degal76: calls $3
*** FLOP *** [7c 9s Ts]
degal76: checks
Vetal949: bets $3
degal76: calls $3
*** TURN *** [7c 9s Ts] [Ah]
degal76: checks
Vetal949: checks
*** RIVER *** [7c 9s Ts Ah] [9d]
degal76: bets $6
Vetal949: folds
Uncalled bet ($6) returned to degal76
degal76 collected $17.64 from pot
degal76: doesn't show hand
*** SUMMARY ***
Total pot $18 | Rake $0.36
Board [7c 9s Ts Ah 9d]
Seat 3: Vetal949 (button) (small blind) folded on the River
Seat 4: degal76 (big blind) collected ($17.64)


PokerStars Hand #157049614289:  Hold'em Limit ($3/$6 USD) - 2016/08/09 3:21:41 ET
Table 'Phereclos' 6-max Seat #4 is the button
Seat 3: Vetal949 ($220.35 in chips)
Seat 4: degal76 ($247.23 in chips)
degal76: posts small blind $1
Vetal949: posts big blind $3
*** HOLE CARDS ***
degal76: raises $3 to $6
Vetal949: folds
Uncalled bet ($3) returned to degal76
degal76 collected $6 from pot
degal76: doesn't show hand
*** SUMMARY ***
Total pot $6 | Rake $0
Seat 3: Vetal949 (big blind) folded before Flop
Seat 4: degal76 (button) (small blind) collected ($6)


PokerStars Hand #157049602414:  Hold'em Limit ($3/$6 USD) - 2016/08/09 3:20:55 ET
Table 'Phereclos' 6-max Seat #4 is the button
Seat 3: Vetal949 ($196.85 in chips)
Seat 4: degal76 ($271.59 in chips)
degal76: posts small blind $1
Vetal949: posts big blind $3
*** HOLE CARDS ***
degal76: raises $3 to $6
Vetal949: raises $3 to $9
degal76: calls $3
*** FLOP *** [2h 5c Qh]
Vetal949: bets $3
degal76: raises $3 to $6
Vetal949: calls $3
*** TURN *** [2h 5c Qh] [Kd]
Vetal949: checks
degal76: bets $6
Vetal949: raises $6 to $12
degal76: calls $6
*** RIVER *** [2h 5c Qh Kd] [3d]
Vetal949: bets $6
degal76: calls $6
*** SHOW DOWN ***
Vetal949: shows [Ks 5s] (two pair, Kings and Fives)
degal76: mucks hand
Vetal949 collected $65.50 from pot
*** SUMMARY ***
Total pot $66 | Rake $0.50
Board [2h 5c Qh Kd 3d]
Seat 3: Vetal949 (big blind) showed [Ks 5s] and won ($65.50) with two pair, Kings and Fives
Seat 4: degal76 (button) (small blind) mucked


PokerStars Hand #157049626752:  Hold'em Limit ($3/$6 USD) - 2016/08/09 3:22:30 ET
Table 'Phereclos' 6-max Seat #3 is the button
Seat 3: Vetal949 ($184.35 in chips)
Seat 4: degal76 ($282.23 in chips)
Vetal949: posts small blind $1
degal76: posts big blind $3
*** HOLE CARDS ***
Vetal949: folds
Uncalled bet ($2) returned to degal76
degal76 collected $2 from pot
degal76: doesn't show hand
*** SUMMARY ***
Total pot $2 | Rake $0
Seat 3: Vetal949 (button) (small blind) folded before Flop
Seat 4: degal76 (big blind) collected ($2)


PokerStars Hand #157049628202:  Hold'em Limit ($3/$6 USD) - 2016/08/09 3:22:35 ET
Table 'Phereclos' 6-max Seat #4 is the button
Seat 3: Vetal949 ($183.35 in chips)
Seat 4: degal76 ($283.23 in chips)
degal76: posts small blind $1
Vetal949: posts big blind $3
*** HOLE CARDS ***
degal76: raises $3 to $6
Vetal949: raises $3 to $9
degal76: calls $3
*** FLOP *** [Qc Jh 7c]
Vetal949: bets $3
degal76: raises $3 to $6
Vetal949: calls $3
*** TURN *** [Qc Jh 7c] [Kc]
Vetal949: checks
degal76: bets $6
Vetal949: calls $6
*** RIVER *** [Qc Jh 7c Kc] [3c]
Vetal949: checks
degal76: bets $6
Vetal949: calls $6
*** SHOW DOWN ***
degal76: shows [3s Jc] (a flush, King high)
Vetal949: mucks hand
degal76 collected $53.50 from pot
*** SUMMARY ***
Total pot $54 | Rake $0.50
Board [Qc Jh 7c Kc 3c]
Seat 3: Vetal949 (big blind) mucked
Seat 4: degal76 (button) (small blind) showed [3s Jc] and won ($53.50) with a flush, King high


PokerStars Hand #157049616237:  Hold'em Limit ($3/$6 USD) - 2016/08/09 3:21:49 ET
Table 'Phereclos' 6-max Seat #3 is the button
Seat 3: Vetal949 ($217.35 in chips)
Seat 4: degal76 ($250.23 in chips)
Vetal949: posts small blind $1
degal76: posts big blind $3
*** HOLE CARDS ***
Vetal949: raises $3 to $6
degal76: calls $3
*** FLOP *** [6s Jc 7s]
degal76: checks
Vetal949: checks
*** TURN *** [6s Jc 7s] [6d]
degal76: checks
Vetal949: bets $6
degal76: raises $6 to $12
Vetal949: calls $6
*** RIVER *** [6s Jc 7s 6d] [Ts]
degal76: bets $6
Vetal949: folds
Uncalled bet ($6) returned to degal76
degal76 collected $35.50 from pot
degal76: doesn't show hand
*** SUMMARY ***
Total pot $36 | Rake $0.50
Board [6s Jc 7s 6d Ts]
Seat 3: Vetal949 (button) (small blind) folded on the River
Seat 4: degal76 (big blind) collected ($35.50)


PokerStars Hand #157049642601:  Hold'em Limit ($3/$6 USD) - 2016/08/09 3:23:32 ET
Table 'Phereclos' 6-max Seat #4 is the button
Seat 3: Vetal949 ($157.99 in chips)
Seat 4: degal76 ($307.49 in chips)
degal76: posts small blind $1
Vetal949: posts big blind $3
*** HOLE CARDS ***
degal76: raises $3 to $6
Vetal949: folds
Uncalled bet ($3) returned to degal76
degal76 collected $6 from pot
degal76: doesn't show hand
*** SUMMARY ***
Total pot $6 | Rake $0
Seat 3: Vetal949 (big blind) folded before Flop
Seat 4: degal76 (button) (small blind) collected ($6)


PokerStars Hand #157049634321:  Hold'em Limit ($3/$6 USD) - 2016/08/09 3:22:59 ET
Table 'Phereclos' 6-max Seat #3 is the button
Seat 3: Vetal949 ($156.35 in chips)
Seat 4: degal76 ($309.73 in chips)
Vetal949: posts small blind $1
degal76: posts big blind $3
*** HOLE CARDS ***
Vetal949: raises $3 to $6
degal76: calls $3
*** FLOP *** [7c 5d Jc]
degal76: checks
Vetal949: bets $3
degal76: calls $3
*** TURN *** [7c 5d Jc] [As]
degal76: checks
Vetal949: checks
*** RIVER *** [7c 5d Jc As] [3s]
degal76: checks
Vetal949: checks
*** SHOW DOWN ***
degal76: shows [Ts Qs] (high card Ace)
Vetal949: shows [4s 4c] (a pair of Fours)
Vetal949 collected $17.64 from pot
*** SUMMARY ***
Total pot $18 | Rake $0.36
Board [7c 5d Jc As 3s]
Seat 3: Vetal949 (button) (small blind) showed [4s 4c] and won ($17.64) with a pair of Fours
Seat 4: degal76 (big blind) showed [Ts Qs] and lost with high card Ace


PokerStars Hand #157049644174:  Hold'em Limit ($3/$6 USD) - 2016/08/09 3:23:38 ET
Table 'Phereclos' 6-max Seat #3 is the button
Seat 3: Vetal949 ($154.99 in chips)
Seat 4: degal76 ($310.49 in chips)
Vetal949: posts small blind $1
degal76: posts big blind $3
*** HOLE CARDS ***
Vetal949: raises $3 to $6
degal76: calls $3
*** FLOP *** [8d 6c Th]
degal76: checks
Vetal949: checks
*** TURN *** [8d 6c Th] [Jd]
degal76: bets $6
Vetal949: calls $6
*** RIVER *** [8d 6c Th Jd] [4h]
degal76: bets $6
Vetal949: folds
Uncalled bet ($6) returned to degal76
degal76 collected $23.52 from pot
degal76: doesn't show hand
*** SUMMARY ***
Total pot $24 | Rake $0.48
Board [8d 6c Th Jd 4h]
Seat 3: Vetal949 (button) (small blind) folded on the River
Seat 4: degal76 (big blind) collected ($23.52)


PokerStars Hand #157049641305:  Hold'em Limit ($3/$6 USD) - 2016/08/09 3:23:27 ET
Table 'Phereclos' 6-max Seat #3 is the button
Seat 3: Vetal949 ($158.99 in chips)
Seat 4: degal76 ($306.49 in chips)
Vetal949: posts small blind $1
degal76: posts big blind $3
*** HOLE CARDS ***
Vetal949: folds
Uncalled bet ($2) returned to degal76
degal76 collected $2 from pot
degal76: doesn't show hand
*** SUMMARY ***
Total pot $2 | Rake $0
Seat 3: Vetal949 (button) (small blind) folded before Flop
Seat 4: degal76 (big blind) collected ($2)


PokerStars Hand #157049638422:  Hold'em Limit ($3/$6 USD) - 2016/08/09 3:23:16 ET
Table 'Phereclos' 6-max Seat #4 is the button
Seat 3: Vetal949 ($164.99 in chips)
Seat 4: degal76 ($300.73 in chips)
degal76: posts small blind $1
Vetal949: posts big blind $3
*** HOLE CARDS ***
degal76: raises $3 to $6
Vetal949: calls $3
*** FLOP *** [5s 7d 7c]
Vetal949: checks
degal76: bets $3
Vetal949: folds
Uncalled bet ($3) returned to degal76
degal76 collected $11.76 from pot
degal76: doesn't show hand
*** SUMMARY ***
Total pot $12 | Rake $0.24
Board [5s 7d 7c]
Seat 3: Vetal949 (big blind) folded on the Flop
Seat 4: degal76 (button) (small blind) collected ($11.76)


PokerStars Hand #157049654157:  Hold'em Limit ($3/$6 USD) - 2016/08/09 3:24:17 ET
Table 'Phereclos' 6-max Seat #4 is the button
Seat 3: Vetal949 ($157.51 in chips)
Seat 4: degal76 ($307.01 in chips)
degal76: posts small blind $1
Vetal949: posts big blind $3
*** HOLE CARDS ***
degal76: raises $3 to $6
Vetal949: calls $3
*** FLOP *** [5d Ks 7d]
Vetal949: checks
degal76: bets $3
Vetal949: calls $3
*** TURN *** [5d Ks 7d] [8h]
Vetal949: checks
degal76: bets $6
Vetal949: calls $6
*** RIVER *** [5d Ks 7d 8h] [Qd]
Vetal949: checks
degal76: bets $6
Vetal949: folds
Uncalled bet ($6) returned to degal76
degal76 collected $29.50 from pot
degal76: doesn't show hand
*** SUMMARY ***
Total pot $30 | Rake $0.50
Board [5d Ks 7d 8h Qd]
Seat 3: Vetal949 (big blind) folded on the River
Seat 4: degal76 (button) (small blind) collected ($29.50)


PokerStars Hand #157049659102:  Hold'em Limit ($3/$6 USD) - 2016/08/09 3:24:36 ET
Table 'Phereclos' 6-max Seat #3 is the button
Seat 3: Vetal949 ($142.51 in chips)
Seat 4: degal76 ($321.51 in chips)
Vetal949: posts small blind $1
degal76: posts big blind $3
*** HOLE CARDS ***
Vetal949: raises $3 to $6
degal76: calls $3
*** FLOP *** [Qh 4s Ts]
degal76: checks
Vetal949: bets $3
degal76: calls $3
*** TURN *** [Qh 4s Ts] [5h]
degal76: checks
Vetal949: checks
*** RIVER *** [Qh 4s Ts 5h] [Tc]
degal76: bets $6
Vetal949: calls $6
*** SHOW DOWN ***
degal76: shows [4h Ks] (two pair, Tens and Fours)
Vetal949: mucks hand
degal76 collected $29.50 from pot
*** SUMMARY ***
Total pot $30 | Rake $0.50
Board [Qh 4s Ts 5h Tc]
Seat 3: Vetal949 (button) (small blind) mucked
Seat 4: degal76 (big blind) showed [4h Ks] and won ($29.50) with two pair, Tens and Fours


PokerStars Hand #157049648118:  Hold'em Limit ($3/$6 USD) - 2016/08/09 3:23:53 ET
Table 'Phereclos' 6-max Seat #4 is the button
Seat 3: Vetal949 ($142.99 in chips)
Seat 4: degal76 ($322.01 in chips)
degal76: posts small blind $1
Vetal949: posts big blind $3
*** HOLE CARDS ***
degal76: raises $3 to $6
Vetal949: raises $3 to $9
degal76: calls $3
*** FLOP *** [Kc 9d 6c]
Vetal949: checks
degal76: bets $3
Vetal949: calls $3
*** TURN *** [Kc 9d 6c] [6h]
Vetal949: checks
degal76: checks
*** RIVER *** [Kc 9d 6c 6h] [9h]
Vetal949: bets $6
degal76: folds
Uncalled bet ($6) returned to Vetal949
Vetal949 collected $23.52 from pot
*** SUMMARY ***
Total pot $24 | Rake $0.48
Board [Kc 9d 6c 6h 9h]
Seat 3: Vetal949 (big blind) collected ($23.52)
Seat 4: degal76 (button) (small blind) folded on the River


PokerStars Hand #157049652437:  Hold'em Limit ($3/$6 USD) - 2016/08/09 3:24:10 ET
Table 'Phereclos' 6-max Seat #3 is the button
Seat 3: Vetal949 ($154.51 in chips)
Seat 4: degal76 ($310.01 in chips)
Vetal949: posts small blind $1
degal76: posts big blind $3
*** HOLE CARDS ***
Vetal949: raises $3 to $6
degal76: folds
Uncalled bet ($3) returned to Vetal949
Vetal949 collected $6 from pot
*** SUMMARY ***
Total pot $6 | Rake $0
Seat 3: Vetal949 (button) (small blind) collected ($6)
Seat 4: degal76 (big blind) folded before Flop


PokerStars Hand #157049668735:  Hold'em Limit ($3/$6 USD) - 2016/08/09 3:25:13 ET
Table 'Phereclos' 6-max Seat #3 is the button
Seat 3: Vetal949 ($139.03 in chips)
Seat 4: degal76 ($324.01 in chips)
Vetal949: posts small blind $1
degal76: posts big blind $3
*** HOLE CARDS ***
Vetal949: raises $3 to $6
degal76: calls $3
*** FLOP *** [Ac 9h 6c]
degal76: checks
Vetal949: checks
*** TURN *** [Ac 9h 6c] [Qd]
degal76: checks
Vetal949: bets $6
degal76: calls $6
*** RIVER *** [Ac 9h 6c Qd] [3d]
degal76: checks
Vetal949: bets $6
degal76: calls $6
*** SHOW DOWN ***
Vetal949: shows [4s As] (a pair of Aces)
degal76: mucks hand
Vetal949 collected $35.50 from pot
*** SUMMARY ***
Total pot $36 | Rake $0.50
Board [Ac 9h 6c Qd 3d]
Seat 3: Vetal949 (button) (small blind) showed [4s As] and won ($35.50) with a pair of Aces
Seat 4: degal76 (big blind) mucked


PokerStars Hand #157049675528:  Hold'em Limit ($3/$6 USD) - 2016/08/09 3:25:39 ET
Table 'Phereclos' 6-max Seat #3 is the button
Seat 3: Vetal949 ($153.53 in chips)
Seat 4: degal76 ($308.89 in chips)
Vetal949: posts small blind $1
degal76: posts big blind $3
*** HOLE CARDS ***
Vetal949: calls $2
degal76: checks
*** FLOP *** [Kd As Qs]
degal76: checks
Vetal949: bets $3
degal76: folds
Uncalled bet ($3) returned to Vetal949
Vetal949 collected $5.88 from pot
*** SUMMARY ***
Total pot $6 | Rake $0.12
Board [Kd As Qs]
Seat 3: Vetal949 (button) (small blind) collected ($5.88)
Seat 4: degal76 (big blind) folded on the Flop


PokerStars Hand #157049663601:  Hold'em Limit ($3/$6 USD) - 2016/08/09 3:24:53 ET
Table 'Phereclos' 6-max Seat #4 is the button
Seat 3: Vetal949 ($127.51 in chips)
Seat 4: degal76 ($336.01 in chips)
degal76: posts small blind $1
Vetal949: posts big blind $3
*** HOLE CARDS ***
degal76: raises $3 to $6
Vetal949: raises $3 to $9
degal76: calls $3
*** FLOP *** [Jc 3h 2c]
Vetal949: bets $3
degal76: calls $3
*** TURN *** [Jc 3h 2c] [7d]
Vetal949: bets $6
degal76: folds
Uncalled bet ($6) returned to Vetal949
Vetal949 collected $23.52 from pot
*** SUMMARY ***
Total pot $24 | Rake $0.48
Board [Jc 3h 2c 7d]
Seat 3: Vetal949 (big blind) collected ($23.52)
Seat 4: degal76 (button) (small blind) folded on the Turn


PokerStars Hand #157049673005:  Hold'em Limit ($3/$6 USD) - 2016/08/09 3:25:30 ET
Table 'Phereclos' 6-max Seat #4 is the button
Seat 3: Vetal949 ($156.53 in chips)
Seat 4: degal76 ($306.01 in chips)
degal76: posts small blind $1
Vetal949: posts big blind $3
*** HOLE CARDS ***
degal76: calls $2
Vetal949: checks
*** FLOP *** [Qh Kc 5c]
Vetal949: checks
degal76: bets $3
Vetal949: folds
Uncalled bet ($3) returned to degal76
degal76 collected $5.88 from pot
degal76: doesn't show hand
*** SUMMARY ***
Total pot $6 | Rake $0.12
Board [Qh Kc 5c]
Seat 3: Vetal949 (big blind) folded on the Flop
Seat 4: degal76 (button) (small blind) collected ($5.88)


PokerStars Hand #157049692119:  Hold'em Limit ($3/$6 USD) - 2016/08/09 3:26:44 ET
Table 'Phereclos' 6-max Seat #3 is the button
Seat 3: Vetal949 ($140.91 in chips)
Seat 4: degal76 ($319.91 in chips)
Vetal949: posts small blind $1
degal76: posts big blind $3
*** HOLE CARDS ***
Vetal949: raises $3 to $6
degal76: folds
Uncalled bet ($3) returned to Vetal949
Vetal949 collected $6 from pot
*** SUMMARY ***
Total pot $6 | Rake $0
Seat 3: Vetal949 (button) (small blind) collected ($6)
Seat 4: degal76 (big blind) folded before Flop


PokerStars Hand #157049678426:  Hold'em Limit ($3/$6 USD) - 2016/08/09 3:25:51 ET
Table 'Phereclos' 6-max Seat #4 is the button
Seat 3: Vetal949 ($156.41 in chips)
Seat 4: degal76 ($305.89 in chips)
degal76: posts small blind $1
Vetal949: posts big blind $3
*** HOLE CARDS ***
degal76: raises $3 to $6
Vetal949: raises $3 to $9
degal76: calls $3
*** FLOP *** [Qd Qc Jd]
Vetal949: bets $3
degal76: calls $3
*** TURN *** [Qd Qc Jd] [Tc]
Vetal949: checks
degal76: bets $6
Vetal949: raises $6 to $12
degal76: folds
Uncalled bet ($6) returned to Vetal949
Vetal949 collected $35.50 from pot
*** SUMMARY ***
Total pot $36 | Rake $0.50
Board [Qd Qc Jd Tc]
Seat 3: Vetal949 (big blind) collected ($35.50)
Seat 4: degal76 (button) (small blind) folded on the Turn


PokerStars Hand #157049686871:  Hold'em Limit ($3/$6 USD) - 2016/08/09 3:26:24 ET
Table 'Phereclos' 6-max Seat #4 is the button
Seat 3: Vetal949 ($161.91 in chips)
Seat 4: degal76 ($299.41 in chips)
degal76: posts small blind $1
Vetal949: posts big blind $3
*** HOLE CARDS ***
degal76: raises $3 to $6
Vetal949: calls $3
*** FLOP *** [Jh Td 2c]
Vetal949: checks
degal76: bets $3
Vetal949: calls $3
*** TURN *** [Jh Td 2c] [Kh]
Vetal949: checks
degal76: bets $6
Vetal949: calls $6
*** RIVER *** [Jh Td 2c Kh] [9s]
Vetal949: checks
degal76: bets $6
Vetal949: calls $6
*** SHOW DOWN ***
degal76: shows [Kc 9d] (two pair, Kings and Nines)
Vetal949: mucks hand
degal76 collected $41.50 from pot
*** SUMMARY ***
Total pot $42 | Rake $0.50
Board [Jh Td 2c Kh 9s]
Seat 3: Vetal949 (big blind) mucked
Seat 4: degal76 (button) (small blind) showed [Kc 9d] and won ($41.50) with two pair, Kings and Nines


PokerStars Hand #157049699035:  Hold'em Limit ($3/$6 USD) - 2016/08/09 3:27:11 ET
Table 'Phereclos' 6-max Seat #3 is the button
Seat 3: Vetal949 ($176.41 in chips)
Seat 4: degal76 ($283.91 in chips)
Vetal949: posts small blind $1
degal76: posts big blind $3
*** HOLE CARDS ***
Vetal949: raises $3 to $6
degal76: raises $3 to $9
Vetal949: calls $3
*** FLOP *** [Th 5d 8c]
degal76: bets $3
Vetal949: calls $3
*** TURN *** [Th 5d 8c] [6h]
degal76: bets $6
Vetal949: folds
Uncalled bet ($6) returned to degal76
degal76 collected $23.52 from pot
degal76: doesn't show hand
*** SUMMARY ***
Total pot $24 | Rake $0.48
Board [Th 5d 8c 6h]
Seat 3: Vetal949 (button) (small blind) folded on the Turn
Seat 4: degal76 (big blind) collected ($23.52)


PokerStars Hand #157049702797:  Hold'em Limit ($3/$6 USD) - 2016/08/09 3:27:25 ET
Table 'Phereclos' 6-max Seat #4 is the button
Seat 3: Vetal949 ($164.41 in chips)
Seat 4: degal76 ($295.43 in chips)
degal76: posts small blind $1
Vetal949: posts big blind $3
*** HOLE CARDS ***
degal76: raises $3 to $6
Vetal949: raises $3 to $9
degal76: raises $3 to $12
Betting is capped
Vetal949: calls $3
*** FLOP *** [8d 6s Qc]
Vetal949: checks
degal76: bets $3
Vetal949: calls $3
*** TURN *** [8d 6s Qc] [Qh]
Vetal949: checks
degal76: bets $6
Vetal949: folds
Uncalled bet ($6) returned to degal76
degal76 collected $29.50 from pot
degal76: doesn't show hand
*** SUMMARY ***
Total pot $30 | Rake $0.50
Board [8d 6s Qc Qh]
Seat 3: Vetal949 (big blind) folded on the Turn
Seat 4: degal76 (button) (small blind) collected ($29.50)


PokerStars Hand #157049694132:  Hold'em Limit ($3/$6 USD) - 2016/08/09 3:26:52 ET
Table 'Phereclos' 6-max Seat #4 is the button
Seat 3: Vetal949 ($143.91 in chips)
Seat 4: degal76 ($316.91 in chips)
degal76: posts small blind $1
Vetal949: posts big blind $3
*** HOLE CARDS ***
degal76: raises $3 to $6
Vetal949: raises $3 to $9
degal76: raises $3 to $12
Betting is capped
Vetal949: calls $3
*** FLOP *** [8s 4d Ad]
Vetal949: checks
degal76: bets $3
Vetal949: calls $3
*** TURN *** [8s 4d Ad] [7h]
Vetal949: checks
degal76: bets $6
Vetal949: raises $6 to $12
degal76: calls $6
*** RIVER *** [8s 4d Ad 7h] [4s]
Vetal949: bets $6
degal76: calls $6
*** SHOW DOWN ***
Vetal949: shows [Ks Kh] (two pair, Kings and Fours)
degal76: mucks hand
Vetal949 collected $65.50 from pot
*** SUMMARY ***
Total pot $66 | Rake $0.50
Board [8s 4d Ad 7h 4s]
Seat 3: Vetal949 (big blind) showed [Ks Kh] and won ($65.50) with two pair, Kings and Fours
Seat 4: degal76 (button) (small blind) mucked


PokerStars Hand #157049707491:  Hold'em Limit ($3/$6 USD) - 2016/08/09 3:27:43 ET
Table 'Phereclos' 6-max Seat #3 is the button
Seat 3: Vetal949 ($149.41 in chips)
Seat 4: degal76 ($309.93 in chips)
Vetal949: posts small blind $1
degal76: posts big blind $3
*** HOLE CARDS ***
Vetal949: raises $3 to $6
degal76: calls $3
*** FLOP *** [7s 5d 5s]
degal76: checks
Vetal949: bets $3
degal76: calls $3
*** TURN *** [7s 5d 5s] [2c]
degal76: checks
Vetal949: checks
*** RIVER *** [7s 5d 5s 2c] [7c]
degal76: checks
Vetal949: bets $6
degal76: folds
Uncalled bet ($6) returned to Vetal949
Vetal949 collected $17.64 from pot
*** SUMMARY ***
Total pot $18 | Rake $0.36
Board [7s 5d 5s 2c 7c]
Seat 3: Vetal949 (button) (small blind) collected ($17.64)
Seat 4: degal76 (big blind) folded on the River


PokerStars Hand #157049717508:  Hold'em Limit ($3/$6 USD) - 2016/08/09 3:28:22 ET
Table 'Phereclos' 6-max Seat #3 is the button
Seat 3: Vetal949 ($143.05 in chips)
Seat 4: degal76 ($315.43 in chips)
Vetal949: posts small blind $1
degal76: posts big blind $3
*** HOLE CARDS ***
Vetal949: folds
Uncalled bet ($2) returned to degal76
degal76 collected $2 from pot
degal76: doesn't show hand
*** SUMMARY ***
Total pot $2 | Rake $0
Seat 3: Vetal949 (button) (small blind) folded before Flop
Seat 4: degal76 (big blind) collected ($2)


PokerStars Hand #157049719898:  Hold'em Limit ($3/$6 USD) - 2016/08/09 3:28:31 ET
Table 'Phereclos' 6-max Seat #4 is the button
Seat 3: Vetal949 ($142.05 in chips)
Seat 4: degal76 ($316.43 in chips)
degal76: posts small blind $1
Vetal949: posts big blind $3
*** HOLE CARDS ***
degal76: raises $3 to $6
Vetal949: calls $3
*** FLOP *** [9h 3d Kc]
Vetal949: checks
degal76: bets $3
Vetal949: calls $3
*** TURN *** [9h 3d Kc] [Ad]
Vetal949: checks
degal76: bets $6
Vetal949: folds
Uncalled bet ($6) returned to degal76
degal76 collected $17.64 from pot
degal76: doesn't show hand
*** SUMMARY ***
Total pot $18 | Rake $0.36
Board [9h 3d Kc Ad]
Seat 3: Vetal949 (big blind) folded on the Turn
Seat 4: degal76 (button) (small blind) collected ($17.64)


PokerStars Hand #157049712761:  Hold'em Limit ($3/$6 USD) - 2016/08/09 3:28:04 ET
Table 'Phereclos' 6-max Seat #4 is the button
Seat 3: Vetal949 ($158.05 in chips)
Seat 4: degal76 ($300.93 in chips)
degal76: posts small blind $1
Vetal949: posts big blind $3
*** HOLE CARDS ***
degal76: raises $3 to $6
Vetal949: raises $3 to $9
degal76: raises $3 to $12
Betting is capped
Vetal949: calls $3
*** FLOP *** [2h 6d Th]
Vetal949: checks
degal76: bets $3
Vetal949: calls $3
*** TURN *** [2h 6d Th] [8h]
Vetal949: checks
degal76: checks
*** RIVER *** [2h 6d Th 8h] [3d]
Vetal949: checks
degal76: checks
*** SHOW DOWN ***
Vetal949: shows [Qs Js] (high card Queen)
degal76: shows [Ad 9d] (high card Ace)
degal76 collected $29.50 from pot
*** SUMMARY ***
Total pot $30 | Rake $0.50
Board [2h 6d Th 8h 3d]
Seat 3: Vetal949 (big blind) showed [Qs Js] and lost with high card Queen
Seat 4: degal76 (button) (small blind) showed [Ad 9d] and won ($29.50) with high card Ace


PokerStars Hand #157049727451:  Hold'em Limit ($3/$6 USD) - 2016/08/09 3:29:01 ET
Table 'Phereclos' 6-max Seat #3 is the button
Seat 3: Vetal949 ($133.05 in chips)
Seat 4: degal76 ($325.07 in chips)
Vetal949: posts small blind $1
degal76: posts big blind $3
*** HOLE CARDS ***
Vetal949: raises $3 to $6
degal76: calls $3
*** FLOP *** [8h Kh 7s]
degal76: checks
Vetal949: bets $3
degal76: calls $3
*** TURN *** [8h Kh 7s] [Td]
degal76: checks
Vetal949: bets $6
degal76: calls $6
*** RIVER *** [8h Kh 7s Td] [2h]
degal76: bets $6
Vetal949: folds
Uncalled bet ($6) returned to degal76
degal76 collected $29.50 from pot
degal76: doesn't show hand
*** SUMMARY ***
Total pot $30 | Rake $0.50
Board [8h Kh 7s Td 2h]
Seat 3: Vetal949 (button) (small blind) folded on the River
Seat 4: degal76 (big blind) collected ($29.50)


PokerStars Hand #157049739973:  Hold'em Limit ($3/$6 USD) - 2016/08/09 3:29:50 ET
Table 'Phereclos' 6-max Seat #4 is the button
Seat 3: Vetal949 ($117.69 in chips)
Seat 4: degal76 ($339.21 in chips)
degal76: posts small blind $1
Vetal949: posts big blind $3
*** HOLE CARDS ***
degal76: raises $3 to $6
Vetal949: calls $3
*** FLOP *** [7d Qd 2h]
Vetal949: checks
degal76: bets $3
Vetal949: folds
Uncalled bet ($3) returned to degal76
degal76 collected $11.76 from pot
degal76: doesn't show hand
*** SUMMARY ***
Total pot $12 | Rake $0.24
Board [7d Qd 2h]
Seat 3: Vetal949 (big blind) folded on the Flop
Seat 4: degal76 (button) (small blind) collected ($11.76)


PokerStars Hand #157049736752:  Hold'em Limit ($3/$6 USD) - 2016/08/09 3:29:37 ET
Table 'Phereclos' 6-max Seat #3 is the button
Seat 3: Vetal949 ($109.05 in chips)
Seat 4: degal76 ($348.21 in chips)
Vetal949: posts small blind $1
degal76: posts big blind $3
*** HOLE CARDS ***
Vetal949: raises $3 to $6
degal76: calls $3
*** FLOP *** [5d 3c 5c]
degal76: checks
Vetal949: bets $3
degal76: calls $3
*** TURN *** [5d 3c 5c] [Th]
degal76: checks
Vetal949: bets $6
degal76: folds
Uncalled bet ($6) returned to Vetal949
Vetal949 collected $17.64 from pot
*** SUMMARY ***
Total pot $18 | Rake $0.36
Board [5d 3c 5c Th]
Seat 3: Vetal949 (button) (small blind) collected ($17.64)
Seat 4: degal76 (big blind) folded on the Turn


PokerStars Hand #157049733221:  Hold'em Limit ($3/$6 USD) - 2016/08/09 3:29:23 ET
Table 'Phereclos' 6-max Seat #4 is the button
Seat 3: Vetal949 ($118.05 in chips)
Seat 4: degal76 ($339.57 in chips)
degal76: posts small blind $1
Vetal949: posts big blind $3
*** HOLE CARDS ***
degal76: raises $3 to $6
Vetal949: calls $3
*** FLOP *** [Td Qc 2c]
Vetal949: checks
degal76: bets $3
Vetal949: calls $3
*** TURN *** [Td Qc 2c] [7s]
Vetal949: checks
degal76: bets $6
Vetal949: folds
Uncalled bet ($6) returned to degal76
degal76 collected $17.64 from pot
degal76: doesn't show hand
*** SUMMARY ***
Total pot $18 | Rake $0.36
Board [Td Qc 2c 7s]
Seat 3: Vetal949 (big blind) folded on the Turn
Seat 4: degal76 (button) (small blind) collected ($17.64)


PokerStars Hand #157049755590:  Hold'em Limit ($3/$6 USD) - 2016/08/09 3:30:50 ET
Table 'Phereclos' 6-max Seat #4 is the button
Seat 3: Vetal949 ($173.45 in chips)
Seat 4: degal76 ($281.97 in chips)
degal76: posts small blind $1
Vetal949: posts big blind $3
*** HOLE CARDS ***
degal76: folds
Uncalled bet ($2) returned to Vetal949
Vetal949 collected $2 from pot
*** SUMMARY ***
Total pot $2 | Rake $0
Seat 3: Vetal949 (big blind) collected ($2)
Seat 4: degal76 (button) (small blind) folded before Flop


PokerStars Hand #157049752821:  Hold'em Limit ($3/$6 USD) - 2016/08/09 3:30:39 ET
Table 'Phereclos' 6-max Seat #3 is the button
Seat 3: Vetal949 ($167.69 in chips)
Seat 4: degal76 ($287.97 in chips)
Vetal949: posts small blind $1
degal76: posts big blind $3
*** HOLE CARDS ***
Vetal949: raises $3 to $6
degal76: calls $3
*** FLOP *** [Kd As Js]
degal76: checks
Vetal949: bets $3
degal76: folds
Uncalled bet ($3) returned to Vetal949
Vetal949 collected $11.76 from pot
*** SUMMARY ***
Total pot $12 | Rake $0.24
Board [Kd As Js]
Seat 3: Vetal949 (button) (small blind) collected ($11.76)
Seat 4: degal76 (big blind) folded on the Flop


PokerStars Hand #157049747479:  Hold'em Limit ($3/$6 USD) - 2016/08/09 3:30:19 ET
Table 'Phereclos' 6-max Seat #4 is the button
Seat 3: Vetal949 ($135.19 in chips)
Seat 4: degal76 ($320.97 in chips)
degal76: posts small blind $1
Vetal949: posts big blind $3
*** HOLE CARDS ***
degal76: raises $3 to $6
Vetal949: raises $3 to $9
degal76: calls $3
*** FLOP *** [4d Js 4s]
Vetal949: bets $3
degal76: raises $3 to $6
Vetal949: calls $3
*** TURN *** [4d Js 4s] [2c]
Vetal949: checks
degal76: bets $6
Vetal949: raises $6 to $12
degal76: calls $6
*** RIVER *** [4d Js 4s 2c] [Qs]
Vetal949: bets $6
degal76: calls $6
*** SHOW DOWN ***
Vetal949: shows [2h 2s] (a full house, Deuces full of Fours)
degal76: mucks hand
Vetal949 collected $65.50 from pot
*** SUMMARY ***
Total pot $66 | Rake $0.50
Board [4d Js 4s 2c Qs]
Seat 3: Vetal949 (big blind) showed [2h 2s] and won ($65.50) with a full house, Deuces full of Fours
Seat 4: degal76 (button) (small blind) mucked


PokerStars Hand #157049742556:  Hold'em Limit ($3/$6 USD) - 2016/08/09 3:30:00 ET
Table 'Phereclos' 6-max Seat #3 is the button
Seat 3: Vetal949 ($111.69 in chips)
Seat 4: degal76 ($344.97 in chips)
Vetal949: posts small blind $1
degal76: posts big blind $3
*** HOLE CARDS ***
Vetal949: raises $3 to $6
degal76: raises $3 to $9
Vetal949: calls $3
*** FLOP *** [9c 3h Qc]
degal76: bets $3
Vetal949: calls $3
*** TURN *** [9c 3h Qc] [8c]
degal76: bets $6
Vetal949: raises $6 to $12
degal76: calls $6
*** RIVER *** [9c 3h Qc 8c] [2h]
degal76: checks
Vetal949: bets $6
degal76: folds
Uncalled bet ($6) returned to Vetal949
Vetal949 collected $47.50 from pot
*** SUMMARY ***
Total pot $48 | Rake $0.50
Board [9c 3h Qc 8c 2h]
Seat 3: Vetal949 (button) (small blind) collected ($47.50)
Seat 4: degal76 (big blind) folded on the River


PokerStars Hand #157049756964:  Hold'em Limit ($3/$6 USD) - 2016/08/09 3:30:55 ET
Table 'Phereclos' 6-max Seat #3 is the button
Seat 3: Vetal949 ($174.45 in chips)
Seat 4: degal76 ($280.97 in chips)
Vetal949: posts small blind $1
degal76: posts big blind $3
*** HOLE CARDS ***
Vetal949: raises $3 to $6
degal76: raises $3 to $9
Vetal949: raises $3 to $12
Betting is capped
degal76: calls $3
*** FLOP *** [Jc 8d Ah]
degal76: checks
Vetal949: checks
*** TURN *** [Jc 8d Ah] [Qh]
degal76: bets $6
Vetal949: raises $6 to $12
degal76: raises $6 to $18
Vetal949: raises $6 to $24
Betting is capped
degal76: calls $6
*** RIVER *** [Jc 8d Ah Qh] [7h]
degal76: checks
Vetal949: bets $6
degal76: raises $6 to $12
Vetal949: calls $6
*** SHOW DOWN ***
degal76: shows [Kh Ts] (a straight, Ten to Ace)
Vetal949: mucks hand
degal76 collected $95.50 from pot
*** SUMMARY ***
Total pot $96 | Rake $0.50
Board [Jc 8d Ah Qh 7h]
Seat 3: Vetal949 (button) (small blind) mucked
Seat 4: degal76 (big blind) showed [Kh Ts] and won ($95.50) with a straight, Ten to Ace


PokerStars Hand #157049767192:  Hold'em Limit ($3/$6 USD) - 2016/08/09 3:31:34 ET
Table 'Phereclos' 6-max Seat #3 is the button
Seat 3: Vetal949 ($135.09 in chips)
Seat 4: degal76 ($319.47 in chips)
Vetal949: posts small blind $1
degal76: posts big blind $3
*** HOLE CARDS ***
Vetal949: folds
Uncalled bet ($2) returned to degal76
degal76 collected $2 from pot
degal76: doesn't show hand
*** SUMMARY ***
Total pot $2 | Rake $0
Seat 3: Vetal949 (button) (small blind) folded before Flop
Seat 4: degal76 (big blind) collected ($2)


PokerStars Hand #157049768635:  Hold'em Limit ($3/$6 USD) - 2016/08/09 3:31:40 ET
Table 'Phereclos' 6-max Seat #4 is the button
Seat 3: Vetal949 ($134.09 in chips)
Seat 4: degal76 ($320.47 in chips)
degal76: posts small blind $1
Vetal949: posts big blind $3
*** HOLE CARDS ***
degal76: raises $3 to $6
Vetal949: raises $3 to $9
degal76: raises $3 to $12
Betting is capped
Vetal949: calls $3
*** FLOP *** [Jd Qd Qs]
Vetal949: checks
degal76: bets $3
Vetal949: calls $3
*** TURN *** [Jd Qd Qs] [9d]
Vetal949: checks
degal76: checks
*** RIVER *** [Jd Qd Qs 9d] [Kc]
Vetal949: bets $6
degal76: raises $6 to $12
Vetal949: calls $6
*** SHOW DOWN ***
degal76: shows [7d Ts] (a straight, Nine to King)
Vetal949: mucks hand
degal76 collected $53.50 from pot
*** SUMMARY ***
Total pot $54 | Rake $0.50
Board [Jd Qd Qs 9d Kc]
Seat 3: Vetal949 (big blind) mucked
Seat 4: degal76 (button) (small blind) showed [7d Ts] and won ($53.50) with a straight, Nine to King


PokerStars Hand #157049763182:  Hold'em Limit ($3/$6 USD) - 2016/08/09 3:31:19 ET
Table 'Phereclos' 6-max Seat #4 is the button
Seat 3: Vetal949 ($126.45 in chips)
Seat 4: degal76 ($328.47 in chips)
degal76: posts small blind $1
Vetal949: posts big blind $3
*** HOLE CARDS ***
degal76: raises $3 to $6
Vetal949: calls $3
*** FLOP *** [Qd 5s 9s]
Vetal949: checks
degal76: bets $3
Vetal949: calls $3
*** TURN *** [Qd 5s 9s] [6s]
Vetal949: checks
degal76: checks
*** RIVER *** [Qd 5s 9s 6s] [9c]
Vetal949: bets $6
degal76: folds
Uncalled bet ($6) returned to Vetal949
Vetal949 collected $17.64 from pot
*** SUMMARY ***
Total pot $18 | Rake $0.36
Board [Qd 5s 9s 6s 9c]
Seat 3: Vetal949 (big blind) collected ($17.64)
Seat 4: degal76 (button) (small blind) folded on the River


PokerStars Hand #157049785056:  Hold'em Limit ($3/$6 USD) - 2016/08/09 3:32:42 ET
Table 'Phereclos' 6-max Seat #3 is the button
Seat 3: Vetal949 ($123.59 in chips)
Seat 4: degal76 ($329.73 in chips)
Vetal949: posts small blind $1
degal76: posts big blind $3
*** HOLE CARDS ***
Vetal949: raises $3 to $6
degal76: calls $3
*** FLOP *** [9h Jh 6c]
degal76: checks
Vetal949: bets $3
degal76: folds
Uncalled bet ($3) returned to Vetal949
Vetal949 collected $11.76 from pot
*** SUMMARY ***
Total pot $12 | Rake $0.24
Board [9h Jh 6c]
Seat 3: Vetal949 (button) (small blind) collected ($11.76)
Seat 4: degal76 (big blind) folded on the Flop


PokerStars Hand #157049779938:  Hold'em Limit ($3/$6 USD) - 2016/08/09 3:32:23 ET
Table 'Phereclos' 6-max Seat #4 is the button
Seat 3: Vetal949 ($103.09 in chips)
Seat 4: degal76 ($350.73 in chips)
degal76: posts small blind $1
Vetal949: posts big blind $3
*** HOLE CARDS ***
degal76: raises $3 to $6
Vetal949: raises $3 to $9
degal76: raises $3 to $12
Betting is capped
Vetal949: calls $3
*** FLOP *** [3c Tc 8c]
Vetal949: checks
degal76: bets $3
Vetal949: calls $3
*** TURN *** [3c Tc 8c] [8s]
Vetal949: checks
degal76: bets $6
Vetal949: calls $6
*** RIVER *** [3c Tc 8c 8s] [Ac]
Vetal949: checks
degal76: checks
*** SHOW DOWN ***
Vetal949: shows [As Ks] (two pair, Aces and Eights)
degal76: mucks hand
Vetal949 collected $41.50 from pot
*** SUMMARY ***
Total pot $42 | Rake $0.50
Board [3c Tc 8c 8s Ac]
Seat 3: Vetal949 (big blind) showed [As Ks] and won ($41.50) with two pair, Aces and Eights
Seat 4: degal76 (button) (small blind) mucked


PokerStars Hand #157049778475:  Hold'em Limit ($3/$6 USD) - 2016/08/09 3:32:17 ET
Table 'Phereclos' 6-max Seat #3 is the button
Seat 3: Vetal949 ($104.09 in chips)
Seat 4: degal76 ($349.73 in chips)
Vetal949: posts small blind $1
degal76: posts big blind $3
*** HOLE CARDS ***
Vetal949: folds
Uncalled bet ($2) returned to degal76
degal76 collected $2 from pot
degal76: doesn't show hand
*** SUMMARY ***
Total pot $2 | Rake $0
Seat 3: Vetal949 (button) (small blind) folded before Flop
Seat 4: degal76 (big blind) collected ($2)


PokerStars Hand #157049775725:  Hold'em Limit ($3/$6 USD) - 2016/08/09 3:32:07 ET
Table 'Phereclos' 6-max Seat #4 is the button
Seat 3: Vetal949 ($110.09 in chips)
Seat 4: degal76 ($343.97 in chips)
degal76: posts small blind $1
Vetal949: posts big blind $3
*** HOLE CARDS ***
degal76: raises $3 to $6
Vetal949: calls $3
*** FLOP *** [Qh 8c 4d]
Vetal949: checks
degal76: bets $3
Vetal949: folds
Uncalled bet ($3) returned to degal76
degal76 collected $11.76 from pot
degal76: doesn't show hand
*** SUMMARY ***
Total pot $12 | Rake $0.24
Board [Qh 8c 4d]
Seat 3: Vetal949 (big blind) folded on the Flop
Seat 4: degal76 (button) (small blind) collected ($11.76)


PokerStars Hand #157049774049:  Hold'em Limit ($3/$6 USD) - 2016/08/09 3:32:00 ET
Table 'Phereclos' 6-max Seat #3 is the button
Seat 3: Vetal949 ($107.09 in chips)
Seat 4: degal76 ($346.97 in chips)
Vetal949: posts small blind $1
degal76: posts big blind $3
*** HOLE CARDS ***
Vetal949: raises $3 to $6
degal76: folds
Uncalled bet ($3) returned to Vetal949
Vetal949 collected $6 from pot
*** SUMMARY ***
Total pot $6 | Rake $0
Seat 3: Vetal949 (button) (small blind) collected ($6)
Seat 4: degal76 (big blind) folded before Flop


PokerStars Hand #157049798531:  Hold'em Limit ($3/$6 USD) - 2016/08/09 3:33:34 ET
Table 'Phereclos' 6-max Seat #3 is the button
Seat 3: Vetal949 ($100.35 in chips)
Seat 4: degal76 ($351.75 in chips)
Vetal949: posts small blind $1
degal76: posts big blind $3
*** HOLE CARDS ***
Vetal949: raises $3 to $6
degal76: calls $3
*** FLOP *** [Ah Qd 5c]
degal76: checks
Vetal949: bets $3
degal76: calls $3
*** TURN *** [Ah Qd 5c] [Kc]
degal76: checks
Vetal949: checks
*** RIVER *** [Ah Qd 5c Kc] [8h]
degal76: bets $6
Vetal949: folds
Uncalled bet ($6) returned to degal76
degal76 collected $17.64 from pot
degal76: doesn't show hand
*** SUMMARY ***
Total pot $18 | Rake $0.36
Board [Ah Qd 5c Kc 8h]
Seat 3: Vetal949 (button) (small blind) folded on the River
Seat 4: degal76 (big blind) collected ($17.64)


PokerStars Hand #157049797026:  Hold'em Limit ($3/$6 USD) - 2016/08/09 3:33:28 ET
Table 'Phereclos' 6-max Seat #4 is the button
Seat 3: Vetal949 ($99.35 in chips)
Seat 4: degal76 ($352.75 in chips)
degal76: posts small blind $1
Vetal949: posts big blind $3
*** HOLE CARDS ***
degal76: folds
Uncalled bet ($2) returned to Vetal949
Vetal949 collected $2 from pot
*** SUMMARY ***
Total pot $2 | Rake $0
Seat 3: Vetal949 (big blind) collected ($2)
Seat 4: degal76 (button) (small blind) folded before Flop


PokerStars Hand #157049793378:  Hold'em Limit ($3/$6 USD) - 2016/08/09 3:33:14 ET
Table 'Phereclos' 6-max Seat #3 is the button
Seat 3: Vetal949 ($111.35 in chips)
Seat 4: degal76 ($341.23 in chips)
Vetal949: posts small blind $1
degal76: posts big blind $3
*** HOLE CARDS ***
Vetal949: raises $3 to $6
degal76: calls $3
*** FLOP *** [2h Qc Kc]
degal76: checks
Vetal949: checks
*** TURN *** [2h Qc Kc] [Th]
degal76: checks
Vetal949: checks
*** RIVER *** [2h Qc Kc Th] [8h]
degal76: checks
Vetal949: bets $6
degal76: calls $6
*** SHOW DOWN ***
Vetal949: shows [Ad 6d] (high card Ace)
degal76: shows [8s Ac] (a pair of Eights)
degal76 collected $23.52 from pot
*** SUMMARY ***
Total pot $24 | Rake $0.48
Board [2h Qc Kc Th 8h]
Seat 3: Vetal949 (button) (small blind) showed [Ad 6d] and lost with high card Ace
Seat 4: degal76 (big blind) showed [8s Ac] and won ($23.52) with a pair of Eights


PokerStars Hand #157049788373:  Hold'em Limit ($3/$6 USD) - 2016/08/09 3:32:55 ET
Table 'Phereclos' 6-max Seat #4 is the button
Seat 3: Vetal949 ($129.35 in chips)
Seat 4: degal76 ($323.73 in chips)
degal76: posts small blind $1
Vetal949: posts big blind $3
*** HOLE CARDS ***
degal76: calls $2
Vetal949: raises $3 to $6
degal76: calls $3
*** FLOP *** [7h 8s 2h]
Vetal949: bets $3
degal76: raises $3 to $6
Vetal949: calls $3
*** TURN *** [7h 8s 2h] [As]
Vetal949: checks
degal76: bets $6
Vetal949: calls $6
*** RIVER *** [7h 8s 2h As] [Ad]
Vetal949: checks
degal76: bets $6
Vetal949: folds
Uncalled bet ($6) returned to degal76
degal76 collected $35.50 from pot
degal76: doesn't show hand
*** SUMMARY ***
Total pot $36 | Rake $0.50
Board [7h 8s 2h As Ad]
Seat 3: Vetal949 (big blind) folded on the River
Seat 4: degal76 (button) (small blind) collected ($35.50)


PokerStars Hand #157049802496:  Hold'em Limit ($3/$6 USD) - 2016/08/09 3:33:49 ET
Table 'Phereclos' 6-max Seat #4 is the button
Seat 3: Vetal949 ($91.35 in chips)
Seat 4: degal76 ($360.39 in chips)
degal76: posts small blind $1
Vetal949: posts big blind $3
*** HOLE CARDS ***
degal76: calls $2
Vetal949: raises $3 to $6
degal76: calls $3
*** FLOP *** [6h 7d Jd]
Vetal949: bets $3
degal76: folds
Uncalled bet ($3) returned to Vetal949
Vetal949 collected $11.76 from pot
*** SUMMARY ***
Total pot $12 | Rake $0.24
Board [6h 7d Jd]
Seat 3: Vetal949 (big blind) collected ($11.76)
Seat 4: degal76 (button) (small blind) folded on the Flop


PokerStars Hand #157049805830:  Hold'em Limit ($3/$6 USD) - 2016/08/09 3:34:02 ET
Table 'Phereclos' 6-max Seat #3 is the button
Seat 3: Vetal949 ($97.11 in chips)
Seat 4: degal76 ($354.39 in chips)
Vetal949: posts small blind $1
degal76: posts big blind $3
*** HOLE CARDS ***
Vetal949: raises $3 to $6
degal76: calls $3
*** FLOP *** [4d 8h Kc]
degal76: checks
Vetal949: checks
*** TURN *** [4d 8h Kc] [3c]
degal76: bets $6
Vetal949: raises $6 to $12
degal76: folds
Uncalled bet ($6) returned to Vetal949
Vetal949 collected $23.52 from pot
*** SUMMARY ***
Total pot $24 | Rake $0.48
Board [4d 8h Kc 3c]
Seat 3: Vetal949 (button) (small blind) collected ($23.52)
Seat 4: degal76 (big blind) folded on the Turn


PokerStars Hand #157049815234:  Hold'em Limit ($3/$6 USD) - 2016/08/09 3:34:39 ET
Table 'Phereclos' 6-max Seat #3 is the button
Seat 3: Vetal949 ($87.63 in chips)
Seat 4: degal76 ($362.89 in chips)
Vetal949: posts small blind $1
degal76: posts big blind $3
*** HOLE CARDS ***
Vetal949: raises $3 to $6
degal76: folds
Uncalled bet ($3) returned to Vetal949
Vetal949 collected $6 from pot
*** SUMMARY ***
Total pot $6 | Rake $0
Seat 3: Vetal949 (button) (small blind) collected ($6)
Seat 4: degal76 (big blind) folded before Flop


PokerStars Hand #157049809517:  Hold'em Limit ($3/$6 USD) - 2016/08/09 3:34:17 ET
Table 'Phereclos' 6-max Seat #4 is the button
Seat 3: Vetal949 ($108.63 in chips)
Seat 4: degal76 ($342.39 in chips)
degal76: posts small blind $1
Vetal949: posts big blind $3
*** HOLE CARDS ***
degal76: raises $3 to $6
Vetal949: calls $3
*** FLOP *** [4c Jd 2c]
Vetal949: checks
degal76: bets $3
Vetal949: calls $3
*** TURN *** [4c Jd 2c] [Ks]
Vetal949: checks
degal76: bets $6
Vetal949: calls $6
*** RIVER *** [4c Jd 2c Ks] [Qc]
Vetal949: checks
degal76: bets $6
Vetal949: calls $6
*** SHOW DOWN ***
degal76: shows [Jh Jc] (three of a kind, Jacks)
Vetal949: mucks hand
degal76 collected $41.50 from pot
*** SUMMARY ***
Total pot $42 | Rake $0.50
Board [4c Jd 2c Ks Qc]
Seat 3: Vetal949 (big blind) mucked
Seat 4: degal76 (button) (small blind) showed [Jh Jc] and won ($41.50) with three of a kind, Jacks


PokerStars Hand #157049822445:  Hold'em Limit ($3/$6 USD) - 2016/08/09 3:35:06 ET
Table 'Phereclos' 6-max Seat #3 is the button
Seat 3: Vetal949 ($105.13 in chips)
Seat 4: degal76 ($344.89 in chips)
Vetal949: posts small blind $1
degal76: posts big blind $3
*** HOLE CARDS ***
Vetal949: raises $3 to $6
degal76: calls $3
*** FLOP *** [4h 7d Qh]
degal76: checks
Vetal949: checks
*** TURN *** [4h 7d Qh] [2h]
degal76: checks
Vetal949: bets $6
degal76: folds
Uncalled bet ($6) returned to Vetal949
Vetal949 collected $11.76 from pot
*** SUMMARY ***
Total pot $12 | Rake $0.24
Board [4h 7d Qh 2h]
Seat 3: Vetal949 (button) (small blind) collected ($11.76)
Seat 4: degal76 (big blind) folded on the Turn


PokerStars Hand #157049826813:  Hold'em Limit ($3/$6 USD) - 2016/08/09 3:35:23 ET
Table 'Phereclos' 6-max Seat #4 is the button
Seat 3: Vetal949 ($110.89 in chips)
Seat 4: degal76 ($338.89 in chips)
degal76: posts small blind $1
Vetal949: posts big blind $3
*** HOLE CARDS ***
degal76: folds
Uncalled bet ($2) returned to Vetal949
Vetal949 collected $2 from pot
*** SUMMARY ***
Total pot $2 | Rake $0
Seat 3: Vetal949 (big blind) collected ($2)
Seat 4: degal76 (button) (small blind) folded before Flop


PokerStars Hand #157049828049:  Hold'em Limit ($3/$6 USD) - 2016/08/09 3:35:28 ET
Table 'Phereclos' 6-max Seat #3 is the button
Seat 3: Vetal949 ($111.89 in chips)
Seat 4: degal76 ($337.89 in chips)
Vetal949: posts small blind $1
degal76: posts big blind $3
*** HOLE CARDS ***
Vetal949: raises $3 to $6
degal76: calls $3
*** FLOP *** [Ac Qc Kh]
degal76: checks
Vetal949: bets $3
degal76: calls $3
*** TURN *** [Ac Qc Kh] [2s]
degal76: checks
Vetal949: checks
*** RIVER *** [Ac Qc Kh 2s] [Kc]
degal76: checks
Vetal949: bets $6
degal76: calls $6
*** SHOW DOWN ***
Vetal949: shows [Th Qd] (two pair, Kings and Queens)
degal76: mucks hand
Vetal949 collected $29.50 from pot
*** SUMMARY ***
Total pot $30 | Rake $0.50
Board [Ac Qc Kh 2s Kc]
Seat 3: Vetal949 (button) (small blind) showed [Th Qd] and won ($29.50) with two pair, Kings and Queens
Seat 4: degal76 (big blind) mucked


PokerStars Hand #157049835901:  Hold'em Limit ($3/$6 USD) - 2016/08/09 3:35:58 ET
Table 'Phereclos' 6-max Seat #4 is the button
Seat 3: Vetal949 ($126.39 in chips)
Seat 4: degal76 ($322.89 in chips)
degal76: posts small blind $1
Vetal949: posts big blind $3
*** HOLE CARDS ***
degal76: folds
Uncalled bet ($2) returned to Vetal949
Vetal949 collected $2 from pot
*** SUMMARY ***
Total pot $2 | Rake $0
Seat 3: Vetal949 (big blind) collected ($2)
Seat 4: degal76 (button) (small blind) folded before Flop


PokerStars Hand #157049834264:  Hold'em Limit ($3/$6 USD) - 2016/08/09 3:35:51 ET
Table 'Phereclos' 6-max Seat #3 is the button
Seat 3: Vetal949 ($127.39 in chips)
Seat 4: degal76 ($321.89 in chips)
Vetal949: posts small blind $1
degal76: posts big blind $3
*** HOLE CARDS ***
Vetal949: folds
Uncalled bet ($2) returned to degal76
degal76 collected $2 from pot
degal76: doesn't show hand
*** SUMMARY ***
Total pot $2 | Rake $0
Seat 3: Vetal949 (button) (small blind) folded before Flop
Seat 4: degal76 (big blind) collected ($2)


PokerStars Hand #157049832783:  Hold'em Limit ($3/$6 USD) - 2016/08/09 3:35:46 ET
Table 'Phereclos' 6-max Seat #4 is the button
Seat 3: Vetal949 ($126.39 in chips)
Seat 4: degal76 ($322.89 in chips)
degal76: posts small blind $1
Vetal949: posts big blind $3
*** HOLE CARDS ***
degal76: folds
Uncalled bet ($2) returned to Vetal949
Vetal949 collected $2 from pot
*** SUMMARY ***
Total pot $2 | Rake $0
Seat 3: Vetal949 (big blind) collected ($2)
Seat 4: degal76 (button) (small blind) folded before Flop


PokerStars Hand #157049843101:  Hold'em Limit ($3/$6 USD) - 2016/08/09 3:36:25 ET
Table 'Phereclos' 6-max Seat #4 is the button
Seat 3: Vetal949 ($134.39 in chips)
Seat 4: degal76 ($318.82 in chips)
degal76: posts small blind $1
Vetal949: posts big blind $3
*** HOLE CARDS ***
degal76: folds
Uncalled bet ($2) returned to Vetal949
Vetal949 collected $2 from pot
*** SUMMARY ***
Total pot $2 | Rake $0
Seat 3: Vetal949 (big blind) collected ($2)
Seat 4: degal76 (button) (small blind) folded before Flop


PokerStars Hand #157049841347:  Hold'em Limit ($3/$6 USD) - 2016/08/09 3:36:18 ET
Table 'Phereclos' 6-max Seat #3 is the button
Seat 3: Vetal949 ($131.39 in chips)
Seat 4: degal76 ($321.82 in chips)
Vetal949: posts small blind $1
degal76: posts big blind $3
*** HOLE CARDS ***
Vetal949: raises $3 to $6
degal76: folds
Uncalled bet ($3) returned to Vetal949
Vetal949 collected $6 from pot
*** SUMMARY ***
Total pot $6 | Rake $0
Seat 3: Vetal949 (button) (small blind) collected ($6)
Seat 4: degal76 (big blind) folded before Flop


PokerStars Hand #157049839852:  Hold'em Limit ($3/$6 USD) - 2016/08/09 3:36:13 ET
Table 'Phereclos' 6-max Seat #4 is the button
Seat 3: Vetal949 ($130.39 in chips)
Seat 4: degal76 ($322.82 in chips)
degal76: posts small blind $1
Vetal949: posts big blind $3
*** HOLE CARDS ***
degal76: folds
Uncalled bet ($2) returned to Vetal949
Vetal949 collected $2 from pot
*** SUMMARY ***
Total pot $2 | Rake $0
Seat 3: Vetal949 (big blind) collected ($2)
Seat 4: degal76 (button) (small blind) folded before Flop


PokerStars Hand #157049837123:  Hold'em Limit ($3/$6 USD) - 2016/08/09 3:36:02 ET
Table 'Phereclos' 6-max Seat #3 is the button
Seat 3: Vetal949 ($127.39 in chips)
Seat 4: degal76 ($325.82 in chips)
Vetal949: posts small blind $1
degal76: posts big blind $3
*** HOLE CARDS ***
Vetal949: raises $3 to $6
degal76: folds
Uncalled bet ($3) returned to Vetal949
Vetal949 collected $6 from pot
*** SUMMARY ***
Total pot $6 | Rake $0
Seat 3: Vetal949 (button) (small blind) collected ($6)
Seat 4: degal76 (big blind) folded before Flop


PokerStars Hand #157049855596:  Hold'em Limit ($3/$6 USD) - 2016/08/09 3:37:12 ET
Table 'Phereclos' 6-max Seat #3 is the button
Seat 3: Vetal949 ($134.89 in chips)
Seat 4: degal76 ($317.32 in chips)
Vetal949: posts small blind $1
degal76: posts big blind $3
*** HOLE CARDS ***
Vetal949: raises $3 to $6
degal76: calls $3
*** FLOP *** [3d 9d 7s]
degal76: checks
Vetal949: checks
*** TURN *** [3d 9d 7s] [9h]
degal76: checks
Vetal949: bets $6
degal76: raises $6 to $12
Vetal949: folds
Uncalled bet ($6) returned to degal76
degal76 collected $23.52 from pot
*** SUMMARY ***
Total pot $24 | Rake $0.48
Board [3d 9d 7s 9h]
Seat 3: Vetal949 (button) (small blind) folded on the Turn
Seat 4: degal76 (big blind) collected ($23.52)


PokerStars Hand #157049849913:  Hold'em Limit ($3/$6 USD) - 2016/08/09 3:36:51 ET
Table 'Phereclos' 6-max Seat #4 is the button
Seat 3: Vetal949 ($155.89 in chips)
Seat 4: degal76 ($296.82 in chips)
degal76: posts small blind $1
Vetal949: posts big blind $3
*** HOLE CARDS ***
degal76: raises $3 to $6
Vetal949: raises $3 to $9
degal76: raises $3 to $12
Betting is capped
Vetal949: calls $3
*** FLOP *** [9s Jh 4s]
Vetal949: checks
degal76: bets $3
Vetal949: calls $3
*** TURN *** [9s Jh 4s] [Ah]
Vetal949: checks
degal76: bets $6
Vetal949: calls $6
*** RIVER *** [9s Jh 4s Ah] [9c]
Vetal949: checks
degal76: bets $6
Vetal949: folds
Uncalled bet ($6) returned to degal76
degal76 collected $41.50 from pot
degal76: doesn't show hand
*** SUMMARY ***
Total pot $42 | Rake $0.50
Board [9s Jh 4s Ah 9c]
Seat 3: Vetal949 (big blind) folded on the River
Seat 4: degal76 (button) (small blind) collected ($41.50)


PokerStars Hand #157049860400:  Hold'em Limit ($3/$6 USD) - 2016/08/09 3:37:31 ET
Table 'Phereclos' 6-max Seat #4 is the button
Seat 3: Vetal949 ($122.89 in chips)
Seat 4: degal76 ($328.84 in chips)
degal76: posts small blind $1
Vetal949: posts big blind $3
*** HOLE CARDS ***
degal76: calls $2
Vetal949: raises $3 to $6
degal76: calls $3
*** FLOP *** [2h 5c 9c]
Vetal949: bets $3
degal76: raises $3 to $6
Vetal949: calls $3
*** TURN *** [2h 5c 9c] [2d]
Vetal949: checks
degal76: bets $6
Vetal949: calls $6
*** RIVER *** [2h 5c 9c 2d] [Js]
Vetal949: checks
degal76: bets $6
Vetal949: folds
Uncalled bet ($6) returned to degal76
degal76 collected $35.50 from pot
degal76: doesn't show hand
*** SUMMARY ***
Total pot $36 | Rake $0.50
Board [2h 5c 9c 2d Js]
Seat 3: Vetal949 (big blind) folded on the River
Seat 4: degal76 (button) (small blind) collected ($35.50)


PokerStars Hand #157049865386:  Hold'em Limit ($3/$6 USD) - 2016/08/09 3:37:50 ET
Table 'Phereclos' 6-max Seat #3 is the button
Seat 3: Vetal949 ($104.89 in chips)
Seat 4: degal76 ($346.34 in chips)
Vetal949: posts small blind $1
degal76: posts big blind $3
*** HOLE CARDS ***
Vetal949: raises $3 to $6
degal76: calls $3
*** FLOP *** [Ac 2s 5s]
degal76: checks
Vetal949: bets $3
degal76: folds
Uncalled bet ($3) returned to Vetal949
Vetal949 collected $11.76 from pot
*** SUMMARY ***
Total pot $12 | Rake $0.24
Board [Ac 2s 5s]
Seat 3: Vetal949 (button) (small blind) collected ($11.76)
Seat 4: degal76 (big blind) folded on the Flop


PokerStars Hand #157049880843:  Hold'em Limit ($3/$6 USD) - 2016/08/09 3:38:48 ET
Table 'Phereclos' 6-max Seat #4 is the button
Seat 3: Vetal949 ($113.15 in chips)
Seat 4: degal76 ($336.86 in chips)
degal76: posts small blind $1
Vetal949: posts big blind $3
*** HOLE CARDS ***
degal76: calls $2
Vetal949: checks
*** FLOP *** [9d Ts 6s]
Vetal949: checks
degal76: bets $3
Vetal949: calls $3
*** TURN *** [9d Ts 6s] [8d]
Vetal949: checks
degal76: checks
*** RIVER *** [9d Ts 6s 8d] [2c]
Vetal949: bets $6
degal76: folds
Uncalled bet ($6) returned to Vetal949
Vetal949 collected $11.76 from pot
*** SUMMARY ***
Total pot $12 | Rake $0.24
Board [9d Ts 6s 8d 2c]
Seat 3: Vetal949 (big blind) collected ($11.76)
Seat 4: degal76 (button) (small blind) folded on the River


PokerStars Hand #157049876009:  Hold'em Limit ($3/$6 USD) - 2016/08/09 3:38:30 ET
Table 'Phereclos' 6-max Seat #3 is the button
Seat 3: Vetal949 ($98.65 in chips)
Seat 4: degal76 ($351.86 in chips)
Vetal949: posts small blind $1
degal76: posts big blind $3
*** HOLE CARDS ***
Vetal949: raises $3 to $6
degal76: calls $3
*** FLOP *** [4s 4d Kc]
degal76: checks
Vetal949: bets $3
degal76: calls $3
*** TURN *** [4s 4d Kc] [7h]
degal76: checks
Vetal949: bets $6
degal76: calls $6
*** RIVER *** [4s 4d Kc 7h] [Qh]
degal76: checks
Vetal949: checks
*** SHOW DOWN ***
degal76: shows [9c Ad] (a pair of Fours)
Vetal949: shows [7s Ac] (two pair, Sevens and Fours)
Vetal949 collected $29.50 from pot
*** SUMMARY ***
Total pot $30 | Rake $0.50
Board [4s 4d Kc 7h Qh]
Seat 3: Vetal949 (button) (small blind) showed [7s Ac] and won ($29.50) with two pair, Sevens and Fours
Seat 4: degal76 (big blind) showed [9c Ad] and lost with a pair of Fours


PokerStars Hand #157049868433:  Hold'em Limit ($3/$6 USD) - 2016/08/09 3:38:01 ET
Table 'Phereclos' 6-max Seat #4 is the button
Seat 3: Vetal949 ($110.65 in chips)
Seat 4: degal76 ($340.34 in chips)
degal76: posts small blind $1
Vetal949: posts big blind $3
*** HOLE CARDS ***
degal76: calls $2
Vetal949: raises $3 to $6
degal76: calls $3
*** FLOP *** [8d 8c 3c]
Vetal949: checks
degal76: checks
*** TURN *** [8d 8c 3c] [Ah]
Vetal949: bets $6
degal76: raises $6 to $12
Vetal949: folds
Uncalled bet ($6) returned to degal76
degal76 collected $23.52 from pot
degal76: doesn't show hand
*** SUMMARY ***
Total pot $24 | Rake $0.48
Board [8d 8c 3c Ah]
Seat 3: Vetal949 (big blind) folded on the Turn
Seat 4: degal76 (button) (small blind) collected ($23.52)


PokerStars Hand #157049886981:  Hold'em Limit ($3/$6 USD) - 2016/08/09 3:39:11 ET
Table 'Phereclos' 6-max Seat #4 is the button
Seat 3: Vetal949 ($121.91 in chips)
Seat 4: degal76 ($327.86 in chips)
degal76: posts small blind $1
Vetal949: posts big blind $3
*** HOLE CARDS ***
degal76: raises $3 to $6
Vetal949: calls $3
*** FLOP *** [Tc 7s Ac]
Vetal949: checks
degal76: bets $3
Vetal949: calls $3
*** TURN *** [Tc 7s Ac] [9c]
Vetal949: checks
degal76: checks
*** RIVER *** [Tc 7s Ac 9c] [7h]
Vetal949: bets $6
degal76: raises $6 to $12
Agrotait joins the table at seat #5
Vetal949: raises $6 to $18
degal76: folds
Uncalled bet ($6) returned to Vetal949
Vetal949 collected $41.50 from pot
*** SUMMARY ***
Total pot $42 | Rake $0.50
Board [Tc 7s Ac 9c 7h]
Seat 3: Vetal949 (big blind) collected ($41.50)
Seat 4: degal76 (button) (small blind) folded on the River


PokerStars Hand #157049893259:  Hold'em Limit ($3/$6 USD) - 2016/08/09 3:39:35 ET
Table 'Phereclos' 6-max Seat #3 is the button
Seat 3: Vetal949 ($142.41 in chips)
Seat 4: degal76 ($306.86 in chips)
Vetal949: posts small blind $1
degal76: posts big blind $3
*** HOLE CARDS ***
Vetal949: raises $3 to $6
degal76: calls $3
*** FLOP *** [Ts 9h Ac]
degal76: checks
Vetal949: bets $3
degal76: folds
Uncalled bet ($3) returned to Vetal949
Vetal949 collected $11.76 from pot
*** SUMMARY ***
Total pot $12 | Rake $0.24
Board [Ts 9h Ac]
Seat 3: Vetal949 (button) (small blind) collected ($11.76)
Seat 4: degal76 (big blind) folded on the Flop


PokerStars Hand #157050481238:  Hold'em Limit ($3/$6 USD) - 2016/08/09 4:15:03 ET
Table 'Phereclos' 6-max Seat #6 is the button
Seat 4: Vetal949 ($51.23 in chips)
Seat 6: iskambil ($69.49 in chips)
iskambil: posts small blind $1
Poor Konrad: is sitting out
Vetal949: posts big blind $3
*** HOLE CARDS ***
Poor Konrad leaves the table
iskambil: raises $3 to $6
Vetal949: raises $3 to $9
iskambil: calls $3
*** FLOP *** [Qs 4h 5h]
Vetal949: checks
iskambil: bets $3
Vetal949: calls $3
*** TURN *** [Qs 4h 5h] [8h]
Vetal949: checks
Agrotait leaves the table
TbIP-TbIP 88 joins the table at seat #5
iskambil: bets $6
Vetal949: raises $6 to $12
iskambil: raises $6 to $18
Vetal949: calls $6
*** RIVER *** [Qs 4h 5h 8h] [3d]
Vetal949: checks
iskambil: bets $6
Vetal949: calls $6
*** SHOW DOWN ***
iskambil: shows [7h 3h] (a flush, Eight high)
Vetal949: mucks hand
iskambil collected $71.50 from pot
*** SUMMARY ***
Total pot $72 | Rake $0.50
Board [Qs 4h 5h 8h 3d]
Seat 4: Vetal949 (big blind) mucked
Seat 6: iskambil (button) (small blind) showed [7h 3h] and won ($71.50) with a flush, Eight high


PokerStars Hand #157050499487:  Hold'em Limit ($3/$6 USD) - 2016/08/09 4:16:06 ET
Table 'Phereclos' 6-max Seat #5 is the button
Seat 4: Vetal949 ($14.23 in chips)
Seat 5: TbIP-TbIP 88 ($73 in chips)
TbIP-TbIP 88: posts small blind $1
iskambil: is sitting out
Vetal949: posts big blind $3
*** HOLE CARDS ***
TbIP-TbIP 88: raises $3 to $6
Vetal949: calls $3
*** FLOP *** [Qs Ac Ah]
Vetal949: checks
TbIP-TbIP 88: bets $3
Vetal949: folds
Uncalled bet ($3) returned to TbIP-TbIP 88
TbIP-TbIP 88 collected $11.76 from pot
TbIP-TbIP 88: doesn't show hand
*** SUMMARY ***
Total pot $12 | Rake $0.24
Board [Qs Ac Ah]
Seat 4: Vetal949 (big blind) folded on the Flop
Seat 5: TbIP-TbIP 88 (button) (small blind) collected ($11.76)


PokerStars Hand #157050504799:  Hold'em Limit ($3/$6 USD) - 2016/08/09 4:16:24 ET
Table 'Phereclos' 6-max Seat #4 is the button
Seat 4: Vetal949 ($8.23 in chips)
Seat 5: TbIP-TbIP 88 ($78.76 in chips)
Vetal949: posts small blind $1
TbIP-TbIP 88: posts big blind $3
*** HOLE CARDS ***
Vetal949: raises $3 to $6
TbIP-TbIP 88: calls $3
*** FLOP *** [Js 6d 5d]
TbIP-TbIP 88: checks
Vetal949: bets $2.23 and is all-in
TbIP-TbIP 88: calls $2.23
*** TURN *** [Js 6d 5d] [Th]
*** RIVER *** [Js 6d 5d Th] [4s]
*** SHOW DOWN ***
TbIP-TbIP 88: shows [6s Ts] (two pair, Tens and Sixes)
Vetal949: shows [Jh Qh] (a pair of Jacks)
TbIP-TbIP 88 collected $16.13 from pot
*** SUMMARY ***
Total pot $16.46 | Rake $0.33
Board [Js 6d 5d Th 4s]
Seat 4: Vetal949 (button) (small blind) showed [Jh Qh] and lost with a pair of Jacks
Seat 5: TbIP-TbIP 88 (big blind) showed [6s Ts] and won ($16.13) with two pair, Tens and Sixes


