PokerStars Hand #161850175305:  Hold'em Limit ($3/$6 USD) - 2016/11/23 14:12:01 ET
Table 'Phereclos' 6-max Seat #6 is the button
Seat 1: Zubasa07 ($500 in chips)
Seat 6: HAOYUN88888 ($52.67 in chips)
HAOYUN88888: posts small blind $1
Zubasa07: posts big blind $3
*** HOLE CARDS ***
HAOYUN88888: raises $3 to $6
Zubasa07: raises $3 to $9
HAOYUN88888: calls $3
*** FLOP *** [3s Qh 4s]
Zubasa07: bets $3
HAOYUN88888: raises $3 to $6
Zubasa07: calls $3
*** TURN *** [3s Qh 4s] [2h]
Zubasa07: checks
HAOYUN88888: bets $6
Zubasa07: calls $6
*** RIVER *** [3s Qh 4s 2h] [Th]
Zubasa07: checks
HAOYUN88888: bets $6
Zubasa07: calls $6
*** SHOW DOWN ***
HAOYUN88888: shows [9c Qs] (a pair of Queens)
Zubasa07: mucks hand
HAOYUN88888 collected $53.50 from pot
*** SUMMARY ***
Total pot $54 | Rake $0.50
Board [3s Qh 4s 2h Th]
Seat 1: Zubasa07 (big blind) mucked
Seat 6: HAOYUN88888 (button) (small blind) showed [9c Qs] and won ($53.50) with a pair of Queens


PokerStars Hand #161850223804:  Hold'em Limit ($3/$6 USD) - 2016/11/23 14:12:54 ET
Table 'Phereclos' 6-max Seat #1 is the button
Seat 1: Zubasa07 ($473 in chips)
Seat 6: HAOYUN88888 ($79.17 in chips)
Zubasa07: posts small blind $1
HAOYUN88888: posts big blind $3
*** HOLE CARDS ***
Zubasa07: raises $3 to $6
HAOYUN88888: calls $3
*** FLOP *** [6d 2s 5h]
HAOYUN88888: checks
Zubasa07: bets $3
HAOYUN88888: calls $3
*** TURN *** [6d 2s 5h] [6h]
HAOYUN88888: checks
Zubasa07: bets $6
HAOYUN88888: folds
Uncalled bet ($6) returned to Zubasa07
Zubasa07 collected $17.64 from pot
Zubasa07: doesn't show hand
*** SUMMARY ***
Total pot $18 | Rake $0.36
Board [6d 2s 5h 6h]
Seat 1: Zubasa07 (button) (small blind) collected ($17.64)
Seat 6: HAOYUN88888 (big blind) folded on the Turn


PokerStars Hand #161850259834:  Hold'em Limit ($3/$6 USD) - 2016/11/23 14:13:33 ET
Table 'Phereclos' 6-max Seat #1 is the button
Seat 1: Zubasa07 ($478.64 in chips)
Seat 6: HAOYUN88888 ($73.17 in chips)
Zubasa07: posts small blind $1
HAOYUN88888: posts big blind $3
*** HOLE CARDS ***
Zubasa07: raises $3 to $6
HAOYUN88888: calls $3
*** FLOP *** [5d 3d 4h]
HAOYUN88888: checks
Zubasa07: bets $3
HAOYUN88888: raises $3 to $6
degal76 joins the table at seat #5
Zubasa07: calls $3
*** TURN *** [5d 3d 4h] [6s]
HAOYUN88888: bets $6
Zubasa07: calls $6
*** RIVER *** [5d 3d 4h 6s] [7h]
HAOYUN88888: checks
Zubasa07: checks
*** SHOW DOWN ***
HAOYUN88888: shows [5h Ks] (a straight, Three to Seven)
Zubasa07: shows [6h Th] (a straight, Three to Seven)
HAOYUN88888 collected $17.75 from pot
Zubasa07 collected $17.75 from pot
*** SUMMARY ***
Total pot $36 | Rake $0.50
Board [5d 3d 4h 6s 7h]
Seat 1: Zubasa07 (button) (small blind) showed [6h Th] and won ($17.75) with a straight, Three to Seven
Seat 6: HAOYUN88888 (big blind) showed [5h Ks] and won ($17.75) with a straight, Three to Seven


PokerStars Hand #161850308260:  Hold'em Limit ($3/$6 USD) - 2016/11/23 14:14:26 ET
Table 'Phereclos' 6-max Seat #6 is the button
Seat 1: Zubasa07 ($478.39 in chips)
Seat 6: HAOYUN88888 ($72.92 in chips)
HAOYUN88888: posts small blind $1
Zubasa07: posts big blind $3
*** HOLE CARDS ***
HAOYUN88888: raises $3 to $6
Zubasa07: raises $3 to $9
HAOYUN88888: calls $3
*** FLOP *** [2s 2h Ah]
Zubasa07: bets $3
HAOYUN88888: calls $3
*** TURN *** [2s 2h Ah] [7d]
Zubasa07: bets $6
HAOYUN88888: calls $6
*** RIVER *** [2s 2h Ah 7d] [Qc]
Zubasa07: checks
HAOYUN88888: checks
*** SHOW DOWN ***
Zubasa07: shows [5d 8d] (a pair of Deuces)
HAOYUN88888: mucks hand
Zubasa07 collected $35.50 from pot
*** SUMMARY ***
Total pot $36 | Rake $0.50
Board [2s 2h Ah 7d Qc]
Seat 1: Zubasa07 (big blind) showed [5d 8d] and won ($35.50) with a pair of Deuces
Seat 6: HAOYUN88888 (button) (small blind) mucked


PokerStars Hand #161850505846:  Hold'em Limit ($3/$6 USD) - 2016/11/23 14:17:53 ET
Table 'Phereclos' 6-max Seat #5 is the button
Seat 4: Actionni13 ($150 in chips)
Seat 5: degal76 ($42.47 in chips)
degal76: posts small blind $1
HAOYUN88888: is sitting out
Zubasa07: is sitting out
Actionni13: posts big blind $3
*** HOLE CARDS ***
Zubasa07 leaves the table
degal76: folds
Uncalled bet ($2) returned to Actionni13
Actionni13 collected $2 from pot
Actionni13: doesn't show hand
*** SUMMARY ***
Total pot $2 | Rake $0
Seat 4: Actionni13 (big blind) collected ($2)
Seat 5: degal76 (button) (small blind) folded before Flop


PokerStars Hand #161850512669:  Hold'em Limit ($3/$6 USD) - 2016/11/23 14:18:01 ET
Table 'Phereclos' 6-max Seat #4 is the button
Seat 4: Actionni13 ($151 in chips)
Seat 5: degal76 ($41.47 in chips)
Actionni13: posts small blind $1
degal76: posts big blind $3
*** HOLE CARDS ***
Actionni13: raises $3 to $6
degal76: folds
Uncalled bet ($3) returned to Actionni13
Actionni13 collected $6 from pot
Actionni13: doesn't show hand
*** SUMMARY ***
Total pot $6 | Rake $0
Seat 4: Actionni13 (button) (small blind) collected ($6)
Seat 5: degal76 (big blind) folded before Flop


PokerStars Hand #161853038983:  Hold'em Limit ($3/$6 USD) - 2016/11/23 15:04:53 ET
Table 'Phereclos' 6-max Seat #5 is the button
Seat 4: Actionni13 ($204.15 in chips)
Seat 5: DECAlpha ($71.03 in chips)
DECAlpha: posts small blind $1
treeleaves27: is sitting out
Actionni13: posts big blind $3
*** HOLE CARDS ***
DECAlpha: raises $3 to $6
treeleaves27 leaves the table
Actionni13: calls $3
*** FLOP *** [Ah Th Qd]
Actionni13: checks
DECAlpha: bets $3
Actionni13: folds
Uncalled bet ($3) returned to DECAlpha
DECAlpha collected $11.76 from pot
DECAlpha: doesn't show hand
*** SUMMARY ***
Total pot $12 | Rake $0.24
Board [Ah Th Qd]
Seat 4: Actionni13 (big blind) folded on the Flop
Seat 5: DECAlpha (button) (small blind) collected ($11.76)


PokerStars Hand #161853052322:  Hold'em Limit ($3/$6 USD) - 2016/11/23 15:05:07 ET
Table 'Phereclos' 6-max Seat #4 is the button
Seat 4: Actionni13 ($198.15 in chips)
Seat 5: DECAlpha ($76.79 in chips)
Actionni13: posts small blind $1
DECAlpha: posts big blind $3
*** HOLE CARDS ***
Actionni13: raises $3 to $6
DECAlpha: calls $3
*** FLOP *** [Qd 3h 5s]
DECAlpha: checks
Actionni13: bets $3
DECAlpha: folds
Uncalled bet ($3) returned to Actionni13
Actionni13 collected $11.76 from pot
Actionni13: doesn't show hand
*** SUMMARY ***
Total pot $12 | Rake $0.24
Board [Qd 3h 5s]
Seat 4: Actionni13 (button) (small blind) collected ($11.76)
Seat 5: DECAlpha (big blind) folded on the Flop


