PokerStars Hand #147556620538:  Hold'em Limit ($3/$6 USD) - 2016/01/23 16:01:01 ET
Table 'Pherkad III' 2-max Seat #1 is the button
Seat 1: ManuelSikora ($78.64 in chips)
Seat 2: punkrott ($111.66 in chips)
ManuelSikora: posts small blind $1
punkrott: posts big blind $3
*** HOLE CARDS ***
ManuelSikora: calls $2
punkrott: checks
*** FLOP *** [6d Ac 7d]
punkrott: checks
ManuelSikora: checks
*** TURN *** [6d Ac 7d] [Jc]
punkrott: checks
ManuelSikora: checks
*** RIVER *** [6d Ac 7d Jc] [9c]
punkrott: bets $6
ManuelSikora: folds
Uncalled bet ($6) returned to punkrott
punkrott collected $5.88 from pot
punkrott: doesn't show hand
*** SUMMARY ***
Total pot $6 | Rake $0.12
Board [6d Ac 7d Jc 9c]
Seat 1: ManuelSikora (button) (small blind) folded on the River
Seat 2: punkrott (big blind) collected ($5.88)


PokerStars Hand #147556605952:  Hold'em Limit ($3/$6 USD) - 2016/01/23 16:00:44 ET
Table 'Pherkad III' 2-max Seat #2 is the button
Seat 1: ManuelSikora ($108.64 in chips)
Seat 2: punkrott ($82.16 in chips)
punkrott: posts small blind $1
ManuelSikora: posts big blind $3
*** HOLE CARDS ***
punkrott: raises $3 to $6
ManuelSikora: raises $3 to $9
punkrott: calls $3
*** FLOP *** [Ad 9h 6d]
ManuelSikora: bets $3
punkrott: calls $3
*** TURN *** [Ad 9h 6d] [2h]
ManuelSikora: bets $6
punkrott: calls $6
*** RIVER *** [Ad 9h 6d 2h] [8s]
ManuelSikora: bets $6
punkrott: raises $6 to $12
ManuelSikora: calls $6
*** SHOW DOWN ***
punkrott: shows [8d 9d] (two pair, Nines and Eights)
ManuelSikora: mucks hand
punkrott collected $59.50 from pot
*** SUMMARY ***
Total pot $60 | Rake $0.50
Board [Ad 9h 6d 2h 8s]
Seat 1: ManuelSikora (big blind) mucked
Seat 2: punkrott (button) (small blind) showed [8d 9d] and won ($59.50) with two pair, Nines and Eights


PokerStars Hand #147556689029:  Hold'em Limit ($3/$6 USD) - 2016/01/23 16:02:14 ET
Table 'Pherkad III' 2-max Seat #1 is the button
Seat 1: ManuelSikora ($90.64 in chips)
Seat 2: punkrott ($97.80 in chips)
ManuelSikora: posts small blind $1
punkrott: posts big blind $3
*** HOLE CARDS ***
ManuelSikora: folds
Uncalled bet ($2) returned to punkrott
punkrott collected $2 from pot
punkrott: doesn't show hand
*** SUMMARY ***
Total pot $2 | Rake $0
Seat 1: ManuelSikora (button) (small blind) folded before Flop
Seat 2: punkrott (big blind) collected ($2)


PokerStars Hand #147556680112:  Hold'em Limit ($3/$6 USD) - 2016/01/23 16:02:05 ET
Table 'Pherkad III' 2-max Seat #2 is the button
Seat 1: ManuelSikora ($96.64 in chips)
Seat 2: punkrott ($92.04 in chips)
punkrott: posts small blind $1
ManuelSikora: posts big blind $3
*** HOLE CARDS ***
punkrott: raises $3 to $6
ManuelSikora: calls $3
*** FLOP *** [Jc Jd Ad]
ManuelSikora: checks
punkrott: bets $3
ManuelSikora: folds
Uncalled bet ($3) returned to punkrott
punkrott collected $11.76 from pot
punkrott: doesn't show hand
*** SUMMARY ***
Total pot $12 | Rake $0.24
Board [Jc Jd Ad]
Seat 1: ManuelSikora (big blind) folded on the Flop
Seat 2: punkrott (button) (small blind) collected ($11.76)


PokerStars Hand #147556666550:  Hold'em Limit ($3/$6 USD) - 2016/01/23 16:01:51 ET
Table 'Pherkad III' 2-max Seat #1 is the button
Seat 1: ManuelSikora ($114.64 in chips)
Seat 2: punkrott ($74.54 in chips)
ManuelSikora: posts small blind $1
punkrott: posts big blind $3
*** HOLE CARDS ***
ManuelSikora: raises $3 to $6
punkrott: raises $3 to $9
ManuelSikora: raises $3 to $12
Betting is capped
punkrott: calls $3
*** FLOP *** [Tc 8h 4d]
punkrott: checks
ManuelSikora: checks
*** TURN *** [Tc 8h 4d] [7c]
punkrott: bets $6
ManuelSikora: calls $6
*** RIVER *** [Tc 8h 4d 7c] [6s]
punkrott: checks
ManuelSikora: checks
*** SHOW DOWN ***
punkrott: shows [Jd 8d] (a pair of Eights)
ManuelSikora: mucks hand
punkrott collected $35.50 from pot
*** SUMMARY ***
Total pot $36 | Rake $0.50
Board [Tc 8h 4d 7c 6s]
Seat 1: ManuelSikora (button) (small blind) mucked
Seat 2: punkrott (big blind) showed [Jd 8d] and won ($35.50) with a pair of Eights


PokerStars Hand #147556662127:  Hold'em Limit ($3/$6 USD) - 2016/01/23 16:01:47 ET
Table 'Pherkad III' 2-max Seat #2 is the button
Seat 1: ManuelSikora ($113.64 in chips)
Seat 2: punkrott ($75.54 in chips)
punkrott: posts small blind $1
ManuelSikora: posts big blind $3
*** HOLE CARDS ***
punkrott: folds
Uncalled bet ($2) returned to ManuelSikora
ManuelSikora collected $2 from pot
ManuelSikora: doesn't show hand
*** SUMMARY ***
Total pot $2 | Rake $0
Seat 1: ManuelSikora (big blind) collected ($2)
Seat 2: punkrott (button) (small blind) folded before Flop


PokerStars Hand #147556647764:  Hold'em Limit ($3/$6 USD) - 2016/01/23 16:01:32 ET
Table 'Pherkad III' 2-max Seat #1 is the button
Seat 1: ManuelSikora ($96.14 in chips)
Seat 2: punkrott ($93.54 in chips)
ManuelSikora: posts small blind $1
punkrott: posts big blind $3
*** HOLE CARDS ***
ManuelSikora: raises $3 to $6
punkrott: raises $3 to $9
ManuelSikora: calls $3
*** FLOP *** [9c Js 6h]
punkrott: bets $3
ManuelSikora: calls $3
*** TURN *** [9c Js 6h] [2s]
punkrott: checks
ManuelSikora: bets $6
punkrott: calls $6
*** RIVER *** [9c Js 6h 2s] [5c]
punkrott: checks
ManuelSikora: bets $6
punkrott: folds
Uncalled bet ($6) returned to ManuelSikora
ManuelSikora collected $35.50 from pot
ManuelSikora: doesn't show hand
*** SUMMARY ***
Total pot $36 | Rake $0.50
Board [9c Js 6h 2s 5c]
Seat 1: ManuelSikora (button) (small blind) collected ($35.50)
Seat 2: punkrott (big blind) folded on the River


PokerStars Hand #147556636135:  Hold'em Limit ($3/$6 USD) - 2016/01/23 16:01:19 ET
Table 'Pherkad III' 2-max Seat #2 is the button
Seat 1: ManuelSikora ($75.64 in chips)
Seat 2: punkrott ($114.54 in chips)
punkrott: posts small blind $1
ManuelSikora: posts big blind $3
*** HOLE CARDS ***
punkrott: raises $3 to $6
ManuelSikora: calls $3
*** FLOP *** [8h Jd Qs]
ManuelSikora: bets $3
punkrott: calls $3
*** TURN *** [8h Jd Qs] [Ts]
ManuelSikora: bets $6
punkrott: calls $6
*** RIVER *** [8h Jd Qs Ts] [3s]
ManuelSikora: bets $6
punkrott: calls $6
*** SHOW DOWN ***
ManuelSikora: shows [Qh 7c] (a pair of Queens)
punkrott: mucks hand
ManuelSikora collected $41.50 from pot
*** SUMMARY ***
Total pot $42 | Rake $0.50
Board [8h Jd Qs Ts 3s]
Seat 1: ManuelSikora (big blind) showed [Qh 7c] and won ($41.50) with a pair of Queens
Seat 2: punkrott (button) (small blind) mucked


PokerStars Hand #147556746084:  Hold'em Limit ($3/$6 USD) - 2016/01/23 16:03:11 ET
Table 'Pherkad III' 2-max Seat #2 is the button
Seat 1: ManuelSikora ($96.14 in chips)
Seat 2: punkrott ($91.32 in chips)
punkrott: posts small blind $1
ManuelSikora: posts big blind $3
*** HOLE CARDS ***
punkrott: folds
Uncalled bet ($2) returned to ManuelSikora
ManuelSikora collected $2 from pot
ManuelSikora: doesn't show hand
*** SUMMARY ***
Total pot $2 | Rake $0
Seat 1: ManuelSikora (big blind) collected ($2)
Seat 2: punkrott (button) (small blind) folded before Flop


PokerStars Hand #147556730895:  Hold'em Limit ($3/$6 USD) - 2016/01/23 16:02:57 ET
Table 'Pherkad III' 2-max Seat #1 is the button
Seat 1: ManuelSikora ($102.14 in chips)
Seat 2: punkrott ($85.56 in chips)
ManuelSikora: posts small blind $1
punkrott: posts big blind $3
*** HOLE CARDS ***
ManuelSikora: raises $3 to $6
punkrott: calls $3
*** FLOP *** [5d 3c 9h]
punkrott: checks
ManuelSikora: checks
*** TURN *** [5d 3c 9h] [Ah]
punkrott: checks
ManuelSikora: checks
*** RIVER *** [5d 3c 9h Ah] [Ad]
punkrott: bets $6
ManuelSikora: folds
Uncalled bet ($6) returned to punkrott
punkrott collected $11.76 from pot
punkrott: doesn't show hand
*** SUMMARY ***
Total pot $12 | Rake $0.24
Board [5d 3c 9h Ah Ad]
Seat 1: ManuelSikora (button) (small blind) folded on the River
Seat 2: punkrott (big blind) collected ($11.76)


PokerStars Hand #147556727096:  Hold'em Limit ($3/$6 USD) - 2016/01/23 16:02:53 ET
Table 'Pherkad III' 2-max Seat #2 is the button
Seat 1: ManuelSikora ($101.14 in chips)
Seat 2: punkrott ($86.56 in chips)
punkrott: posts small blind $1
ManuelSikora: posts big blind $3
*** HOLE CARDS ***
punkrott: folds
Uncalled bet ($2) returned to ManuelSikora
ManuelSikora collected $2 from pot
ManuelSikora: doesn't show hand
*** SUMMARY ***
Total pot $2 | Rake $0
Seat 1: ManuelSikora (big blind) collected ($2)
Seat 2: punkrott (button) (small blind) folded before Flop


PokerStars Hand #147556710623:  Hold'em Limit ($3/$6 USD) - 2016/01/23 16:02:36 ET
Table 'Pherkad III' 2-max Seat #1 is the button
Seat 1: ManuelSikora ($107.14 in chips)
Seat 2: punkrott ($80.80 in chips)
ManuelSikora: posts small blind $1
punkrott: posts big blind $3
*** HOLE CARDS ***
ManuelSikora: raises $3 to $6
punkrott: calls $3
*** FLOP *** [Ks Ts 9d]
punkrott: checks
ManuelSikora: checks
*** TURN *** [Ks Ts 9d] [5c]
punkrott: checks
ManuelSikora: checks
*** RIVER *** [Ks Ts 9d 5c] [6s]
punkrott: bets $6
ManuelSikora: folds
Uncalled bet ($6) returned to punkrott
punkrott collected $11.76 from pot
punkrott: doesn't show hand
*** SUMMARY ***
Total pot $12 | Rake $0.24
Board [Ks Ts 9d 5c 6s]
Seat 1: ManuelSikora (button) (small blind) folded on the River
Seat 2: punkrott (big blind) collected ($11.76)


PokerStars Hand #147556693099:  Hold'em Limit ($3/$6 USD) - 2016/01/23 16:02:19 ET
Table 'Pherkad III' 2-max Seat #2 is the button
Seat 1: ManuelSikora ($89.64 in chips)
Seat 2: punkrott ($98.80 in chips)
punkrott: posts small blind $1
ManuelSikora: posts big blind $3
*** HOLE CARDS ***
punkrott: raises $3 to $6
ManuelSikora: raises $3 to $9
punkrott: calls $3
*** FLOP *** [Qd 3s 5d]
ManuelSikora: bets $3
punkrott: calls $3
*** TURN *** [Qd 3s 5d] [Jh]
ManuelSikora: bets $6
punkrott: calls $6
*** RIVER *** [Qd 3s 5d Jh] [2d]
ManuelSikora: bets $6
punkrott: folds
Uncalled bet ($6) returned to ManuelSikora
ManuelSikora collected $35.50 from pot
ManuelSikora: doesn't show hand
*** SUMMARY ***
Total pot $36 | Rake $0.50
Board [Qd 3s 5d Jh 2d]
Seat 1: ManuelSikora (big blind) collected ($35.50)
Seat 2: punkrott (button) (small blind) folded on the River


PokerStars Hand #147556808826:  Hold'em Limit ($3/$6 USD) - 2016/01/23 16:04:11 ET
Table 'Pherkad III' 2-max Seat #1 is the button
Seat 1: ManuelSikora ($123.04 in chips)
Seat 2: punkrott ($62.96 in chips)
ManuelSikora: posts small blind $1
punkrott: posts big blind $3
*** HOLE CARDS ***
ManuelSikora: folds
Uncalled bet ($2) returned to punkrott
punkrott collected $2 from pot
punkrott: doesn't show hand
*** SUMMARY ***
Total pot $2 | Rake $0
Seat 1: ManuelSikora (button) (small blind) folded before Flop
Seat 2: punkrott (big blind) collected ($2)


PokerStars Hand #147556798633:  Hold'em Limit ($3/$6 USD) - 2016/01/23 16:04:02 ET
Table 'Pherkad III' 2-max Seat #2 is the button
Seat 1: ManuelSikora ($114.40 in chips)
Seat 2: punkrott ($71.96 in chips)
punkrott: posts small blind $1
ManuelSikora: posts big blind $3
*** HOLE CARDS ***
punkrott: raises $3 to $6
ManuelSikora: raises $3 to $9
punkrott: calls $3
*** FLOP *** [Ah 9c Kh]
ManuelSikora: bets $3
punkrott: folds
Uncalled bet ($3) returned to ManuelSikora
ManuelSikora collected $17.64 from pot
ManuelSikora: doesn't show hand
*** SUMMARY ***
Total pot $18 | Rake $0.36
Board [Ah 9c Kh]
Seat 1: ManuelSikora (big blind) collected ($17.64)
Seat 2: punkrott (button) (small blind) folded on the Flop


PokerStars Hand #147556781533:  Hold'em Limit ($3/$6 USD) - 2016/01/23 16:03:45 ET
Table 'Pherkad III' 2-max Seat #1 is the button
Seat 1: ManuelSikora ($93.90 in chips)
Seat 2: punkrott ($92.96 in chips)
ManuelSikora: posts small blind $1
punkrott: posts big blind $3
*** HOLE CARDS ***
ManuelSikora: calls $2
punkrott: checks
*** FLOP *** [6c 8h 6h]
punkrott: checks
ManuelSikora: checks
*** TURN *** [6c 8h 6h] [Ah]
punkrott: checks
ManuelSikora: bets $6
punkrott: raises $6 to $12
ManuelSikora: calls $6
*** RIVER *** [6c 8h 6h Ah] [4d]
punkrott: bets $6
ManuelSikora: calls $6
*** SHOW DOWN ***
punkrott: shows [7h 9c] (a pair of Sixes)
ManuelSikora: shows [5s As] (two pair, Aces and Sixes)
ManuelSikora collected $41.50 from pot
*** SUMMARY ***
Total pot $42 | Rake $0.50
Board [6c 8h 6h Ah 4d]
Seat 1: ManuelSikora (button) (small blind) showed [5s As] and won ($41.50) with two pair, Aces and Sixes
Seat 2: punkrott (big blind) showed [7h 9c] and lost with a pair of Sixes


PokerStars Hand #147556777491:  Hold'em Limit ($3/$6 USD) - 2016/01/23 16:03:41 ET
Table 'Pherkad III' 2-max Seat #2 is the button
Seat 1: ManuelSikora ($92.90 in chips)
Seat 2: punkrott ($93.96 in chips)
punkrott: posts small blind $1
ManuelSikora: posts big blind $3
*** HOLE CARDS ***
punkrott: folds
Uncalled bet ($2) returned to ManuelSikora
ManuelSikora collected $2 from pot
ManuelSikora: doesn't show hand
*** SUMMARY ***
Total pot $2 | Rake $0
Seat 1: ManuelSikora (big blind) collected ($2)
Seat 2: punkrott (button) (small blind) folded before Flop


PokerStars Hand #147556770449:  Hold'em Limit ($3/$6 USD) - 2016/01/23 16:03:34 ET
Table 'Pherkad III' 2-max Seat #1 is the button
Seat 1: ManuelSikora ($93.90 in chips)
Seat 2: punkrott ($92.96 in chips)
ManuelSikora: posts small blind $1
punkrott: posts big blind $3
*** HOLE CARDS ***
ManuelSikora: folds
Uncalled bet ($2) returned to punkrott
punkrott collected $2 from pot
punkrott: doesn't show hand
*** SUMMARY ***
Total pot $2 | Rake $0
Seat 1: ManuelSikora (button) (small blind) folded before Flop
Seat 2: punkrott (big blind) collected ($2)


PokerStars Hand #147556760830:  Hold'em Limit ($3/$6 USD) - 2016/01/23 16:03:25 ET
Table 'Pherkad III' 2-max Seat #2 is the button
Seat 1: ManuelSikora ($88.14 in chips)
Seat 2: punkrott ($98.96 in chips)
punkrott: posts small blind $1
ManuelSikora: posts big blind $3
*** HOLE CARDS ***
punkrott: raises $3 to $6
ManuelSikora: calls $3
*** FLOP *** [3d Jd Td]
ManuelSikora: bets $3
punkrott: folds
Uncalled bet ($3) returned to ManuelSikora
ManuelSikora collected $11.76 from pot
ManuelSikora: doesn't show hand
*** SUMMARY ***
Total pot $12 | Rake $0.24
Board [3d Jd Td]
Seat 1: ManuelSikora (big blind) collected ($11.76)
Seat 2: punkrott (button) (small blind) folded on the Flop


PokerStars Hand #147556751805:  Hold'em Limit ($3/$6 USD) - 2016/01/23 16:03:16 ET
Table 'Pherkad III' 2-max Seat #1 is the button
Seat 1: ManuelSikora ($97.14 in chips)
Seat 2: punkrott ($90.32 in chips)
ManuelSikora: posts small blind $1
punkrott: posts big blind $3
*** HOLE CARDS ***
ManuelSikora: raises $3 to $6
punkrott: raises $3 to $9
ManuelSikora: calls $3
*** FLOP *** [Ah Td Ts]
punkrott: bets $3
ManuelSikora: folds
Uncalled bet ($3) returned to punkrott
punkrott collected $17.64 from pot
punkrott: doesn't show hand
*** SUMMARY ***
Total pot $18 | Rake $0.36
Board [Ah Td Ts]
Seat 1: ManuelSikora (button) (small blind) folded on the Flop
Seat 2: punkrott (big blind) collected ($17.64)


