PokerStars Hand #144506118786:  Hold'em Limit ($3/$6 USD) - 2015/11/28 9:26:33 ET
Table 'Philomela' 6-max Seat #6 is the button
Seat 1: _fayzulllo_ ($69 in chips)
Seat 6: scorpio04 ($72 in chips)
scorpio04: posts small blind $1
_fayzulllo_: posts big blind $3
*** HOLE CARDS ***
scorpio04: raises $3 to $6
_fayzulllo_: raises $3 to $9
scorpio04: calls $3
*** FLOP *** [9d 6s Ks]
_fayzulllo_: bets $3
Karpik09 joins the table at seat #2
scorpio04: folds
Uncalled bet ($3) returned to _fayzulllo_
_fayzulllo_ collected $17.64 from pot
_fayzulllo_: doesn't show hand
*** SUMMARY ***
Total pot $18 | Rake $0.36
Board [9d 6s Ks]
Seat 1: _fayzulllo_ (big blind) collected ($17.64)
Seat 6: scorpio04 (button) (small blind) folded on the Flop


PokerStars Hand #144507388467:  Hold'em Limit ($3/$6 USD) - 2015/11/28 9:57:55 ET
Table 'Philomela' 6-max Seat #6 is the button
Seat 4: tritratru ($207.87 in chips)
Seat 6: scorpio04 ($150.23 in chips)
scorpio04: posts small blind $1
LukaSteel: is sitting out
SashaYuvelir: is sitting out
tritratru: posts big blind $3
*** HOLE CARDS ***
scorpio04: raises $3 to $6
LukaSteel leaves the table
SashaYuvelir leaves the table
tritratru: calls $3
*** FLOP *** [6c Kc 9s]
tritratru: checks
scorpio04: bets $3
tritratru: calls $3
*** TURN *** [6c Kc 9s] [3c]
tritratru: checks
scorpio04: bets $6
tritratru: raises $6 to $12
scorpio04: calls $6
*** RIVER *** [6c Kc 9s 3c] [2s]
tritratru: bets $6
scorpio04: calls $6
*** SHOW DOWN ***
tritratru: shows [3d Ks] (two pair, Kings and Threes)
scorpio04: mucks hand
tritratru collected $53.50 from pot
*** SUMMARY ***
Total pot $54 | Rake $0.50
Board [6c Kc 9s 3c 2s]
Seat 4: tritratru (big blind) showed [3d Ks] and won ($53.50) with two pair, Kings and Threes
Seat 6: scorpio04 (button) (small blind) mucked


PokerStars Hand #144507406970:  Hold'em Limit ($3/$6 USD) - 2015/11/28 9:58:28 ET
Table 'Philomela' 6-max Seat #4 is the button
Seat 4: tritratru ($234.37 in chips)
Seat 6: scorpio04 ($123.23 in chips)
tritratru: posts small blind $1
scorpio04: posts big blind $3
*** HOLE CARDS ***
tritratru: folds
Uncalled bet ($2) returned to scorpio04
scorpio04 collected $2 from pot
scorpio04: doesn't show hand
*** SUMMARY ***
Total pot $2 | Rake $0
Seat 4: tritratru (button) (small blind) folded before Flop
Seat 6: scorpio04 (big blind) collected ($2)


PokerStars Hand #144507410282:  Hold'em Limit ($3/$6 USD) - 2015/11/28 9:58:33 ET
Table 'Philomela' 6-max Seat #6 is the button
Seat 4: tritratru ($233.37 in chips)
Seat 6: scorpio04 ($124.23 in chips)
scorpio04: posts small blind $1
tritratru: posts big blind $3
*** HOLE CARDS ***
scorpio04: raises $3 to $6
tritratru: folds
Uncalled bet ($3) returned to scorpio04
scorpio04 collected $6 from pot
scorpio04: doesn't show hand
*** SUMMARY ***
Total pot $6 | Rake $0
Seat 4: tritratru (big blind) folded before Flop
Seat 6: scorpio04 (button) (small blind) collected ($6)


PokerStars Hand #144507435979:  Hold'em Limit ($3/$6 USD) - 2015/11/28 9:59:18 ET
Table 'Philomela' 6-max Seat #4 is the button
Seat 4: tritratru ($237.13 in chips)
Seat 6: scorpio04 ($120.23 in chips)
tritratru: posts small blind $1
scorpio04: posts big blind $3
*** HOLE CARDS ***
tritratru: folds
Uncalled bet ($2) returned to scorpio04
scorpio04 collected $2 from pot
scorpio04: doesn't show hand
*** SUMMARY ***
Total pot $2 | Rake $0
Seat 4: tritratru (button) (small blind) folded before Flop
Seat 6: scorpio04 (big blind) collected ($2)


PokerStars Hand #144507433329:  Hold'em Limit ($3/$6 USD) - 2015/11/28 9:59:14 ET
Table 'Philomela' 6-max Seat #6 is the button
Seat 4: tritratru ($236.13 in chips)
Seat 6: scorpio04 ($121.23 in chips)
scorpio04: posts small blind $1
tritratru: posts big blind $3
*** HOLE CARDS ***
scorpio04: folds
Uncalled bet ($2) returned to tritratru
tritratru collected $2 from pot
*** SUMMARY ***
Total pot $2 | Rake $0
Seat 4: tritratru (big blind) collected ($2)
Seat 6: scorpio04 (button) (small blind) folded before Flop


PokerStars Hand #144507419133:  Hold'em Limit ($3/$6 USD) - 2015/11/28 9:58:49 ET
Table 'Philomela' 6-max Seat #4 is the button
Seat 4: tritratru ($230.37 in chips)
Seat 6: scorpio04 ($127.23 in chips)
tritratru: posts small blind $1
scorpio04: posts big blind $3
*** HOLE CARDS ***
tritratru: raises $3 to $6
scorpio04: calls $3
*** FLOP *** [8h 5d 6d]
scorpio04: checks
tritratru: bets $3
scorpio04: folds
Uncalled bet ($3) returned to tritratru
tritratru collected $11.76 from pot
*** SUMMARY ***
Total pot $12 | Rake $0.24
Board [8h 5d 6d]
Seat 4: tritratru (button) (small blind) collected ($11.76)
Seat 6: scorpio04 (big blind) folded on the Flop


PokerStars Hand #144507445131:  Hold'em Limit ($3/$6 USD) - 2015/11/28 9:59:35 ET
Table 'Philomela' 6-max Seat #4 is the button
Seat 4: tritratru ($230.13 in chips)
Seat 6: scorpio04 ($126.99 in chips)
tritratru: posts small blind $1
scorpio04: posts big blind $3
*** HOLE CARDS ***
tritratru: folds
Uncalled bet ($2) returned to scorpio04
scorpio04 collected $2 from pot
scorpio04: doesn't show hand
*** SUMMARY ***
Total pot $2 | Rake $0
Seat 4: tritratru (button) (small blind) folded before Flop
Seat 6: scorpio04 (big blind) collected ($2)


PokerStars Hand #144507438710:  Hold'em Limit ($3/$6 USD) - 2015/11/28 9:59:24 ET
Table 'Philomela' 6-max Seat #6 is the button
Seat 4: tritratru ($236.13 in chips)
Seat 6: scorpio04 ($121.23 in chips)
scorpio04: posts small blind $1
tritratru: posts big blind $3
*** HOLE CARDS ***
scorpio04: raises $3 to $6
tritratru: calls $3
*** FLOP *** [Ks 4c 5h]
tritratru: checks
scorpio04: bets $3
tritratru: folds
Uncalled bet ($3) returned to scorpio04
scorpio04 collected $11.76 from pot
scorpio04: doesn't show hand
*** SUMMARY ***
Total pot $12 | Rake $0.24
Board [Ks 4c 5h]
Seat 4: tritratru (big blind) folded on the Flop
Seat 6: scorpio04 (button) (small blind) collected ($11.76)


PokerStars Hand #144507450169:  Hold'em Limit ($3/$6 USD) - 2015/11/28 9:59:44 ET
Table 'Philomela' 6-max Seat #4 is the button
Seat 4: tritratru ($230.13 in chips)
Seat 6: scorpio04 ($126.99 in chips)
tritratru: posts small blind $1
scorpio04: posts big blind $3
*** HOLE CARDS ***
tritratru: raises $3 to $6
scorpio04: calls $3
*** FLOP *** [Ad 4s 8h]
scorpio04: checks
tritratru: bets $3
scorpio04: folds
Uncalled bet ($3) returned to tritratru
tritratru collected $11.76 from pot
*** SUMMARY ***
Total pot $12 | Rake $0.24
Board [Ad 4s 8h]
Seat 4: tritratru (button) (small blind) collected ($11.76)
Seat 6: scorpio04 (big blind) folded on the Flop


PokerStars Hand #144507447633:  Hold'em Limit ($3/$6 USD) - 2015/11/28 9:59:39 ET
Table 'Philomela' 6-max Seat #6 is the button
Seat 4: tritratru ($229.13 in chips)
Seat 6: scorpio04 ($127.99 in chips)
scorpio04: posts small blind $1
tritratru: posts big blind $3
*** HOLE CARDS ***
scorpio04: folds
Uncalled bet ($2) returned to tritratru
tritratru collected $2 from pot
*** SUMMARY ***
Total pot $2 | Rake $0
Seat 4: tritratru (big blind) collected ($2)
Seat 6: scorpio04 (button) (small blind) folded before Flop


PokerStars Hand #144507474649:  Hold'em Limit ($3/$6 USD) - 2015/11/28 10:00:24 ET
Table 'Philomela' 6-max Seat #4 is the button
Seat 4: tritratru ($259.39 in chips)
Seat 6: scorpio04 ($96.99 in chips)
tritratru: posts small blind $1
scorpio04: posts big blind $3
*** HOLE CARDS ***
tritratru: folds
Uncalled bet ($2) returned to scorpio04
scorpio04 collected $2 from pot
scorpio04: doesn't show hand
*** SUMMARY ***
Total pot $2 | Rake $0
Seat 4: tritratru (button) (small blind) folded before Flop
Seat 6: scorpio04 (big blind) collected ($2)


PokerStars Hand #144507460708:  Hold'em Limit ($3/$6 USD) - 2015/11/28 10:00:02 ET
Table 'Philomela' 6-max Seat #6 is the button
Seat 4: tritratru ($235.89 in chips)
Seat 6: scorpio04 ($120.99 in chips)
scorpio04: posts small blind $1
tritratru: posts big blind $3
*** HOLE CARDS ***
scorpio04: raises $3 to $6
tritratru: calls $3
*** FLOP *** [2s Ts 9s]
tritratru: checks
scorpio04: bets $3
tritratru: raises $3 to $6
scorpio04: calls $3
*** TURN *** [2s Ts 9s] [8d]
tritratru: bets $6
scorpio04: raises $6 to $12
tritratru: calls $6
*** RIVER *** [2s Ts 9s 8d] [2c]
tritratru: checks
scorpio04: checks
*** SHOW DOWN ***
tritratru: shows [Kc 8s] (two pair, Eights and Deuces)
scorpio04: mucks hand
tritratru collected $47.50 from pot
*** SUMMARY ***
Total pot $48 | Rake $0.50
Board [2s Ts 9s 8d 2c]
Seat 4: tritratru (big blind) showed [Kc 8s] and won ($47.50) with two pair, Eights and Deuces
Seat 6: scorpio04 (button) (small blind) mucked


PokerStars Hand #144507477429:  Hold'em Limit ($3/$6 USD) - 2015/11/28 10:00:29 ET
Table 'Philomela' 6-max Seat #6 is the button
Seat 4: tritratru ($258.39 in chips)
Seat 6: scorpio04 ($97.99 in chips)
scorpio04: posts small blind $1
tritratru: posts big blind $3
*** HOLE CARDS ***
scorpio04: raises $3 to $6
tritratru: calls $3
*** FLOP *** [8d 8s 6d]
tritratru: checks
scorpio04: bets $3
tritratru: raises $3 to $6
scorpio04: folds
Uncalled bet ($3) returned to tritratru
tritratru collected $17.64 from pot
*** SUMMARY ***
Total pot $18 | Rake $0.36
Board [8d 8s 6d]
Seat 4: tritratru (big blind) collected ($17.64)
Seat 6: scorpio04 (button) (small blind) folded on the Flop


PokerStars Hand #144507486742:  Hold'em Limit ($3/$6 USD) - 2015/11/28 10:00:44 ET
Table 'Philomela' 6-max Seat #4 is the button
Seat 4: tritratru ($267.03 in chips)
Seat 6: scorpio04 ($88.99 in chips)
tritratru: posts small blind $1
scorpio04: posts big blind $3
*** HOLE CARDS ***
tritratru: raises $3 to $6
scorpio04: raises $3 to $9
tritratru: calls $3
*** FLOP *** [2d Jd Qs]
scorpio04: bets $3
tritratru: calls $3
*** TURN *** [2d Jd Qs] [Th]
scorpio04: checks
tritratru: checks
*** RIVER *** [2d Jd Qs Th] [7d]
scorpio04: checks
tritratru: checks
*** SHOW DOWN ***
scorpio04: shows [8c 7s] (a pair of Sevens)
tritratru: shows [9c 9h] (a pair of Nines)
tritratru collected $23.52 from pot
*** SUMMARY ***
Total pot $24 | Rake $0.48
Board [2d Jd Qs Th 7d]
Seat 4: tritratru (button) (small blind) showed [9c 9h] and won ($23.52) with a pair of Nines
Seat 6: scorpio04 (big blind) showed [8c 7s] and lost with a pair of Sevens


PokerStars Hand #144507500873:  Hold'em Limit ($3/$6 USD) - 2015/11/28 10:01:07 ET
Table 'Philomela' 6-max Seat #6 is the button
Seat 4: tritratru ($278.55 in chips)
Seat 6: scorpio04 ($76.99 in chips)
scorpio04: posts small blind $1
tritratru: posts big blind $3
*** HOLE CARDS ***
scorpio04: raises $3 to $6
tritratru: folds
Uncalled bet ($3) returned to scorpio04
scorpio04 collected $6 from pot
scorpio04: doesn't show hand
*** SUMMARY ***
Total pot $6 | Rake $0
Seat 4: tritratru (big blind) folded before Flop
Seat 6: scorpio04 (button) (small blind) collected ($6)


PokerStars Hand #144507522750:  Hold'em Limit ($3/$6 USD) - 2015/11/28 10:01:38 ET
Table 'Philomela' 6-max Seat #6 is the button
Seat 4: tritratru ($281.31 in chips)
Seat 6: scorpio04 ($73.99 in chips)
scorpio04: posts small blind $1
tritratru: posts big blind $3
*** HOLE CARDS ***
scorpio04: folds
Uncalled bet ($2) returned to tritratru
tritratru collected $2 from pot
*** SUMMARY ***
Total pot $2 | Rake $0
Seat 4: tritratru (big blind) collected ($2)
Seat 6: scorpio04 (button) (small blind) folded before Flop


PokerStars Hand #144507508291:  Hold'em Limit ($3/$6 USD) - 2015/11/28 10:01:17 ET
Table 'Philomela' 6-max Seat #4 is the button
Seat 4: tritratru ($275.55 in chips)
Seat 6: scorpio04 ($79.99 in chips)
tritratru: posts small blind $1
scorpio04: posts big blind $3
*** HOLE CARDS ***
tritratru: raises $3 to $6
scorpio04: calls $3
*** FLOP *** [2h 9h Qh]
scorpio04: checks
tritratru: bets $3
scorpio04: folds
Uncalled bet ($3) returned to tritratru
tritratru collected $11.76 from pot
*** SUMMARY ***
Total pot $12 | Rake $0.24
Board [2h 9h Qh]
Seat 4: tritratru (button) (small blind) collected ($11.76)
Seat 6: scorpio04 (big blind) folded on the Flop


PokerStars Hand #144507528391:  Hold'em Limit ($3/$6 USD) - 2015/11/28 10:01:46 ET
Table 'Philomela' 6-max Seat #4 is the button
Seat 4: tritratru ($282.31 in chips)
Seat 6: scorpio04 ($72.99 in chips)
tritratru: posts small blind $1
scorpio04: posts big blind $3
*** HOLE CARDS ***
tritratru: raises $3 to $6
scorpio04: calls $3
*** FLOP *** [9s 7d 4s]
scorpio04: checks
tritratru: bets $3
scorpio04: raises $3 to $6
tritratru: calls $3
*** TURN *** [9s 7d 4s] [3s]
scorpio04: bets $6
tritratru: calls $6
*** RIVER *** [9s 7d 4s 3s] [2h]
scorpio04: bets $6
tritratru: calls $6
*** SHOW DOWN ***
scorpio04: shows [Td 7h] (a pair of Sevens)
tritratru: shows [Qd 9c] (a pair of Nines)
tritratru collected $47.50 from pot
*** SUMMARY ***
Total pot $48 | Rake $0.50
Board [9s 7d 4s 3s 2h]
Seat 4: tritratru (button) (small blind) showed [Qd 9c] and won ($47.50) with a pair of Nines
Seat 6: scorpio04 (big blind) showed [Td 7h] and lost with a pair of Sevens


PokerStars Hand #144507557195:  Hold'em Limit ($3/$6 USD) - 2015/11/28 10:02:27 ET
Table 'Philomela' 6-max Seat #4 is the button
Seat 4: tritratru ($302.81 in chips)
Seat 6: scorpio04 ($75 in chips)
tritratru: posts small blind $1
scorpio04: posts big blind $3
*** HOLE CARDS ***
tritratru: folds
Uncalled bet ($2) returned to scorpio04
scorpio04 collected $2 from pot
scorpio04: doesn't show hand
*** SUMMARY ***
Total pot $2 | Rake $0
Seat 4: tritratru (button) (small blind) folded before Flop
Seat 6: scorpio04 (big blind) collected ($2)


PokerStars Hand #144507553037:  Hold'em Limit ($3/$6 USD) - 2015/11/28 10:02:21 ET
Table 'Philomela' 6-max Seat #6 is the button
Seat 4: tritratru ($305.81 in chips)
Seat 6: scorpio04 ($72 in chips)
scorpio04: posts small blind $1
tritratru: posts big blind $3
*** HOLE CARDS ***
scorpio04: raises $3 to $6
tritratru: folds
Uncalled bet ($3) returned to scorpio04
scorpio04 collected $6 from pot
scorpio04: doesn't show hand
*** SUMMARY ***
Total pot $6 | Rake $0
Seat 4: tritratru (big blind) folded before Flop
Seat 6: scorpio04 (button) (small blind) collected ($6)


PokerStars Hand #144507564065:  Hold'em Limit ($3/$6 USD) - 2015/11/28 10:02:37 ET
Table 'Philomela' 6-max Seat #4 is the button
Seat 4: tritratru ($302.81 in chips)
Seat 6: scorpio04 ($75 in chips)
tritratru: posts small blind $1
scorpio04: posts big blind $3
*** HOLE CARDS ***
tritratru: folds
Uncalled bet ($2) returned to scorpio04
scorpio04 collected $2 from pot
scorpio04: doesn't show hand
*** SUMMARY ***
Total pot $2 | Rake $0
Seat 4: tritratru (button) (small blind) folded before Flop
Seat 6: scorpio04 (big blind) collected ($2)


PokerStars Hand #144507560594:  Hold'em Limit ($3/$6 USD) - 2015/11/28 10:02:31 ET
Table 'Philomela' 6-max Seat #6 is the button
Seat 4: tritratru ($301.81 in chips)
Seat 6: scorpio04 ($76 in chips)
scorpio04: posts small blind $1
tritratru: posts big blind $3
*** HOLE CARDS ***
scorpio04: folds
Uncalled bet ($2) returned to tritratru
tritratru collected $2 from pot
*** SUMMARY ***
Total pot $2 | Rake $0
Seat 4: tritratru (big blind) collected ($2)
Seat 6: scorpio04 (button) (small blind) folded before Flop


PokerStars Hand #144507567554:  Hold'em Limit ($3/$6 USD) - 2015/11/28 10:02:42 ET
Table 'Philomela' 6-max Seat #6 is the button
Seat 4: tritratru ($301.81 in chips)
Seat 6: scorpio04 ($76 in chips)
scorpio04: posts small blind $1
tritratru: posts big blind $3
*** HOLE CARDS ***
scorpio04: raises $3 to $6
tritratru: folds
Uncalled bet ($3) returned to scorpio04
scorpio04 collected $6 from pot
scorpio04: doesn't show hand
*** SUMMARY ***
Total pot $6 | Rake $0
Seat 4: tritratru (big blind) folded before Flop
Seat 6: scorpio04 (button) (small blind) collected ($6)


PokerStars Hand #144507590136:  Hold'em Limit ($3/$6 USD) - 2015/11/28 10:03:13 ET
Table 'Philomela' 6-max Seat #6 is the button
Seat 4: tritratru ($307.45 in chips)
Seat 6: scorpio04 ($72 in chips)
scorpio04: posts small blind $1
tritratru: posts big blind $3
*** HOLE CARDS ***
scorpio04: folds
Uncalled bet ($2) returned to tritratru
tritratru collected $2 from pot
*** SUMMARY ***
Total pot $2 | Rake $0
Seat 4: tritratru (big blind) collected ($2)
Seat 6: scorpio04 (button) (small blind) folded before Flop


PokerStars Hand #144507608343:  Hold'em Limit ($3/$6 USD) - 2015/11/28 10:03:37 ET
Table 'Philomela' 6-max Seat #6 is the button
Seat 4: tritratru ($314.21 in chips)
Seat 6: scorpio04 ($72 in chips)
scorpio04: posts small blind $1
tritratru: posts big blind $3
*** HOLE CARDS ***
scorpio04: folds
Uncalled bet ($2) returned to tritratru
tritratru collected $2 from pot
*** SUMMARY ***
Total pot $2 | Rake $0
Seat 4: tritratru (big blind) collected ($2)
Seat 6: scorpio04 (button) (small blind) folded before Flop


PokerStars Hand #144507594129:  Hold'em Limit ($3/$6 USD) - 2015/11/28 10:03:18 ET
Table 'Philomela' 6-max Seat #4 is the button
Seat 4: tritratru ($308.45 in chips)
Seat 6: scorpio04 ($72 in chips)
tritratru: posts small blind $1
scorpio04: posts big blind $3
*** HOLE CARDS ***
tritratru: raises $3 to $6
scorpio04: calls $3
*** FLOP *** [2c Jh 2s]
scorpio04: checks
tritratru: bets $3
scorpio04: folds
Uncalled bet ($3) returned to tritratru
tritratru collected $11.76 from pot
*** SUMMARY ***
Total pot $12 | Rake $0.24
Board [2c Jh 2s]
Seat 4: tritratru (button) (small blind) collected ($11.76)
Seat 6: scorpio04 (big blind) folded on the Flop


PokerStars Hand #144507573038:  Hold'em Limit ($3/$6 USD) - 2015/11/28 10:02:49 ET
Table 'Philomela' 6-max Seat #4 is the button
Seat 4: tritratru ($298.81 in chips)
Seat 6: scorpio04 ($79 in chips)
tritratru: posts small blind $1
scorpio04: posts big blind $3
*** HOLE CARDS ***
tritratru: raises $3 to $6
scorpio04: calls $3
*** FLOP *** [6c 8d Jd]
scorpio04: checks
tritratru: bets $3
scorpio04: calls $3
*** TURN *** [6c 8d Jd] [8s]
scorpio04: checks
tritratru: bets $6
scorpio04: folds
Uncalled bet ($6) returned to tritratru
tritratru collected $17.64 from pot
*** SUMMARY ***
Total pot $18 | Rake $0.36
Board [6c 8d Jd 8s]
Seat 4: tritratru (button) (small blind) collected ($17.64)
Seat 6: scorpio04 (big blind) folded on the Turn


PokerStars Hand #144507612849:  Hold'em Limit ($3/$6 USD) - 2015/11/28 10:03:43 ET
Table 'Philomela' 6-max Seat #4 is the button
Seat 4: tritratru ($315.21 in chips)
Seat 6: scorpio04 ($72 in chips)
tritratru: posts small blind $1
scorpio04: posts big blind $3
*** HOLE CARDS ***
tritratru: folds
Uncalled bet ($2) returned to scorpio04
scorpio04 collected $2 from pot
scorpio04: doesn't show hand
*** SUMMARY ***
Total pot $2 | Rake $0
Seat 4: tritratru (button) (small blind) folded before Flop
Seat 6: scorpio04 (big blind) collected ($2)


PokerStars Hand #144507628820:  Hold'em Limit ($3/$6 USD) - 2015/11/28 10:04:05 ET
Table 'Philomela' 6-max Seat #4 is the button
Seat 4: tritratru ($328.71 in chips)
Seat 6: scorpio04 ($72 in chips)
tritratru: posts small blind $1
scorpio04: posts big blind $3
*** HOLE CARDS ***
tritratru: raises $3 to $6
scorpio04: calls $3
*** FLOP *** [Jd Ts Jh]
scorpio04: checks
tritratru: checks
*** TURN *** [Jd Ts Jh] [Kc]
scorpio04: bets $6
tritratru: calls $6
*** RIVER *** [Jd Ts Jh Kc] [8c]
scorpio04: bets $6
tritratru: folds
Uncalled bet ($6) returned to scorpio04
scorpio04 collected $23.52 from pot
scorpio04: doesn't show hand
*** SUMMARY ***
Total pot $24 | Rake $0.48
Board [Jd Ts Jh Kc 8c]
Seat 4: tritratru (button) (small blind) folded on the River
Seat 6: scorpio04 (big blind) collected ($23.52)


PokerStars Hand #144507641075:  Hold'em Limit ($3/$6 USD) - 2015/11/28 10:04:22 ET
Table 'Philomela' 6-max Seat #6 is the button
Seat 4: tritratru ($316.71 in chips)
Seat 6: scorpio04 ($83.52 in chips)
scorpio04: posts small blind $1
tritratru: posts big blind $3
*** HOLE CARDS ***
scorpio04: raises $3 to $6
tritratru: calls $3
*** FLOP *** [Qc 5c 8c]
tritratru: checks
scorpio04: bets $3
tritratru: folds
Uncalled bet ($3) returned to scorpio04
scorpio04 collected $11.76 from pot
scorpio04: doesn't show hand
*** SUMMARY ***
Total pot $12 | Rake $0.24
Board [Qc 5c 8c]
Seat 4: tritratru (big blind) folded on the Flop
Seat 6: scorpio04 (button) (small blind) collected ($11.76)


PokerStars Hand #144507648699:  Hold'em Limit ($3/$6 USD) - 2015/11/28 10:04:32 ET
Table 'Philomela' 6-max Seat #4 is the button
Seat 4: tritratru ($310.71 in chips)
Seat 6: scorpio04 ($89.28 in chips)
tritratru: posts small blind $1
scorpio04: posts big blind $3
*** HOLE CARDS ***
tritratru: folds
Uncalled bet ($2) returned to scorpio04
scorpio04 collected $2 from pot
scorpio04: doesn't show hand
*** SUMMARY ***
Total pot $2 | Rake $0
Seat 4: tritratru (button) (small blind) folded before Flop
Seat 6: scorpio04 (big blind) collected ($2)


PokerStars Hand #144507616618:  Hold'em Limit ($3/$6 USD) - 2015/11/28 10:03:49 ET
Table 'Philomela' 6-max Seat #6 is the button
Seat 4: tritratru ($314.21 in chips)
Seat 6: scorpio04 ($73 in chips)
scorpio04: posts small blind $1
tritratru: posts big blind $3
*** HOLE CARDS ***
scorpio04: raises $3 to $6
tritratru: calls $3
*** FLOP *** [4s Ks Kd]
tritratru: checks
scorpio04: bets $3
tritratru: calls $3
*** TURN *** [4s Ks Kd] [8s]
tritratru: checks
scorpio04: bets $6
tritratru: calls $6
*** RIVER *** [4s Ks Kd 8s] [3s]
tritratru: checks
scorpio04: checks
*** SHOW DOWN ***
tritratru: shows [4h Ah] (two pair, Kings and Fours)
scorpio04: mucks hand
tritratru collected $29.50 from pot
*** SUMMARY ***
Total pot $30 | Rake $0.50
Board [4s Ks Kd 8s 3s]
Seat 4: tritratru (big blind) showed [4h Ah] and won ($29.50) with two pair, Kings and Fours
Seat 6: scorpio04 (button) (small blind) mucked


PokerStars Hand #144507651863:  Hold'em Limit ($3/$6 USD) - 2015/11/28 10:04:37 ET
Table 'Philomela' 6-max Seat #6 is the button
Seat 4: tritratru ($309.71 in chips)
Seat 6: scorpio04 ($90.28 in chips)
scorpio04: posts small blind $1
tritratru: posts big blind $3
*** HOLE CARDS ***
scorpio04: raises $3 to $6
tritratru: calls $3
*** FLOP *** [8d 2d Qd]
tritratru: checks
scorpio04: bets $3
tritratru: raises $3 to $6
scorpio04: calls $3
*** TURN *** [8d 2d Qd] [7d]
tritratru: checks
scorpio04: bets $6
tritratru: calls $6
*** RIVER *** [8d 2d Qd 7d] [7c]
tritratru: checks
scorpio04: checks
*** SHOW DOWN ***
tritratru: shows [8h Td] (a flush, Queen high)
scorpio04: mucks hand
tritratru collected $35.50 from pot
*** SUMMARY ***
Total pot $36 | Rake $0.50
Board [8d 2d Qd 7d 7c]
Seat 4: tritratru (big blind) showed [8h Td] and won ($35.50) with a flush, Queen high
Seat 6: scorpio04 (button) (small blind) mucked


PokerStars Hand #144507668523:  Hold'em Limit ($3/$6 USD) - 2015/11/28 10:04:59 ET
Table 'Philomela' 6-max Seat #6 is the button
Seat 4: tritratru ($326.21 in chips)
Seat 6: scorpio04 ($73.28 in chips)
scorpio04: posts small blind $1
tritratru: posts big blind $3
*** HOLE CARDS ***
scorpio04: folds
Uncalled bet ($2) returned to tritratru
tritratru collected $2 from pot
*** SUMMARY ***
Total pot $2 | Rake $0
Seat 4: tritratru (big blind) collected ($2)
Seat 6: scorpio04 (button) (small blind) folded before Flop


PokerStars Hand #144507664797:  Hold'em Limit ($3/$6 USD) - 2015/11/28 10:04:54 ET
Table 'Philomela' 6-max Seat #4 is the button
Seat 4: tritratru ($327.21 in chips)
Seat 6: scorpio04 ($72.28 in chips)
tritratru: posts small blind $1
scorpio04: posts big blind $3
*** HOLE CARDS ***
tritratru: folds
Uncalled bet ($2) returned to scorpio04
scorpio04 collected $2 from pot
scorpio04: doesn't show hand
*** SUMMARY ***
Total pot $2 | Rake $0
Seat 4: tritratru (button) (small blind) folded before Flop
Seat 6: scorpio04 (big blind) collected ($2)


PokerStars Hand #144507681886:  Hold'em Limit ($3/$6 USD) - 2015/11/28 10:05:17 ET
Table 'Philomela' 6-max Seat #4 is the button
Seat 4: tritratru ($319.21 in chips)
Seat 6: scorpio04 ($79.92 in chips)
tritratru: posts small blind $1
scorpio04: posts big blind $3
*** HOLE CARDS ***
tritratru: raises $3 to $6
scorpio04: raises $3 to $9
tritratru: calls $3
*** FLOP *** [Ks Js 7s]
scorpio04: bets $3
tritratru: calls $3
*** TURN *** [Ks Js 7s] [6h]
scorpio04: checks
tritratru: bets $6
scorpio04: folds
Uncalled bet ($6) returned to tritratru
tritratru collected $23.52 from pot
*** SUMMARY ***
Total pot $24 | Rake $0.48
Board [Ks Js 7s 6h]
Seat 4: tritratru (button) (small blind) collected ($23.52)
Seat 6: scorpio04 (big blind) folded on the Turn


PokerStars Hand #144507672392:  Hold'em Limit ($3/$6 USD) - 2015/11/28 10:05:04 ET
Table 'Philomela' 6-max Seat #4 is the button
Seat 4: tritratru ($327.21 in chips)
Seat 6: scorpio04 ($72.28 in chips)
tritratru: posts small blind $1
scorpio04: posts big blind $3
*** HOLE CARDS ***
tritratru: raises $3 to $6
scorpio04: raises $3 to $9
tritratru: calls $3
*** FLOP *** [Ac 5c Qh]
scorpio04: bets $3
tritratru: folds
Uncalled bet ($3) returned to scorpio04
scorpio04 collected $17.64 from pot
scorpio04: doesn't show hand
*** SUMMARY ***
Total pot $18 | Rake $0.36
Board [Ac 5c Qh]
Seat 4: tritratru (button) (small blind) folded on the Flop
Seat 6: scorpio04 (big blind) collected ($17.64)


PokerStars Hand #144507694085:  Hold'em Limit ($3/$6 USD) - 2015/11/28 10:05:34 ET
Table 'Philomela' 6-max Seat #6 is the button
Seat 4: tritratru ($330.73 in chips)
Seat 6: scorpio04 ($72 in chips)
scorpio04: posts small blind $1
tritratru: posts big blind $3
*** HOLE CARDS ***
scorpio04: raises $3 to $6
tritratru: calls $3
*** FLOP *** [7s 3d Ks]
tritratru: checks
scorpio04: bets $3
tritratru: calls $3
*** TURN *** [7s 3d Ks] [9h]
tritratru: checks
scorpio04: bets $6
tritratru: calls $6
*** RIVER *** [7s 3d Ks 9h] [Kc]
tritratru: checks
scorpio04: checks
*** SHOW DOWN ***
tritratru: shows [5s 9s] (two pair, Kings and Nines)
scorpio04: mucks hand
tritratru collected $29.50 from pot
*** SUMMARY ***
Total pot $30 | Rake $0.50
Board [7s 3d Ks 9h Kc]
Seat 4: tritratru (big blind) showed [5s 9s] and won ($29.50) with two pair, Kings and Nines
Seat 6: scorpio04 (button) (small blind) mucked


PokerStars Hand #144507678279:  Hold'em Limit ($3/$6 USD) - 2015/11/28 10:05:12 ET
Table 'Philomela' 6-max Seat #6 is the button
Seat 4: tritratru ($318.21 in chips)
Seat 6: scorpio04 ($80.92 in chips)
scorpio04: posts small blind $1
tritratru: posts big blind $3
*** HOLE CARDS ***
scorpio04: folds
Uncalled bet ($2) returned to tritratru
tritratru collected $2 from pot
*** SUMMARY ***
Total pot $2 | Rake $0
Seat 4: tritratru (big blind) collected ($2)
Seat 6: scorpio04 (button) (small blind) folded before Flop


PokerStars Hand #144507709357:  Hold'em Limit ($3/$6 USD) - 2015/11/28 10:05:54 ET
Table 'Philomela' 6-max Seat #4 is the button
Seat 4: tritratru ($345.23 in chips)
Seat 6: scorpio04 ($72 in chips)
tritratru: posts small blind $1
scorpio04: posts big blind $3
*** HOLE CARDS ***
tritratru: folds
Uncalled bet ($2) returned to scorpio04
scorpio04 collected $2 from pot
scorpio04: doesn't show hand
*** SUMMARY ***
Total pot $2 | Rake $0
Seat 4: tritratru (button) (small blind) folded before Flop
Seat 6: scorpio04 (big blind) collected ($2)


PokerStars Hand #144507722779:  Hold'em Limit ($3/$6 USD) - 2015/11/28 10:06:12 ET
Table 'Philomela' 6-max Seat #4 is the button
Seat 4: tritratru ($352.87 in chips)
Seat 6: scorpio04 ($72 in chips)
tritratru: posts small blind $1
scorpio04: posts big blind $3
*** HOLE CARDS ***
tritratru: raises $3 to $6
scorpio04: raises $3 to $9
tritratru: calls $3
*** FLOP *** [7s As Qc]
scorpio04: bets $3
tritratru: folds
Uncalled bet ($3) returned to scorpio04
scorpio04 collected $17.64 from pot
scorpio04: doesn't show hand
*** SUMMARY ***
Total pot $18 | Rake $0.36
Board [7s As Qc]
Seat 4: tritratru (button) (small blind) folded on the Flop
Seat 6: scorpio04 (big blind) collected ($17.64)


PokerStars Hand #144507730358:  Hold'em Limit ($3/$6 USD) - 2015/11/28 10:06:22 ET
Table 'Philomela' 6-max Seat #6 is the button
Seat 4: tritratru ($343.87 in chips)
Seat 6: scorpio04 ($80.64 in chips)
scorpio04: posts small blind $1
tritratru: posts big blind $3
*** HOLE CARDS ***
scorpio04: raises $3 to $6
tritratru: raises $3 to $9
scorpio04: calls $3
*** FLOP *** [Ad 4c 9h]
tritratru: bets $3
scorpio04: folds
Uncalled bet ($3) returned to tritratru
tritratru collected $17.64 from pot
*** SUMMARY ***
Total pot $18 | Rake $0.36
Board [Ad 4c 9h]
Seat 4: tritratru (big blind) collected ($17.64)
Seat 6: scorpio04 (button) (small blind) folded on the Flop


PokerStars Hand #144507713083:  Hold'em Limit ($3/$6 USD) - 2015/11/28 10:05:59 ET
Table 'Philomela' 6-max Seat #6 is the button
Seat 4: tritratru ($344.23 in chips)
Seat 6: scorpio04 ($73 in chips)
scorpio04: posts small blind $1
tritratru: posts big blind $3
*** HOLE CARDS ***
scorpio04: raises $3 to $6
tritratru: calls $3
*** FLOP *** [4h 6d Jh]
tritratru: checks
scorpio04: bets $3
tritratru: raises $3 to $6
scorpio04: folds
Uncalled bet ($3) returned to tritratru
tritratru collected $17.64 from pot
*** SUMMARY ***
Total pot $18 | Rake $0.36
Board [4h 6d Jh]
Seat 4: tritratru (big blind) collected ($17.64)
Seat 6: scorpio04 (button) (small blind) folded on the Flop


PokerStars Hand #144507745289:  Hold'em Limit ($3/$6 USD) - 2015/11/28 10:06:43 ET
Table 'Philomela' 6-max Seat #4 is the button
Seat 4: tritratru ($352.51 in chips)
Seat 6: scorpio04 ($72 in chips)
tritratru: posts small blind $1
scorpio04: posts big blind $3
*** HOLE CARDS ***
tritratru: folds
Uncalled bet ($2) returned to scorpio04
scorpio04 collected $2 from pot
scorpio04: doesn't show hand
*** SUMMARY ***
Total pot $2 | Rake $0
Seat 4: tritratru (button) (small blind) folded before Flop
Seat 6: scorpio04 (big blind) collected ($2)


PokerStars Hand #144507749145:  Hold'em Limit ($3/$6 USD) - 2015/11/28 10:06:48 ET
Table 'Philomela' 6-max Seat #6 is the button
Seat 4: tritratru ($351.51 in chips)
Seat 6: scorpio04 ($73 in chips)
scorpio04: posts small blind $1
tritratru: posts big blind $3
*** HOLE CARDS ***
scorpio04: raises $3 to $6
tritratru: calls $3
*** FLOP *** [Ts 9h Jd]
tritratru: checks
scorpio04: bets $3
tritratru: calls $3
*** TURN *** [Ts 9h Jd] [4s]
tritratru: checks
scorpio04: bets $6
tritratru: folds
Uncalled bet ($6) returned to scorpio04
scorpio04 collected $17.64 from pot
scorpio04: doesn't show hand
*** SUMMARY ***
Total pot $18 | Rake $0.36
Board [Ts 9h Jd 4s]
Seat 4: tritratru (big blind) folded on the Turn
Seat 6: scorpio04 (button) (small blind) collected ($17.64)


PokerStars Hand #144507760405:  Hold'em Limit ($3/$6 USD) - 2015/11/28 10:07:03 ET
Table 'Philomela' 6-max Seat #4 is the button
Seat 4: tritratru ($342.51 in chips)
Seat 6: scorpio04 ($81.64 in chips)
tritratru: posts small blind $1
scorpio04: posts big blind $3
*** HOLE CARDS ***
tritratru: raises $3 to $6
scorpio04: raises $3 to $9
tritratru: calls $3
*** FLOP *** [Ks 2s 6d]
scorpio04: bets $3
tritratru: calls $3
*** TURN *** [Ks 2s 6d] [2d]
scorpio04: bets $6
tritratru: folds
Uncalled bet ($6) returned to scorpio04
scorpio04 collected $23.52 from pot
scorpio04: doesn't show hand
*** SUMMARY ***
Total pot $24 | Rake $0.48
Board [Ks 2s 6d 2d]
Seat 4: tritratru (button) (small blind) folded on the Turn
Seat 6: scorpio04 (big blind) collected ($23.52)


PokerStars Hand #144507770549:  Hold'em Limit ($3/$6 USD) - 2015/11/28 10:07:17 ET
Table 'Philomela' 6-max Seat #6 is the button
Seat 4: tritratru ($330.51 in chips)
Seat 6: scorpio04 ($93.16 in chips)
scorpio04: posts small blind $1
tritratru: posts big blind $3
*** HOLE CARDS ***
scorpio04: raises $3 to $6
tritratru: calls $3
*** FLOP *** [5d 2h 8s]
tritratru: checks
scorpio04: checks
*** TURN *** [5d 2h 8s] [Tc]
tritratru: checks
scorpio04: checks
*** RIVER *** [5d 2h 8s Tc] [Qs]
tritratru: checks
scorpio04: checks
*** SHOW DOWN ***
tritratru: shows [Kc 9d] (high card King)
scorpio04: mucks hand
tritratru collected $11.76 from pot
*** SUMMARY ***
Total pot $12 | Rake $0.24
Board [5d 2h 8s Tc Qs]
Seat 4: tritratru (big blind) showed [Kc 9d] and won ($11.76) with high card King
Seat 6: scorpio04 (button) (small blind) mucked


PokerStars Hand #144507782460:  Hold'em Limit ($3/$6 USD) - 2015/11/28 10:07:33 ET
Table 'Philomela' 6-max Seat #4 is the button
Seat 4: tritratru ($336.27 in chips)
Seat 6: scorpio04 ($87.16 in chips)
tritratru: posts small blind $1
scorpio04: posts big blind $3
*** HOLE CARDS ***
tritratru: raises $3 to $6
scorpio04: raises $3 to $9
tritratru: calls $3
*** FLOP *** [3h 2c 3d]
scorpio04: bets $3
tritratru: calls $3
*** TURN *** [3h 2c 3d] [5d]
scorpio04: bets $6
tritratru: raises $6 to $12
scorpio04: calls $6
*** RIVER *** [3h 2c 3d 5d] [8s]
scorpio04: checks
tritratru: bets $6
scorpio04: calls $6
*** SHOW DOWN ***
tritratru: shows [Td Js] (a pair of Threes)
scorpio04: shows [Qd Ad] (a pair of Threes - Ace kicker)
scorpio04 collected $59.50 from pot
*** SUMMARY ***
Total pot $60 | Rake $0.50
Board [3h 2c 3d 5d 8s]
Seat 4: tritratru (button) (small blind) showed [Td Js] and lost with a pair of Threes
Seat 6: scorpio04 (big blind) showed [Qd Ad] and won ($59.50) with a pair of Threes


PokerStars Hand #144507802403:  Hold'em Limit ($3/$6 USD) - 2015/11/28 10:08:00 ET
Table 'Philomela' 6-max Seat #6 is the button
Seat 4: tritratru ($306.27 in chips)
Seat 6: scorpio04 ($116.66 in chips)
scorpio04: posts small blind $1
tritratru: posts big blind $3
*** HOLE CARDS ***
scorpio04: raises $3 to $6
tritratru: calls $3
*** FLOP *** [8d 8s 6h]
tritratru: checks
scorpio04: bets $3
tritratru: calls $3
*** TURN *** [8d 8s 6h] [Jd]
tritratru: checks
scorpio04: bets $6
tritratru: folds
Uncalled bet ($6) returned to scorpio04
scorpio04 collected $17.64 from pot
scorpio04: doesn't show hand
*** SUMMARY ***
Total pot $18 | Rake $0.36
Board [8d 8s 6h Jd]
Seat 4: tritratru (big blind) folded on the Turn
Seat 6: scorpio04 (button) (small blind) collected ($17.64)


PokerStars Hand #144507831569:  Hold'em Limit ($3/$6 USD) - 2015/11/28 10:08:39 ET
Table 'Philomela' 6-max Seat #6 is the button
Seat 4: tritratru ($303.03 in chips)
Seat 6: scorpio04 ($119.30 in chips)
scorpio04: posts small blind $1
tritratru: posts big blind $3
*** HOLE CARDS ***
scorpio04: folds
Uncalled bet ($2) returned to tritratru
tritratru collected $2 from pot
*** SUMMARY ***
Total pot $2 | Rake $0
Seat 4: tritratru (big blind) collected ($2)
Seat 6: scorpio04 (button) (small blind) folded before Flop


PokerStars Hand #144507820789:  Hold'em Limit ($3/$6 USD) - 2015/11/28 10:08:25 ET
Table 'Philomela' 6-max Seat #4 is the button
Seat 4: tritratru ($297.27 in chips)
Seat 6: scorpio04 ($125.30 in chips)
tritratru: posts small blind $1
scorpio04: posts big blind $3
*** HOLE CARDS ***
tritratru: raises $3 to $6
scorpio04: calls $3
*** FLOP *** [Ad 3h Ts]
scorpio04: checks
tritratru: bets $3
scorpio04: folds
Uncalled bet ($3) returned to tritratru
tritratru collected $11.76 from pot
*** SUMMARY ***
Total pot $12 | Rake $0.24
Board [Ad 3h Ts]
Seat 4: tritratru (button) (small blind) collected ($11.76)
Seat 6: scorpio04 (big blind) folded on the Flop


PokerStars Hand #144507835029:  Hold'em Limit ($3/$6 USD) - 2015/11/28 10:08:44 ET
Table 'Philomela' 6-max Seat #4 is the button
Seat 4: tritratru ($304.03 in chips)
Seat 6: scorpio04 ($118.30 in chips)
tritratru: posts small blind $1
scorpio04: posts big blind $3
*** HOLE CARDS ***
tritratru: folds
Uncalled bet ($2) returned to scorpio04
scorpio04 collected $2 from pot
scorpio04: doesn't show hand
*** SUMMARY ***
Total pot $2 | Rake $0
Seat 4: tritratru (button) (small blind) folded before Flop
Seat 6: scorpio04 (big blind) collected ($2)


PokerStars Hand #144507838606:  Hold'em Limit ($3/$6 USD) - 2015/11/28 10:08:49 ET
Table 'Philomela' 6-max Seat #6 is the button
Seat 4: tritratru ($303.03 in chips)
Seat 6: scorpio04 ($119.30 in chips)
scorpio04: posts small blind $1
tritratru: posts big blind $3
*** HOLE CARDS ***
scorpio04: raises $3 to $6
tritratru: calls $3
*** FLOP *** [6h Kd Ad]
tritratru: checks
scorpio04: bets $3
tritratru: folds
Uncalled bet ($3) returned to scorpio04
NOMOS1984 joins the table at seat #5
scorpio04 collected $11.76 from pot
scorpio04: doesn't show hand
*** SUMMARY ***
Total pot $12 | Rake $0.24
Board [6h Kd Ad]
Seat 4: tritratru (big blind) folded on the Flop
Seat 6: scorpio04 (button) (small blind) collected ($11.76)


PokerStars Hand #144507936752:  Hold'em Limit ($3/$6 USD) - 2015/11/28 10:11:01 ET
Table 'Philomela' 6-max Seat #4 is the button
Seat 4: tritratru ($339.33 in chips)
Seat 6: scorpio04 ($103.06 in chips)
tritratru: posts small blind $1
scorpio04: posts big blind $3
*** HOLE CARDS ***
tritratru: raises $3 to $6
Mariachi joins the table at seat #5
scorpio04: raises $3 to $9
tritratru: calls $3
*** FLOP *** [9d 5s 2h]
scorpio04: bets $3
tritratru: calls $3
*** TURN *** [9d 5s 2h] [Qs]
Airbag999 joins the table at seat #1
scorpio04: bets $6
tritratru: raises $6 to $12
scorpio04: calls $6
*** RIVER *** [9d 5s 2h Qs] [Ad]
scorpio04: checks
tritratru: bets $6
scorpio04: calls $6
*** SHOW DOWN ***
tritratru: shows [9h 9s] (three of a kind, Nines)
scorpio04: mucks hand
tritratru collected $59.50 from pot
*** SUMMARY ***
Total pot $60 | Rake $0.50
Board [9d 5s 2h Qs Ad]
Seat 4: tritratru (button) (small blind) showed [9h 9s] and won ($59.50) with three of a kind, Nines
Seat 6: scorpio04 (big blind) mucked


PokerStars Hand #144517102439:  Hold'em Limit ($3/$6 USD) - 2015/11/28 13:25:20 ET
Table 'Philomela' 6-max Seat #4 is the button
Seat 2: dinkin91 ($57.05 in chips)
Seat 4: marhae ($160.34 in chips)
marhae: posts small blind $1
dinkin91: posts big blind $3
*** HOLE CARDS ***
marhae: calls $2
dinkin91: checks
*** FLOP *** [9c 2c 9s]
vestimokrec joins the table at seat #5
dinkin91: checks
marhae: checks
*** TURN *** [9c 2c 9s] [6d]
dinkin91: checks
marhae: checks
*** RIVER *** [9c 2c 9s 6d] [Qs]
dinkin91: bets $6
marhae: folds
Uncalled bet ($6) returned to dinkin91
dinkin91 collected $5.88 from pot
dinkin91: doesn't show hand
*** SUMMARY ***
Total pot $6 | Rake $0.12
Board [9c 2c 9s 6d Qs]
Seat 2: dinkin91 (big blind) collected ($5.88)
Seat 4: marhae (button) (small blind) folded on the River


PokerStars Hand #144517125383:  Hold'em Limit ($3/$6 USD) - 2015/11/28 13:25:47 ET
Table 'Philomela' 6-max Seat #2 is the button
Seat 2: dinkin91 ($59.93 in chips)
Seat 5: vestimokrec ($120 in chips)
dinkin91: posts small blind $1
vestimokrec: posts big blind $3
*** HOLE CARDS ***
dinkin91: calls $2
vestimokrec: checks
*** FLOP *** [5h Ts 2d]
vestimokrec: checks
dinkin91: checks
*** TURN *** [5h Ts 2d] [Jh]
vestimokrec: checks
dinkin91: checks
*** RIVER *** [5h Ts 2d Jh] [8h]
vestimokrec: bets $6
dinkin91: folds
Uncalled bet ($6) returned to vestimokrec
vestimokrec collected $5.88 from pot
vestimokrec: doesn't show hand
*** SUMMARY ***
Total pot $6 | Rake $0.12
Board [5h Ts 2d Jh 8h]
Seat 2: dinkin91 (button) (small blind) folded on the River
Seat 5: vestimokrec (big blind) collected ($5.88)


PokerStars Hand #144517150734:  Hold'em Limit ($3/$6 USD) - 2015/11/28 13:26:16 ET
Table 'Philomela' 6-max Seat #5 is the button
Seat 2: dinkin91 ($56.93 in chips)
Seat 5: vestimokrec ($122.88 in chips)
vestimokrec: posts small blind $1
dinkin91: posts big blind $3
*** HOLE CARDS ***
vestimokrec: raises $3 to $6
dinkin91: folds
Uncalled bet ($3) returned to vestimokrec
vestimokrec collected $6 from pot
vestimokrec: doesn't show hand
*** SUMMARY ***
Total pot $6 | Rake $0
Seat 2: dinkin91 (big blind) folded before Flop
Seat 5: vestimokrec (button) (small blind) collected ($6)


PokerStars Hand #144517155446:  Hold'em Limit ($3/$6 USD) - 2015/11/28 13:26:21 ET
Table 'Philomela' 6-max Seat #2 is the button
Seat 2: dinkin91 ($53.93 in chips)
Seat 5: vestimokrec ($125.88 in chips)
dinkin91: posts small blind $1
vestimokrec: posts big blind $3
*** HOLE CARDS ***
dinkin91: raises $3 to $6
vestimokrec: calls $3
*** FLOP *** [Js Ad Jc]
vestimokrec: checks
dinkin91: bets $3
vestimokrec: calls $3
*** TURN *** [Js Ad Jc] [9c]
vestimokrec: checks
dinkin91: bets $6
vestimokrec: calls $6
*** RIVER *** [Js Ad Jc 9c] [Td]
vestimokrec: checks
dinkin91: bets $6
vestimokrec: folds
Uncalled bet ($6) returned to dinkin91
dinkin91 collected $29.50 from pot
dinkin91: doesn't show hand
*** SUMMARY ***
Total pot $30 | Rake $0.50
Board [Js Ad Jc 9c Td]
Seat 2: dinkin91 (button) (small blind) collected ($29.50)
Seat 5: vestimokrec (big blind) folded on the River


PokerStars Hand #144517554604:  Hold'em Limit ($3/$6 USD) - 2015/11/28 13:34:03 ET
Table 'Philomela' 6-max Seat #3 is the button
Seat 3: dinkin91 ($68.43 in chips)
Seat 4: Karpik09 ($90 in chips)
dinkin91: posts small blind $1
vestimokrec joins the table at seat #5
Karpik09: posts big blind $3
*** HOLE CARDS ***
dinkin91: raises $3 to $6
Karpik09: raises $3 to $9
dinkin91: calls $3
*** FLOP *** [6c 4d 8d]
Karpik09: bets $3
dinkin91: calls $3
*** TURN *** [6c 4d 8d] [4s]
Karpik09: bets $6
dinkin91: folds
Uncalled bet ($6) returned to Karpik09
Karpik09 collected $23.52 from pot
Karpik09: doesn't show hand
*** SUMMARY ***
Total pot $24 | Rake $0.48
Board [6c 4d 8d 4s]
Seat 3: dinkin91 (button) (small blind) folded on the Turn
Seat 4: Karpik09 (big blind) collected ($23.52)


PokerStars Hand #144517725227:  Hold'em Limit ($3/$6 USD) - 2015/11/28 13:37:19 ET
Table 'Philomela' 6-max Seat #2 is the button
Seat 2: scorpio04 ($72 in chips)
Seat 6: oliwan ($241.63 in chips)
scorpio04: posts small blind $1
Karpik09: is sitting out
oliwan: posts big blind $3
*** HOLE CARDS ***
Karpik09 leaves the table
scorpio04: raises $3 to $6
oliwan: raises $3 to $9
scorpio04: calls $3
*** FLOP *** [Jc 2h Qh]
oliwan: bets $3
scorpio04: folds
Uncalled bet ($3) returned to oliwan
oliwan collected $17.64 from pot
*** SUMMARY ***
Total pot $18 | Rake $0.36
Board [Jc 2h Qh]
Seat 2: scorpio04 (button) (small blind) folded on the Flop
Seat 6: oliwan (big blind) collected ($17.64)


PokerStars Hand #144517706229:  Hold'em Limit ($3/$6 USD) - 2015/11/28 13:36:57 ET
Table 'Philomela' 6-max Seat #4 is the button
Seat 4: Karpik09 ($143.12 in chips)
Seat 6: oliwan ($234.99 in chips)
scorpio04 will be allowed to play after the button
Karpik09: posts small blind $1
oliwan: posts big blind $3
*** HOLE CARDS ***
Karpik09: folds
Uncalled bet ($2) returned to oliwan
oliwan said, "every hand"
oliwan collected $2 from pot
*** SUMMARY ***
Total pot $2 | Rake $0
Seat 4: Karpik09 (button) (small blind) folded before Flop
Seat 6: oliwan (big blind) collected ($2)


PokerStars Hand #144517737213:  Hold'em Limit ($3/$6 USD) - 2015/11/28 13:37:33 ET
Table 'Philomela' 6-max Seat #6 is the button
Seat 2: scorpio04 ($72 in chips)
Seat 6: oliwan ($250.27 in chips)
oliwan: posts small blind $1
scorpio04: posts big blind $3
*** HOLE CARDS ***
oliwan: folds
Uncalled bet ($2) returned to scorpio04
scorpio04 collected $2 from pot
scorpio04: doesn't show hand
*** SUMMARY ***
Total pot $2 | Rake $0
Seat 2: scorpio04 (big blind) collected ($2)
Seat 6: oliwan (button) (small blind) folded before Flop


PokerStars Hand #144517741582:  Hold'em Limit ($3/$6 USD) - 2015/11/28 13:37:38 ET
Table 'Philomela' 6-max Seat #2 is the button
Seat 2: scorpio04 ($73 in chips)
Seat 6: oliwan ($249.27 in chips)
scorpio04: posts small blind $1
oliwan: posts big blind $3
*** HOLE CARDS ***
scorpio04: raises $3 to $6
oliwan: folds
Uncalled bet ($3) returned to scorpio04
scorpio04 collected $6 from pot
scorpio04: doesn't show hand
*** SUMMARY ***
Total pot $6 | Rake $0
Seat 2: scorpio04 (button) (small blind) collected ($6)
Seat 6: oliwan (big blind) folded before Flop


PokerStars Hand #144517749869:  Hold'em Limit ($3/$6 USD) - 2015/11/28 13:37:47 ET
Table 'Philomela' 6-max Seat #6 is the button
Seat 2: scorpio04 ($76 in chips)
Seat 6: oliwan ($246.27 in chips)
oliwan: posts small blind $1
scorpio04: posts big blind $3
*** HOLE CARDS ***
oliwan: raises $3 to $6
scorpio04: calls $3
*** FLOP *** [Ad Qc 5h]
scorpio04: checks
oliwan: bets $3
scorpio04: folds
Uncalled bet ($3) returned to oliwan
oliwan collected $11.76 from pot
*** SUMMARY ***
Total pot $12 | Rake $0.24
Board [Ad Qc 5h]
Seat 2: scorpio04 (big blind) folded on the Flop
Seat 6: oliwan (button) (small blind) collected ($11.76)


PokerStars Hand #144517758207:  Hold'em Limit ($3/$6 USD) - 2015/11/28 13:37:57 ET
Table 'Philomela' 6-max Seat #2 is the button
Seat 2: scorpio04 ($72 in chips)
Seat 6: oliwan ($252.03 in chips)
scorpio04: posts small blind $1
oliwan: posts big blind $3
*** HOLE CARDS ***
scorpio04: raises $3 to $6
oliwan: folds
Uncalled bet ($3) returned to scorpio04
scorpio04 collected $6 from pot
scorpio04: doesn't show hand
*** SUMMARY ***
Total pot $6 | Rake $0
Seat 2: scorpio04 (button) (small blind) collected ($6)
Seat 6: oliwan (big blind) folded before Flop


PokerStars Hand #144517767442:  Hold'em Limit ($3/$6 USD) - 2015/11/28 13:38:08 ET
Table 'Philomela' 6-max Seat #2 is the button
Seat 2: scorpio04 ($76 in chips)
Seat 6: oliwan ($248.03 in chips)
scorpio04: posts small blind $1
oliwan: posts big blind $3
*** HOLE CARDS ***
scorpio04: folds
Uncalled bet ($2) returned to oliwan
vestimokrec joins the table at seat #1
oliwan collected $2 from pot
*** SUMMARY ***
Total pot $2 | Rake $0
Seat 2: scorpio04 (button) (small blind) folded before Flop
Seat 6: oliwan (big blind) collected ($2)


PokerStars Hand #144517762885:  Hold'em Limit ($3/$6 USD) - 2015/11/28 13:38:03 ET
Table 'Philomela' 6-max Seat #6 is the button
Seat 2: scorpio04 ($75 in chips)
Seat 6: oliwan ($249.03 in chips)
oliwan: posts small blind $1
scorpio04: posts big blind $3
*** HOLE CARDS ***
oliwan: folds
Uncalled bet ($2) returned to scorpio04
scorpio04 collected $2 from pot
scorpio04: doesn't show hand
*** SUMMARY ***
Total pot $2 | Rake $0
Seat 2: scorpio04 (big blind) collected ($2)
Seat 6: oliwan (button) (small blind) folded before Flop


PokerStars Hand #144520359643:  Hold'em Limit ($3/$6 USD) - 2015/11/28 14:29:37 ET
Table 'Philomela' 6-max Seat #3 is the button
Seat 2: scorpio04 ($130.20 in chips)
Seat 3: marhae ($207.70 in chips)
marhae: posts small blind $1
ChOfW: is sitting out
Chessnok: is sitting out
vestimokrec: is sitting out
scorpio04: posts big blind $3
*** HOLE CARDS ***
marhae: folds
Uncalled bet ($2) returned to scorpio04
scorpio04 collected $2 from pot
ChOfW leaves the table
scorpio04: doesn't show hand
*** SUMMARY ***
Total pot $2 | Rake $0
Seat 2: scorpio04 (big blind) collected ($2)
Seat 3: marhae (button) (small blind) folded before Flop


