PokerStars Hand #176091264670:  Hold'em Limit ($3/$6 USD) - 2017/09/25 0:34:19 ET
Table 'Philomela' 6-max Seat #6 is the button
Seat 1: happyshine88 ($120 in chips)
Seat 6: belik555 ($90 in chips)
belik555: posts small blind $1
happyshine88: posts big blind $3
*** HOLE CARDS ***
belik555: raises $3 to $6
happyshine88: calls $3
*** FLOP *** [Ad 2h 5s]
happyshine88: checks
belik555: bets $3
happyshine88: calls $3
*** TURN *** [Ad 2h 5s] [Qc]
happyshine88: checks
belik555: checks
*** RIVER *** [Ad 2h 5s Qc] [Td]
happyshine88: bets $6
belik555: folds
Uncalled bet ($6) returned to happyshine88
happyshine88 collected $17.64 from pot
happyshine88: doesn't show hand
*** SUMMARY ***
Total pot $18 | Rake $0.36
Board [Ad 2h 5s Qc Td]
Seat 1: happyshine88 (big blind) collected ($17.64)
Seat 6: belik555 (button) (small blind) folded on the River


PokerStars Hand #176091272313:  Hold'em Limit ($3/$6 USD) - 2017/09/25 0:34:55 ET
Table 'Philomela' 6-max Seat #1 is the button
Seat 1: happyshine88 ($128.64 in chips)
Seat 6: belik555 ($90 in chips)
happyshine88: posts small blind $1
belik555: posts big blind $3
*** HOLE CARDS ***
happyshine88: folds
Uncalled bet ($2) returned to belik555
belik555 collected $2 from pot
belik555: doesn't show hand
*** SUMMARY ***
Total pot $2 | Rake $0
Seat 1: happyshine88 (button) (small blind) folded before Flop
Seat 6: belik555 (big blind) collected ($2)


PokerStars Hand #176091275497:  Hold'em Limit ($3/$6 USD) - 2017/09/25 0:35:10 ET
Table 'Philomela' 6-max Seat #1 is the button
Seat 1: happyshine88 ($124.64 in chips)
Seat 6: belik555 ($94 in chips)
happyshine88: posts small blind $1
belik555: posts big blind $3
*** HOLE CARDS ***
happyshine88: raises $3 to $6
belik555: calls $3
*** FLOP *** [9s Ad 9c]
belik555: checks
happyshine88: bets $3
belik555: calls $3
*** TURN *** [9s Ad 9c] [Jh]
belik555: checks
happyshine88: bets $6
belik555: calls $6
*** RIVER *** [9s Ad 9c Jh] [4c]
belik555: checks
happyshine88: checks
*** SHOW DOWN ***
belik555: shows [2c As] (two pair, Aces and Nines)
happyshine88: mucks hand
belik555 collected $29.50 from pot
*** SUMMARY ***
Total pot $30 | Rake $0.50
Board [9s Ad 9c Jh 4c]
Seat 1: happyshine88 (button) (small blind) mucked
Seat 6: belik555 (big blind) showed [2c As] and won ($29.50) with two pair, Aces and Nines


PokerStars Hand #176091273762:  Hold'em Limit ($3/$6 USD) - 2017/09/25 0:35:02 ET
Table 'Philomela' 6-max Seat #6 is the button
Seat 1: happyshine88 ($127.64 in chips)
Seat 6: belik555 ($91 in chips)
belik555: posts small blind $1
happyshine88: posts big blind $3
*** HOLE CARDS ***
belik555: raises $3 to $6
happyshine88: folds
Uncalled bet ($3) returned to belik555
belik555 collected $6 from pot
belik555: doesn't show hand
*** SUMMARY ***
Total pot $6 | Rake $0
Seat 1: happyshine88 (big blind) folded before Flop
Seat 6: belik555 (button) (small blind) collected ($6)


PokerStars Hand #176091288617:  Hold'em Limit ($3/$6 USD) - 2017/09/25 0:36:13 ET
Table 'Philomela' 6-max Seat #1 is the button
Seat 1: happyshine88 ($106.64 in chips)
Seat 6: belik555 ($111.50 in chips)
happyshine88: posts small blind $1
belik555: posts big blind $3
*** HOLE CARDS ***
happyshine88: raises $3 to $6
belik555: calls $3
*** FLOP *** [4c 9h 8d]
belik555: checks
happyshine88: checks
*** TURN *** [4c 9h 8d] [7h]
belik555: bets $6
happyshine88: calls $6
*** RIVER *** [4c 9h 8d 7h] [Qh]
belik555: bets $6
happyshine88: calls $6
*** SHOW DOWN ***
belik555: shows [7s Js] (a pair of Sevens)
happyshine88: mucks hand
belik555 collected $35.50 from pot
*** SUMMARY ***
Total pot $36 | Rake $0.50
Board [4c 9h 8d 7h Qh]
Seat 1: happyshine88 (button) (small blind) mucked
Seat 6: belik555 (big blind) showed [7s Js] and won ($35.50) with a pair of Sevens


PokerStars Hand #176091287012:  Hold'em Limit ($3/$6 USD) - 2017/09/25 0:36:05 ET
Table 'Philomela' 6-max Seat #6 is the button
Seat 1: happyshine88 ($109.64 in chips)
Seat 6: belik555 ($108.50 in chips)
belik555: posts small blind $1
happyshine88: posts big blind $3
*** HOLE CARDS ***
belik555: raises $3 to $6
happyshine88: folds
Uncalled bet ($3) returned to belik555
belik555 collected $6 from pot
belik555: doesn't show hand
*** SUMMARY ***
Total pot $6 | Rake $0
Seat 1: happyshine88 (big blind) folded before Flop
Seat 6: belik555 (button) (small blind) collected ($6)


PokerStars Hand #176091305224:  Hold'em Limit ($3/$6 USD) - 2017/09/25 0:37:31 ET
Table 'Philomela' 6-max Seat #1 is the button
Seat 1: happyshine88 ($97.28 in chips)
Seat 6: belik555 ($120 in chips)
happyshine88: posts small blind $1
belik555: posts big blind $3
*** HOLE CARDS ***
happyshine88: folds
Uncalled bet ($2) returned to belik555
belik555 collected $2 from pot
belik555: doesn't show hand
*** SUMMARY ***
Total pot $2 | Rake $0
Seat 1: happyshine88 (button) (small blind) folded before Flop
Seat 6: belik555 (big blind) collected ($2)


PokerStars Hand #176091297845:  Hold'em Limit ($3/$6 USD) - 2017/09/25 0:36:57 ET
Table 'Philomela' 6-max Seat #6 is the button
Seat 1: happyshine88 ($88.64 in chips)
Seat 6: belik555 ($129 in chips)
belik555: posts small blind $1
happyshine88: posts big blind $3
*** HOLE CARDS ***
belik555: raises $3 to $6
happyshine88: calls $3
*** FLOP *** [Ks 5c 5h]
happyshine88: checks
belik555: bets $3
happyshine88: calls $3
*** TURN *** [Ks 5c 5h] [6s]
happyshine88: checks
belik555: checks
*** RIVER *** [Ks 5c 5h 6s] [6c]
happyshine88: bets $6
belik555: folds
Uncalled bet ($6) returned to happyshine88
happyshine88 collected $17.64 from pot
happyshine88: doesn't show hand
*** SUMMARY ***
Total pot $18 | Rake $0.36
Board [Ks 5c 5h 6s 6c]
Seat 1: happyshine88 (big blind) collected ($17.64)
Seat 6: belik555 (button) (small blind) folded on the River


PokerStars Hand #176091306281:  Hold'em Limit ($3/$6 USD) - 2017/09/25 0:37:37 ET
Table 'Philomela' 6-max Seat #6 is the button
Seat 1: happyshine88 ($96.28 in chips)
Seat 6: belik555 ($121 in chips)
belik555: posts small blind $1
happyshine88: posts big blind $3
*** HOLE CARDS ***
belik555: folds
Uncalled bet ($2) returned to happyshine88
happyshine88 collected $2 from pot
happyshine88: doesn't show hand
*** SUMMARY ***
Total pot $2 | Rake $0
Seat 1: happyshine88 (big blind) collected ($2)
Seat 6: belik555 (button) (small blind) folded before Flop


PokerStars Hand #176091316125:  Hold'em Limit ($3/$6 USD) - 2017/09/25 0:38:24 ET
Table 'Philomela' 6-max Seat #6 is the button
Seat 1: happyshine88 ($73.28 in chips)
Seat 6: belik555 ($143.50 in chips)
belik555: posts small blind $1
happyshine88: posts big blind $3
*** HOLE CARDS ***
belik555: raises $3 to $6
happyshine88: folds
Uncalled bet ($3) returned to belik555
belik555 collected $6 from pot
belik555: doesn't show hand
*** SUMMARY ***
Total pot $6 | Rake $0
Seat 1: happyshine88 (big blind) folded before Flop
Seat 6: belik555 (button) (small blind) collected ($6)


PokerStars Hand #176091307544:  Hold'em Limit ($3/$6 USD) - 2017/09/25 0:37:43 ET
Table 'Philomela' 6-max Seat #1 is the button
Seat 1: happyshine88 ($97.28 in chips)
Seat 6: belik555 ($120 in chips)
happyshine88: posts small blind $1
belik555: posts big blind $3
*** HOLE CARDS ***
happyshine88: raises $3 to $6
muzixibei joins the table at seat #3
belik555: calls $3
*** FLOP *** [Qd 7h Kh]
belik555: checks
happyshine88: bets $3
belik555: raises $3 to $6
happyshine88: calls $3
*** TURN *** [Qd 7h Kh] [2s]
belik555: bets $6
happyshine88: calls $6
*** RIVER *** [Qd 7h Kh 2s] [5h]
belik555: bets $6
happyshine88: calls $6
*** SHOW DOWN ***
belik555: shows [5d Kd] (two pair, Kings and Fives)
happyshine88: mucks hand
belik555 collected $47.50 from pot
*** SUMMARY ***
Total pot $48 | Rake $0.50
Board [Qd 7h Kh 2s 5h]
Seat 1: happyshine88 (button) (small blind) mucked
Seat 6: belik555 (big blind) showed [5d Kd] and won ($47.50) with two pair, Kings and Fives


PokerStars Hand #176091399721:  Hold'em Limit ($3/$6 USD) - 2017/09/25 0:45:07 ET
Table 'Philomela' 6-max Seat #5 is the button
Seat 1: happyshine88 ($46.88 in chips)
Seat 5: fire852181 ($251.41 in chips)
fire852181: posts small blind $1
happyshine88: posts big blind $3
*** HOLE CARDS ***
fire852181: calls $2
happyshine88: raises $3 to $6
fire852181: calls $3
*** FLOP *** [8c 7s 5c]
happyshine88: checks
fire852181: bets $3
happyshine88: calls $3
*** TURN *** [8c 7s 5c] [Th]
happyshine88: checks
fire852181: bets $6
happyshine88: calls $6
*** RIVER *** [8c 7s 5c Th] [3d]
happyshine88: checks
fire852181: bets $6
happyshine88: calls $6
*** SHOW DOWN ***
fire852181: shows [Tc 3c] (two pair, Tens and Threes)
happyshine88: mucks hand
fire852181 collected $41.50 from pot
*** SUMMARY ***
Total pot $42 | Rake $0.50
Board [8c 7s 5c Th 3d]
Seat 1: happyshine88 (big blind) mucked
Seat 5: fire852181 (button) (small blind) showed [Tc 3c] and won ($41.50) with two pair, Tens and Threes


