PokerStars Hand #145878871931:  Hold'em Limit ($3/$6 USD) - 2015/12/25 0:40:20 ET
Table 'Philosophia' 2-max Seat #2 is the button
Seat 1: MARIBORO8 ($54 in chips)
Seat 2: VolkovDmitri ($120 in chips)
VolkovDmitri: posts small blind $1
MARIBORO8: posts big blind $3
*** HOLE CARDS ***
VolkovDmitri: raises $3 to $6
MARIBORO8: raises $3 to $9
VolkovDmitri: calls $3
*** FLOP *** [Qd 8c Qc]
MARIBORO8: bets $3
VolkovDmitri: folds
Uncalled bet ($3) returned to MARIBORO8
MARIBORO8 collected $17.64 from pot
MARIBORO8: doesn't show hand
*** SUMMARY ***
Total pot $18 | Rake $0.36
Board [Qd 8c Qc]
Seat 1: MARIBORO8 (big blind) collected ($17.64)
Seat 2: VolkovDmitri (button) (small blind) folded on the Flop


PokerStars Hand #145878889148:  Hold'em Limit ($3/$6 USD) - 2015/12/25 0:41:25 ET
Table 'Philosophia' 2-max Seat #1 is the button
Seat 1: MARIBORO8 ($52.64 in chips)
Seat 2: VolkovDmitri ($129.64 in chips)
MARIBORO8: posts small blind $1
VolkovDmitri: posts big blind $3
*** HOLE CARDS ***
MARIBORO8: folds
Uncalled bet ($2) returned to VolkovDmitri
VolkovDmitri collected $2 from pot
VolkovDmitri: doesn't show hand
*** SUMMARY ***
Total pot $2 | Rake $0
Seat 1: MARIBORO8 (button) (small blind) folded before Flop
Seat 2: VolkovDmitri (big blind) collected ($2)


PokerStars Hand #145878878981:  Hold'em Limit ($3/$6 USD) - 2015/12/25 0:40:47 ET
Table 'Philosophia' 2-max Seat #2 is the button
Seat 1: MARIBORO8 ($61.64 in chips)
Seat 2: VolkovDmitri ($121 in chips)
VolkovDmitri: posts small blind $1
MARIBORO8: posts big blind $3
*** HOLE CARDS ***
VolkovDmitri: raises $3 to $6
MARIBORO8: calls $3
*** FLOP *** [Qc 7c 4h]
MARIBORO8: bets $3
VolkovDmitri: calls $3
*** TURN *** [Qc 7c 4h] [4d]
MARIBORO8: checks
VolkovDmitri: bets $6
MARIBORO8: folds
Uncalled bet ($6) returned to VolkovDmitri
VolkovDmitri collected $17.64 from pot
VolkovDmitri: doesn't show hand
*** SUMMARY ***
Total pot $18 | Rake $0.36
Board [Qc 7c 4h 4d]
Seat 1: MARIBORO8 (big blind) folded on the Turn
Seat 2: VolkovDmitri (button) (small blind) collected ($17.64)


PokerStars Hand #145878890883:  Hold'em Limit ($3/$6 USD) - 2015/12/25 0:41:32 ET
Table 'Philosophia' 2-max Seat #2 is the button
Seat 1: MARIBORO8 ($51.64 in chips)
Seat 2: VolkovDmitri ($130.64 in chips)
VolkovDmitri: posts small blind $1
MARIBORO8: posts big blind $3
*** HOLE CARDS ***
VolkovDmitri: raises $3 to $6
MARIBORO8: calls $3
*** FLOP *** [3s Jd 9h]
MARIBORO8: checks
VolkovDmitri: bets $3
MARIBORO8: raises $3 to $6
VolkovDmitri: calls $3
*** TURN *** [3s Jd 9h] [3c]
MARIBORO8: bets $6
VolkovDmitri: calls $6
*** RIVER *** [3s Jd 9h 3c] [Ah]
MARIBORO8: bets $6
VolkovDmitri: calls $6
*** SHOW DOWN ***
MARIBORO8: shows [3h Ks] (three of a kind, Threes)
VolkovDmitri: mucks hand
MARIBORO8 collected $47.50 from pot
*** SUMMARY ***
Total pot $48 | Rake $0.50
Board [3s Jd 9h 3c Ah]
Seat 1: MARIBORO8 (big blind) showed [3h Ks] and won ($47.50) with three of a kind, Threes
Seat 2: VolkovDmitri (button) (small blind) mucked


PokerStars Hand #145878914160:  Hold'em Limit ($3/$6 USD) - 2015/12/25 0:42:58 ET
Table 'Philosophia' 2-max Seat #2 is the button
Seat 1: MARIBORO8 ($89.64 in chips)
Seat 2: VolkovDmitri ($120 in chips)
VolkovDmitri: posts small blind $1
MARIBORO8: posts big blind $3
*** HOLE CARDS ***
VolkovDmitri: raises $3 to $6
MARIBORO8: calls $3
*** FLOP *** [2h 5s 5h]
MARIBORO8: checks
VolkovDmitri: bets $3
MARIBORO8: calls $3
*** TURN *** [2h 5s 5h] [8s]
MARIBORO8: checks
VolkovDmitri: checks
*** RIVER *** [2h 5s 5h 8s] [8c]
MARIBORO8: checks
VolkovDmitri: checks
*** SHOW DOWN ***
MARIBORO8: shows [Qs 4d] (two pair, Eights and Fives)
VolkovDmitri: shows [Kh 7d] (two pair, Eights and Fives - King kicker)
VolkovDmitri collected $17.64 from pot
*** SUMMARY ***
Total pot $18 | Rake $0.36
Board [2h 5s 5h 8s 8c]
Seat 1: MARIBORO8 (big blind) showed [Qs 4d] and lost with two pair, Eights and Fives
Seat 2: VolkovDmitri (button) (small blind) showed [Kh 7d] and won ($17.64) with two pair, Eights and Fives


PokerStars Hand #145878931541:  Hold'em Limit ($3/$6 USD) - 2015/12/25 0:44:01 ET
Table 'Philosophia' 2-max Seat #1 is the button
Seat 1: MARIBORO8 ($80.64 in chips)
Seat 2: VolkovDmitri ($128.64 in chips)
MARIBORO8: posts small blind $1
VolkovDmitri: posts big blind $3
*** HOLE CARDS ***
MARIBORO8: raises $3 to $6
VolkovDmitri: calls $3
*** FLOP *** [9c Jh Ac]
VolkovDmitri: checks
MARIBORO8: bets $3
VolkovDmitri: folds
Uncalled bet ($3) returned to MARIBORO8
MARIBORO8 collected $11.76 from pot
MARIBORO8: doesn't show hand
*** SUMMARY ***
Total pot $12 | Rake $0.24
Board [9c Jh Ac]
Seat 1: MARIBORO8 (button) (small blind) collected ($11.76)
Seat 2: VolkovDmitri (big blind) folded on the Flop


PokerStars Hand #145878939168:  Hold'em Limit ($3/$6 USD) - 2015/12/25 0:44:29 ET
Table 'Philosophia' 2-max Seat #2 is the button
Seat 1: MARIBORO8 ($86.40 in chips)
Seat 2: VolkovDmitri ($122.64 in chips)
VolkovDmitri: posts small blind $1
MARIBORO8: posts big blind $3
*** HOLE CARDS ***
VolkovDmitri: raises $3 to $6
MARIBORO8: calls $3
*** FLOP *** [2s 6h Jh]
MARIBORO8: checks
VolkovDmitri: bets $3
MARIBORO8: folds
Uncalled bet ($3) returned to VolkovDmitri
VolkovDmitri collected $11.76 from pot
VolkovDmitri: doesn't show hand
*** SUMMARY ***
Total pot $12 | Rake $0.24
Board [2s 6h Jh]
Seat 1: MARIBORO8 (big blind) folded on the Flop
Seat 2: VolkovDmitri (button) (small blind) collected ($11.76)


PokerStars Hand #145878948457:  Hold'em Limit ($3/$6 USD) - 2015/12/25 0:45:04 ET
Table 'Philosophia' 2-max Seat #1 is the button
Seat 1: MARIBORO8 ($80.40 in chips)
Seat 2: VolkovDmitri ($128.40 in chips)
MARIBORO8: posts small blind $1
VolkovDmitri: posts big blind $3
*** HOLE CARDS ***
MARIBORO8: raises $3 to $6
VolkovDmitri: calls $3
*** FLOP *** [Kd 8h 2s]
VolkovDmitri: checks
MARIBORO8: checks
*** TURN *** [Kd 8h 2s] [5c]
VolkovDmitri: checks
MARIBORO8: checks
*** RIVER *** [Kd 8h 2s 5c] [Tc]
VolkovDmitri: checks
MARIBORO8: checks
*** SHOW DOWN ***
VolkovDmitri: shows [9c Qh] (high card King)
MARIBORO8: shows [4c 5h] (a pair of Fives)
MARIBORO8 collected $11.76 from pot
*** SUMMARY ***
Total pot $12 | Rake $0.24
Board [Kd 8h 2s 5c Tc]
Seat 1: MARIBORO8 (button) (small blind) showed [4c 5h] and won ($11.76) with a pair of Fives
Seat 2: VolkovDmitri (big blind) showed [9c Qh] and lost with high card King


PokerStars Hand #145878958613:  Hold'em Limit ($3/$6 USD) - 2015/12/25 0:45:41 ET
Table 'Philosophia' 2-max Seat #2 is the button
Seat 1: MARIBORO8 ($86.16 in chips)
Seat 2: VolkovDmitri ($122.40 in chips)
VolkovDmitri: posts small blind $1
MARIBORO8: posts big blind $3
*** HOLE CARDS ***
VolkovDmitri: raises $3 to $6
MARIBORO8: calls $3
*** FLOP *** [7s Ac 8d]
MARIBORO8: checks
VolkovDmitri: bets $3
MARIBORO8: calls $3
*** TURN *** [7s Ac 8d] [8s]
MARIBORO8: checks
VolkovDmitri: checks
*** RIVER *** [7s Ac 8d 8s] [2c]
MARIBORO8: checks
VolkovDmitri: checks
*** SHOW DOWN ***
MARIBORO8: shows [Ks 9h] (a pair of Eights)
VolkovDmitri: mucks hand
MARIBORO8 collected $17.64 from pot
*** SUMMARY ***
Total pot $18 | Rake $0.36
Board [7s Ac 8d 8s 2c]
Seat 1: MARIBORO8 (big blind) showed [Ks 9h] and won ($17.64) with a pair of Eights
Seat 2: VolkovDmitri (button) (small blind) mucked


PokerStars Hand #145878982338:  Hold'em Limit ($3/$6 USD) - 2015/12/25 0:47:09 ET
Table 'Philosophia' 2-max Seat #2 is the button
Seat 1: MARIBORO8 ($85.80 in chips)
Seat 2: VolkovDmitri ($128.64 in chips)
VolkovDmitri: posts small blind $1
MARIBORO8: posts big blind $3
*** HOLE CARDS ***
VolkovDmitri: raises $3 to $6
MARIBORO8: calls $3
*** FLOP *** [Ts Tc 7c]
MARIBORO8: checks
VolkovDmitri: bets $3
MARIBORO8: calls $3
*** TURN *** [Ts Tc 7c] [5s]
MARIBORO8: checks
VolkovDmitri: checks
*** RIVER *** [Ts Tc 7c 5s] [2h]
MARIBORO8: bets $6
VolkovDmitri: calls $6
*** SHOW DOWN ***
MARIBORO8: shows [Ad 5c] (two pair, Tens and Fives)
VolkovDmitri: mucks hand
MARIBORO8 collected $29.50 from pot
*** SUMMARY ***
Total pot $30 | Rake $0.50
Board [Ts Tc 7c 5s 2h]
Seat 1: MARIBORO8 (big blind) showed [Ad 5c] and won ($29.50) with two pair, Tens and Fives
Seat 2: VolkovDmitri (button) (small blind) mucked


PokerStars Hand #145878970962:  Hold'em Limit ($3/$6 USD) - 2015/12/25 0:46:27 ET
Table 'Philosophia' 2-max Seat #1 is the button
Seat 1: MARIBORO8 ($94.80 in chips)
Seat 2: VolkovDmitri ($120 in chips)
MARIBORO8: posts small blind $1
VolkovDmitri: posts big blind $3
*** HOLE CARDS ***
MARIBORO8: raises $3 to $6
VolkovDmitri: calls $3
*** FLOP *** [5d 3s 9c]
VolkovDmitri: checks
MARIBORO8: bets $3
VolkovDmitri: calls $3
*** TURN *** [5d 3s 9c] [Jh]
VolkovDmitri: checks
MARIBORO8: checks
*** RIVER *** [5d 3s 9c Jh] [7d]
VolkovDmitri: checks
MARIBORO8: checks
*** SHOW DOWN ***
VolkovDmitri: shows [Qh 3d] (a pair of Threes)
MARIBORO8: mucks hand
VolkovDmitri collected $17.64 from pot
*** SUMMARY ***
Total pot $18 | Rake $0.36
Board [5d 3s 9c Jh 7d]
Seat 1: MARIBORO8 (button) (small blind) mucked
Seat 2: VolkovDmitri (big blind) showed [Qh 3d] and won ($17.64) with a pair of Threes


PokerStars Hand #145878991747:  Hold'em Limit ($3/$6 USD) - 2015/12/25 0:47:42 ET
Table 'Philosophia' 2-max Seat #1 is the button
Seat 1: MARIBORO8 ($100.30 in chips)
Seat 2: VolkovDmitri ($120 in chips)
MARIBORO8: posts small blind $1
VolkovDmitri: posts big blind $3
*** HOLE CARDS ***
MARIBORO8: raises $3 to $6
VolkovDmitri: calls $3
*** FLOP *** [Qd 3h 2h]
VolkovDmitri: checks
MARIBORO8: bets $3
VolkovDmitri: raises $3 to $6
MARIBORO8: calls $3
*** TURN *** [Qd 3h 2h] [8s]
VolkovDmitri: bets $6
MARIBORO8: calls $6
*** RIVER *** [Qd 3h 2h 8s] [3c]
VolkovDmitri: bets $6
MARIBORO8: folds
Uncalled bet ($6) returned to VolkovDmitri
VolkovDmitri collected $35.50 from pot
VolkovDmitri: doesn't show hand
*** SUMMARY ***
Total pot $36 | Rake $0.50
Board [Qd 3h 2h 8s 3c]
Seat 1: MARIBORO8 (button) (small blind) folded on the River
Seat 2: VolkovDmitri (big blind) collected ($35.50)


PokerStars Hand #145879020817:  Hold'em Limit ($3/$6 USD) - 2015/12/25 0:49:26 ET
Table 'Philosophia' 2-max Seat #1 is the button
Seat 1: MARIBORO8 ($58.30 in chips)
Seat 2: VolkovDmitri ($161 in chips)
MARIBORO8: posts small blind $1
VolkovDmitri: posts big blind $3
*** HOLE CARDS ***
MARIBORO8: folds
Uncalled bet ($2) returned to VolkovDmitri
VolkovDmitri collected $2 from pot
VolkovDmitri: doesn't show hand
*** SUMMARY ***
Total pot $2 | Rake $0
Seat 1: MARIBORO8 (button) (small blind) folded before Flop
Seat 2: VolkovDmitri (big blind) collected ($2)


PokerStars Hand #145879002472:  Hold'em Limit ($3/$6 USD) - 2015/12/25 0:48:21 ET
Table 'Philosophia' 2-max Seat #2 is the button
Seat 1: MARIBORO8 ($82.30 in chips)
Seat 2: VolkovDmitri ($137.50 in chips)
VolkovDmitri: posts small blind $1
MARIBORO8: posts big blind $3
*** HOLE CARDS ***
VolkovDmitri: raises $3 to $6
MARIBORO8: raises $3 to $9
VolkovDmitri: calls $3
*** FLOP *** [7c 6c 8d]
MARIBORO8: bets $3
VolkovDmitri: calls $3
*** TURN *** [7c 6c 8d] [8c]
MARIBORO8: bets $6
VolkovDmitri: calls $6
*** RIVER *** [7c 6c 8d 8c] [2c]
MARIBORO8: checks
VolkovDmitri: bets $6
MARIBORO8: calls $6
*** SHOW DOWN ***
VolkovDmitri: shows [7h Qc] (a flush, Queen high)
MARIBORO8: mucks hand
VolkovDmitri collected $47.50 from pot
*** SUMMARY ***
Total pot $48 | Rake $0.50
Board [7c 6c 8d 8c 2c]
Seat 1: MARIBORO8 (big blind) mucked
Seat 2: VolkovDmitri (button) (small blind) showed [7h Qc] and won ($47.50) with a flush, Queen high


PokerStars Hand #145879022206:  Hold'em Limit ($3/$6 USD) - 2015/12/25 0:49:32 ET
Table 'Philosophia' 2-max Seat #2 is the button
Seat 1: MARIBORO8 ($57.30 in chips)
Seat 2: VolkovDmitri ($162 in chips)
VolkovDmitri: posts small blind $1
MARIBORO8: posts big blind $3
*** HOLE CARDS ***
VolkovDmitri: raises $3 to $6
MARIBORO8: calls $3
*** FLOP *** [2c Th 3s]
MARIBORO8: checks
VolkovDmitri: bets $3
MARIBORO8: raises $3 to $6
VolkovDmitri: calls $3
*** TURN *** [2c Th 3s] [3d]
MARIBORO8: bets $6
VolkovDmitri: calls $6
*** RIVER *** [2c Th 3s 3d] [5s]
MARIBORO8: bets $6
VolkovDmitri: raises $6 to $12
MARIBORO8: raises $6 to $18
VolkovDmitri: calls $6
*** SHOW DOWN ***
MARIBORO8: shows [3h 7c] (three of a kind, Threes)
VolkovDmitri: mucks hand
MARIBORO8 collected $71.50 from pot
*** SUMMARY ***
Total pot $72 | Rake $0.50
Board [2c Th 3s 3d 5s]
Seat 1: MARIBORO8 (big blind) showed [3h 7c] and won ($71.50) with three of a kind, Threes
Seat 2: VolkovDmitri (button) (small blind) mucked


PokerStars Hand #145879043114:  Hold'em Limit ($3/$6 USD) - 2015/12/25 0:50:48 ET
Table 'Philosophia' 2-max Seat #2 is the button
Seat 1: MARIBORO8 ($80.80 in chips)
Seat 2: VolkovDmitri ($137.52 in chips)
VolkovDmitri: posts small blind $1
MARIBORO8: posts big blind $3
*** HOLE CARDS ***
VolkovDmitri: raises $3 to $6
MARIBORO8: raises $3 to $9
VolkovDmitri: calls $3
*** FLOP *** [5d 2c Jc]
MARIBORO8: bets $3
VolkovDmitri: folds
Uncalled bet ($3) returned to MARIBORO8
MARIBORO8 collected $17.64 from pot
MARIBORO8: doesn't show hand
*** SUMMARY ***
Total pot $18 | Rake $0.36
Board [5d 2c Jc]
Seat 1: MARIBORO8 (big blind) collected ($17.64)
Seat 2: VolkovDmitri (button) (small blind) folded on the Flop


PokerStars Hand #145879034578:  Hold'em Limit ($3/$6 USD) - 2015/12/25 0:50:17 ET
Table 'Philosophia' 2-max Seat #1 is the button
Seat 1: MARIBORO8 ($92.80 in chips)
Seat 2: VolkovDmitri ($126 in chips)
MARIBORO8: posts small blind $1
VolkovDmitri: posts big blind $3
*** HOLE CARDS ***
MARIBORO8: raises $3 to $6
VolkovDmitri: calls $3
*** FLOP *** [Qh 4c 3h]
VolkovDmitri: checks
MARIBORO8: checks
*** TURN *** [Qh 4c 3h] [Tc]
VolkovDmitri: bets $6
MARIBORO8: calls $6
*** RIVER *** [Qh 4c 3h Tc] [Kd]
VolkovDmitri: checks
MARIBORO8: checks
*** SHOW DOWN ***
VolkovDmitri: shows [3c 7c] (a pair of Threes)
MARIBORO8: mucks hand
VolkovDmitri collected $23.52 from pot
*** SUMMARY ***
Total pot $24 | Rake $0.48
Board [Qh 4c 3h Tc Kd]
Seat 1: MARIBORO8 (button) (small blind) mucked
Seat 2: VolkovDmitri (big blind) showed [3c 7c] and won ($23.52) with a pair of Threes


