PokerStars Hand #152217361339:  Hold'em Limit ($3/$6 USD) - 2016/04/20 22:02:03 ET
Table 'Philomela II' 10-max Seat #7 is the button
Seat 7: triliumsbest ($21 in chips)
Seat 8: Zubasa07 ($508.64 in chips)
triliumsbest: posts small blind $1
Zubasa07: posts big blind $3
*** HOLE CARDS ***
triliumsbest: folds
Uncalled bet ($2) returned to Zubasa07
Zubasa07 collected $2 from pot
Zubasa07: doesn't show hand
*** SUMMARY ***
Total pot $2 | Rake $0
Seat 7: triliumsbest (button) (small blind) folded before Flop
Seat 8: Zubasa07 (big blind) collected ($2)


PokerStars Hand #152217353319:  Hold'em Limit ($3/$6 USD) - 2016/04/20 22:01:40 ET
Table 'Philomela II' 10-max Seat #8 is the button
Seat 7: triliumsbest ($27 in chips)
Seat 8: Zubasa07 ($502.88 in chips)
Zubasa07: posts small blind $1
triliumsbest: posts big blind $3
*** HOLE CARDS ***
Zubasa07: raises $3 to $6
triliumsbest: calls $3
*** FLOP *** [7c Qh Kc]
triliumsbest: checks
Zubasa07: bets $3
triliumsbest: folds
Uncalled bet ($3) returned to Zubasa07
Zubasa07 collected $11.76 from pot
Zubasa07: doesn't show hand
*** SUMMARY ***
Total pot $12 | Rake $0.24
Board [7c Qh Kc]
Seat 7: triliumsbest (big blind) folded on the Flop
Seat 8: Zubasa07 (button) (small blind) collected ($11.76)


PokerStars Hand #152217363366:  Hold'em Limit ($3/$6 USD) - 2016/04/20 22:02:09 ET
Table 'Philomela II' 10-max Seat #8 is the button
Seat 7: triliumsbest ($20 in chips)
Seat 8: Zubasa07 ($509.64 in chips)
Zubasa07: posts small blind $1
triliumsbest: posts big blind $3
*** HOLE CARDS ***
Zubasa07: raises $3 to $6
triliumsbest: folds
Uncalled bet ($3) returned to Zubasa07
Zubasa07 collected $6 from pot
Zubasa07: doesn't show hand
*** SUMMARY ***
Total pot $6 | Rake $0
Seat 7: triliumsbest (big blind) folded before Flop
Seat 8: Zubasa07 (button) (small blind) collected ($6)


PokerStars Hand #152217376112:  Hold'em Limit ($3/$6 USD) - 2016/04/20 22:02:45 ET
Table 'Philomela II' 10-max Seat #8 is the button
Seat 7: triliumsbest ($33.50 in chips)
Seat 8: Zubasa07 ($495.64 in chips)
Zubasa07: posts small blind $1
triliumsbest: posts big blind $3
*** HOLE CARDS ***
Zubasa07: raises $3 to $6
triliumsbest: calls $3
*** FLOP *** [6c Ad Qs]
triliumsbest: checks
Zubasa07: bets $3
triliumsbest: folds
Uncalled bet ($3) returned to Zubasa07
Zubasa07 collected $11.76 from pot
Zubasa07: doesn't show hand
*** SUMMARY ***
Total pot $12 | Rake $0.24
Board [6c Ad Qs]
Seat 7: triliumsbest (big blind) folded on the Flop
Seat 8: Zubasa07 (button) (small blind) collected ($11.76)


PokerStars Hand #152217381795:  Hold'em Limit ($3/$6 USD) - 2016/04/20 22:03:02 ET
Table 'Philomela II' 10-max Seat #7 is the button
Seat 7: triliumsbest ($27.50 in chips)
Seat 8: Zubasa07 ($501.40 in chips)
triliumsbest: posts small blind $1
Zubasa07: posts big blind $3
*** HOLE CARDS ***
triliumsbest: raises $3 to $6
Zubasa07: calls $3
*** FLOP *** [3s Td 4s]
Zubasa07: checks
triliumsbest: bets $3
Zubasa07: calls $3
*** TURN *** [3s Td 4s] [5h]
Zubasa07: checks
triliumsbest: bets $6
Zubasa07: calls $6
*** RIVER *** [3s Td 4s 5h] [7h]
Zubasa07: checks
triliumsbest: checks
*** SHOW DOWN ***
Zubasa07: shows [Kd 2s] (high card King)
triliumsbest: shows [Ah 4d] (a pair of Fours)
triliumsbest collected $29.50 from pot
*** SUMMARY ***
Total pot $30 | Rake $0.50
Board [3s Td 4s 5h 7h]
Seat 7: triliumsbest (button) (small blind) showed [Ah 4d] and won ($29.50) with a pair of Fours
Seat 8: Zubasa07 (big blind) showed [Kd 2s] and lost with high card King


PokerStars Hand #152217399998:  Hold'em Limit ($3/$6 USD) - 2016/04/20 22:03:54 ET
Table 'Philomela II' 10-max Seat #7 is the button
Seat 7: triliumsbest ($50.64 in chips)
Seat 8: Zubasa07 ($477.40 in chips)
triliumsbest: posts small blind $1
Zubasa07: posts big blind $3
*** HOLE CARDS ***
triliumsbest: folds
Uncalled bet ($2) returned to Zubasa07
Zubasa07 collected $2 from pot
Zubasa07: doesn't show hand
*** SUMMARY ***
Total pot $2 | Rake $0
Seat 7: triliumsbest (button) (small blind) folded before Flop
Seat 8: Zubasa07 (big blind) collected ($2)


PokerStars Hand #152217391781:  Hold'em Limit ($3/$6 USD) - 2016/04/20 22:03:31 ET
Table 'Philomela II' 10-max Seat #8 is the button
Seat 7: triliumsbest ($42 in chips)
Seat 8: Zubasa07 ($486.40 in chips)
Zubasa07: posts small blind $1
triliumsbest: posts big blind $3
*** HOLE CARDS ***
Zubasa07: raises $3 to $6
triliumsbest: raises $3 to $9
Zubasa07: calls $3
*** FLOP *** [Tc Ac 2d]
triliumsbest: checks
Zubasa07: checks
*** TURN *** [Tc Ac 2d] [7d]
triliumsbest: bets $6
Zubasa07: folds
Uncalled bet ($6) returned to triliumsbest
triliumsbest collected $17.64 from pot
triliumsbest: doesn't show hand
*** SUMMARY ***
Total pot $18 | Rake $0.36
Board [Tc Ac 2d 7d]
Seat 7: triliumsbest (big blind) collected ($17.64)
Seat 8: Zubasa07 (button) (small blind) folded on the Turn


PokerStars Hand #152217401700:  Hold'em Limit ($3/$6 USD) - 2016/04/20 22:03:59 ET
Table 'Philomela II' 10-max Seat #8 is the button
Seat 7: triliumsbest ($49.64 in chips)
Seat 8: Zubasa07 ($478.40 in chips)
Zubasa07: posts small blind $1
triliumsbest: posts big blind $3
*** HOLE CARDS ***
Zubasa07: raises $3 to $6
triliumsbest: calls $3
*** FLOP *** [3c Kd 9d]
triliumsbest: checks
Zubasa07: bets $3
triliumsbest: folds
Uncalled bet ($3) returned to Zubasa07
Zubasa07 collected $11.76 from pot
Zubasa07: doesn't show hand
*** SUMMARY ***
Total pot $12 | Rake $0.24
Board [3c Kd 9d]
Seat 7: triliumsbest (big blind) folded on the Flop
Seat 8: Zubasa07 (button) (small blind) collected ($11.76)


PokerStars Hand #152217409788:  Hold'em Limit ($3/$6 USD) - 2016/04/20 22:04:22 ET
Table 'Philomela II' 10-max Seat #7 is the button
Seat 7: triliumsbest ($43.64 in chips)
Seat 8: Zubasa07 ($484.16 in chips)
triliumsbest: posts small blind $1
Zubasa07: posts big blind $3
*** HOLE CARDS ***
triliumsbest: raises $3 to $6
Zubasa07: calls $3
*** FLOP *** [Ts Qs 2s]
Zubasa07: checks
triliumsbest: bets $3
Zubasa07: calls $3
*** TURN *** [Ts Qs 2s] [5h]
Zubasa07: checks
triliumsbest: checks
*** RIVER *** [Ts Qs 2s 5h] [8s]
Zubasa07: checks
triliumsbest: bets $6
Zubasa07: calls $6
*** SHOW DOWN ***
triliumsbest: shows [6h 7s] (a flush, Queen high)
Zubasa07: mucks hand
triliumsbest collected $29.50 from pot
*** SUMMARY ***
Total pot $30 | Rake $0.50
Board [Ts Qs 2s 5h 8s]
Seat 7: triliumsbest (button) (small blind) showed [6h 7s] and won ($29.50) with a flush, Queen high
Seat 8: Zubasa07 (big blind) mucked


PokerStars Hand #152217430031:  Hold'em Limit ($3/$6 USD) - 2016/04/20 22:05:21 ET
Table 'Philomela II' 10-max Seat #8 is the button
Seat 7: triliumsbest ($58.14 in chips)
Seat 8: Zubasa07 ($469.16 in chips)
Zubasa07: posts small blind $1
triliumsbest: posts big blind $3
*** HOLE CARDS ***
Zubasa07: raises $3 to $6
triliumsbest: calls $3
*** FLOP *** [9h 7c 6d]
triliumsbest: checks
Zubasa07: bets $3
triliumsbest: calls $3
*** TURN *** [9h 7c 6d] [As]
triliumsbest: checks
Zubasa07: checks
*** RIVER *** [9h 7c 6d As] [6s]
triliumsbest: bets $6
Zubasa07: folds
Uncalled bet ($6) returned to triliumsbest
triliumsbest collected $17.64 from pot
triliumsbest: doesn't show hand
*** SUMMARY ***
Total pot $18 | Rake $0.36
Board [9h 7c 6d As 6s]
Seat 7: triliumsbest (big blind) collected ($17.64)
Seat 8: Zubasa07 (button) (small blind) folded on the River


PokerStars Hand #152217445591:  Hold'em Limit ($3/$6 USD) - 2016/04/20 22:06:07 ET
Table 'Philomela II' 10-max Seat #7 is the button
Seat 7: triliumsbest ($66.78 in chips)
Seat 8: Zubasa07 ($460.16 in chips)
triliumsbest: posts small blind $1
Zubasa07: posts big blind $3
*** HOLE CARDS ***
triliumsbest: raises $3 to $6
Zubasa07: calls $3
*** FLOP *** [Ts 4s 6c]
Zubasa07: checks
triliumsbest: bets $3
Zubasa07: folds
Uncalled bet ($3) returned to triliumsbest
triliumsbest collected $11.76 from pot
triliumsbest: doesn't show hand
*** SUMMARY ***
Total pot $12 | Rake $0.24
Board [Ts 4s 6c]
Seat 7: triliumsbest (button) (small blind) collected ($11.76)
Seat 8: Zubasa07 (big blind) folded on the Flop


PokerStars Hand #152217465867:  Hold'em Limit ($3/$6 USD) - 2016/04/20 22:07:06 ET
Table 'Philomela II' 10-max Seat #7 is the button
Seat 7: triliumsbest ($48.54 in chips)
Seat 8: Zubasa07 ($477.66 in chips)
triliumsbest: posts small blind $1
Zubasa07: posts big blind $3
*** HOLE CARDS ***
triliumsbest: raises $3 to $6
Zubasa07: folds
Uncalled bet ($3) returned to triliumsbest
triliumsbest collected $6 from pot
*** SUMMARY ***
Total pot $6 | Rake $0
Seat 7: triliumsbest (button) (small blind) collected ($6)
Seat 8: Zubasa07 (big blind) folded before Flop


PokerStars Hand #152217468030:  Hold'em Limit ($3/$6 USD) - 2016/04/20 22:07:12 ET
Table 'Philomela II' 10-max Seat #8 is the button
Seat 7: triliumsbest ($51.54 in chips)
Seat 8: Zubasa07 ($474.66 in chips)
Zubasa07: posts small blind $1
triliumsbest: posts big blind $3
*** HOLE CARDS ***
Zubasa07: raises $3 to $6
triliumsbest: raises $3 to $9
Zubasa07: calls $3
*** FLOP *** [2s Qh Qs]
triliumsbest: bets $3
Zubasa07: calls $3
*** TURN *** [2s Qh Qs] [Jd]
triliumsbest: bets $6
Zubasa07: raises $6 to $12
triliumsbest: calls $6
*** RIVER *** [2s Qh Qs Jd] [Ts]
triliumsbest: checks
Zubasa07: bets $6
triliumsbest: calls $6
*** SHOW DOWN ***
Zubasa07: shows [Qc Jc] (a full house, Queens full of Jacks)
triliumsbest: mucks hand
Zubasa07 collected $59.50 from pot
*** SUMMARY ***
Total pot $60 | Rake $0.50
Board [2s Qh Qs Jd Ts]
Seat 7: triliumsbest (big blind) mucked
Seat 8: Zubasa07 (button) (small blind) showed [Qc Jc] and won ($59.50) with a full house, Queens full of Jacks


