PokerStars Hand #145717663266:  Hold'em Limit ($3/$6 USD) - 2015/12/21 20:12:30 ET
Table 'Philippina' 2-max Seat #2 is the button
Seat 1: cepzorr ($56.02 in chips)
Seat 2: Necromadx ($121 in chips)
Necromadx: posts small blind $1
cepzorr: posts big blind $3
*** HOLE CARDS ***
Necromadx: raises $3 to $6
cepzorr: raises $3 to $9
Necromadx: calls $3
*** FLOP *** [Ac Jh 6s]
cepzorr: bets $3
Necromadx: calls $3
*** TURN *** [Ac Jh 6s] [8c]
cepzorr: bets $6
Necromadx: folds
Uncalled bet ($6) returned to cepzorr
cepzorr collected $23.52 from pot
cepzorr: doesn't show hand
*** SUMMARY ***
Total pot $24 | Rake $0.48
Board [Ac Jh 6s 8c]
Seat 1: cepzorr (big blind) collected ($23.52)
Seat 2: Necromadx (button) (small blind) folded on the Turn


PokerStars Hand #145717669234:  Hold'em Limit ($3/$6 USD) - 2015/12/21 20:12:41 ET
Table 'Philippina' 2-max Seat #1 is the button
Seat 1: cepzorr ($67.54 in chips)
Seat 2: Necromadx ($120 in chips)
cepzorr: posts small blind $1
Necromadx: posts big blind $3
*** HOLE CARDS ***
cepzorr: raises $3 to $6
Necromadx: calls $3
*** FLOP *** [Jh 5h 5s]
Necromadx: checks
cepzorr: bets $3
Necromadx: folds
Uncalled bet ($3) returned to cepzorr
cepzorr collected $11.76 from pot
cepzorr: doesn't show hand
*** SUMMARY ***
Total pot $12 | Rake $0.24
Board [Jh 5h 5s]
Seat 1: cepzorr (button) (small blind) collected ($11.76)
Seat 2: Necromadx (big blind) folded on the Flop


PokerStars Hand #145717660551:  Hold'em Limit ($3/$6 USD) - 2015/12/21 20:12:25 ET
Table 'Philippina' 2-max Seat #1 is the button
Seat 1: cepzorr ($57.02 in chips)
Seat 2: Necromadx ($120 in chips)
cepzorr: posts small blind $1
Necromadx: posts big blind $3
*** HOLE CARDS ***
cepzorr: folds
Uncalled bet ($2) returned to Necromadx
Necromadx collected $2 from pot
Necromadx: doesn't show hand
*** SUMMARY ***
Total pot $2 | Rake $0
Seat 1: cepzorr (button) (small blind) folded before Flop
Seat 2: Necromadx (big blind) collected ($2)


PokerStars Hand #145717658460:  Hold'em Limit ($3/$6 USD) - 2015/12/21 20:12:21 ET
Table 'Philippina' 2-max Seat #2 is the button
Seat 1: cepzorr ($56.02 in chips)
Seat 2: Necromadx ($120 in chips)
Necromadx: posts small blind $1
cepzorr: posts big blind $3
*** HOLE CARDS ***
Necromadx: folds
Uncalled bet ($2) returned to cepzorr
cepzorr collected $2 from pot
cepzorr: doesn't show hand
*** SUMMARY ***
Total pot $2 | Rake $0
Seat 1: cepzorr (big blind) collected ($2)
Seat 2: Necromadx (button) (small blind) folded before Flop


PokerStars Hand #145717648961:  Hold'em Limit ($3/$6 USD) - 2015/12/21 20:12:05 ET
Table 'Philippina' 2-max Seat #1 is the button
Seat 1: cepzorr ($41.52 in chips)
Seat 2: Necromadx ($120 in chips)
cepzorr: posts small blind $1
Necromadx: posts big blind $3
*** HOLE CARDS ***
cepzorr: raises $3 to $6
Necromadx: calls $3
*** FLOP *** [7c 3c 5c]
Necromadx: checks
cepzorr: bets $3
Necromadx: calls $3
*** TURN *** [7c 3c 5c] [4h]
Necromadx: checks
cepzorr: bets $6
Necromadx: calls $6
*** RIVER *** [7c 3c 5c 4h] [2s]
Necromadx: checks
cepzorr: bets $6
Necromadx: folds
Uncalled bet ($6) returned to cepzorr
cepzorr collected $29.50 from pot
cepzorr: doesn't show hand
*** SUMMARY ***
Total pot $30 | Rake $0.50
Board [7c 3c 5c 4h 2s]
Seat 1: cepzorr (button) (small blind) collected ($29.50)
Seat 2: Necromadx (big blind) folded on the River


PokerStars Hand #145717640612:  Hold'em Limit ($3/$6 USD) - 2015/12/21 20:11:50 ET
Table 'Philippina' 2-max Seat #2 is the button
Seat 1: cepzorr ($30 in chips)
Seat 2: Necromadx ($120 in chips)
Necromadx: posts small blind $1
cepzorr: posts big blind $3
*** HOLE CARDS ***
Necromadx: raises $3 to $6
cepzorr: raises $3 to $9
Necromadx: calls $3
*** FLOP *** [Jd 8c 3d]
cepzorr: bets $3
Necromadx: calls $3
*** TURN *** [Jd 8c 3d] [Jh]
cepzorr: bets $6
Necromadx: folds
Uncalled bet ($6) returned to cepzorr
cepzorr collected $23.52 from pot
cepzorr: doesn't show hand
*** SUMMARY ***
Total pot $24 | Rake $0.48
Board [Jd 8c 3d Jh]
Seat 1: cepzorr (big blind) collected ($23.52)
Seat 2: Necromadx (button) (small blind) folded on the Turn


PokerStars Hand #145717697318:  Hold'em Limit ($3/$6 USD) - 2015/12/21 20:13:30 ET
Table 'Philippina' 2-max Seat #1 is the button
Seat 1: cepzorr ($72.80 in chips)
Seat 2: Necromadx ($128.64 in chips)
cepzorr: posts small blind $1
Necromadx: posts big blind $3
*** HOLE CARDS ***
cepzorr: raises $3 to $6
Necromadx: raises $3 to $9
cepzorr: raises $3 to $12
Betting is capped
Necromadx: calls $3
*** FLOP *** [4d 4h 9c]
Necromadx: checks
cepzorr: bets $3
Necromadx: calls $3
*** TURN *** [4d 4h 9c] [Jc]
Necromadx: checks
cepzorr: bets $6
Necromadx: calls $6
*** RIVER *** [4d 4h 9c Jc] [2c]
Necromadx: checks
cepzorr: bets $6
Necromadx: calls $6
*** SHOW DOWN ***
cepzorr: shows [Ac 9s] (two pair, Nines and Fours)
Necromadx: mucks hand
cepzorr collected $53.50 from pot
*** SUMMARY ***
Total pot $54 | Rake $0.50
Board [4d 4h 9c Jc 2c]
Seat 1: cepzorr (button) (small blind) showed [Ac 9s] and won ($53.50) with two pair, Nines and Fours
Seat 2: Necromadx (big blind) mucked


PokerStars Hand #145717689456:  Hold'em Limit ($3/$6 USD) - 2015/12/21 20:13:16 ET
Table 'Philippina' 2-max Seat #2 is the button
Seat 1: cepzorr ($81.80 in chips)
Seat 2: Necromadx ($120 in chips)
Necromadx: posts small blind $1
cepzorr: posts big blind $3
*** HOLE CARDS ***
Necromadx: raises $3 to $6
cepzorr: calls $3
*** FLOP *** [Kd 9c Ks]
cepzorr: bets $3
Necromadx: calls $3
*** TURN *** [Kd 9c Ks] [Qc]
cepzorr: checks
Necromadx: bets $6
cepzorr: folds
Uncalled bet ($6) returned to Necromadx
Necromadx collected $17.64 from pot
Necromadx: doesn't show hand
*** SUMMARY ***
Total pot $18 | Rake $0.36
Board [Kd 9c Ks Qc]
Seat 1: cepzorr (big blind) folded on the Turn
Seat 2: Necromadx (button) (small blind) collected ($17.64)


PokerStars Hand #145717681175:  Hold'em Limit ($3/$6 USD) - 2015/12/21 20:13:01 ET
Table 'Philippina' 2-max Seat #1 is the button
Seat 1: cepzorr ($67.30 in chips)
Seat 2: Necromadx ($125.76 in chips)
cepzorr: posts small blind $1
Necromadx: posts big blind $3
*** HOLE CARDS ***
cepzorr: raises $3 to $6
Necromadx: calls $3
*** FLOP *** [2s Qc 3d]
Necromadx: checks
cepzorr: bets $3
Necromadx: calls $3
*** TURN *** [2s Qc 3d] [8c]
Necromadx: checks
cepzorr: checks
*** RIVER *** [2s Qc 3d 8c] [7d]
Necromadx: checks
cepzorr: bets $6
Necromadx: calls $6
*** SHOW DOWN ***
cepzorr: shows [7h 5h] (a pair of Sevens)
Necromadx: mucks hand
cepzorr collected $29.50 from pot
*** SUMMARY ***
Total pot $30 | Rake $0.50
Board [2s Qc 3d 8c 7d]
Seat 1: cepzorr (button) (small blind) showed [7h 5h] and won ($29.50) with a pair of Sevens
Seat 2: Necromadx (big blind) mucked


PokerStars Hand #145717674397:  Hold'em Limit ($3/$6 USD) - 2015/12/21 20:12:50 ET
Table 'Philippina' 2-max Seat #2 is the button
Seat 1: cepzorr ($73.30 in chips)
Seat 2: Necromadx ($120 in chips)
Necromadx: posts small blind $1
cepzorr: posts big blind $3
*** HOLE CARDS ***
Necromadx: raises $3 to $6
cepzorr: calls $3
*** FLOP *** [7d Ah 3h]
cepzorr: checks
Necromadx: bets $3
cepzorr: folds
Uncalled bet ($3) returned to Necromadx
Necromadx collected $11.76 from pot
Necromadx: doesn't show hand
*** SUMMARY ***
Total pot $12 | Rake $0.24
Board [7d Ah 3h]
Seat 1: cepzorr (big blind) folded on the Flop
Seat 2: Necromadx (button) (small blind) collected ($11.76)


PokerStars Hand #145717733201:  Hold'em Limit ($3/$6 USD) - 2015/12/21 20:14:33 ET
Table 'Philippina' 2-max Seat #2 is the button
Seat 1: cepzorr ($65.70 in chips)
Seat 2: Necromadx ($161 in chips)
Necromadx: posts small blind $1
cepzorr: posts big blind $3
*** HOLE CARDS ***
Necromadx: raises $3 to $6
cepzorr: calls $3
*** FLOP *** [Td Ks 4h]
cepzorr: bets $3
Necromadx: folds
Uncalled bet ($3) returned to cepzorr
cepzorr collected $11.76 from pot
cepzorr: doesn't show hand
*** SUMMARY ***
Total pot $12 | Rake $0.24
Board [Td Ks 4h]
Seat 1: cepzorr (big blind) collected ($11.76)
Seat 2: Necromadx (button) (small blind) folded on the Flop


PokerStars Hand #145717728551:  Hold'em Limit ($3/$6 USD) - 2015/12/21 20:14:25 ET
Table 'Philippina' 2-max Seat #1 is the button
Seat 1: cepzorr ($59.94 in chips)
Seat 2: Necromadx ($167 in chips)
cepzorr: posts small blind $1
Necromadx: posts big blind $3
*** HOLE CARDS ***
cepzorr: raises $3 to $6
Necromadx: calls $3
*** FLOP *** [3c 8h 8d]
Necromadx: checks
cepzorr: bets $3
Necromadx: folds
Uncalled bet ($3) returned to cepzorr
cepzorr collected $11.76 from pot
cepzorr: doesn't show hand
*** SUMMARY ***
Total pot $12 | Rake $0.24
Board [3c 8h 8d]
Seat 1: cepzorr (button) (small blind) collected ($11.76)
Seat 2: Necromadx (big blind) folded on the Flop


PokerStars Hand #145717720404:  Hold'em Limit ($3/$6 USD) - 2015/12/21 20:14:11 ET
Table 'Philippina' 2-max Seat #2 is the button
Seat 1: cepzorr ($86.94 in chips)
Seat 2: Necromadx ($140.50 in chips)
Necromadx: posts small blind $1
cepzorr: posts big blind $3
*** HOLE CARDS ***
Necromadx: raises $3 to $6
cepzorr: calls $3
*** FLOP *** [Kh 8h Ks]
cepzorr: bets $3
Necromadx: calls $3
*** TURN *** [Kh 8h Ks] [7d]
cepzorr: bets $6
Necromadx: calls $6
*** RIVER *** [Kh 8h Ks 7d] [9h]
cepzorr: bets $6
Necromadx: raises $6 to $12
cepzorr: calls $6
*** SHOW DOWN ***
Necromadx: shows [7h 4h] (a flush, King high)
cepzorr: mucks hand
Necromadx collected $53.50 from pot
*** SUMMARY ***
Total pot $54 | Rake $0.50
Board [Kh 8h Ks 7d 9h]
Seat 1: cepzorr (big blind) mucked
Seat 2: Necromadx (button) (small blind) showed [7h 4h] and won ($53.50) with a flush, King high


PokerStars Hand #145717711007:  Hold'em Limit ($3/$6 USD) - 2015/12/21 20:13:54 ET
Table 'Philippina' 2-max Seat #1 is the button
Seat 1: cepzorr ($107.94 in chips)
Seat 2: Necromadx ($120 in chips)
cepzorr: posts small blind $1
Necromadx: posts big blind $3
*** HOLE CARDS ***
cepzorr: raises $3 to $6
Necromadx: raises $3 to $9
cepzorr: raises $3 to $12
Betting is capped
Necromadx: calls $3
*** FLOP *** [7d Qc Js]
Necromadx: checks
cepzorr: bets $3
Necromadx: calls $3
*** TURN *** [7d Qc Js] [Jd]
Necromadx: checks
cepzorr: bets $6
Necromadx: calls $6
*** RIVER *** [7d Qc Js Jd] [Qd]
Necromadx: checks
cepzorr: checks
*** SHOW DOWN ***
Necromadx: shows [Ad Kc] (two pair, Queens and Jacks)
cepzorr: mucks hand
Necromadx collected $41.50 from pot
*** SUMMARY ***
Total pot $42 | Rake $0.50
Board [7d Qc Js Jd Qd]
Seat 1: cepzorr (button) (small blind) mucked
Seat 2: Necromadx (big blind) showed [Ad Kc] and won ($41.50) with two pair, Queens and Jacks


PokerStars Hand #145717705636:  Hold'em Limit ($3/$6 USD) - 2015/12/21 20:13:44 ET
Table 'Philippina' 2-max Seat #2 is the button
Seat 1: cepzorr ($99.30 in chips)
Seat 2: Necromadx ($120 in chips)
Necromadx: posts small blind $1
cepzorr: posts big blind $3
*** HOLE CARDS ***
Necromadx: raises $3 to $6
cepzorr: raises $3 to $9
Necromadx: calls $3
*** FLOP *** [As 4c 3c]
cepzorr: bets $3
Necromadx: folds
Uncalled bet ($3) returned to cepzorr
cepzorr collected $17.64 from pot
cepzorr: doesn't show hand
*** SUMMARY ***
Total pot $18 | Rake $0.36
Board [As 4c 3c]
Seat 1: cepzorr (big blind) collected ($17.64)
Seat 2: Necromadx (button) (small blind) folded on the Flop


PokerStars Hand #145717765976:  Hold'em Limit ($3/$6 USD) - 2015/12/21 20:15:31 ET
Table 'Philippina' 2-max Seat #1 is the button
Seat 1: cepzorr ($145.96 in chips)
Seat 2: Necromadx ($120 in chips)
cepzorr: posts small blind $1
Necromadx: posts big blind $3
*** HOLE CARDS ***
cepzorr: raises $3 to $6
Necromadx: raises $3 to $9
cepzorr: calls $3
*** FLOP *** [6c Td Kc]
Necromadx: bets $3
cepzorr: folds
Uncalled bet ($3) returned to Necromadx
Necromadx collected $17.64 from pot
Necromadx: doesn't show hand
*** SUMMARY ***
Total pot $18 | Rake $0.36
Board [6c Td Kc]
Seat 1: cepzorr (button) (small blind) folded on the Flop
Seat 2: Necromadx (big blind) collected ($17.64)


PokerStars Hand #145717758169:  Hold'em Limit ($3/$6 USD) - 2015/12/21 20:15:17 ET
Table 'Philippina' 2-max Seat #2 is the button
Seat 1: cepzorr ($122.46 in chips)
Seat 2: Necromadx ($120 in chips)
Necromadx: posts small blind $1
cepzorr: posts big blind $3
*** HOLE CARDS ***
Necromadx: raises $3 to $6
cepzorr: raises $3 to $9
Necromadx: calls $3
*** FLOP *** [5c 4s 6c]
cepzorr: bets $3
Necromadx: calls $3
*** TURN *** [5c 4s 6c] [6d]
cepzorr: bets $6
Necromadx: calls $6
*** RIVER *** [5c 4s 6c 6d] [Tc]
cepzorr: bets $6
Necromadx: calls $6
*** SHOW DOWN ***
cepzorr: shows [7d 8c] (a straight, Four to Eight)
Necromadx: mucks hand
cepzorr collected $47.50 from pot
*** SUMMARY ***
Total pot $48 | Rake $0.50
Board [5c 4s 6c 6d Tc]
Seat 1: cepzorr (big blind) showed [7d 8c] and won ($47.50) with a straight, Four to Eight
Seat 2: Necromadx (button) (small blind) mucked


PokerStars Hand #145717749650:  Hold'em Limit ($3/$6 USD) - 2015/12/21 20:15:02 ET
Table 'Philippina' 2-max Seat #1 is the button
Seat 1: cepzorr ($95.96 in chips)
Seat 2: Necromadx ($130 in chips)
cepzorr: posts small blind $1
Necromadx: posts big blind $3
*** HOLE CARDS ***
cepzorr: raises $3 to $6
Necromadx: calls $3
*** FLOP *** [5d Ts 3s]
Necromadx: checks
cepzorr: bets $3
Necromadx: calls $3
*** TURN *** [5d Ts 3s] [6c]
Necromadx: checks
cepzorr: bets $6
Necromadx: calls $6
*** RIVER *** [5d Ts 3s 6c] [4d]
Necromadx: checks
cepzorr: bets $6
Necromadx: raises $6 to $12
cepzorr: calls $6
*** SHOW DOWN ***
Necromadx: shows [Kc 8d] (high card King)
cepzorr: shows [Tc Ah] (a pair of Tens)
cepzorr collected $53.50 from pot
*** SUMMARY ***
Total pot $54 | Rake $0.50
Board [5d Ts 3s 6c 4d]
Seat 1: cepzorr (button) (small blind) showed [Tc Ah] and won ($53.50) with a pair of Tens
Seat 2: Necromadx (big blind) showed [Kc 8d] and lost with high card King


PokerStars Hand #145717747063:  Hold'em Limit ($3/$6 USD) - 2015/12/21 20:14:58 ET
Table 'Philippina' 2-max Seat #2 is the button
Seat 1: cepzorr ($94.96 in chips)
Seat 2: Necromadx ($131 in chips)
Necromadx: posts small blind $1
cepzorr: posts big blind $3
*** HOLE CARDS ***
Necromadx: folds
Uncalled bet ($2) returned to cepzorr
cepzorr collected $2 from pot
cepzorr: doesn't show hand
*** SUMMARY ***
Total pot $2 | Rake $0
Seat 1: cepzorr (big blind) collected ($2)
Seat 2: Necromadx (button) (small blind) folded before Flop


PokerStars Hand #145717737821:  Hold'em Limit ($3/$6 USD) - 2015/12/21 20:14:41 ET
Table 'Philippina' 2-max Seat #1 is the button
Seat 1: cepzorr ($71.46 in chips)
Seat 2: Necromadx ($155 in chips)
cepzorr: posts small blind $1
Necromadx: posts big blind $3
*** HOLE CARDS ***
cepzorr: raises $3 to $6
Necromadx: calls $3
*** FLOP *** [Ks 3d 2d]
Necromadx: checks
cepzorr: bets $3
Necromadx: raises $3 to $6
cepzorr: calls $3
*** TURN *** [Ks 3d 2d] [6s]
Necromadx: bets $6
cepzorr: calls $6
*** RIVER *** [Ks 3d 2d 6s] [4h]
Necromadx: bets $6
cepzorr: calls $6
*** SHOW DOWN ***
Necromadx: shows [4s 8d] (a pair of Fours)
cepzorr: shows [Ah 4c] (a pair of Fours - Ace kicker)
cepzorr collected $47.50 from pot
*** SUMMARY ***
Total pot $48 | Rake $0.50
Board [Ks 3d 2d 6s 4h]
Seat 1: cepzorr (button) (small blind) showed [Ah 4c] and won ($47.50) with a pair of Fours
Seat 2: Necromadx (big blind) showed [4s 8d] and lost with a pair of Fours


PokerStars Hand #145717795254:  Hold'em Limit ($3/$6 USD) - 2015/12/21 20:16:22 ET
Table 'Philippina' 2-max Seat #1 is the button
Seat 1: cepzorr ($102.96 in chips)
Seat 2: Necromadx ($161.90 in chips)
cepzorr: posts small blind $1
Necromadx: posts big blind $3
*** HOLE CARDS ***
cepzorr: folds
Uncalled bet ($2) returned to Necromadx
cepzorr leaves the table
Necromadx collected $2 from pot
Necromadx: doesn't show hand
*** SUMMARY ***
Total pot $2 | Rake $0
Seat 1: cepzorr (button) (small blind) folded before Flop
Seat 2: Necromadx (big blind) collected ($2)


PokerStars Hand #145717792924:  Hold'em Limit ($3/$6 USD) - 2015/12/21 20:16:18 ET
Table 'Philippina' 2-max Seat #2 is the button
Seat 1: cepzorr ($101.96 in chips)
Seat 2: Necromadx ($162.90 in chips)
Necromadx: posts small blind $1
cepzorr: posts big blind $3
*** HOLE CARDS ***
Necromadx: folds
Uncalled bet ($2) returned to cepzorr
cepzorr collected $2 from pot
cepzorr: doesn't show hand
*** SUMMARY ***
Total pot $2 | Rake $0
Seat 1: cepzorr (big blind) collected ($2)
Seat 2: Necromadx (button) (small blind) folded before Flop


PokerStars Hand #145717789919:  Hold'em Limit ($3/$6 USD) - 2015/12/21 20:16:13 ET
Table 'Philippina' 2-max Seat #1 is the button
Seat 1: cepzorr ($98.96 in chips)
Seat 2: Necromadx ($165.90 in chips)
cepzorr: posts small blind $1
Necromadx: posts big blind $3
*** HOLE CARDS ***
cepzorr: raises $3 to $6
Necromadx: folds
Uncalled bet ($3) returned to cepzorr
cepzorr collected $6 from pot
cepzorr: doesn't show hand
*** SUMMARY ***
Total pot $6 | Rake $0
Seat 1: cepzorr (button) (small blind) collected ($6)
Seat 2: Necromadx (big blind) folded before Flop


PokerStars Hand #145717787442:  Hold'em Limit ($3/$6 USD) - 2015/12/21 20:16:09 ET
Table 'Philippina' 2-max Seat #2 is the button
Seat 1: cepzorr ($97.96 in chips)
Seat 2: Necromadx ($166.90 in chips)
Necromadx: posts small blind $1
cepzorr: posts big blind $3
*** HOLE CARDS ***
Necromadx: folds
Uncalled bet ($2) returned to cepzorr
cepzorr collected $2 from pot
cepzorr: doesn't show hand
*** SUMMARY ***
Total pot $2 | Rake $0
Seat 1: cepzorr (big blind) collected ($2)
Seat 2: Necromadx (button) (small blind) folded before Flop


PokerStars Hand #145717780539:  Hold'em Limit ($3/$6 USD) - 2015/12/21 20:15:56 ET
Table 'Philippina' 2-max Seat #1 is the button
Seat 1: cepzorr ($103.96 in chips)
Seat 2: Necromadx ($161.14 in chips)
cepzorr: posts small blind $1
Necromadx: posts big blind $3
*** HOLE CARDS ***
cepzorr: raises $3 to $6
Necromadx: calls $3
*** FLOP *** [7c 4h 9d]
Necromadx: checks
cepzorr: checks
*** TURN *** [7c 4h 9d] [Kc]
Necromadx: checks
cepzorr: checks
*** RIVER *** [7c 4h 9d Kc] [3s]
Necromadx: bets $6
cepzorr: folds
Uncalled bet ($6) returned to Necromadx
Necromadx collected $11.76 from pot
Necromadx: doesn't show hand
*** SUMMARY ***
Total pot $12 | Rake $0.24
Board [7c 4h 9d Kc 3s]
Seat 1: cepzorr (button) (small blind) folded on the River
Seat 2: Necromadx (big blind) collected ($11.76)


PokerStars Hand #145717770989:  Hold'em Limit ($3/$6 USD) - 2015/12/21 20:15:40 ET
Table 'Philippina' 2-max Seat #2 is the button
Seat 1: cepzorr ($136.96 in chips)
Seat 2: Necromadx ($128.64 in chips)
Necromadx: posts small blind $1
cepzorr: posts big blind $3
*** HOLE CARDS ***
Necromadx: raises $3 to $6
cepzorr: calls $3
*** FLOP *** [Jc 4d 6h]
cepzorr: bets $3
Necromadx: calls $3
*** TURN *** [Jc 4d 6h] [4s]
cepzorr: bets $6
Necromadx: raises $6 to $12
cepzorr: raises $6 to $18
Necromadx: calls $6
*** RIVER *** [Jc 4d 6h 4s] [7c]
cepzorr: bets $6
Necromadx: calls $6
*** SHOW DOWN ***
cepzorr: shows [3s 4c] (three of a kind, Fours)
Necromadx: shows [Th 4h] (three of a kind, Fours - Jack+Ten kicker)
Necromadx collected $65.50 from pot
*** SUMMARY ***
Total pot $66 | Rake $0.50
Board [Jc 4d 6h 4s 7c]
Seat 1: cepzorr (big blind) showed [3s 4c] and lost with three of a kind, Fours
Seat 2: Necromadx (button) (small blind) showed [Th 4h] and won ($65.50) with three of a kind, Fours


