PokerStars Hand #147291018170:  Hold'em Limit ($3/$6 USD) - 2016/01/18 22:47:24 ET
Table 'Philoctetes' 10-max Seat #1 is the button
Seat 1: SmellyToes4u ($120 in chips)
Seat 5: Sunny1022 ($100.67 in chips)
SmellyToes4u: posts small blind $1
Sunny1022: posts big blind $3
*** HOLE CARDS ***
SmellyToes4u: raises $3 to $6
Sunny1022: calls $3
*** FLOP *** [4c 3s 5d]
Sunny1022: checks
SmellyToes4u: bets $3
Sunny1022: calls $3
*** TURN *** [4c 3s 5d] [6s]
Sunny1022: checks
SmellyToes4u: checks
*** RIVER *** [4c 3s 5d 6s] [3h]
Sunny1022: checks
SmellyToes4u: bets $6
Sunny1022: folds
Uncalled bet ($6) returned to SmellyToes4u
SmellyToes4u collected $17.64 from pot
SmellyToes4u: doesn't show hand
*** SUMMARY ***
Total pot $18 | Rake $0.36
Board [4c 3s 5d 6s 3h]
Seat 1: SmellyToes4u (button) (small blind) collected ($17.64)
Seat 5: Sunny1022 (big blind) folded on the River


PokerStars Hand #147291032510:  Hold'em Limit ($3/$6 USD) - 2016/01/18 22:48:05 ET
Table 'Philoctetes' 10-max Seat #5 is the button
Seat 1: SmellyToes4u ($125.64 in chips)
Seat 5: Sunny1022 ($94.43 in chips)
Sunny1022: posts small blind $1
SmellyToes4u: posts big blind $3
*** HOLE CARDS ***
Sunny1022: raises $3 to $6
SmellyToes4u: raises $3 to $9
Sunny1022: calls $3
*** FLOP *** [7c 9h Jh]
SmellyToes4u: bets $3
Sunny1022: calls $3
*** TURN *** [7c 9h Jh] [7h]
SmellyToes4u: bets $6
Sunny1022: folds
Uncalled bet ($6) returned to SmellyToes4u
SmellyToes4u collected $23.52 from pot
SmellyToes4u: doesn't show hand
*** SUMMARY ***
Total pot $24 | Rake $0.48
Board [7c 9h Jh 7h]
Seat 1: SmellyToes4u (big blind) collected ($23.52)
Seat 5: Sunny1022 (button) (small blind) folded on the Turn


PokerStars Hand #147291030580:  Hold'em Limit ($3/$6 USD) - 2016/01/18 22:47:59 ET
Table 'Philoctetes' 10-max Seat #1 is the button
Seat 1: SmellyToes4u ($122.64 in chips)
Seat 5: Sunny1022 ($97.43 in chips)
SmellyToes4u: posts small blind $1
Sunny1022: posts big blind $3
*** HOLE CARDS ***
SmellyToes4u: raises $3 to $6
Sunny1022: folds
Uncalled bet ($3) returned to SmellyToes4u
SmellyToes4u collected $6 from pot
SmellyToes4u: doesn't show hand
*** SUMMARY ***
Total pot $6 | Rake $0
Seat 1: SmellyToes4u (button) (small blind) collected ($6)
Seat 5: Sunny1022 (big blind) folded before Flop


PokerStars Hand #147291026303:  Hold'em Limit ($3/$6 USD) - 2016/01/18 22:47:47 ET
Table 'Philoctetes' 10-max Seat #5 is the button
Seat 1: SmellyToes4u ($128.64 in chips)
Seat 5: Sunny1022 ($91.67 in chips)
Sunny1022: posts small blind $1
SmellyToes4u: posts big blind $3
*** HOLE CARDS ***
Sunny1022: raises $3 to $6
SmellyToes4u: calls $3
*** FLOP *** [9c 8s 2h]
SmellyToes4u: checks
Sunny1022: bets $3
SmellyToes4u: folds
Uncalled bet ($3) returned to Sunny1022
Sunny1022 collected $11.76 from pot
Sunny1022: doesn't show hand
*** SUMMARY ***
Total pot $12 | Rake $0.24
Board [9c 8s 2h]
Seat 1: SmellyToes4u (big blind) folded on the Flop
Seat 5: Sunny1022 (button) (small blind) collected ($11.76)


PokerStars Hand #147291046652:  Hold'em Limit ($3/$6 USD) - 2016/01/18 22:48:46 ET
Table 'Philoctetes' 10-max Seat #1 is the button
Seat 1: SmellyToes4u ($152.66 in chips)
Seat 5: Sunny1022 ($66.43 in chips)
SmellyToes4u: posts small blind $1
Sunny1022: posts big blind $3
*** HOLE CARDS ***
SmellyToes4u: raises $3 to $6
Sunny1022: folds
Uncalled bet ($3) returned to SmellyToes4u
SmellyToes4u collected $6 from pot
SmellyToes4u: doesn't show hand
*** SUMMARY ***
Total pot $6 | Rake $0
Seat 1: SmellyToes4u (button) (small blind) collected ($6)
Seat 5: Sunny1022 (big blind) folded before Flop


PokerStars Hand #147291044939:  Hold'em Limit ($3/$6 USD) - 2016/01/18 22:48:41 ET
Table 'Philoctetes' 10-max Seat #5 is the button
Seat 1: SmellyToes4u ($151.66 in chips)
Seat 5: Sunny1022 ($67.43 in chips)
Sunny1022: posts small blind $1
SmellyToes4u: posts big blind $3
*** HOLE CARDS ***
Sunny1022: folds
Uncalled bet ($2) returned to SmellyToes4u
SmellyToes4u collected $2 from pot
SmellyToes4u: doesn't show hand
*** SUMMARY ***
Total pot $2 | Rake $0
Seat 1: SmellyToes4u (big blind) collected ($2)
Seat 5: Sunny1022 (button) (small blind) folded before Flop


PokerStars Hand #147291036866:  Hold'em Limit ($3/$6 USD) - 2016/01/18 22:48:18 ET
Table 'Philoctetes' 10-max Seat #1 is the button
Seat 1: SmellyToes4u ($137.16 in chips)
Seat 5: Sunny1022 ($82.43 in chips)
SmellyToes4u: posts small blind $1
Sunny1022: posts big blind $3
*** HOLE CARDS ***
SmellyToes4u: raises $3 to $6
Sunny1022: calls $3
*** FLOP *** [Kh 4s Qh]
Sunny1022: checks
SmellyToes4u: bets $3
Sunny1022: calls $3
*** TURN *** [Kh 4s Qh] [8h]
Sunny1022: checks
SmellyToes4u: checks
*** RIVER *** [Kh 4s Qh 8h] [Qs]
Sunny1022: checks
SmellyToes4u: bets $6
Sunny1022: calls $6
*** SHOW DOWN ***
SmellyToes4u: shows [9h 8d] (two pair, Queens and Eights)
Sunny1022: mucks hand
SmellyToes4u collected $29.50 from pot
*** SUMMARY ***
Total pot $30 | Rake $0.50
Board [Kh 4s Qh 8h Qs]
Seat 1: SmellyToes4u (button) (small blind) showed [9h 8d] and won ($29.50) with two pair, Queens and Eights
Seat 5: Sunny1022 (big blind) mucked


PokerStars Hand #147291062394:  Hold'em Limit ($3/$6 USD) - 2016/01/18 22:49:32 ET
Table 'Philoctetes' 10-max Seat #5 is the button
Seat 1: SmellyToes4u ($162.16 in chips)
Seat 5: Sunny1022 ($55.93 in chips)
Sunny1022: posts small blind $1
SmellyToes4u: posts big blind $3
*** HOLE CARDS ***
Sunny1022: folds
Uncalled bet ($2) returned to SmellyToes4u
SmellyToes4u collected $2 from pot
SmellyToes4u: doesn't show hand
*** SUMMARY ***
Total pot $2 | Rake $0
Seat 1: SmellyToes4u (big blind) collected ($2)
Seat 5: Sunny1022 (button) (small blind) folded before Flop


PokerStars Hand #147291060166:  Hold'em Limit ($3/$6 USD) - 2016/01/18 22:49:25 ET
Table 'Philoctetes' 10-max Seat #1 is the button
Seat 1: SmellyToes4u ($159.16 in chips)
Seat 5: Sunny1022 ($58.93 in chips)
SmellyToes4u: posts small blind $1
Sunny1022: posts big blind $3
*** HOLE CARDS ***
SmellyToes4u: raises $3 to $6
Sunny1022: folds
Uncalled bet ($3) returned to SmellyToes4u
SmellyToes4u collected $6 from pot
SmellyToes4u: doesn't show hand
*** SUMMARY ***
Total pot $6 | Rake $0
Seat 1: SmellyToes4u (button) (small blind) collected ($6)
Seat 5: Sunny1022 (big blind) folded before Flop


PokerStars Hand #147291058509:  Hold'em Limit ($3/$6 USD) - 2016/01/18 22:49:20 ET
Table 'Philoctetes' 10-max Seat #5 is the button
Seat 1: SmellyToes4u ($158.16 in chips)
Seat 5: Sunny1022 ($59.93 in chips)
Sunny1022: posts small blind $1
SmellyToes4u: posts big blind $3
*** HOLE CARDS ***
Sunny1022: folds
Uncalled bet ($2) returned to SmellyToes4u
SmellyToes4u collected $2 from pot
SmellyToes4u: doesn't show hand
*** SUMMARY ***
Total pot $2 | Rake $0
Seat 1: SmellyToes4u (big blind) collected ($2)
Seat 5: Sunny1022 (button) (small blind) folded before Flop


PokerStars Hand #147291053537:  Hold'em Limit ($3/$6 USD) - 2016/01/18 22:49:06 ET
Table 'Philoctetes' 10-max Seat #1 is the button
Seat 1: SmellyToes4u ($173.16 in chips)
Seat 5: Sunny1022 ($45.43 in chips)
SmellyToes4u: posts small blind $1
Sunny1022: posts big blind $3
*** HOLE CARDS ***
SmellyToes4u: raises $3 to $6
Sunny1022: calls $3
*** FLOP *** [Qh 9d 6s]
Sunny1022: checks
SmellyToes4u: bets $3
Sunny1022: calls $3
*** TURN *** [Qh 9d 6s] [Qs]
Sunny1022: checks
SmellyToes4u: bets $6
Sunny1022: calls $6
*** RIVER *** [Qh 9d 6s Qs] [6c]
Sunny1022: checks
SmellyToes4u: checks
*** SHOW DOWN ***
Sunny1022: shows [5h 6d] (a full house, Sixes full of Queens)
SmellyToes4u: mucks hand
Sunny1022 collected $29.50 from pot
*** SUMMARY ***
Total pot $30 | Rake $0.50
Board [Qh 9d 6s Qs 6c]
Seat 1: SmellyToes4u (button) (small blind) mucked
Seat 5: Sunny1022 (big blind) showed [5h 6d] and won ($29.50) with a full house, Sixes full of Queens


PokerStars Hand #147291048625:  Hold'em Limit ($3/$6 USD) - 2016/01/18 22:48:52 ET
Table 'Philoctetes' 10-max Seat #5 is the button
Seat 1: SmellyToes4u ($155.66 in chips)
Seat 5: Sunny1022 ($63.43 in chips)
Sunny1022: posts small blind $1
SmellyToes4u: posts big blind $3
*** HOLE CARDS ***
Sunny1022: raises $3 to $6
SmellyToes4u: calls $3
*** FLOP *** [3h 5h 6s]
SmellyToes4u: checks
Sunny1022: bets $3
SmellyToes4u: raises $3 to $6
Sunny1022: calls $3
*** TURN *** [3h 5h 6s] [Th]
SmellyToes4u: bets $6
Sunny1022: calls $6
*** RIVER *** [3h 5h 6s Th] [Ac]
SmellyToes4u: bets $6
Sunny1022: folds
Uncalled bet ($6) returned to SmellyToes4u
SmellyToes4u collected $35.50 from pot
SmellyToes4u: doesn't show hand
*** SUMMARY ***
Total pot $36 | Rake $0.50
Board [3h 5h 6s Th Ac]
Seat 1: SmellyToes4u (big blind) collected ($35.50)
Seat 5: Sunny1022 (button) (small blind) folded on the River


PokerStars Hand #147291064044:  Hold'em Limit ($3/$6 USD) - 2016/01/18 22:49:36 ET
Table 'Philoctetes' 10-max Seat #1 is the button
Seat 1: SmellyToes4u ($163.16 in chips)
Seat 5: Sunny1022 ($54.93 in chips)
SmellyToes4u: posts small blind $1
Sunny1022: posts big blind $3
*** HOLE CARDS ***
SmellyToes4u: folds
Uncalled bet ($2) returned to Sunny1022
Sunny1022 collected $2 from pot
Sunny1022: doesn't show hand
*** SUMMARY ***
Total pot $2 | Rake $0
Seat 1: SmellyToes4u (button) (small blind) folded before Flop
Seat 5: Sunny1022 (big blind) collected ($2)


PokerStars Hand #147291086924:  Hold'em Limit ($3/$6 USD) - 2016/01/18 22:50:43 ET
Table 'Philoctetes' 10-max Seat #1 is the button
Seat 1: SmellyToes4u ($145.04 in chips)
Seat 5: Sunny1022 ($72.07 in chips)
SmellyToes4u: posts small blind $1
Sunny1022: posts big blind $3
*** HOLE CARDS ***
SmellyToes4u: raises $3 to $6
Sunny1022: folds
Uncalled bet ($3) returned to SmellyToes4u
SmellyToes4u collected $6 from pot
SmellyToes4u: doesn't show hand
*** SUMMARY ***
Total pot $6 | Rake $0
Seat 1: SmellyToes4u (button) (small blind) collected ($6)
Seat 5: Sunny1022 (big blind) folded before Flop


PokerStars Hand #147291085138:  Hold'em Limit ($3/$6 USD) - 2016/01/18 22:50:38 ET
Table 'Philoctetes' 10-max Seat #5 is the button
Seat 1: SmellyToes4u ($144.04 in chips)
Seat 5: Sunny1022 ($73.07 in chips)
Sunny1022: posts small blind $1
SmellyToes4u: posts big blind $3
*** HOLE CARDS ***
Sunny1022: folds
Uncalled bet ($2) returned to SmellyToes4u
SmellyToes4u collected $2 from pot
SmellyToes4u: doesn't show hand
*** SUMMARY ***
Total pot $2 | Rake $0
Seat 1: SmellyToes4u (big blind) collected ($2)
Seat 5: Sunny1022 (button) (small blind) folded before Flop


PokerStars Hand #147291079399:  Hold'em Limit ($3/$6 USD) - 2016/01/18 22:50:21 ET
Table 'Philoctetes' 10-max Seat #1 is the button
Seat 1: SmellyToes4u ($159.04 in chips)
Seat 5: Sunny1022 ($58.57 in chips)
SmellyToes4u: posts small blind $1
Sunny1022: posts big blind $3
*** HOLE CARDS ***
SmellyToes4u: raises $3 to $6
Sunny1022: calls $3
*** FLOP *** [Ad 8c 2c]
Sunny1022: checks
SmellyToes4u: bets $3
Sunny1022: calls $3
*** TURN *** [Ad 8c 2c] [Ah]
Sunny1022: checks
SmellyToes4u: bets $6
Sunny1022: calls $6
*** RIVER *** [Ad 8c 2c Ah] [3s]
Sunny1022: checks
SmellyToes4u: checks
*** SHOW DOWN ***
Sunny1022: shows [4d 4c] (two pair, Aces and Fours)
SmellyToes4u: mucks hand
Sunny1022 collected $29.50 from pot
*** SUMMARY ***
Total pot $30 | Rake $0.50
Board [Ad 8c 2c Ah 3s]
Seat 1: SmellyToes4u (button) (small blind) mucked
Seat 5: Sunny1022 (big blind) showed [4d 4c] and won ($29.50) with two pair, Aces and Fours


PokerStars Hand #147291074612:  Hold'em Limit ($3/$6 USD) - 2016/01/18 22:50:07 ET
Table 'Philoctetes' 10-max Seat #5 is the button
Seat 1: SmellyToes4u ($159.16 in chips)
Seat 5: Sunny1022 ($58.69 in chips)
Sunny1022: posts small blind $1
SmellyToes4u: posts big blind $3
*** HOLE CARDS ***
Sunny1022: raises $3 to $6
SmellyToes4u: calls $3
*** FLOP *** [7h Kc 9c]
SmellyToes4u: checks
Sunny1022: checks
*** TURN *** [7h Kc 9c] [7d]
SmellyToes4u: checks
Sunny1022: checks
*** RIVER *** [7h Kc 9c 7d] [6d]
SmellyToes4u: checks
Sunny1022: checks
*** SHOW DOWN ***
SmellyToes4u: shows [2h 4h] (a pair of Sevens)
Sunny1022: shows [5h 3h] (a pair of Sevens)
SmellyToes4u collected $5.88 from pot
Sunny1022 collected $5.88 from pot
*** SUMMARY ***
Total pot $12 | Rake $0.24
Board [7h Kc 9c 7d 6d]
Seat 1: SmellyToes4u (big blind) showed [2h 4h] and won ($5.88) with a pair of Sevens
Seat 5: Sunny1022 (button) (small blind) showed [5h 3h] and won ($5.88) with a pair of Sevens


PokerStars Hand #147291072673:  Hold'em Limit ($3/$6 USD) - 2016/01/18 22:50:01 ET
Table 'Philoctetes' 10-max Seat #1 is the button
Seat 1: SmellyToes4u ($156.16 in chips)
Seat 5: Sunny1022 ($61.69 in chips)
SmellyToes4u: posts small blind $1
Sunny1022: posts big blind $3
*** HOLE CARDS ***
SmellyToes4u: raises $3 to $6
Sunny1022: folds
Uncalled bet ($3) returned to SmellyToes4u
SmellyToes4u collected $6 from pot
SmellyToes4u: doesn't show hand
*** SUMMARY ***
Total pot $6 | Rake $0
Seat 1: SmellyToes4u (button) (small blind) collected ($6)
Seat 5: Sunny1022 (big blind) folded before Flop


PokerStars Hand #147291066057:  Hold'em Limit ($3/$6 USD) - 2016/01/18 22:49:42 ET
Table 'Philoctetes' 10-max Seat #5 is the button
Seat 1: SmellyToes4u ($162.16 in chips)
Seat 5: Sunny1022 ($55.93 in chips)
Sunny1022: posts small blind $1
SmellyToes4u: posts big blind $3
*** HOLE CARDS ***
Sunny1022: raises $3 to $6
SmellyToes4u: calls $3
*** FLOP *** [Ah 9c Ts]
SmellyToes4u: checks
Sunny1022: checks
*** TURN *** [Ah 9c Ts] [6s]
SmellyToes4u: checks
Sunny1022: checks
*** RIVER *** [Ah 9c Ts 6s] [Kc]
SmellyToes4u: checks
Sunny1022: bets $6
SmellyToes4u: folds
Uncalled bet ($6) returned to Sunny1022
Sunny1022 collected $11.76 from pot
Sunny1022: doesn't show hand
*** SUMMARY ***
Total pot $12 | Rake $0.24
Board [Ah 9c Ts 6s Kc]
Seat 1: SmellyToes4u (big blind) folded on the River
Seat 5: Sunny1022 (button) (small blind) collected ($11.76)


PokerStars Hand #147291106572:  Hold'em Limit ($3/$6 USD) - 2016/01/18 22:51:40 ET
Table 'Philoctetes' 10-max Seat #1 is the button
Seat 1: SmellyToes4u ($138.44 in chips)
Seat 5: Sunny1022 ($77.57 in chips)
SmellyToes4u: posts small blind $1
Sunny1022: posts big blind $3
*** HOLE CARDS ***
SmellyToes4u: folds
Uncalled bet ($2) returned to Sunny1022
Sunny1022 collected $2 from pot
Sunny1022: doesn't show hand
*** SUMMARY ***
Total pot $2 | Rake $0
Seat 1: SmellyToes4u (button) (small blind) folded before Flop
Seat 5: Sunny1022 (big blind) collected ($2)


PokerStars Hand #147291104957:  Hold'em Limit ($3/$6 USD) - 2016/01/18 22:51:35 ET
Table 'Philoctetes' 10-max Seat #5 is the button
Seat 1: SmellyToes4u ($137.44 in chips)
Seat 5: Sunny1022 ($78.57 in chips)
Sunny1022: posts small blind $1
SmellyToes4u: posts big blind $3
*** HOLE CARDS ***
Sunny1022: folds
Uncalled bet ($2) returned to SmellyToes4u
SmellyToes4u collected $2 from pot
SmellyToes4u: doesn't show hand
*** SUMMARY ***
Total pot $2 | Rake $0
Seat 1: SmellyToes4u (big blind) collected ($2)
Seat 5: Sunny1022 (button) (small blind) folded before Flop


PokerStars Hand #147291103371:  Hold'em Limit ($3/$6 USD) - 2016/01/18 22:51:31 ET
Table 'Philoctetes' 10-max Seat #1 is the button
Seat 1: SmellyToes4u ($138.44 in chips)
Seat 5: Sunny1022 ($77.57 in chips)
SmellyToes4u: posts small blind $1
Sunny1022: posts big blind $3
*** HOLE CARDS ***
SmellyToes4u: folds
Uncalled bet ($2) returned to Sunny1022
Sunny1022 collected $2 from pot
Sunny1022: doesn't show hand
*** SUMMARY ***
Total pot $2 | Rake $0
Seat 1: SmellyToes4u (button) (small blind) folded before Flop
Seat 5: Sunny1022 (big blind) collected ($2)


PokerStars Hand #147291098931:  Hold'em Limit ($3/$6 USD) - 2016/01/18 22:51:18 ET
Table 'Philoctetes' 10-max Seat #5 is the button
Seat 1: SmellyToes4u ($132.68 in chips)
Seat 5: Sunny1022 ($83.57 in chips)
Sunny1022: posts small blind $1
SmellyToes4u: posts big blind $3
*** HOLE CARDS ***
Sunny1022: raises $3 to $6
SmellyToes4u: calls $3
*** FLOP *** [5d Jc Kd]
SmellyToes4u: checks
Sunny1022: checks
*** TURN *** [5d Jc Kd] [Js]
SmellyToes4u: bets $6
Sunny1022: folds
Uncalled bet ($6) returned to SmellyToes4u
SmellyToes4u collected $11.76 from pot
SmellyToes4u: doesn't show hand
*** SUMMARY ***
Total pot $12 | Rake $0.24
Board [5d Jc Kd Js]
Seat 1: SmellyToes4u (big blind) collected ($11.76)
Seat 5: Sunny1022 (button) (small blind) folded on the Turn


PokerStars Hand #147291092980:  Hold'em Limit ($3/$6 USD) - 2016/01/18 22:51:01 ET
Table 'Philoctetes' 10-max Seat #1 is the button
Seat 1: SmellyToes4u ($156.68 in chips)
Seat 5: Sunny1022 ($60.07 in chips)
SmellyToes4u: posts small blind $1
Sunny1022: posts big blind $3
*** HOLE CARDS ***
SmellyToes4u: raises $3 to $6
Sunny1022: raises $3 to $9
SmellyToes4u: calls $3
*** FLOP *** [7c 3h 3d]
Sunny1022: bets $3
SmellyToes4u: calls $3
*** TURN *** [7c 3h 3d] [Kd]
Sunny1022: bets $6
SmellyToes4u: calls $6
*** RIVER *** [7c 3h 3d Kd] [Js]
Sunny1022: bets $6
SmellyToes4u: calls $6
*** SHOW DOWN ***
Sunny1022: shows [Td Kc] (two pair, Kings and Threes)
SmellyToes4u: mucks hand
Sunny1022 collected $47.50 from pot
*** SUMMARY ***
Total pot $48 | Rake $0.50
Board [7c 3h 3d Kd Js]
Seat 1: SmellyToes4u (button) (small blind) mucked
Seat 5: Sunny1022 (big blind) showed [Td Kc] and won ($47.50) with two pair, Kings and Threes


PokerStars Hand #147291090062:  Hold'em Limit ($3/$6 USD) - 2016/01/18 22:50:52 ET
Table 'Philoctetes' 10-max Seat #5 is the button
Seat 1: SmellyToes4u ($148.04 in chips)
Seat 5: Sunny1022 ($69.07 in chips)
Sunny1022: posts small blind $1
SmellyToes4u: posts big blind $3
*** HOLE CARDS ***
Sunny1022: raises $3 to $6
SmellyToes4u: raises $3 to $9
Sunny1022: calls $3
*** FLOP *** [Ks 5h 7h]
SmellyToes4u: bets $3
Sunny1022: folds
Uncalled bet ($3) returned to SmellyToes4u
SmellyToes4u collected $17.64 from pot
SmellyToes4u: doesn't show hand
*** SUMMARY ***
Total pot $18 | Rake $0.36
Board [Ks 5h 7h]
Seat 1: SmellyToes4u (big blind) collected ($17.64)
Seat 5: Sunny1022 (button) (small blind) folded on the Flop


PokerStars Hand #147291128428:  Hold'em Limit ($3/$6 USD) - 2016/01/18 22:52:44 ET
Table 'Philoctetes' 10-max Seat #5 is the button
Seat 1: SmellyToes4u ($148.34 in chips)
Seat 5: Sunny1022 ($66.07 in chips)
Sunny1022: posts small blind $1
SmellyToes4u: posts big blind $3
*** HOLE CARDS ***
Sunny1022: raises $3 to $6
SmellyToes4u: calls $3
*** FLOP *** [Td 3d Ts]
SmellyToes4u: checks
Sunny1022: bets $3
SmellyToes4u: raises $3 to $6
Sunny1022: folds
Uncalled bet ($3) returned to SmellyToes4u
SmellyToes4u collected $17.64 from pot
SmellyToes4u: doesn't show hand
*** SUMMARY ***
Total pot $18 | Rake $0.36
Board [Td 3d Ts]
Seat 1: SmellyToes4u (big blind) collected ($17.64)
Seat 5: Sunny1022 (button) (small blind) folded on the Flop


PokerStars Hand #147291124645:  Hold'em Limit ($3/$6 USD) - 2016/01/18 22:52:33 ET
Table 'Philoctetes' 10-max Seat #1 is the button
Seat 1: SmellyToes4u ($142.58 in chips)
Seat 5: Sunny1022 ($72.07 in chips)
SmellyToes4u: posts small blind $1
Sunny1022: posts big blind $3
*** HOLE CARDS ***
SmellyToes4u: raises $3 to $6
Sunny1022: calls $3
*** FLOP *** [8h Qh Jd]
Sunny1022: checks
SmellyToes4u: bets $3
Sunny1022: folds
Uncalled bet ($3) returned to SmellyToes4u
SmellyToes4u collected $11.76 from pot
SmellyToes4u: doesn't show hand
*** SUMMARY ***
Total pot $12 | Rake $0.24
Board [8h Qh Jd]
Seat 1: SmellyToes4u (button) (small blind) collected ($11.76)
Seat 5: Sunny1022 (big blind) folded on the Flop


PokerStars Hand #147291118334:  Hold'em Limit ($3/$6 USD) - 2016/01/18 22:52:14 ET
Table 'Philoctetes' 10-max Seat #5 is the button
Seat 1: SmellyToes4u ($169.58 in chips)
Seat 5: Sunny1022 ($45.57 in chips)
Sunny1022: posts small blind $1
SmellyToes4u: posts big blind $3
*** HOLE CARDS ***
Sunny1022: raises $3 to $6
SmellyToes4u: raises $3 to $9
Sunny1022: raises $3 to $12
Betting is capped
SmellyToes4u: calls $3
*** FLOP *** [As Js 7d]
SmellyToes4u: checks
Sunny1022: bets $3
SmellyToes4u: calls $3
*** TURN *** [As Js 7d] [Kh]
SmellyToes4u: checks
Sunny1022: bets $6
SmellyToes4u: calls $6
*** RIVER *** [As Js 7d Kh] [8s]
SmellyToes4u: checks
Sunny1022: bets $6
SmellyToes4u: calls $6
*** SHOW DOWN ***
Sunny1022: shows [Kc Ad] (two pair, Aces and Kings)
SmellyToes4u: mucks hand
Sunny1022 collected $53.50 from pot
*** SUMMARY ***
Total pot $54 | Rake $0.50
Board [As Js 7d Kh 8s]
Seat 1: SmellyToes4u (big blind) mucked
Seat 5: Sunny1022 (button) (small blind) showed [Kc Ad] and won ($53.50) with two pair, Aces and Kings


PokerStars Hand #147291113051:  Hold'em Limit ($3/$6 USD) - 2016/01/18 22:51:59 ET
Table 'Philoctetes' 10-max Seat #1 is the button
Seat 1: SmellyToes4u ($160.94 in chips)
Seat 5: Sunny1022 ($54.57 in chips)
SmellyToes4u: posts small blind $1
Sunny1022: posts big blind $3
*** HOLE CARDS ***
SmellyToes4u: raises $3 to $6
Sunny1022: calls $3
*** FLOP *** [4h Js Th]
Sunny1022: checks
SmellyToes4u: bets $3
Sunny1022: calls $3
*** TURN *** [4h Js Th] [5c]
Sunny1022: checks
SmellyToes4u: bets $6
Sunny1022: folds
Uncalled bet ($6) returned to SmellyToes4u
SmellyToes4u collected $17.64 from pot
SmellyToes4u: doesn't show hand
*** SUMMARY ***
Total pot $18 | Rake $0.36
Board [4h Js Th 5c]
Seat 1: SmellyToes4u (button) (small blind) collected ($17.64)
Seat 5: Sunny1022 (big blind) folded on the Turn


PokerStars Hand #147291108164:  Hold'em Limit ($3/$6 USD) - 2016/01/18 22:51:45 ET
Table 'Philoctetes' 10-max Seat #5 is the button
Seat 1: SmellyToes4u ($137.44 in chips)
Seat 5: Sunny1022 ($78.57 in chips)
Sunny1022: posts small blind $1
SmellyToes4u: posts big blind $3
*** HOLE CARDS ***
Sunny1022: raises $3 to $6
SmellyToes4u: raises $3 to $9
Sunny1022: calls $3
*** FLOP *** [Kh 3c 9d]
SmellyToes4u: bets $3
Sunny1022: calls $3
*** TURN *** [Kh 3c 9d] [Js]
SmellyToes4u: bets $6
Sunny1022: calls $6
*** RIVER *** [Kh 3c 9d Js] [Kc]
SmellyToes4u: bets $6
Sunny1022: calls $6
*** SHOW DOWN ***
SmellyToes4u: shows [Ts Jh] (two pair, Kings and Jacks)
Sunny1022: mucks hand
SmellyToes4u collected $47.50 from pot
*** SUMMARY ***
Total pot $48 | Rake $0.50
Board [Kh 3c 9d Js Kc]
Seat 1: SmellyToes4u (big blind) showed [Ts Jh] and won ($47.50) with two pair, Kings and Jacks
Seat 5: Sunny1022 (button) (small blind) mucked


PokerStars Hand #147291139937:  Hold'em Limit ($3/$6 USD) - 2016/01/18 22:53:18 ET
Table 'Philoctetes' 10-max Seat #1 is the button
Seat 1: SmellyToes4u ($162.62 in chips)
Seat 5: Sunny1022 ($51.07 in chips)
SmellyToes4u: posts small blind $1
Sunny1022: posts big blind $3
*** HOLE CARDS ***
SmellyToes4u: raises $3 to $6
Sunny1022: calls $3
*** FLOP *** [Qh Kd Ah]
Sunny1022: checks
SmellyToes4u: bets $3
Sunny1022: calls $3
*** TURN *** [Qh Kd Ah] [Qc]
Sunny1022: checks
SmellyToes4u: bets $6
Sunny1022: raises $6 to $12
SmellyToes4u: folds
Uncalled bet ($6) returned to Sunny1022
Sunny1022 collected $29.50 from pot
Sunny1022: doesn't show hand
*** SUMMARY ***
Total pot $30 | Rake $0.50
Board [Qh Kd Ah Qc]
Seat 1: SmellyToes4u (button) (small blind) folded on the Turn
Seat 5: Sunny1022 (big blind) collected ($29.50)


PokerStars Hand #147291136941:  Hold'em Limit ($3/$6 USD) - 2016/01/18 22:53:09 ET
Table 'Philoctetes' 10-max Seat #5 is the button
Seat 1: SmellyToes4u ($165.62 in chips)
Seat 5: Sunny1022 ($48.07 in chips)
Sunny1022: posts small blind $1
SmellyToes4u: posts big blind $3
*** HOLE CARDS ***
Sunny1022: raises $3 to $6
SmellyToes4u: folds
Uncalled bet ($3) returned to Sunny1022
Sunny1022 collected $6 from pot
Sunny1022: doesn't show hand
*** SUMMARY ***
Total pot $6 | Rake $0
Seat 1: SmellyToes4u (big blind) folded before Flop
Seat 5: Sunny1022 (button) (small blind) collected ($6)


PokerStars Hand #147291132665:  Hold'em Limit ($3/$6 USD) - 2016/01/18 22:52:57 ET
Table 'Philoctetes' 10-max Seat #1 is the button
Seat 1: SmellyToes4u ($156.98 in chips)
Seat 5: Sunny1022 ($57.07 in chips)
SmellyToes4u: posts small blind $1
Sunny1022: posts big blind $3
*** HOLE CARDS ***
SmellyToes4u: raises $3 to $6
Sunny1022: calls $3
*** FLOP *** [Ad Js 5s]
Sunny1022: checks
SmellyToes4u: bets $3
Sunny1022: calls $3
*** TURN *** [Ad Js 5s] [7h]
Sunny1022: checks
SmellyToes4u: bets $6
Sunny1022: folds
Uncalled bet ($6) returned to SmellyToes4u
SmellyToes4u collected $17.64 from pot
SmellyToes4u: doesn't show hand
*** SUMMARY ***
Total pot $18 | Rake $0.36
Board [Ad Js 5s 7h]
Seat 1: SmellyToes4u (button) (small blind) collected ($17.64)
Seat 5: Sunny1022 (big blind) folded on the Turn


PokerStars Hand #147291144323:  Hold'em Limit ($3/$6 USD) - 2016/01/18 22:53:31 ET
Table 'Philoctetes' 10-max Seat #5 is the button
Seat 1: SmellyToes4u ($147.62 in chips)
Seat 5: Sunny1022 ($65.57 in chips)
Sunny1022: posts small blind $1
SmellyToes4u: posts big blind $3
*** HOLE CARDS ***
Sunny1022: raises $3 to $6
SmellyToes4u: calls $3
*** FLOP *** [6h 4s 5d]
SmellyToes4u: checks
Sunny1022: checks
*** TURN *** [6h 4s 5d] [6s]
SmellyToes4u: bets $6
Sunny1022: folds
Uncalled bet ($6) returned to SmellyToes4u
SmellyToes4u collected $11.76 from pot
SmellyToes4u: doesn't show hand
*** SUMMARY ***
Total pot $12 | Rake $0.24
Board [6h 4s 5d 6s]
Seat 1: SmellyToes4u (big blind) collected ($11.76)
Seat 5: Sunny1022 (button) (small blind) folded on the Turn


PokerStars Hand #147291160660:  Hold'em Limit ($3/$6 USD) - 2016/01/18 22:54:19 ET
Table 'Philoctetes' 10-max Seat #1 is the button
Seat 1: SmellyToes4u ($138.38 in chips)
Seat 5: Sunny1022 ($73.97 in chips)
SmellyToes4u: posts small blind $1
Sunny1022: posts big blind $3
*** HOLE CARDS ***
SmellyToes4u: raises $3 to $6
Sunny1022: calls $3
*** FLOP *** [6s 9c 2c]
Sunny1022: checks
SmellyToes4u: bets $3
Sunny1022: raises $3 to $6
SmellyToes4u: raises $3 to $9
Sunny1022: calls $3
*** TURN *** [6s 9c 2c] [Jh]
Sunny1022: checks
SmellyToes4u: checks
*** RIVER *** [6s 9c 2c Jh] [6h]
Sunny1022: bets $6
SmellyToes4u: folds
Uncalled bet ($6) returned to Sunny1022
Sunny1022 collected $29.50 from pot
Sunny1022: doesn't show hand
*** SUMMARY ***
Total pot $30 | Rake $0.50
Board [6s 9c 2c Jh 6h]
Seat 1: SmellyToes4u (button) (small blind) folded on the River
Seat 5: Sunny1022 (big blind) collected ($29.50)


PokerStars Hand #147291169856:  Hold'em Limit ($3/$6 USD) - 2016/01/18 22:54:46 ET
Table 'Philoctetes' 10-max Seat #1 is the button
Seat 1: SmellyToes4u ($117.38 in chips)
Seat 5: Sunny1022 ($94.23 in chips)
SmellyToes4u: posts small blind $1
Sunny1022: posts big blind $3
*** HOLE CARDS ***
SmellyToes4u: raises $3 to $6
Sunny1022: folds
Uncalled bet ($3) returned to SmellyToes4u
SmellyToes4u collected $6 from pot
SmellyToes4u: doesn't show hand
*** SUMMARY ***
Total pot $6 | Rake $0
Seat 1: SmellyToes4u (button) (small blind) collected ($6)
Seat 5: Sunny1022 (big blind) folded before Flop


PokerStars Hand #147291166548:  Hold'em Limit ($3/$6 USD) - 2016/01/18 22:54:37 ET
Table 'Philoctetes' 10-max Seat #5 is the button
Seat 1: SmellyToes4u ($123.38 in chips)
Seat 5: Sunny1022 ($88.47 in chips)
Sunny1022: posts small blind $1
SmellyToes4u: posts big blind $3
*** HOLE CARDS ***
Sunny1022: raises $3 to $6
SmellyToes4u: calls $3
*** FLOP *** [2s Tc Kc]
SmellyToes4u: checks
Sunny1022: bets $3
SmellyToes4u: folds
Uncalled bet ($3) returned to Sunny1022
Sunny1022 collected $11.76 from pot
Sunny1022: doesn't show hand
*** SUMMARY ***
Total pot $12 | Rake $0.24
Board [2s Tc Kc]
Seat 1: SmellyToes4u (big blind) folded on the Flop
Seat 5: Sunny1022 (button) (small blind) collected ($11.76)


PokerStars Hand #147291157681:  Hold'em Limit ($3/$6 USD) - 2016/01/18 22:54:10 ET
Table 'Philoctetes' 10-max Seat #5 is the button
Seat 1: SmellyToes4u ($144.38 in chips)
Seat 5: Sunny1022 ($68.21 in chips)
Sunny1022: posts small blind $1
SmellyToes4u: posts big blind $3
*** HOLE CARDS ***
Sunny1022: raises $3 to $6
SmellyToes4u: calls $3
*** FLOP *** [8c 2c Qh]
SmellyToes4u: checks
Sunny1022: bets $3
SmellyToes4u: folds
Uncalled bet ($3) returned to Sunny1022
Sunny1022 collected $11.76 from pot
Sunny1022: doesn't show hand
*** SUMMARY ***
Total pot $12 | Rake $0.24
Board [8c 2c Qh]
Seat 1: SmellyToes4u (big blind) folded on the Flop
Seat 5: Sunny1022 (button) (small blind) collected ($11.76)


PokerStars Hand #147291155410:  Hold'em Limit ($3/$6 USD) - 2016/01/18 22:54:04 ET
Table 'Philoctetes' 10-max Seat #1 is the button
Seat 1: SmellyToes4u ($145.38 in chips)
Seat 5: Sunny1022 ($67.21 in chips)
SmellyToes4u: posts small blind $1
Sunny1022: posts big blind $3
*** HOLE CARDS ***
SmellyToes4u: folds
Uncalled bet ($2) returned to Sunny1022
Sunny1022 collected $2 from pot
Sunny1022: doesn't show hand
*** SUMMARY ***
Total pot $2 | Rake $0
Seat 1: SmellyToes4u (button) (small blind) folded before Flop
Seat 5: Sunny1022 (big blind) collected ($2)


PokerStars Hand #147291153758:  Hold'em Limit ($3/$6 USD) - 2016/01/18 22:53:59 ET
Table 'Philoctetes' 10-max Seat #5 is the button
Seat 1: SmellyToes4u ($144.38 in chips)
Seat 5: Sunny1022 ($68.21 in chips)
Sunny1022: posts small blind $1
SmellyToes4u: posts big blind $3
*** HOLE CARDS ***
Sunny1022: folds
Uncalled bet ($2) returned to SmellyToes4u
SmellyToes4u collected $2 from pot
SmellyToes4u: doesn't show hand
*** SUMMARY ***
Total pot $2 | Rake $0
Seat 1: SmellyToes4u (big blind) collected ($2)
Seat 5: Sunny1022 (button) (small blind) folded before Flop


PokerStars Hand #147291148808:  Hold'em Limit ($3/$6 USD) - 2016/01/18 22:53:44 ET
Table 'Philoctetes' 10-max Seat #1 is the button
Seat 1: SmellyToes4u ($153.38 in chips)
Seat 5: Sunny1022 ($59.57 in chips)
SmellyToes4u: posts small blind $1
Sunny1022: posts big blind $3
*** HOLE CARDS ***
SmellyToes4u: raises $3 to $6
Sunny1022: calls $3
*** FLOP *** [4s 4d 8d]
Sunny1022: checks
SmellyToes4u: bets $3
Sunny1022: calls $3
*** TURN *** [4s 4d 8d] [7h]
Sunny1022: checks
SmellyToes4u: checks
*** RIVER *** [4s 4d 8d 7h] [Ks]
Sunny1022: checks
SmellyToes4u: checks
*** SHOW DOWN ***
Sunny1022: shows [Ah 9d] (a pair of Fours)
SmellyToes4u: mucks hand
Sunny1022 collected $17.64 from pot
*** SUMMARY ***
Total pot $18 | Rake $0.36
Board [4s 4d 8d 7h Ks]
Seat 1: SmellyToes4u (button) (small blind) mucked
Seat 5: Sunny1022 (big blind) showed [Ah 9d] and won ($17.64) with a pair of Fours


PokerStars Hand #147291177112:  Hold'em Limit ($3/$6 USD) - 2016/01/18 22:55:08 ET
Table 'Philoctetes' 10-max Seat #1 is the button
Seat 1: SmellyToes4u ($129.02 in chips)
Seat 5: Sunny1022 ($82.23 in chips)
SmellyToes4u: posts small blind $1
Sunny1022: posts big blind $3
*** HOLE CARDS ***
SmellyToes4u: raises $3 to $6
Sunny1022: calls $3
*** FLOP *** [Jd 7d Qh]
Sunny1022: checks
SmellyToes4u: bets $3
Sunny1022: folds
Uncalled bet ($3) returned to SmellyToes4u
SmellyToes4u collected $11.76 from pot
SmellyToes4u: doesn't show hand
*** SUMMARY ***
Total pot $12 | Rake $0.24
Board [Jd 7d Qh]
Seat 1: SmellyToes4u (button) (small blind) collected ($11.76)
Seat 5: Sunny1022 (big blind) folded on the Flop


PokerStars Hand #147291171799:  Hold'em Limit ($3/$6 USD) - 2016/01/18 22:54:52 ET
Table 'Philoctetes' 10-max Seat #5 is the button
Seat 1: SmellyToes4u ($120.38 in chips)
Seat 5: Sunny1022 ($91.23 in chips)
Sunny1022: posts small blind $1
SmellyToes4u: posts big blind $3
*** HOLE CARDS ***
Sunny1022: raises $3 to $6
iraqi4iraqi joins the table at seat #10
SmellyToes4u: calls $3
*** FLOP *** [Td Jd Qh]
SmellyToes4u: checks
Sunny1022: bets $3
SmellyToes4u: calls $3
*** TURN *** [Td Jd Qh] [Qd]
SmellyToes4u: checks
Sunny1022: checks
*** RIVER *** [Td Jd Qh Qd] [Jh]
SmellyToes4u: bets $6
Sunny1022: folds
Uncalled bet ($6) returned to SmellyToes4u
SmellyToes4u collected $17.64 from pot
SmellyToes4u: doesn't show hand
*** SUMMARY ***
Total pot $18 | Rake $0.36
Board [Td Jd Qh Qd Jh]
Seat 1: SmellyToes4u (big blind) collected ($17.64)
Seat 5: Sunny1022 (button) (small blind) folded on the River


PokerStars Hand #147296557835:  Hold'em Limit ($3/$6 USD) - 2016/01/19 3:50:02 ET
Table 'Philoctetes' 10-max Seat #5 is the button
Seat 5: alfredg ($96.53 in chips)
Seat 6: belik555 ($72 in chips)
alfredg: posts small blind $1
belik555: posts big blind $3
*** HOLE CARDS ***
alfredg: calls $2
belik555: checks
*** FLOP *** [5h 9d 2h]
belik555: checks
alfredg: bets $3
belik555: calls $3
*** TURN *** [5h 9d 2h] [8s]
belik555: checks
alfredg: bets $6
belik555: raises $6 to $12
alfredg: calls $6
*** RIVER *** [5h 9d 2h 8s] [4d]
belik555: bets $6
alfredg: calls $6
*** SHOW DOWN ***
belik555: shows [7c 6h] (a straight, Five to Nine)
alfredg: mucks hand
belik555 collected $47.50 from pot
*** SUMMARY ***
Total pot $48 | Rake $0.50
Board [5h 9d 2h 8s 4d]
Seat 5: alfredg (button) (small blind) mucked
Seat 6: belik555 (big blind) showed [7c 6h] and won ($47.50) with a straight, Five to Nine


PokerStars Hand #147296582501:  Hold'em Limit ($3/$6 USD) - 2016/01/19 3:51:09 ET
Table 'Philoctetes' 10-max Seat #5 is the button
Seat 5: alfredg ($66.53 in chips)
Seat 6: belik555 ($101.26 in chips)
alfredg: posts small blind $1
belik555: posts big blind $3
*** HOLE CARDS ***
alfredg: calls $2
belik555: checks
*** FLOP *** [Js Ks 8d]
belik555: checks
B_loJkl joins the table at seat #7
alfredg: bets $3
belik555: folds
Uncalled bet ($3) returned to alfredg
alfredg collected $5.88 from pot
*** SUMMARY ***
Total pot $6 | Rake $0.12
Board [Js Ks 8d]
Seat 5: alfredg (button) (small blind) collected ($5.88)
Seat 6: belik555 (big blind) folded on the Flop


PokerStars Hand #147296575709:  Hold'em Limit ($3/$6 USD) - 2016/01/19 3:50:51 ET
Table 'Philoctetes' 10-max Seat #6 is the button
Seat 5: alfredg ($72.53 in chips)
Seat 6: belik555 ($95.50 in chips)
belik555: posts small blind $1
alfredg: posts big blind $3
*** HOLE CARDS ***
belik555: raises $3 to $6
alfredg: calls $3
*** FLOP *** [Qc Th 3s]
alfredg: checks
belik555: bets $3
alfredg: folds
Uncalled bet ($3) returned to belik555
belik555 collected $11.76 from pot
belik555: doesn't show hand
*** SUMMARY ***
Total pot $12 | Rake $0.24
Board [Qc Th 3s]
Seat 5: alfredg (big blind) folded on the Flop
Seat 6: belik555 (button) (small blind) collected ($11.76)


PokerStars Hand #147296990433:  Hold'em Limit ($3/$6 USD) - 2016/01/19 4:09:11 ET
Table 'Philoctetes' 10-max Seat #4 is the button
Seat 4: vladal 888 ($83.17 in chips)
Seat 6: belik555 ($228.87 in chips)
vladal 888: posts small blind $1
belik555: posts big blind $3
*** HOLE CARDS ***
vladal 888: folds
Uncalled bet ($2) returned to belik555
belik555 collected $2 from pot
belik555: doesn't show hand
*** SUMMARY ***
Total pot $2 | Rake $0
Seat 4: vladal 888 (button) (small blind) folded before Flop
Seat 6: belik555 (big blind) collected ($2)


PokerStars Hand #147296992435:  Hold'em Limit ($3/$6 USD) - 2016/01/19 4:09:17 ET
Table 'Philoctetes' 10-max Seat #6 is the button
Seat 4: vladal 888 ($82.17 in chips)
Seat 6: belik555 ($229.87 in chips)
belik555: posts small blind $1
vladal 888: posts big blind $3
*** HOLE CARDS ***
belik555: folds
Uncalled bet ($2) returned to vladal 888
vladal 888 collected $2 from pot
*** SUMMARY ***
Total pot $2 | Rake $0
Seat 4: vladal 888 (big blind) collected ($2)
Seat 6: belik555 (button) (small blind) folded before Flop


PokerStars Hand #147296994302:  Hold'em Limit ($3/$6 USD) - 2016/01/19 4:09:21 ET
Table 'Philoctetes' 10-max Seat #4 is the button
Seat 4: vladal 888 ($83.17 in chips)
Seat 6: belik555 ($228.87 in chips)
vladal 888: posts small blind $1
belik555: posts big blind $3
*** HOLE CARDS ***
vladal 888: raises $3 to $6
belik555: calls $3
*** FLOP *** [Js 7h Ts]
belik555: checks
vladal 888: bets $3
belik555: calls $3
*** TURN *** [Js 7h Ts] [Jh]
belik555: checks
vladal 888: checks
*** RIVER *** [Js 7h Ts Jh] [9d]
belik555: checks
vladal 888: bets $6
belik555: calls $6
*** SHOW DOWN ***
vladal 888: shows [Qc Kd] (a straight, Nine to King)
belik555: mucks hand
vladal 888 collected $29.50 from pot
*** SUMMARY ***
Total pot $30 | Rake $0.50
Board [Js 7h Ts Jh 9d]
Seat 4: vladal 888 (button) (small blind) showed [Qc Kd] and won ($29.50) with a straight, Nine to King
Seat 6: belik555 (big blind) mucked


PokerStars Hand #147297007455:  Hold'em Limit ($3/$6 USD) - 2016/01/19 4:09:55 ET
Table 'Philoctetes' 10-max Seat #6 is the button
Seat 4: vladal 888 ($97.67 in chips)
Seat 6: belik555 ($213.87 in chips)
belik555: posts small blind $1
vladal 888: posts big blind $3
*** HOLE CARDS ***
belik555: raises $3 to $6
vladal 888: calls $3
*** FLOP *** [Kc 6s Ah]
vladal 888: checks
belik555: bets $3
vladal 888: calls $3
*** TURN *** [Kc 6s Ah] [6d]
vladal 888: checks
belik555: checks
*** RIVER *** [Kc 6s Ah 6d] [2d]
vladal 888: checks
belik555: bets $6
vladal 888: folds
Uncalled bet ($6) returned to belik555
belik555 collected $17.64 from pot
belik555: doesn't show hand
*** SUMMARY ***
Total pot $18 | Rake $0.36
Board [Kc 6s Ah 6d 2d]
Seat 4: vladal 888 (big blind) folded on the River
Seat 6: belik555 (button) (small blind) collected ($17.64)


PokerStars Hand #147297024990:  Hold'em Limit ($3/$6 USD) - 2016/01/19 4:10:39 ET
Table 'Philoctetes' 10-max Seat #6 is the button
Seat 4: vladal 888 ($91.67 in chips)
Seat 6: belik555 ($219.51 in chips)
belik555: posts small blind $1
vladal 888: posts big blind $3
*** HOLE CARDS ***
belik555: raises $3 to $6
vladal 888: calls $3
*** FLOP *** [4h 6h 6c]
vladal 888: checks
belik555: bets $3
vladal 888: calls $3
*** TURN *** [4h 6h 6c] [5c]
vladal 888: checks
belik555: bets $6
vladal 888: folds
Uncalled bet ($6) returned to belik555
belik555 collected $17.64 from pot
belik555: doesn't show hand
*** SUMMARY ***
Total pot $18 | Rake $0.36
Board [4h 6h 6c 5c]
Seat 4: vladal 888 (big blind) folded on the Turn
Seat 6: belik555 (button) (small blind) collected ($17.64)


PokerStars Hand #147297033252:  Hold'em Limit ($3/$6 USD) - 2016/01/19 4:11:00 ET
Table 'Philoctetes' 10-max Seat #4 is the button
Seat 4: vladal 888 ($82.67 in chips)
Seat 6: belik555 ($228.15 in chips)
vladal 888: posts small blind $1
belik555: posts big blind $3
*** HOLE CARDS ***
vladal 888: raises $3 to $6
belik555: calls $3
*** FLOP *** [3d 2h Jc]
belik555: checks
vladal 888: checks
*** TURN *** [3d 2h Jc] [Qh]
belik555: checks
vladal 888: checks
*** RIVER *** [3d 2h Jc Qh] [4c]
belik555: checks
vladal 888: checks
*** SHOW DOWN ***
belik555: shows [6d 7s] (high card Queen)
vladal 888: shows [8h Kd] (high card King)
vladal 888 collected $11.76 from pot
*** SUMMARY ***
Total pot $12 | Rake $0.24
Board [3d 2h Jc Qh 4c]
Seat 4: vladal 888 (button) (small blind) showed [8h Kd] and won ($11.76) with high card King
Seat 6: belik555 (big blind) showed [6d 7s] and lost with high card Queen


PokerStars Hand #147297018062:  Hold'em Limit ($3/$6 USD) - 2016/01/19 4:10:22 ET
Table 'Philoctetes' 10-max Seat #4 is the button
Seat 4: vladal 888 ($88.67 in chips)
Seat 6: belik555 ($222.51 in chips)
vladal 888: posts small blind $1
belik555: posts big blind $3
*** HOLE CARDS ***
vladal 888: raises $3 to $6
belik555: folds
Uncalled bet ($3) returned to vladal 888
vladal 888 collected $6 from pot
*** SUMMARY ***
Total pot $6 | Rake $0
Seat 4: vladal 888 (button) (small blind) collected ($6)
Seat 6: belik555 (big blind) folded before Flop


PokerStars Hand #147297042983:  Hold'em Limit ($3/$6 USD) - 2016/01/19 4:11:24 ET
Table 'Philoctetes' 10-max Seat #6 is the button
Seat 4: vladal 888 ($88.43 in chips)
Seat 6: belik555 ($222.15 in chips)
belik555: posts small blind $1
vladal 888: posts big blind $3
*** HOLE CARDS ***
belik555: raises $3 to $6
vladal 888: calls $3
*** FLOP *** [4s 6h Th]
vladal 888: checks
belik555: bets $3
vladal 888: raises $3 to $6
belik555: raises $3 to $9
vladal 888: raises $3 to $12
Betting is capped
belik555: calls $3
*** TURN *** [4s 6h Th] [Jh]
vladal 888: bets $6
belik555: calls $6
*** RIVER *** [4s 6h Th Jh] [Tc]
vladal 888: bets $6
belik555: calls $6
*** SHOW DOWN ***
vladal 888: shows [Td 4d] (a full house, Tens full of Fours)
belik555: mucks hand
vladal 888 collected $59.50 from pot
*** SUMMARY ***
Total pot $60 | Rake $0.50
Board [4s 6h Th Jh Tc]
Seat 4: vladal 888 (big blind) showed [Td 4d] and won ($59.50) with a full house, Tens full of Fours
Seat 6: belik555 (button) (small blind) mucked


PokerStars Hand #147297060181:  Hold'em Limit ($3/$6 USD) - 2016/01/19 4:12:08 ET
Table 'Philoctetes' 10-max Seat #4 is the button
Seat 4: vladal 888 ($117.93 in chips)
Seat 6: belik555 ($192.15 in chips)
vladal 888: posts small blind $1
belik555: posts big blind $3
*** HOLE CARDS ***
vladal 888: raises $3 to $6
belik555: calls $3
*** FLOP *** [9c Jc Kh]
belik555: checks
vladal 888: bets $3
belik555: folds
Uncalled bet ($3) returned to vladal 888
vladal 888 collected $11.76 from pot
*** SUMMARY ***
Total pot $12 | Rake $0.24
Board [9c Jc Kh]
Seat 4: vladal 888 (button) (small blind) collected ($11.76)
Seat 6: belik555 (big blind) folded on the Flop


PokerStars Hand #147297066474:  Hold'em Limit ($3/$6 USD) - 2016/01/19 4:12:24 ET
Table 'Philoctetes' 10-max Seat #6 is the button
Seat 4: vladal 888 ($123.69 in chips)
Seat 6: belik555 ($186.15 in chips)
belik555: posts small blind $1
vladal 888: posts big blind $3
*** HOLE CARDS ***
belik555: raises $3 to $6
vladal 888: calls $3
*** FLOP *** [5d 3d 3h]
vladal 888: checks
belik555: bets $3
vladal 888: calls $3
*** TURN *** [5d 3d 3h] [Ts]
vladal 888: checks
belik555: bets $6
vladal 888: raises $6 to $12
belik555: raises $6 to $18
vladal 888: calls $6
*** RIVER *** [5d 3d 3h Ts] [8h]
vladal 888: bets $6
belik555: raises $6 to $12
vladal 888: calls $6
*** SHOW DOWN ***
belik555: shows [3s 6c] (three of a kind, Threes)
vladal 888: mucks hand
belik555 collected $77.50 from pot
*** SUMMARY ***
Total pot $78 | Rake $0.50
Board [5d 3d 3h Ts 8h]
Seat 4: vladal 888 (big blind) mucked
Seat 6: belik555 (button) (small blind) showed [3s 6c] and won ($77.50) with three of a kind, Threes


PokerStars Hand #147297085003:  Hold'em Limit ($3/$6 USD) - 2016/01/19 4:13:11 ET
Table 'Philoctetes' 10-max Seat #4 is the button
Seat 4: vladal 888 ($84.69 in chips)
Seat 6: belik555 ($224.65 in chips)
vladal 888: posts small blind $1
belik555: posts big blind $3
*** HOLE CARDS ***
vladal 888: raises $3 to $6
belik555: calls $3
*** FLOP *** [Qc 4d 9d]
belik555: checks
vladal 888: checks
*** TURN *** [Qc 4d 9d] [3d]
belik555: bets $6
vladal 888: folds
Uncalled bet ($6) returned to belik555
belik555 collected $11.76 from pot
belik555: doesn't show hand
*** SUMMARY ***
Total pot $12 | Rake $0.24
Board [Qc 4d 9d 3d]
Seat 4: vladal 888 (button) (small blind) folded on the Turn
Seat 6: belik555 (big blind) collected ($11.76)


PokerStars Hand #147297091092:  Hold'em Limit ($3/$6 USD) - 2016/01/19 4:13:26 ET
Table 'Philoctetes' 10-max Seat #6 is the button
Seat 4: vladal 888 ($78.69 in chips)
Seat 6: belik555 ($230.41 in chips)
belik555: posts small blind $1
vladal 888: posts big blind $3
*** HOLE CARDS ***
belik555: raises $3 to $6
vladal 888: calls $3
*** FLOP *** [Jd 4d Qd]
vladal 888: checks
belik555: bets $3
vladal 888: calls $3
*** TURN *** [Jd 4d Qd] [Ah]
vladal 888: checks
belik555: checks
*** RIVER *** [Jd 4d Qd Ah] [9c]
vladal 888: bets $6
belik555: folds
Uncalled bet ($6) returned to vladal 888
vladal 888 collected $17.64 from pot
*** SUMMARY ***
Total pot $18 | Rake $0.36
Board [Jd 4d Qd Ah 9c]
Seat 4: vladal 888 (big blind) collected ($17.64)
Seat 6: belik555 (button) (small blind) folded on the River


PokerStars Hand #147297100447:  Hold'em Limit ($3/$6 USD) - 2016/01/19 4:13:50 ET
Table 'Philoctetes' 10-max Seat #4 is the button
Seat 4: vladal 888 ($87.33 in chips)
Seat 6: belik555 ($221.41 in chips)
vladal 888: posts small blind $1
belik555: posts big blind $3
*** HOLE CARDS ***
vladal 888: raises $3 to $6
belik555: calls $3
*** FLOP *** [Qh 3s Qd]
belik555: checks
vladal 888: bets $3
belik555: calls $3
*** TURN *** [Qh 3s Qd] [3h]
belik555: checks
vladal 888: bets $6
belik555: folds
Uncalled bet ($6) returned to vladal 888
vladal 888 collected $17.64 from pot
*** SUMMARY ***
Total pot $18 | Rake $0.36
Board [Qh 3s Qd 3h]
Seat 4: vladal 888 (button) (small blind) collected ($17.64)
Seat 6: belik555 (big blind) folded on the Turn


PokerStars Hand #147297111522:  Hold'em Limit ($3/$6 USD) - 2016/01/19 4:14:17 ET
Table 'Philoctetes' 10-max Seat #6 is the button
Seat 4: vladal 888 ($95.97 in chips)
Seat 6: belik555 ($212.41 in chips)
belik555: posts small blind $1
vladal 888: posts big blind $3
*** HOLE CARDS ***
belik555: raises $3 to $6
vladal 888: calls $3
*** FLOP *** [5h Kh Tc]
vladal 888: checks
belik555: bets $3
vladal 888: calls $3
*** TURN *** [5h Kh Tc] [Ts]
vladal 888: checks
belik555: bets $6
vladal 888: calls $6
*** RIVER *** [5h Kh Tc Ts] [9d]
vladal 888: checks
belik555: bets $6
vladal 888: raises $6 to $12
belik555: calls $6
*** SHOW DOWN ***
vladal 888: shows [Qs Jc] (a straight, Nine to King)
belik555: mucks hand
vladal 888 collected $53.50 from pot
*** SUMMARY ***
Total pot $54 | Rake $0.50
Board [5h Kh Tc Ts 9d]
Seat 4: vladal 888 (big blind) showed [Qs Jc] and won ($53.50) with a straight, Nine to King
Seat 6: belik555 (button) (small blind) mucked


PokerStars Hand #147297125062:  Hold'em Limit ($3/$6 USD) - 2016/01/19 4:14:52 ET
Table 'Philoctetes' 10-max Seat #4 is the button
Seat 4: vladal 888 ($122.47 in chips)
Seat 6: belik555 ($185.41 in chips)
vladal 888: posts small blind $1
belik555: posts big blind $3
*** HOLE CARDS ***
vladal 888: calls $2
belik555: raises $3 to $6
vladal 888: calls $3
*** FLOP *** [Kc Ks Js]
belik555: bets $3
vladal 888: raises $3 to $6
belik555: calls $3
*** TURN *** [Kc Ks Js] [4h]
belik555: checks
vladal 888: bets $6
belik555: calls $6
*** RIVER *** [Kc Ks Js 4h] [4s]
belik555: checks
vladal 888: bets $6
belik555: calls $6
*** SHOW DOWN ***
vladal 888: shows [Kd 3s] (a full house, Kings full of Fours)
belik555: mucks hand
vladal 888 collected $47.50 from pot
*** SUMMARY ***
Total pot $48 | Rake $0.50
Board [Kc Ks Js 4h 4s]
Seat 4: vladal 888 (button) (small blind) showed [Kd 3s] and won ($47.50) with a full house, Kings full of Fours
Seat 6: belik555 (big blind) mucked


PokerStars Hand #147297140576:  Hold'em Limit ($3/$6 USD) - 2016/01/19 4:15:31 ET
Table 'Philoctetes' 10-max Seat #6 is the button
Seat 4: vladal 888 ($145.97 in chips)
Seat 6: belik555 ($161.41 in chips)
belik555: posts small blind $1
vladal 888: posts big blind $3
*** HOLE CARDS ***
belik555: raises $3 to $6
vladal 888: calls $3
*** FLOP *** [Ac Qd 6d]
vladal 888: checks
belik555: bets $3
vladal 888: calls $3
*** TURN *** [Ac Qd 6d] [Jh]
vladal 888: checks
belik555: checks
*** RIVER *** [Ac Qd 6d Jh] [2c]
vladal 888: bets $6
belik555: calls $6
*** SHOW DOWN ***
vladal 888: shows [Qs 4c] (a pair of Queens)
belik555: mucks hand
vladal 888 collected $29.50 from pot
*** SUMMARY ***
Total pot $30 | Rake $0.50
Board [Ac Qd 6d Jh 2c]
Seat 4: vladal 888 (big blind) showed [Qs 4c] and won ($29.50) with a pair of Queens
Seat 6: belik555 (button) (small blind) mucked


PokerStars Hand #147297147734:  Hold'em Limit ($3/$6 USD) - 2016/01/19 4:15:48 ET
Table 'Philoctetes' 10-max Seat #4 is the button
Seat 4: vladal 888 ($160.47 in chips)
Seat 6: belik555 ($146.41 in chips)
vladal 888: posts small blind $1
belik555: posts big blind $3
*** HOLE CARDS ***
vladal 888: calls $2
belik555: checks
*** FLOP *** [Js 3s Jc]
belik555: checks
vladal 888: checks
*** TURN *** [Js 3s Jc] [2c]
belik555: checks
vladal 888: bets $6
belik555: calls $6
*** RIVER *** [Js 3s Jc 2c] [Ks]
belik555: checks
vladal 888: checks
*** SHOW DOWN ***
belik555: shows [5s Qh] (a pair of Jacks)
vladal 888: shows [5h 2s] (two pair, Jacks and Deuces)
vladal 888 collected $17.64 from pot
*** SUMMARY ***
Total pot $18 | Rake $0.36
Board [Js 3s Jc 2c Ks]
Seat 4: vladal 888 (button) (small blind) showed [5h 2s] and won ($17.64) with two pair, Jacks and Deuces
Seat 6: belik555 (big blind) showed [5s Qh] and lost with a pair of Jacks


PokerStars Hand #147297162505:  Hold'em Limit ($3/$6 USD) - 2016/01/19 4:16:25 ET
Table 'Philoctetes' 10-max Seat #4 is the button
Seat 4: vladal 888 ($163.11 in chips)
Seat 6: belik555 ($143.17 in chips)
vladal 888: posts small blind $1
belik555: posts big blind $3
*** HOLE CARDS ***
vladal 888: folds
Uncalled bet ($2) returned to belik555
belik555 collected $2 from pot
belik555: doesn't show hand
*** SUMMARY ***
Total pot $2 | Rake $0
Seat 4: vladal 888 (button) (small blind) folded before Flop
Seat 6: belik555 (big blind) collected ($2)


PokerStars Hand #147297156504:  Hold'em Limit ($3/$6 USD) - 2016/01/19 4:16:10 ET
Table 'Philoctetes' 10-max Seat #6 is the button
Seat 4: vladal 888 ($169.11 in chips)
Seat 6: belik555 ($137.41 in chips)
belik555: posts small blind $1
vladal 888: posts big blind $3
*** HOLE CARDS ***
belik555: raises $3 to $6
vladal 888: calls $3
*** FLOP *** [3h Ts Qd]
vladal 888: checks
belik555: bets $3
vladal 888: folds
Uncalled bet ($3) returned to belik555
belik555 collected $11.76 from pot
belik555: doesn't show hand
*** SUMMARY ***
Total pot $12 | Rake $0.24
Board [3h Ts Qd]
Seat 4: vladal 888 (big blind) folded on the Flop
Seat 6: belik555 (button) (small blind) collected ($11.76)


PokerStars Hand #147297166733:  Hold'em Limit ($3/$6 USD) - 2016/01/19 4:16:36 ET
Table 'Philoctetes' 10-max Seat #4 is the button
Seat 4: vladal 888 ($163.11 in chips)
Seat 6: belik555 ($143.17 in chips)
vladal 888: posts small blind $1
belik555: posts big blind $3
*** HOLE CARDS ***
vladal 888: raises $3 to $6
belik555: calls $3
*** FLOP *** [9s 9d Ts]
belik555: checks
vladal 888: bets $3
belik555: calls $3
*** TURN *** [9s 9d Ts] [Js]
belik555: checks
vladal 888: bets $6
belik555: calls $6
*** RIVER *** [9s 9d Ts Js] [4h]
belik555: checks
vladal 888: bets $6
belik555: calls $6
*** SHOW DOWN ***
vladal 888: shows [9c 6h] (three of a kind, Nines)
belik555: mucks hand
vladal 888 collected $41.50 from pot
*** SUMMARY ***
Total pot $42 | Rake $0.50
Board [9s 9d Ts Js 4h]
Seat 4: vladal 888 (button) (small blind) showed [9c 6h] and won ($41.50) with three of a kind, Nines
Seat 6: belik555 (big blind) mucked


PokerStars Hand #147297174669:  Hold'em Limit ($3/$6 USD) - 2016/01/19 4:16:56 ET
Table 'Philoctetes' 10-max Seat #6 is the button
Seat 4: vladal 888 ($183.61 in chips)
Seat 6: belik555 ($122.17 in chips)
belik555: posts small blind $1
vladal 888: posts big blind $3
*** HOLE CARDS ***
belik555: raises $3 to $6
vladal 888: calls $3
*** FLOP *** [Ad 4c Ts]
vladal 888: checks
belik555: bets $3
vladal 888: calls $3
*** TURN *** [Ad 4c Ts] [Ac]
vladal 888: checks
belik555: checks
*** RIVER *** [Ad 4c Ts Ac] [Qc]
vladal 888: bets $6
belik555: folds
Uncalled bet ($6) returned to vladal 888
vladal 888 collected $17.64 from pot
*** SUMMARY ***
Total pot $18 | Rake $0.36
Board [Ad 4c Ts Ac Qc]
Seat 4: vladal 888 (big blind) collected ($17.64)
Seat 6: belik555 (button) (small blind) folded on the River


PokerStars Hand #147297164600:  Hold'em Limit ($3/$6 USD) - 2016/01/19 4:16:30 ET
Table 'Philoctetes' 10-max Seat #6 is the button
Seat 4: vladal 888 ($162.11 in chips)
Seat 6: belik555 ($144.17 in chips)
belik555: posts small blind $1
vladal 888: posts big blind $3
*** HOLE CARDS ***
belik555: folds
Uncalled bet ($2) returned to vladal 888
vladal 888 collected $2 from pot
*** SUMMARY ***
Total pot $2 | Rake $0
Seat 4: vladal 888 (big blind) collected ($2)
Seat 6: belik555 (button) (small blind) folded before Flop


PokerStars Hand #147297192629:  Hold'em Limit ($3/$6 USD) - 2016/01/19 4:17:41 ET
Table 'Philoctetes' 10-max Seat #6 is the button
Seat 4: vladal 888 ($198.01 in chips)
Seat 6: belik555 ($107.17 in chips)
belik555: posts small blind $1
vladal 888: posts big blind $3
*** HOLE CARDS ***
belik555: raises $3 to $6
vladal 888: folds
Uncalled bet ($3) returned to belik555
belik555 collected $6 from pot
belik555: doesn't show hand
*** SUMMARY ***
Total pot $6 | Rake $0
Seat 4: vladal 888 (big blind) folded before Flop
Seat 6: belik555 (button) (small blind) collected ($6)


PokerStars Hand #147297195797:  Hold'em Limit ($3/$6 USD) - 2016/01/19 4:17:49 ET
Table 'Philoctetes' 10-max Seat #4 is the button
Seat 4: vladal 888 ($195.01 in chips)
Seat 6: belik555 ($110.17 in chips)
vladal 888: posts small blind $1
belik555: posts big blind $3
*** HOLE CARDS ***
vladal 888: folds
Uncalled bet ($2) returned to belik555
belik555 collected $2 from pot
belik555: doesn't show hand
*** SUMMARY ***
Total pot $2 | Rake $0
Seat 4: vladal 888 (button) (small blind) folded before Flop
Seat 6: belik555 (big blind) collected ($2)


PokerStars Hand #147297205671:  Hold'em Limit ($3/$6 USD) - 2016/01/19 4:18:14 ET
Table 'Philoctetes' 10-max Seat #4 is the button
Seat 4: vladal 888 ($205.53 in chips)
Seat 6: belik555 ($99.17 in chips)
vladal 888: posts small blind $1
belik555: posts big blind $3
*** HOLE CARDS ***
vladal 888: folds
Uncalled bet ($2) returned to belik555
belik555 collected $2 from pot
belik555: doesn't show hand
*** SUMMARY ***
Total pot $2 | Rake $0
Seat 4: vladal 888 (button) (small blind) folded before Flop
Seat 6: belik555 (big blind) collected ($2)


PokerStars Hand #147297198039:  Hold'em Limit ($3/$6 USD) - 2016/01/19 4:17:55 ET
Table 'Philoctetes' 10-max Seat #6 is the button
Seat 4: vladal 888 ($194.01 in chips)
Seat 6: belik555 ($111.17 in chips)
belik555: posts small blind $1
vladal 888: posts big blind $3
*** HOLE CARDS ***
belik555: raises $3 to $6
vladal 888: raises $3 to $9
belik555: calls $3
*** FLOP *** [Js 2d Ad]
vladal 888: bets $3
belik555: calls $3
*** TURN *** [Js 2d Ad] [2c]
vladal 888: checks
belik555: checks
*** RIVER *** [Js 2d Ad 2c] [7s]
vladal 888: checks
belik555: checks
*** SHOW DOWN ***
vladal 888: shows [Kh Qc] (a pair of Deuces)
belik555: mucks hand
vladal 888 collected $23.52 from pot
*** SUMMARY ***
Total pot $24 | Rake $0.48
Board [Js 2d Ad 2c 7s]
Seat 4: vladal 888 (big blind) showed [Kh Qc] and won ($23.52) with a pair of Deuces
Seat 6: belik555 (button) (small blind) mucked


PokerStars Hand #147297183631:  Hold'em Limit ($3/$6 USD) - 2016/01/19 4:17:19 ET
Table 'Philoctetes' 10-max Seat #4 is the button
Seat 4: vladal 888 ($192.25 in chips)
Seat 6: belik555 ($113.17 in chips)
vladal 888: posts small blind $1
belik555: posts big blind $3
*** HOLE CARDS ***
vladal 888: raises $3 to $6
belik555: calls $3
*** FLOP *** [As 2s Kd]
belik555: checks
vladal 888: bets $3
belik555: folds
Uncalled bet ($3) returned to vladal 888
vladal 888 collected $11.76 from pot
*** SUMMARY ***
Total pot $12 | Rake $0.24
Board [As 2s Kd]
Seat 4: vladal 888 (button) (small blind) collected ($11.76)
Seat 6: belik555 (big blind) folded on the Flop


PokerStars Hand #147297207866:  Hold'em Limit ($3/$6 USD) - 2016/01/19 4:18:20 ET
Table 'Philoctetes' 10-max Seat #6 is the button
Seat 4: vladal 888 ($204.53 in chips)
Seat 6: belik555 ($100.17 in chips)
belik555: posts small blind $1
vladal 888: posts big blind $3
*** HOLE CARDS ***
belik555: raises $3 to $6
vladal 888: calls $3
*** FLOP *** [5h 3c 2c]
vladal 888: checks
belik555: checks
*** TURN *** [5h 3c 2c] [3d]
vladal 888: bets $6
belik555: folds
Uncalled bet ($6) returned to vladal 888
vladal 888 collected $11.76 from pot
*** SUMMARY ***
Total pot $12 | Rake $0.24
Board [5h 3c 2c 3d]
Seat 4: vladal 888 (big blind) collected ($11.76)
Seat 6: belik555 (button) (small blind) folded on the Turn


PokerStars Hand #147297222608:  Hold'em Limit ($3/$6 USD) - 2016/01/19 4:18:56 ET
Table 'Philoctetes' 10-max Seat #6 is the button
Seat 4: vladal 888 ($210.04 in chips)
Seat 6: belik555 ($93.92 in chips)
belik555: posts small blind $1
vladal 888: posts big blind $3
*** HOLE CARDS ***
belik555: raises $3 to $6
vladal 888: folds
Uncalled bet ($3) returned to belik555
belik555 collected $6 from pot
belik555: doesn't show hand
*** SUMMARY ***
Total pot $6 | Rake $0
Seat 4: vladal 888 (big blind) folded before Flop
Seat 6: belik555 (button) (small blind) collected ($6)


PokerStars Hand #147297215091:  Hold'em Limit ($3/$6 USD) - 2016/01/19 4:18:38 ET
Table 'Philoctetes' 10-max Seat #4 is the button
Seat 4: vladal 888 ($210.29 in chips)
Seat 6: belik555 ($94.17 in chips)
vladal 888: posts small blind $1
belik555: posts big blind $3
*** HOLE CARDS ***
vladal 888: raises $3 to $6
belik555: raises $3 to $9
vladal 888: calls $3
*** FLOP *** [Jd 8s 7h]
belik555: bets $3
vladal 888: calls $3
*** TURN *** [Jd 8s 7h] [5h]
belik555: checks
vladal 888: checks
*** RIVER *** [Jd 8s 7h 5h] [8d]
belik555: bets $6
vladal 888: calls $6
*** SHOW DOWN ***
belik555: shows [As Qh] (a pair of Eights)
vladal 888: shows [Ad Qs] (a pair of Eights)
belik555 collected $17.75 from pot
vladal 888 collected $17.75 from pot
*** SUMMARY ***
Total pot $36 | Rake $0.50
Board [Jd 8s 7h 5h 8d]
Seat 4: vladal 888 (button) (small blind) showed [Ad Qs] and won ($17.75) with a pair of Eights
Seat 6: belik555 (big blind) showed [As Qh] and won ($17.75) with a pair of Eights


PokerStars Hand #147297224801:  Hold'em Limit ($3/$6 USD) - 2016/01/19 4:19:02 ET
Table 'Philoctetes' 10-max Seat #4 is the button
Seat 4: vladal 888 ($207.04 in chips)
Seat 6: belik555 ($96.92 in chips)
vladal 888: posts small blind $1
belik555: posts big blind $3
*** HOLE CARDS ***
vladal 888: raises $3 to $6
belik555: raises $3 to $9
vladal 888: calls $3
*** FLOP *** [2s Js Td]
belik555: bets $3
vladal 888: folds
Uncalled bet ($3) returned to belik555
belik555 collected $17.64 from pot
belik555: doesn't show hand
*** SUMMARY ***
Total pot $18 | Rake $0.36
Board [2s Js Td]
Seat 4: vladal 888 (button) (small blind) folded on the Flop
Seat 6: belik555 (big blind) collected ($17.64)


PokerStars Hand #147297238398:  Hold'em Limit ($3/$6 USD) - 2016/01/19 4:19:35 ET
Table 'Philoctetes' 10-max Seat #4 is the button
Seat 4: vladal 888 ($192.04 in chips)
Seat 6: belik555 ($111.32 in chips)
vladal 888: posts small blind $1
belik555: posts big blind $3
*** HOLE CARDS ***
vladal 888: raises $3 to $6
belik555: calls $3
*** FLOP *** [2c 9s Ah]
belik555: checks
vladal 888: bets $3
belik555: folds
Uncalled bet ($3) returned to vladal 888
vladal 888 collected $11.76 from pot
*** SUMMARY ***
Total pot $12 | Rake $0.24
Board [2c 9s Ah]
Seat 4: vladal 888 (button) (small blind) collected ($11.76)
Seat 6: belik555 (big blind) folded on the Flop


PokerStars Hand #147297229925:  Hold'em Limit ($3/$6 USD) - 2016/01/19 4:19:15 ET
Table 'Philoctetes' 10-max Seat #6 is the button
Seat 4: vladal 888 ($198.04 in chips)
Seat 6: belik555 ($105.56 in chips)
belik555: posts small blind $1
vladal 888: posts big blind $3
*** HOLE CARDS ***
belik555: raises $3 to $6
vladal 888: calls $3
*** FLOP *** [5d 4h 9s]
vladal 888: checks
belik555: checks
*** TURN *** [5d 4h 9s] [Jc]
vladal 888: checks
belik555: bets $6
vladal 888: folds
Uncalled bet ($6) returned to belik555
belik555 collected $11.76 from pot
belik555: doesn't show hand
*** SUMMARY ***
Total pot $12 | Rake $0.24
Board [5d 4h 9s Jc]
Seat 4: vladal 888 (big blind) folded on the Turn
Seat 6: belik555 (button) (small blind) collected ($11.76)


PokerStars Hand #147297262017:  Hold'em Limit ($3/$6 USD) - 2016/01/19 4:20:34 ET
Table 'Philoctetes' 10-max Seat #4 is the button
Seat 4: vladal 888 ($158.80 in chips)
Seat 6: belik555 ($143.82 in chips)
vladal 888: posts small blind $1
belik555: posts big blind $3
*** HOLE CARDS ***
vladal 888: calls $2
belik555: checks
*** FLOP *** [Js 3c Kc]
belik555: bets $3
vladal 888: folds
Uncalled bet ($3) returned to belik555
belik555 collected $5.88 from pot
belik555: doesn't show hand
*** SUMMARY ***
Total pot $6 | Rake $0.12
Board [Js 3c Kc]
Seat 4: vladal 888 (button) (small blind) folded on the Flop
Seat 6: belik555 (big blind) collected ($5.88)


PokerStars Hand #147297269375:  Hold'em Limit ($3/$6 USD) - 2016/01/19 4:20:52 ET
Table 'Philoctetes' 10-max Seat #6 is the button
Seat 4: vladal 888 ($155.80 in chips)
Seat 6: belik555 ($146.70 in chips)
belik555: posts small blind $1
vladal 888: posts big blind $3
*** HOLE CARDS ***
belik555: folds
Uncalled bet ($2) returned to vladal 888
vladal 888 collected $2 from pot
*** SUMMARY ***
Total pot $2 | Rake $0
Seat 4: vladal 888 (big blind) collected ($2)
Seat 6: belik555 (button) (small blind) folded before Flop


PokerStars Hand #147297273544:  Hold'em Limit ($3/$6 USD) - 2016/01/19 4:21:02 ET
Table 'Philoctetes' 10-max Seat #4 is the button
Seat 4: vladal 888 ($156.80 in chips)
Seat 6: belik555 ($145.70 in chips)
vladal 888: posts small blind $1
belik555: posts big blind $3
*** HOLE CARDS ***
vladal 888: raises $3 to $6
belik555: folds
Uncalled bet ($3) returned to vladal 888
vladal 888 collected $6 from pot
*** SUMMARY ***
Total pot $6 | Rake $0
Seat 4: vladal 888 (button) (small blind) collected ($6)
Seat 6: belik555 (big blind) folded before Flop


PokerStars Hand #147297243142:  Hold'em Limit ($3/$6 USD) - 2016/01/19 4:19:47 ET
Table 'Philoctetes' 10-max Seat #6 is the button
Seat 4: vladal 888 ($197.80 in chips)
Seat 6: belik555 ($105.32 in chips)
belik555: posts small blind $1
vladal 888: posts big blind $3
*** HOLE CARDS ***
belik555: raises $3 to $6
vladal 888: raises $3 to $9
belik555: calls $3
*** FLOP *** [3c Th 8c]
vladal 888: bets $3
belik555: raises $3 to $6
vladal 888: calls $3
*** TURN *** [3c Th 8c] [9c]
vladal 888: checks
belik555: bets $6
vladal 888: calls $6
*** RIVER *** [3c Th 8c 9c] [Qd]
vladal 888: checks
belik555: bets $6
vladal 888: raises $6 to $12
belik555: raises $6 to $18
vladal 888: calls $6
*** SHOW DOWN ***
belik555: shows [5c Tc] (a flush, Ten high)
vladal 888: mucks hand
belik555 collected $77.50 from pot
*** SUMMARY ***
Total pot $78 | Rake $0.50
Board [3c Th 8c 9c Qd]
Seat 4: vladal 888 (big blind) mucked
Seat 6: belik555 (button) (small blind) showed [5c Tc] and won ($77.50) with a flush, Ten high


PokerStars Hand #147297280240:  Hold'em Limit ($3/$6 USD) - 2016/01/19 4:21:19 ET
Table 'Philoctetes' 10-max Seat #6 is the button
Seat 4: vladal 888 ($159.80 in chips)
Seat 6: belik555 ($142.70 in chips)
belik555: posts small blind $1
vladal 888: posts big blind $3
*** HOLE CARDS ***
belik555: raises $3 to $6
vladal 888: calls $3
*** FLOP *** [Tc 3c 9s]
vladal 888: checks
belik555: bets $3
vladal 888: folds
Uncalled bet ($3) returned to belik555
belik555 collected $11.76 from pot
belik555: doesn't show hand
*** SUMMARY ***
Total pot $12 | Rake $0.24
Board [Tc 3c 9s]
Seat 4: vladal 888 (big blind) folded on the Flop
Seat 6: belik555 (button) (small blind) collected ($11.76)


