PokerStars Hand #148147521471:  Hold'em Limit ($3/$6 USD) - 2016/02/02 23:07:30 ET
Table 'Philagoria' 6-max Seat #1 is the button
Seat 1: NIGHTyxa ($72 in chips)
Seat 2: gracetime ($120 in chips)
NIGHTyxa: posts small blind $1
gracetime: posts big blind $3
*** HOLE CARDS ***
NIGHTyxa: raises $3 to $6
gracetime: calls $3
*** FLOP *** [Kh 2s Js]
gracetime: checks
NIGHTyxa: bets $3
gracetime: folds
Uncalled bet ($3) returned to NIGHTyxa
NIGHTyxa collected $11.76 from pot
NIGHTyxa: doesn't show hand
*** SUMMARY ***
Total pot $12 | Rake $0.24
Board [Kh 2s Js]
Seat 1: NIGHTyxa (button) (small blind) collected ($11.76)
Seat 2: gracetime (big blind) folded on the Flop


PokerStars Hand #148147544479:  Hold'em Limit ($3/$6 USD) - 2016/02/02 23:08:39 ET
Table 'Philagoria' 6-max Seat #1 is the button
Seat 1: NIGHTyxa ($72 in chips)
Seat 2: gracetime ($134.50 in chips)
NIGHTyxa: posts small blind $1
gracetime: posts big blind $3
*** HOLE CARDS ***
NIGHTyxa: folds
Uncalled bet ($2) returned to gracetime
gracetime collected $2 from pot
*** SUMMARY ***
Total pot $2 | Rake $0
Seat 1: NIGHTyxa (button) (small blind) folded before Flop
Seat 2: gracetime (big blind) collected ($2)


PokerStars Hand #148147537383:  Hold'em Limit ($3/$6 USD) - 2016/02/02 23:08:17 ET
Table 'Philagoria' 6-max Seat #2 is the button
Seat 1: NIGHTyxa ($77.76 in chips)
Seat 2: gracetime ($114 in chips)
gracetime: posts small blind $1
NIGHTyxa: posts big blind $3
*** HOLE CARDS ***
gracetime: raises $3 to $6
NIGHTyxa: calls $3
*** FLOP *** [7d 7s 5c]
NIGHTyxa: checks
gracetime: bets $3
NIGHTyxa: calls $3
*** TURN *** [7d 7s 5c] [5s]
NIGHTyxa: checks
gracetime: checks
*** RIVER *** [7d 7s 5c 5s] [6s]
NIGHTyxa: bets $6
gracetime: raises $6 to $12
NIGHTyxa: calls $6
*** SHOW DOWN ***
gracetime: shows [7c 8c] (a full house, Sevens full of Fives)
NIGHTyxa: mucks hand
gracetime collected $41.50 from pot
*** SUMMARY ***
Total pot $42 | Rake $0.50
Board [7d 7s 5c 5s 6s]
Seat 1: NIGHTyxa (big blind) mucked
Seat 2: gracetime (button) (small blind) showed [7c 8c] and won ($41.50) with a full house, Sevens full of Fives


PokerStars Hand #148147548479:  Hold'em Limit ($3/$6 USD) - 2016/02/02 23:08:51 ET
Table 'Philagoria' 6-max Seat #1 is the button
Seat 1: NIGHTyxa ($73 in chips)
Seat 2: gracetime ($134.50 in chips)
NIGHTyxa: posts small blind $1
gracetime: posts big blind $3
*** HOLE CARDS ***
NIGHTyxa: raises $3 to $6
gracetime: calls $3
*** FLOP *** [Kc Ts Qd]
gracetime: checks
NIGHTyxa: bets $3
gracetime: calls $3
*** TURN *** [Kc Ts Qd] [Tc]
gracetime: checks
NIGHTyxa: bets $6
gracetime: calls $6
*** RIVER *** [Kc Ts Qd Tc] [8s]
gracetime: checks
NIGHTyxa: bets $6
gracetime: calls $6
*** SHOW DOWN ***
NIGHTyxa: shows [Js 6c] (a pair of Tens)
gracetime: shows [Qs 5h] (two pair, Queens and Tens)
gracetime collected $41.50 from pot
*** SUMMARY ***
Total pot $42 | Rake $0.50
Board [Kc Ts Qd Tc 8s]
Seat 1: NIGHTyxa (button) (small blind) showed [Js 6c] and lost with a pair of Tens
Seat 2: gracetime (big blind) showed [Qs 5h] and won ($41.50) with two pair, Queens and Tens


PokerStars Hand #148147562112:  Hold'em Limit ($3/$6 USD) - 2016/02/02 23:09:32 ET
Table 'Philagoria' 6-max Seat #2 is the button
Seat 1: NIGHTyxa ($72 in chips)
Seat 2: gracetime ($155 in chips)
gracetime: posts small blind $1
NIGHTyxa: posts big blind $3
*** HOLE CARDS ***
gracetime: folds
Uncalled bet ($2) returned to NIGHTyxa
NIGHTyxa collected $2 from pot
NIGHTyxa: doesn't show hand
*** SUMMARY ***
Total pot $2 | Rake $0
Seat 1: NIGHTyxa (big blind) collected ($2)
Seat 2: gracetime (button) (small blind) folded before Flop


