PokerStars Hand #166023871982:  Hold'em Limit ($3/$6 USD) - 2017/02/11 1:14:24 ET
Table 'Philomela II' 6-max Seat #6 is the button
Seat 1: LifeisagameX ($84 in chips)
Seat 6: shurik198760 ($154.60 in chips)
shurik198760: posts small blind $1
LifeisagameX: posts big blind $3
*** HOLE CARDS ***
shurik198760: folds
Uncalled bet ($2) returned to LifeisagameX
LifeisagameX collected $2 from pot
LifeisagameX: doesn't show hand
*** SUMMARY ***
Total pot $2 | Rake $0
Seat 1: LifeisagameX (big blind) collected ($2)
Seat 6: shurik198760 (button) (small blind) folded before Flop


PokerStars Hand #166023857722:  Hold'em Limit ($3/$6 USD) - 2017/02/11 1:13:38 ET
Table 'Philomela II' 6-max Seat #1 is the button
Seat 1: LifeisagameX ($101.47 in chips)
Seat 6: shurik198760 ($131.10 in chips)
LifeisagameX: posts small blind $1
sim5sim5: is sitting out
shurik198760: posts big blind $3
*** HOLE CARDS ***
LifeisagameX: raises $3 to $6
shurik198760: raises $3 to $9
sim5sim5 leaves the table
LifeisagameX: calls $3
*** FLOP *** [5d 7s Jh]
shurik198760: bets $3
LifeisagameX: calls $3
*** TURN *** [5d 7s Jh] [3d]
shurik198760: bets $6
LifeisagameX: calls $6
*** RIVER *** [5d 7s Jh 3d] [Kh]
shurik198760: bets $6
LifeisagameX: calls $6
*** SHOW DOWN ***
shurik198760: shows [Td Tc] (a pair of Tens)
LifeisagameX: mucks hand
shurik198760 collected $47.50 from pot
*** SUMMARY ***
Total pot $48 | Rake $0.50
Board [5d 7s Jh 3d Kh]
Seat 1: LifeisagameX (button) (small blind) mucked
Seat 6: shurik198760 (big blind) showed [Td Tc] and won ($47.50) with a pair of Tens


