PokerStars Hand #162693058160:  Hold'em Limit ($3/$6 USD) - 2016/12/09 20:14:27 ET
Table 'Philomela' 6-max Seat #3 is the button
Seat 1: LifeisagameX ($108.26 in chips)
Seat 3: Alan1918 ($104.53 in chips)
Alan1918: posts small blind $1
LifeisagameX: posts big blind $3
*** HOLE CARDS ***
Alan1918: folds
Uncalled bet ($2) returned to LifeisagameX
LifeisagameX collected $2 from pot
LifeisagameX: doesn't show hand
*** SUMMARY ***
Total pot $2 | Rake $0
Seat 1: LifeisagameX (big blind) collected ($2)
Seat 3: Alan1918 (button) (small blind) folded before Flop


PokerStars Hand #162693046066:  Hold'em Limit ($3/$6 USD) - 2016/12/09 20:14:07 ET
Table 'Philomela' 6-max Seat #1 is the button
Seat 1: LifeisagameX ($102.50 in chips)
Seat 3: Alan1918 ($110.53 in chips)
LifeisagameX: posts small blind $1
Alan1918: posts big blind $3
*** HOLE CARDS ***
LifeisagameX: raises $3 to $6
Alan1918: calls $3
*** FLOP *** [Ks Qh 9c]
Alan1918: checks
LifeisagameX: bets $3
Alan1918: folds
Uncalled bet ($3) returned to LifeisagameX
LifeisagameX collected $11.76 from pot
LifeisagameX: doesn't show hand
*** SUMMARY ***
Total pot $12 | Rake $0.24
Board [Ks Qh 9c]
Seat 1: LifeisagameX (button) (small blind) collected ($11.76)
Seat 3: Alan1918 (big blind) folded on the Flop


PokerStars Hand #162693042619:  Hold'em Limit ($3/$6 USD) - 2016/12/09 20:14:01 ET
Table 'Philomela' 6-max Seat #3 is the button
Seat 1: LifeisagameX ($101.50 in chips)
Seat 3: Alan1918 ($111.53 in chips)
Alan1918: posts small blind $1
LifeisagameX: posts big blind $3
*** HOLE CARDS ***
Alan1918: folds
Uncalled bet ($2) returned to LifeisagameX
LifeisagameX collected $2 from pot
*** SUMMARY ***
Total pot $2 | Rake $0
Seat 1: LifeisagameX (big blind) collected ($2)
Seat 3: Alan1918 (button) (small blind) folded before Flop


PokerStars Hand #162693018807:  Hold'em Limit ($3/$6 USD) - 2016/12/09 20:13:22 ET
Table 'Philomela' 6-max Seat #1 is the button
Seat 1: LifeisagameX ($84 in chips)
Seat 3: Alan1918 ($129.53 in chips)
LifeisagameX: posts small blind $1
Alan1918: posts big blind $3
*** HOLE CARDS ***
LifeisagameX: raises $3 to $6
Alan1918: calls $3
*** FLOP *** [6h 7d Ac]
Alan1918: checks
LifeisagameX: bets $3
Alan1918: raises $3 to $6
LifeisagameX: calls $3
*** TURN *** [6h 7d Ac] [8d]
Alan1918: bets $6
LifeisagameX: raises $6 to $12
Alan1918: folds
Uncalled bet ($6) returned to LifeisagameX
LifeisagameX collected $35.50 from pot
LifeisagameX: doesn't show hand
*** SUMMARY ***
Total pot $36 | Rake $0.50
Board [6h 7d Ac 8d]
Seat 1: LifeisagameX (button) (small blind) collected ($35.50)
Seat 3: Alan1918 (big blind) folded on the Turn


PokerStars Hand #162693083287:  Hold'em Limit ($3/$6 USD) - 2016/12/09 20:15:08 ET
Table 'Philomela' 6-max Seat #3 is the button
Seat 1: LifeisagameX ($91.26 in chips)
Seat 3: Alan1918 ($121.03 in chips)
Alan1918: posts small blind $1
LifeisagameX: posts big blind $3
*** HOLE CARDS ***
Alan1918: folds
Uncalled bet ($2) returned to LifeisagameX
LifeisagameX collected $2 from pot
LifeisagameX: doesn't show hand
*** SUMMARY ***
Total pot $2 | Rake $0
Seat 1: LifeisagameX (big blind) collected ($2)
Seat 3: Alan1918 (button) (small blind) folded before Flop


PokerStars Hand #162693063088:  Hold'em Limit ($3/$6 USD) - 2016/12/09 20:14:35 ET
Table 'Philomela' 6-max Seat #1 is the button
Seat 1: LifeisagameX ($109.26 in chips)
Seat 3: Alan1918 ($103.53 in chips)
LifeisagameX: posts small blind $1
Alan1918: posts big blind $3
*** HOLE CARDS ***
LifeisagameX: raises $3 to $6
Alan1918: raises $3 to $9
LifeisagameX: calls $3
*** FLOP *** [Ks 8c Jd]
Alan1918: bets $3
LifeisagameX: calls $3
*** TURN *** [Ks 8c Jd] [Kc]
Alan1918: bets $6
LifeisagameX: calls $6
*** RIVER *** [Ks 8c Jd Kc] [9s]
Alan1918: bets $6
LifeisagameX: folds
Uncalled bet ($6) returned to Alan1918
Alan1918 collected $35.50 from pot
*** SUMMARY ***
Total pot $36 | Rake $0.50
Board [Ks 8c Jd Kc 9s]
Seat 1: LifeisagameX (button) (small blind) folded on the River
Seat 3: Alan1918 (big blind) collected ($35.50)


PokerStars Hand #162693087976:  Hold'em Limit ($3/$6 USD) - 2016/12/09 20:15:16 ET
Table 'Philomela' 6-max Seat #1 is the button
Seat 1: LifeisagameX ($92.26 in chips)
Seat 3: Alan1918 ($120.03 in chips)
LifeisagameX: posts small blind $1
Alan1918: posts big blind $3
*** HOLE CARDS ***
Top66 joins the table at seat #6
LifeisagameX: raises $3 to $6
Alan1918: calls $3
*** FLOP *** [Jd 2c Ad]
Alan1918: checks
LifeisagameX: bets $3
Alan1918: raises $3 to $6
LifeisagameX: calls $3
*** TURN *** [Jd 2c Ad] [6s]
Alan1918: checks
LifeisagameX: bets $6
Alan1918: calls $6
*** RIVER *** [Jd 2c Ad 6s] [Th]
Alan1918: checks
LifeisagameX: checks
*** SHOW DOWN ***
Alan1918: shows [Jc 9d] (a pair of Jacks)
LifeisagameX: mucks hand
Alan1918 collected $35.50 from pot
*** SUMMARY ***
Total pot $36 | Rake $0.50
Board [Jd 2c Ad 6s Th]
Seat 1: LifeisagameX (button) (small blind) mucked
Seat 3: Alan1918 (big blind) showed [Jc 9d] and won ($35.50) with a pair of Jacks


PokerStars Hand #162693182522:  Hold'em Limit ($3/$6 USD) - 2016/12/09 20:17:53 ET
Table 'Philomela' 6-max Seat #6 is the button
Seat 3: Alan1918 ($164.03 in chips)
Seat 6: Top66 ($25 in chips)
Top66: posts small blind $1
Alan1918: posts big blind $3
*** HOLE CARDS ***
hairy1961 joins the table at seat #4
Top66: folds
Uncalled bet ($2) returned to Alan1918
Alan1918 collected $2 from pot
Alan1918: doesn't show hand
*** SUMMARY ***
Total pot $2 | Rake $0
Seat 3: Alan1918 (big blind) collected ($2)
Seat 6: Top66 (button) (small blind) folded before Flop


PokerStars Hand #162693157130:  Hold'em Limit ($3/$6 USD) - 2016/12/09 20:17:11 ET
Table 'Philomela' 6-max Seat #3 is the button
Seat 3: Alan1918 ($137.53 in chips)
Seat 6: Top66 ($52 in chips)
Alan1918: posts small blind $1
Top66: posts big blind $3
*** HOLE CARDS ***
Alan1918: raises $3 to $6
Top66: calls $3
*** FLOP *** [8s Kh Js]
Top66: checks
Alan1918: bets $3
Top66: calls $3
*** TURN *** [8s Kh Js] [6d]
Top66: bets $6
Alan1918: raises $6 to $12
Top66: calls $6
*** RIVER *** [8s Kh Js 6d] [8d]
Top66: checks
Alan1918: bets $6
Top66: calls $6
*** SHOW DOWN ***
Alan1918: shows [Kd 8c] (a full house, Eights full of Kings)
Top66: mucks hand
Alan1918 collected $53.50 from pot
*** SUMMARY ***
Total pot $54 | Rake $0.50
Board [8s Kh Js 6d 8d]
Seat 3: Alan1918 (button) (small blind) showed [Kd 8c] and won ($53.50) with a full house, Eights full of Kings
Seat 6: Top66 (big blind) mucked


PokerStars Hand #162696793141:  Hold'em Limit ($3/$6 USD) - 2016/12/09 22:15:50 ET
Table 'Philomela' 6-max Seat #2 is the button
Seat 1: Chessnok ($60 in chips)
Seat 2: ToDaFelt ($229.73 in chips)
ToDaFelt: posts small blind $1
Top66: is sitting out
Chessnok: posts big blind $3
*** HOLE CARDS ***
ToDaFelt: raises $3 to $6
Chessnok: calls $3
*** FLOP *** [3d 4c Th]
Chessnok: checks
ToDaFelt: bets $3
Top66 leaves the table
Chessnok: folds
Uncalled bet ($3) returned to ToDaFelt
ToDaFelt collected $11.76 from pot
ToDaFelt: doesn't show hand
*** SUMMARY ***
Total pot $12 | Rake $0.24
Board [3d 4c Th]
Seat 1: Chessnok (big blind) folded on the Flop
Seat 2: ToDaFelt (button) (small blind) collected ($11.76)


