PokerStars Hand #152787291711:  Hold'em Limit ($3/$6 USD) - 2016/05/03 5:33:28 ET
Table 'Philippina' 6-max Seat #1 is the button
Seat 1: hairy1961 ($56 in chips)
Seat 2: kolaz03 ($76 in chips)
hairy1961: posts small blind $1
kolaz03: posts big blind $3
*** HOLE CARDS ***
hairy1961: raises $3 to $6
kolaz03: calls $3
*** FLOP *** [5s 2h Ah]
kolaz03: checks
hairy1961: bets $3
kolaz03: calls $3
*** TURN *** [5s 2h Ah] [Jh]
kolaz03: checks
hairy1961: bets $6
kolaz03: calls $6
*** RIVER *** [5s 2h Ah Jh] [Qs]
kolaz03: checks
hairy1961: bets $6
kolaz03: calls $6
*** SHOW DOWN ***
hairy1961: shows [Ts Qd] (a pair of Queens)
kolaz03: mucks hand
hairy1961 collected $41.50 from pot
*** SUMMARY ***
Total pot $42 | Rake $0.50
Board [5s 2h Ah Jh Qs]
Seat 1: hairy1961 (button) (small blind) showed [Ts Qd] and won ($41.50) with a pair of Queens
Seat 2: kolaz03 (big blind) mucked


PokerStars Hand #152787287999:  Hold'em Limit ($3/$6 USD) - 2016/05/03 5:33:19 ET
Table 'Philippina' 6-max Seat #2 is the button
Seat 1: hairy1961 ($59 in chips)
Seat 2: kolaz03 ($73 in chips)
kolaz03: posts small blind $1
hairy1961: posts big blind $3
*** HOLE CARDS ***
kolaz03: raises $3 to $6
hairy1961: folds
Uncalled bet ($3) returned to kolaz03
kolaz03 collected $6 from pot
kolaz03: doesn't show hand
*** SUMMARY ***
Total pot $6 | Rake $0
Seat 1: hairy1961 (big blind) folded before Flop
Seat 2: kolaz03 (button) (small blind) collected ($6)


PokerStars Hand #152787285073:  Hold'em Limit ($3/$6 USD) - 2016/05/03 5:33:11 ET
Table 'Philippina' 6-max Seat #1 is the button
Seat 1: hairy1961 ($60 in chips)
Seat 2: kolaz03 ($72 in chips)
hairy1961: posts small blind $1
kolaz03: posts big blind $3
*** HOLE CARDS ***
hairy1961: folds
Uncalled bet ($2) returned to kolaz03
kolaz03 collected $2 from pot
kolaz03: doesn't show hand
*** SUMMARY ***
Total pot $2 | Rake $0
Seat 1: hairy1961 (button) (small blind) folded before Flop
Seat 2: kolaz03 (big blind) collected ($2)


PokerStars Hand #152787321966:  Hold'em Limit ($3/$6 USD) - 2016/05/03 5:34:47 ET
Table 'Philippina' 6-max Seat #2 is the button
Seat 1: hairy1961 ($67.26 in chips)
Seat 2: kolaz03 ($80.50 in chips)
kolaz03: posts small blind $1
hairy1961: posts big blind $3
*** HOLE CARDS ***
kolaz03: folds
Uncalled bet ($2) returned to hairy1961
hairy1961 collected $2 from pot
*** SUMMARY ***
Total pot $2 | Rake $0
Seat 1: hairy1961 (big blind) collected ($2)
Seat 2: kolaz03 (button) (small blind) folded before Flop


PokerStars Hand #152787324196:  Hold'em Limit ($3/$6 USD) - 2016/05/03 5:34:52 ET
Table 'Philippina' 6-max Seat #1 is the button
Seat 1: hairy1961 ($68.26 in chips)
Seat 2: kolaz03 ($79.50 in chips)
hairy1961: posts small blind $1
kolaz03: posts big blind $3
*** HOLE CARDS ***
hairy1961: raises $3 to $6
kolaz03: folds
Uncalled bet ($3) returned to hairy1961
hairy1961 collected $6 from pot
*** SUMMARY ***
Total pot $6 | Rake $0
Seat 1: hairy1961 (button) (small blind) collected ($6)
Seat 2: kolaz03 (big blind) folded before Flop


PokerStars Hand #152787320071:  Hold'em Limit ($3/$6 USD) - 2016/05/03 5:34:42 ET
Table 'Philippina' 6-max Seat #1 is the button
Seat 1: hairy1961 ($68.26 in chips)
Seat 2: kolaz03 ($79.50 in chips)
hairy1961: posts small blind $1
kolaz03: posts big blind $3
*** HOLE CARDS ***
hairy1961: folds
Uncalled bet ($2) returned to kolaz03
kolaz03 collected $2 from pot
kolaz03: doesn't show hand
*** SUMMARY ***
Total pot $2 | Rake $0
Seat 1: hairy1961 (button) (small blind) folded before Flop
Seat 2: kolaz03 (big blind) collected ($2)


PokerStars Hand #152787318089:  Hold'em Limit ($3/$6 USD) - 2016/05/03 5:34:37 ET
Table 'Philippina' 6-max Seat #2 is the button
Seat 1: hairy1961 ($67.26 in chips)
Seat 2: kolaz03 ($80.50 in chips)
kolaz03: posts small blind $1
hairy1961: posts big blind $3
*** HOLE CARDS ***
kolaz03: folds
Uncalled bet ($2) returned to hairy1961
hairy1961 collected $2 from pot
hairy1961: shows [Ac As] (a pair of Aces)
*** SUMMARY ***
Total pot $2 | Rake $0
Seat 1: hairy1961 (big blind) collected ($2)
Seat 2: kolaz03 (button) (small blind) folded before Flop


PokerStars Hand #152787312872:  Hold'em Limit ($3/$6 USD) - 2016/05/03 5:34:23 ET
Table 'Philippina' 6-max Seat #1 is the button
Seat 1: hairy1961 ($61.50 in chips)
Seat 2: kolaz03 ($86.50 in chips)
hairy1961: posts small blind $1
kolaz03: posts big blind $3
*** HOLE CARDS ***
hairy1961: raises $3 to $6
kolaz03: calls $3
*** FLOP *** [5d 7h 9h]
kolaz03: checks
hairy1961: bets $3
kolaz03: folds
Uncalled bet ($3) returned to hairy1961
hairy1961 collected $11.76 from pot
hairy1961: doesn't show hand
*** SUMMARY ***
Total pot $12 | Rake $0.24
Board [5d 7h 9h]
Seat 1: hairy1961 (button) (small blind) collected ($11.76)
Seat 2: kolaz03 (big blind) folded on the Flop


PokerStars Hand #152787304159:  Hold'em Limit ($3/$6 USD) - 2016/05/03 5:34:01 ET
Table 'Philippina' 6-max Seat #2 is the button
Seat 1: hairy1961 ($76.50 in chips)
Seat 2: kolaz03 ($72 in chips)
kolaz03: posts small blind $1
hairy1961: posts big blind $3
*** HOLE CARDS ***
kolaz03: raises $3 to $6
hairy1961: calls $3
*** FLOP *** [6d As 5s]
hairy1961: checks
kolaz03: bets $3
hairy1961: calls $3
*** TURN *** [6d As 5s] [Qd]
hairy1961: checks
kolaz03: bets $6
hairy1961: calls $6
*** RIVER *** [6d As 5s Qd] [5h]
hairy1961: checks
kolaz03: checks
*** SHOW DOWN ***
hairy1961: shows [3s 4c] (a pair of Fives)
kolaz03: shows [2c 2s] (two pair, Fives and Deuces)
kolaz03 collected $29.50 from pot
*** SUMMARY ***
Total pot $30 | Rake $0.50
Board [6d As 5s Qd 5h]
Seat 1: hairy1961 (big blind) showed [3s 4c] and lost with a pair of Fives
Seat 2: kolaz03 (button) (small blind) showed [2c 2s] and won ($29.50) with two pair, Fives and Deuces


PokerStars Hand #152787331374:  Hold'em Limit ($3/$6 USD) - 2016/05/03 5:35:11 ET
Table 'Philippina' 6-max Seat #1 is the button
Seat 1: hairy1961 ($68.26 in chips)
Seat 2: kolaz03 ($79.50 in chips)
hairy1961: posts small blind $1
kolaz03: posts big blind $3
*** HOLE CARDS ***
hairy1961: raises $3 to $6
kolaz03: calls $3
*** FLOP *** [3d 4s Qh]
kolaz03: checks
hairy1961: bets $3
kolaz03: calls $3
*** TURN *** [3d 4s Qh] [Ks]
kolaz03: checks
hairy1961: checks
*** RIVER *** [3d 4s Qh Ks] [Ad]
kolaz03: checks
hairy1961: bets $6
kolaz03: calls $6
*** SHOW DOWN ***
hairy1961: shows [6c 5d] (high card Ace)
kolaz03: shows [2d Kd] (a pair of Kings)
kolaz03 collected $29.50 from pot
*** SUMMARY ***
Total pot $30 | Rake $0.50
Board [3d 4s Qh Ks Ad]
Seat 1: hairy1961 (button) (small blind) showed [6c 5d] and lost with high card Ace
Seat 2: kolaz03 (big blind) showed [2d Kd] and won ($29.50) with a pair of Kings


PokerStars Hand #152787341888:  Hold'em Limit ($3/$6 USD) - 2016/05/03 5:35:38 ET
Table 'Philippina' 6-max Seat #2 is the button
Seat 1: hairy1961 ($53.26 in chips)
Seat 2: kolaz03 ($94 in chips)
kolaz03: posts small blind $1
hairy1961: posts big blind $3
*** HOLE CARDS ***
kolaz03: raises $3 to $6
hairy1961: calls $3
*** FLOP *** [2s 5s 6c]
hairy1961: checks
kolaz03: bets $3
hairy1961: raises $3 to $6
kolaz03: calls $3
*** TURN *** [2s 5s 6c] [Jh]
hairy1961: bets $6
kolaz03: folds
Uncalled bet ($6) returned to hairy1961
hairy1961 collected $23.52 from pot
hairy1961: shows [3s 4s] (a straight, Deuce to Six)
*** SUMMARY ***
Total pot $24 | Rake $0.48
Board [2s 5s 6c Jh]
Seat 1: hairy1961 (big blind) collected ($23.52)
Seat 2: kolaz03 (button) (small blind) folded on the Turn


PokerStars Hand #152787327200:  Hold'em Limit ($3/$6 USD) - 2016/05/03 5:35:00 ET
Table 'Philippina' 6-max Seat #2 is the button
Seat 1: hairy1961 ($71.26 in chips)
Seat 2: kolaz03 ($76.50 in chips)
kolaz03: posts small blind $1
hairy1961: posts big blind $3
*** HOLE CARDS ***
kolaz03: raises $3 to $6
hairy1961: folds
Uncalled bet ($3) returned to kolaz03
kolaz03 collected $6 from pot
kolaz03: doesn't show hand
*** SUMMARY ***
Total pot $6 | Rake $0
Seat 1: hairy1961 (big blind) folded before Flop
Seat 2: kolaz03 (button) (small blind) collected ($6)


PokerStars Hand #152787350527:  Hold'em Limit ($3/$6 USD) - 2016/05/03 5:36:00 ET
Table 'Philippina' 6-max Seat #2 is the button
Seat 1: hairy1961 ($63.78 in chips)
Seat 2: kolaz03 ($83 in chips)
kolaz03: posts small blind $1
hairy1961: posts big blind $3
*** HOLE CARDS ***
kolaz03: raises $3 to $6
hairy1961: folds
Uncalled bet ($3) returned to kolaz03
kolaz03 collected $6 from pot
kolaz03: doesn't show hand
*** SUMMARY ***
Total pot $6 | Rake $0
Seat 1: hairy1961 (big blind) folded before Flop
Seat 2: kolaz03 (button) (small blind) collected ($6)


PokerStars Hand #152787348583:  Hold'em Limit ($3/$6 USD) - 2016/05/03 5:35:55 ET
Table 'Philippina' 6-max Seat #1 is the button
Seat 1: hairy1961 ($64.78 in chips)
Seat 2: kolaz03 ($82 in chips)
hairy1961: posts small blind $1
kolaz03: posts big blind $3
*** HOLE CARDS ***
hairy1961: folds
Uncalled bet ($2) returned to kolaz03
kolaz03 collected $2 from pot
kolaz03: doesn't show hand
*** SUMMARY ***
Total pot $2 | Rake $0
Seat 1: hairy1961 (button) (small blind) folded before Flop
Seat 2: kolaz03 (big blind) collected ($2)


PokerStars Hand #152787352991:  Hold'em Limit ($3/$6 USD) - 2016/05/03 5:36:06 ET
Table 'Philippina' 6-max Seat #1 is the button
Seat 1: hairy1961 ($60.78 in chips)
Seat 2: kolaz03 ($86 in chips)
hairy1961: posts small blind $1
kolaz03: posts big blind $3
*** HOLE CARDS ***
hairy1961: folds
Uncalled bet ($2) returned to kolaz03
kolaz03 collected $2 from pot
kolaz03: doesn't show hand
*** SUMMARY ***
Total pot $2 | Rake $0
Seat 1: hairy1961 (button) (small blind) folded before Flop
Seat 2: kolaz03 (big blind) collected ($2)


