PokerStars Hand #144756919057:  Hold'em Limit ($3/$6 USD) - 2015/12/03 10:07:04 ET
Table 'Philia' 10-max Seat #5 is the button
Seat 5: Marco197197 ($68.83 in chips)
Seat 6: assitoni ($149.26 in chips)
Marco197197: posts small blind $1
assitoni: posts big blind $3
*** HOLE CARDS ***
Marco197197: calls $2
assitoni: raises $3 to $6
Marco197197: calls $3
*** FLOP *** [7h Ah Qh]
assitoni: bets $3
Marco197197: folds
Uncalled bet ($3) returned to assitoni
assitoni collected $11.76 from pot
assitoni: doesn't show hand
*** SUMMARY ***
Total pot $12 | Rake $0.24
Board [7h Ah Qh]
Seat 5: Marco197197 (button) (small blind) folded on the Flop
Seat 6: assitoni (big blind) collected ($11.76)


PokerStars Hand #144756905092:  Hold'em Limit ($3/$6 USD) - 2015/12/03 10:06:44 ET
Table 'Philia' 10-max Seat #6 is the button
Seat 5: Marco197197 ($74.83 in chips)
Seat 6: assitoni ($143.50 in chips)
assitoni: posts small blind $1
Marco197197: posts big blind $3
*** HOLE CARDS ***
assitoni: raises $3 to $6
Marco197197: calls $3
*** FLOP *** [8h Jd Qc]
Marco197197: checks
B_loJkl joins the table at seat #7
assitoni: bets $3
Marco197197: folds
Uncalled bet ($3) returned to assitoni
assitoni collected $11.76 from pot
assitoni: doesn't show hand
*** SUMMARY ***
Total pot $12 | Rake $0.24
Board [8h Jd Qc]
Seat 5: Marco197197 (big blind) folded on the Flop
Seat 6: assitoni (button) (small blind) collected ($11.76)


PokerStars Hand #144756878818:  Hold'em Limit ($3/$6 USD) - 2015/12/03 10:06:07 ET
Table 'Philia' 10-max Seat #5 is the button
Seat 5: Marco197197 ($98.83 in chips)
Seat 6: assitoni ($120 in chips)
Marco197197: posts small blind $1
assitoni: posts big blind $3
*** HOLE CARDS ***
Marco197197: raises $3 to $6
assitoni: raises $3 to $9
Marco197197: calls $3
*** FLOP *** [Jc 8c 9d]
assitoni: bets $3
Marco197197: calls $3
*** TURN *** [Jc 8c 9d] [8s]
assitoni: bets $6
Marco197197: calls $6
*** RIVER *** [Jc 8c 9d 8s] [2s]
assitoni: bets $6
Marco197197: calls $6
*** SHOW DOWN ***
assitoni: shows [Qh Th] (a straight, Eight to Queen)
Marco197197: mucks hand
assitoni collected $47.50 from pot
*** SUMMARY ***
Total pot $48 | Rake $0.50
Board [Jc 8c 9d 8s 2s]
Seat 5: Marco197197 (button) (small blind) mucked
Seat 6: assitoni (big blind) showed [Qh Th] and won ($47.50) with a straight, Eight to Queen


