PokerStars Hand #165665684834:  Hold'em Limit ($3/$6 USD) - 2017/02/04 9:51:37 ET
Table 'Philomela II' 6-max Seat #2 is the button
Seat 1: Speezy14 ($69.64 in chips)
Seat 2: TbIP-TbIP 88 ($82.64 in chips)
TbIP-TbIP 88: posts small blind $1
Speezy14: posts big blind $3
*** HOLE CARDS ***
TbIP-TbIP 88: raises $3 to $6
Saloxidin joins the table at seat #5
Speezy14: calls $3
*** FLOP *** [8s 6h 5h]
Speezy14: checks
TbIP-TbIP 88: bets $3
Speezy14: folds
Uncalled bet ($3) returned to TbIP-TbIP 88
TbIP-TbIP 88 collected $11.76 from pot
TbIP-TbIP 88: doesn't show hand
*** SUMMARY ***
Total pot $12 | Rake $0.24
Board [8s 6h 5h]
Seat 1: Speezy14 (big blind) folded on the Flop
Seat 2: TbIP-TbIP 88 (button) (small blind) collected ($11.76)


PokerStars Hand #165665699734:  Hold'em Limit ($3/$6 USD) - 2017/02/04 9:51:57 ET
Table 'Philomela II' 6-max Seat #1 is the button
Seat 1: Speezy14 ($63.64 in chips)
Seat 2: TbIP-TbIP 88 ($88.40 in chips)
Speezy14: posts small blind $1
TbIP-TbIP 88: posts big blind $3
*** HOLE CARDS ***
Speezy14: calls $2
TbIP-TbIP 88: raises $3 to $6
Saloxidin leaves the table
Speezy14: calls $3
*** FLOP *** [2d 9s 5s]
TbIP-TbIP 88: bets $3
tamnt10549 joins the table at seat #6
Speezy14: raises $3 to $6
TbIP-TbIP 88: calls $3
*** TURN *** [2d 9s 5s] [4c]
TbIP-TbIP 88: checks
Speezy14: bets $6
TbIP-TbIP 88: folds
Uncalled bet ($6) returned to Speezy14
Speezy14 collected $23.52 from pot
Speezy14: doesn't show hand
*** SUMMARY ***
Total pot $24 | Rake $0.48
Board [2d 9s 5s 4c]
Seat 1: Speezy14 (button) (small blind) collected ($23.52)
Seat 2: TbIP-TbIP 88 (big blind) folded on the Turn


