PokerStars Hand #150872377282:  Hold'em Limit ($3/$6 USD) - 2016/03/24 17:28:41 ET
Table 'Philoctetes III' 6-max Seat #4 is the button
Seat 3: Timo_SVD ($52.06 in chips)
Seat 4: BuzovaPro ($73 in chips)
BuzovaPro: posts small blind $1
Timo_SVD: posts big blind $3
*** HOLE CARDS ***
BuzovaPro: raises $3 to $6
Timo_SVD: calls $3
*** FLOP *** [4h 3d Jh]
Timo_SVD: checks
RinaFox joins the table at seat #5
BuzovaPro: bets $3
Timo_SVD: folds
Uncalled bet ($3) returned to BuzovaPro
BuzovaPro collected $11.76 from pot
BuzovaPro: doesn't show hand
*** SUMMARY ***
Total pot $12 | Rake $0.24
Board [4h 3d Jh]
Seat 3: Timo_SVD (big blind) folded on the Flop
Seat 4: BuzovaPro (button) (small blind) collected ($11.76)


PokerStars Hand #150872454125:  Hold'em Limit ($3/$6 USD) - 2016/03/24 17:30:02 ET
Table 'Philoctetes III' 6-max Seat #3 is the button
Seat 3: Timo_SVD ($69.56 in chips)
Seat 4: BuzovaPro ($72 in chips)
Timo_SVD: posts small blind $1
BuzovaPro: posts big blind $3
*** HOLE CARDS ***
Timo_SVD: calls $2
BuzovaPro: checks
*** FLOP *** [7h Ts 2c]
BuzovaPro: checks
Timo_SVD: checks
*** TURN *** [7h Ts 2c] [5c]
BuzovaPro: bets $6
Timo_SVD: folds
Uncalled bet ($6) returned to BuzovaPro
BuzovaPro collected $5.88 from pot
BuzovaPro: doesn't show hand
*** SUMMARY ***
Total pot $6 | Rake $0.12
Board [7h Ts 2c 5c]
Seat 3: Timo_SVD (button) (small blind) folded on the Turn
Seat 4: BuzovaPro (big blind) collected ($5.88)


PokerStars Hand #150872432428:  Hold'em Limit ($3/$6 USD) - 2016/03/24 17:29:39 ET
Table 'Philoctetes III' 6-max Seat #4 is the button
Seat 3: Timo_SVD ($49.06 in chips)
Seat 4: BuzovaPro ($75.76 in chips)
BuzovaPro: posts small blind $1
Timo_SVD: posts big blind $3
*** HOLE CARDS ***
BuzovaPro: raises $3 to $6
Timo_SVD: calls $3
*** FLOP *** [9s 6h Ks]
Timo_SVD: bets $3
BuzovaPro: calls $3
*** TURN *** [9s 6h Ks] [4h]
Timo_SVD: bets $6
BuzovaPro: calls $6
*** RIVER *** [9s 6h Ks 4h] [8h]
Timo_SVD: bets $6
BuzovaPro: calls $6
*** SHOW DOWN ***
Timo_SVD: shows [9c Th] (a pair of Nines)
BuzovaPro: mucks hand
Timo_SVD collected $41.50 from pot
*** SUMMARY ***
Total pot $42 | Rake $0.50
Board [9s 6h Ks 4h 8h]
Seat 3: Timo_SVD (big blind) showed [9c Th] and won ($41.50) with a pair of Nines
Seat 4: BuzovaPro (button) (small blind) mucked


PokerStars Hand #150872421103:  Hold'em Limit ($3/$6 USD) - 2016/03/24 17:29:27 ET
Table 'Philoctetes III' 6-max Seat #3 is the button
Seat 3: Timo_SVD ($46.06 in chips)
Seat 4: BuzovaPro ($78.76 in chips)
Timo_SVD: posts small blind $1
BuzovaPro: posts big blind $3
*** HOLE CARDS ***
Timo_SVD: raises $3 to $6
BuzovaPro: folds
Uncalled bet ($3) returned to Timo_SVD
Timo_SVD collected $6 from pot
*** SUMMARY ***
Total pot $6 | Rake $0
Seat 3: Timo_SVD (button) (small blind) collected ($6)
Seat 4: BuzovaPro (big blind) folded before Flop


PokerStars Hand #150872416037:  Hold'em Limit ($3/$6 USD) - 2016/03/24 17:29:22 ET
Table 'Philoctetes III' 6-max Seat #4 is the button
Seat 3: Timo_SVD ($45.06 in chips)
Seat 4: BuzovaPro ($79.76 in chips)
BuzovaPro: posts small blind $1
Timo_SVD: posts big blind $3
*** HOLE CARDS ***
BuzovaPro: folds
Uncalled bet ($2) returned to Timo_SVD
Timo_SVD collected $2 from pot
*** SUMMARY ***
Total pot $2 | Rake $0
Seat 3: Timo_SVD (big blind) collected ($2)
Seat 4: BuzovaPro (button) (small blind) folded before Flop


PokerStars Hand #150872411203:  Hold'em Limit ($3/$6 USD) - 2016/03/24 17:29:17 ET
Table 'Philoctetes III' 6-max Seat #3 is the button
Seat 3: Timo_SVD ($46.06 in chips)
Seat 4: BuzovaPro ($78.76 in chips)
Timo_SVD: posts small blind $1
BuzovaPro: posts big blind $3
*** HOLE CARDS ***
Timo_SVD: folds
Uncalled bet ($2) returned to BuzovaPro
BuzovaPro collected $2 from pot
BuzovaPro: doesn't show hand
*** SUMMARY ***
Total pot $2 | Rake $0
Seat 3: Timo_SVD (button) (small blind) folded before Flop
Seat 4: BuzovaPro (big blind) collected ($2)


PokerStars Hand #150872510483:  Hold'em Limit ($3/$6 USD) - 2016/03/24 17:31:02 ET
Table 'Philoctetes III' 6-max Seat #4 is the button
Seat 3: Timo_SVD ($76.06 in chips)
Seat 4: BuzovaPro ($73 in chips)
BuzovaPro: posts small blind $1
Timo_SVD: posts big blind $3
*** HOLE CARDS ***
BuzovaPro: folds
Uncalled bet ($2) returned to Timo_SVD
Timo_SVD collected $2 from pot
*** SUMMARY ***
Total pot $2 | Rake $0
Seat 3: Timo_SVD (big blind) collected ($2)
Seat 4: BuzovaPro (button) (small blind) folded before Flop


PokerStars Hand #150872505428:  Hold'em Limit ($3/$6 USD) - 2016/03/24 17:30:57 ET
Table 'Philoctetes III' 6-max Seat #3 is the button
Seat 3: Timo_SVD ($77.06 in chips)
Seat 4: BuzovaPro ($72 in chips)
Timo_SVD: posts small blind $1
BuzovaPro: posts big blind $3
*** HOLE CARDS ***
Timo_SVD: folds
Uncalled bet ($2) returned to BuzovaPro
BuzovaPro collected $2 from pot
*** SUMMARY ***
Total pot $2 | Rake $0
Seat 3: Timo_SVD (button) (small blind) folded before Flop
Seat 4: BuzovaPro (big blind) collected ($2)


PokerStars Hand #150872485847:  Hold'em Limit ($3/$6 USD) - 2016/03/24 17:30:36 ET
Table 'Philoctetes III' 6-max Seat #4 is the button
Seat 3: Timo_SVD ($62.56 in chips)
Seat 4: BuzovaPro ($78.88 in chips)
BuzovaPro: posts small blind $1
Timo_SVD: posts big blind $3
*** HOLE CARDS ***
BuzovaPro: raises $3 to $6
Timo_SVD: calls $3
*** FLOP *** [Jh 9c 4h]
Timo_SVD: checks
BuzovaPro: bets $3
Timo_SVD: calls $3
*** TURN *** [Jh 9c 4h] [7d]
Timo_SVD: checks
BuzovaPro: bets $6
Timo_SVD: calls $6
*** RIVER *** [Jh 9c 4h 7d] [5c]
Timo_SVD: checks
BuzovaPro: checks
*** SHOW DOWN ***
Timo_SVD: shows [8s 7s] (a pair of Sevens)
BuzovaPro: mucks hand
Timo_SVD collected $29.50 from pot
*** SUMMARY ***
Total pot $30 | Rake $0.50
Board [Jh 9c 4h 7d 5c]
Seat 3: Timo_SVD (big blind) showed [8s 7s] and won ($29.50) with a pair of Sevens
Seat 4: BuzovaPro (button) (small blind) mucked


PokerStars Hand #150872479832:  Hold'em Limit ($3/$6 USD) - 2016/03/24 17:30:29 ET
Table 'Philoctetes III' 6-max Seat #3 is the button
Seat 3: Timo_SVD ($63.56 in chips)
Seat 4: BuzovaPro ($77.88 in chips)
Timo_SVD: posts small blind $1
BuzovaPro: posts big blind $3
*** HOLE CARDS ***
Timo_SVD: folds
Uncalled bet ($2) returned to BuzovaPro
BuzovaPro collected $2 from pot
BuzovaPro: doesn't show hand
*** SUMMARY ***
Total pot $2 | Rake $0
Seat 3: Timo_SVD (button) (small blind) folded before Flop
Seat 4: BuzovaPro (big blind) collected ($2)


PokerStars Hand #150872471276:  Hold'em Limit ($3/$6 USD) - 2016/03/24 17:30:20 ET
Table 'Philoctetes III' 6-max Seat #4 is the button
Seat 3: Timo_SVD ($66.56 in chips)
Seat 4: BuzovaPro ($74.88 in chips)
BuzovaPro: posts small blind $1
Timo_SVD: posts big blind $3
*** HOLE CARDS ***
BuzovaPro: raises $3 to $6
Timo_SVD: folds
Uncalled bet ($3) returned to BuzovaPro
BuzovaPro collected $6 from pot
BuzovaPro: doesn't show hand
*** SUMMARY ***
Total pot $6 | Rake $0
Seat 3: Timo_SVD (big blind) folded before Flop
Seat 4: BuzovaPro (button) (small blind) collected ($6)


PokerStars Hand #150872546717:  Hold'em Limit ($3/$6 USD) - 2016/03/24 17:31:41 ET
Table 'Philoctetes III' 6-max Seat #4 is the button
Seat 3: Timo_SVD ($53.06 in chips)
Seat 4: BuzovaPro ($95.50 in chips)
BuzovaPro: posts small blind $1
Timo_SVD: posts big blind $3
*** HOLE CARDS ***
RinaFox leaves the table
BuzovaPro: raises $3 to $6
Timo_SVD: calls $3
*** FLOP *** [2d Kc 6h]
Timo_SVD: checks
BuzovaPro: bets $3
Timo_SVD: calls $3
*** TURN *** [2d Kc 6h] [Kh]
Timo_SVD: bets $6
BuzovaPro: calls $6
*** RIVER *** [2d Kc 6h Kh] [Qh]
Timo_SVD: bets $6
BuzovaPro: folds
Uncalled bet ($6) returned to Timo_SVD
Timo_SVD collected $29.50 from pot
*** SUMMARY ***
Total pot $30 | Rake $0.50
Board [2d Kc 6h Kh Qh]
Seat 3: Timo_SVD (big blind) collected ($29.50)
Seat 4: BuzovaPro (button) (small blind) folded on the River


PokerStars Hand #150872520423:  Hold'em Limit ($3/$6 USD) - 2016/03/24 17:31:13 ET
Table 'Philoctetes III' 6-max Seat #3 is the button
Seat 3: Timo_SVD ($77.06 in chips)
Seat 4: BuzovaPro ($72 in chips)
Timo_SVD: posts small blind $1
BuzovaPro: posts big blind $3
*** HOLE CARDS ***
Timo_SVD: raises $3 to $6
BuzovaPro: raises $3 to $9
Timo_SVD: calls $3
*** FLOP *** [7s 3d Qc]
BuzovaPro: bets $3
Timo_SVD: calls $3
*** TURN *** [7s 3d Qc] [Ts]
BuzovaPro: bets $6
Timo_SVD: calls $6
*** RIVER *** [7s 3d Qc Ts] [3c]
BuzovaPro: bets $6
Timo_SVD: calls $6
*** SHOW DOWN ***
BuzovaPro: shows [Qd Qs] (a full house, Queens full of Threes)
Timo_SVD: mucks hand
BuzovaPro collected $47.50 from pot
*** SUMMARY ***
Total pot $48 | Rake $0.50
Board [7s 3d Qc Ts 3c]
Seat 3: Timo_SVD (button) (small blind) mucked
Seat 4: BuzovaPro (big blind) showed [Qd Qs] and won ($47.50) with a full house, Queens full of Threes


PokerStars Hand #150872618681:  Hold'em Limit ($3/$6 USD) - 2016/03/24 17:32:57 ET
Table 'Philoctetes III' 6-max Seat #4 is the button
Seat 3: Timo_SVD ($79.08 in chips)
Seat 4: BuzovaPro ($72 in chips)
BuzovaPro: posts small blind $1
Timo_SVD: posts big blind $3
*** HOLE CARDS ***
BuzovaPro: raises $3 to $6
Timo_SVD: calls $3
*** FLOP *** [4h Jh Tc]
Timo_SVD: checks
BuzovaPro: bets $3
Timo_SVD: folds
Uncalled bet ($3) returned to BuzovaPro
BuzovaPro collected $11.76 from pot
BuzovaPro: doesn't show hand
*** SUMMARY ***
Total pot $12 | Rake $0.24
Board [4h Jh Tc]
Seat 3: Timo_SVD (big blind) folded on the Flop
Seat 4: BuzovaPro (button) (small blind) collected ($11.76)


PokerStars Hand #150872581578:  Hold'em Limit ($3/$6 USD) - 2016/03/24 17:32:18 ET
Table 'Philoctetes III' 6-max Seat #3 is the button
Seat 3: Timo_SVD ($67.56 in chips)
Seat 4: BuzovaPro ($80.50 in chips)
Timo_SVD: posts small blind $1
BuzovaPro: posts big blind $3
*** HOLE CARDS ***
Timo_SVD: raises $3 to $6
BuzovaPro: calls $3
*** FLOP *** [6d 7d 9d]
BuzovaPro: checks
Timo_SVD: checks
*** TURN *** [6d 7d 9d] [Ah]
BuzovaPro: checks
Timo_SVD: bets $6
BuzovaPro: calls $6
*** RIVER *** [6d 7d 9d Ah] [7c]
BuzovaPro: checks
Timo_SVD: checks
*** SHOW DOWN ***
BuzovaPro: shows [8h Jd] (a pair of Sevens)
Timo_SVD: shows [Td Js] (a pair of Sevens - Ace+Jack+Ten kicker)
Timo_SVD collected $23.52 from pot
*** SUMMARY ***
Total pot $24 | Rake $0.48
Board [6d 7d 9d Ah 7c]
Seat 3: Timo_SVD (button) (small blind) showed [Td Js] and won ($23.52) with a pair of Sevens
Seat 4: BuzovaPro (big blind) showed [8h Jd] and lost with a pair of Sevens


PokerStars Hand #150872635166:  Hold'em Limit ($3/$6 USD) - 2016/03/24 17:33:15 ET
Table 'Philoctetes III' 6-max Seat #3 is the button
Seat 3: Timo_SVD ($73.08 in chips)
Seat 4: BuzovaPro ($77.76 in chips)
Timo_SVD: posts small blind $1
BuzovaPro: posts big blind $3
*** HOLE CARDS ***
Timo_SVD: raises $3 to $6
BuzovaPro: raises $3 to $9
Timo_SVD: calls $3
*** FLOP *** [Qd 8c 7c]
BuzovaPro: bets $3
Timo_SVD: calls $3
*** TURN *** [Qd 8c 7c] [2d]
BuzovaPro: bets $6
Timo_SVD: calls $6
*** RIVER *** [Qd 8c 7c 2d] [Kd]
BuzovaPro: checks
Timo_SVD: checks
*** SHOW DOWN ***
BuzovaPro: shows [4c 4d] (a pair of Fours)
Timo_SVD: shows [As 8d] (a pair of Eights)
Timo_SVD collected $35.50 from pot
*** SUMMARY ***
Total pot $36 | Rake $0.50
Board [Qd 8c 7c 2d Kd]
Seat 3: Timo_SVD (button) (small blind) showed [As 8d] and won ($35.50) with a pair of Eights
Seat 4: BuzovaPro (big blind) showed [4c 4d] and lost with a pair of Fours


PokerStars Hand #150872700411:  Hold'em Limit ($3/$6 USD) - 2016/03/24 17:34:24 ET
Table 'Philoctetes III' 6-max Seat #3 is the button
Seat 3: Timo_SVD ($63.58 in chips)
Seat 4: BuzovaPro ($98.50 in chips)
Timo_SVD: posts small blind $1
BuzovaPro: posts big blind $3
*** HOLE CARDS ***
Timo_SVD: folds
Uncalled bet ($2) returned to BuzovaPro
BuzovaPro collected $2 from pot
BuzovaPro: doesn't show hand
*** SUMMARY ***
Total pot $2 | Rake $0
Seat 3: Timo_SVD (button) (small blind) folded before Flop
Seat 4: BuzovaPro (big blind) collected ($2)


PokerStars Hand #150872661865:  Hold'em Limit ($3/$6 USD) - 2016/03/24 17:33:43 ET
Table 'Philoctetes III' 6-max Seat #4 is the button
Seat 3: Timo_SVD ($90.58 in chips)
Seat 4: BuzovaPro ($72 in chips)
BuzovaPro: posts small blind $1
Timo_SVD: posts big blind $3
*** HOLE CARDS ***
BuzovaPro: raises $3 to $6
Timo_SVD: calls $3
*** FLOP *** [3h Jd 4h]
Timo_SVD: checks
BuzovaPro: bets $3
Timo_SVD: calls $3
*** TURN *** [3h Jd 4h] [Ac]
Timo_SVD: bets $6
keusie1 joins the table at seat #5
BuzovaPro: calls $6
*** RIVER *** [3h Jd 4h Ac] [Jc]
Timo_SVD: bets $6
BuzovaPro: raises $6 to $12
Timo_SVD: calls $6
*** SHOW DOWN ***
BuzovaPro: shows [5s Js] (three of a kind, Jacks)
Timo_SVD: mucks hand
BuzovaPro collected $53.50 from pot
*** SUMMARY ***
Total pot $54 | Rake $0.50
Board [3h Jd 4h Ac Jc]
Seat 3: Timo_SVD (big blind) mucked
Seat 4: BuzovaPro (button) (small blind) showed [5s Js] and won ($53.50) with three of a kind, Jacks


PokerStars Hand #150875044210:  Hold'em Limit ($3/$6 USD) - 2016/03/24 18:16:05 ET
Table 'Philoctetes III' 6-max Seat #1 is the button
Seat 1: ToDaFelt ($295.11 in chips)
Seat 6: Chessnok ($226.46 in chips)
ToDaFelt: posts small blind $1
BuzovaPro: is sitting out
vestimokrec: is sitting out
Chessnok: posts big blind $3
*** HOLE CARDS ***
ToDaFelt: raises $3 to $6
Chessnok: folds
Uncalled bet ($3) returned to ToDaFelt
vestimokrec leaves the table
ToDaFelt collected $6 from pot
ToDaFelt: doesn't show hand
*** SUMMARY ***
Total pot $6 | Rake $0
Seat 1: ToDaFelt (button) (small blind) collected ($6)
Seat 6: Chessnok (big blind) folded before Flop


PokerStars Hand #150875151929:  Hold'em Limit ($3/$6 USD) - 2016/03/24 18:18:03 ET
Table 'Philoctetes III' 6-max Seat #3 is the button
Seat 3: Timo_SVD ($120.07 in chips)
Seat 6: Chessnok ($223.46 in chips)
vestimokrec: is sitting out
vestimokrec leaves the table
Timo_SVD: posts small blind $1
Chessnok: posts big blind $3
*** HOLE CARDS ***
Timo_SVD: folds
Uncalled bet ($2) returned to Chessnok
Chessnok collected $2 from pot
Chessnok: doesn't show hand
*** SUMMARY ***
Total pot $2 | Rake $0
Seat 3: Timo_SVD (button) (small blind) folded before Flop
Seat 6: Chessnok (big blind) collected ($2)


PokerStars Hand #150875184920:  Hold'em Limit ($3/$6 USD) - 2016/03/24 18:18:39 ET
Table 'Philoctetes III' 6-max Seat #3 is the button
Seat 3: Timo_SVD ($130.59 in chips)
Seat 6: Chessnok ($212.46 in chips)
Timo_SVD: posts small blind $1
Chessnok: posts big blind $3
*** HOLE CARDS ***
Timo_SVD: folds
Uncalled bet ($2) returned to Chessnok
Chessnok collected $2 from pot
Chessnok: doesn't show hand
*** SUMMARY ***
Total pot $2 | Rake $0
Seat 3: Timo_SVD (button) (small blind) folded before Flop
Seat 6: Chessnok (big blind) collected ($2)


PokerStars Hand #150875163076:  Hold'em Limit ($3/$6 USD) - 2016/03/24 18:18:15 ET
Table 'Philoctetes III' 6-max Seat #6 is the button
Seat 3: Timo_SVD ($119.07 in chips)
Seat 6: Chessnok ($224.46 in chips)
Chessnok: posts small blind $1
Timo_SVD: posts big blind $3
*** HOLE CARDS ***
Chessnok: raises $3 to $6
Timo_SVD: calls $3
*** FLOP *** [6s 4h 4s]
Timo_SVD: bets $3
Chessnok: raises $3 to $6
Timo_SVD: calls $3
*** TURN *** [6s 4h 4s] [2s]
Timo_SVD: checks
Chessnok: checks
*** RIVER *** [6s 4h 4s 2s] [5d]
Timo_SVD: bets $6
Chessnok: folds
Uncalled bet ($6) returned to Timo_SVD
Timo_SVD collected $23.52 from pot
*** SUMMARY ***
Total pot $24 | Rake $0.48
Board [6s 4h 4s 2s 5d]
Seat 3: Timo_SVD (big blind) collected ($23.52)
Seat 6: Chessnok (button) (small blind) folded on the River


PokerStars Hand #150875189921:  Hold'em Limit ($3/$6 USD) - 2016/03/24 18:18:45 ET
Table 'Philoctetes III' 6-max Seat #6 is the button
Seat 3: Timo_SVD ($129.59 in chips)
Seat 6: Chessnok ($213.46 in chips)
Chessnok: posts small blind $1
Timo_SVD: posts big blind $3
*** HOLE CARDS ***
Chessnok: raises $3 to $6
Timo_SVD: calls $3
*** FLOP *** [Qd 6s 4s]
Timo_SVD: checks
Chessnok: bets $3
Timo_SVD: calls $3
*** TURN *** [Qd 6s 4s] [7c]
Timo_SVD: checks
Chessnok: bets $6
Timo_SVD: calls $6
*** RIVER *** [Qd 6s 4s 7c] [8c]
Timo_SVD: checks
ToDaFelt joins the table at seat #4
Chessnok: bets $6
Timo_SVD: calls $6
*** SHOW DOWN ***
Chessnok: shows [8h Th] (a pair of Eights)
Timo_SVD: mucks hand
Chessnok collected $41.50 from pot
*** SUMMARY ***
Total pot $42 | Rake $0.50
Board [Qd 6s 4s 7c 8c]
Seat 3: Timo_SVD (big blind) mucked
Seat 6: Chessnok (button) (small blind) showed [8h Th] and won ($41.50) with a pair of Eights


PokerStars Hand #150876576101:  Hold'em Limit ($3/$6 USD) - 2016/03/24 18:45:03 ET
Table 'Philoctetes III' 6-max Seat #2 is the button
Seat 2: bigkrak ($306.06 in chips)
Seat 4: ToDaFelt ($183.92 in chips)
bigkrak: posts small blind $1
ToDaFelt: posts big blind $3
*** HOLE CARDS ***
bigkrak: raises $3 to $6
ToDaFelt: calls $3
*** FLOP *** [Ts Qh Jd]
ToDaFelt: checks
bigkrak: bets $3
ToDaFelt: calls $3
*** TURN *** [Ts Qh Jd] [5s]
ToDaFelt: checks
bigkrak: bets $6
ToDaFelt: calls $6
*** RIVER *** [Ts Qh Jd 5s] [3c]
ToDaFelt: checks
bigkrak: bets $6
ToDaFelt: calls $6
*** SHOW DOWN ***
bigkrak: shows [Ks Kd] (a pair of Kings)
ToDaFelt: mucks hand
bigkrak collected $41.50 from pot
*** SUMMARY ***
Total pot $42 | Rake $0.50
Board [Ts Qh Jd 5s 3c]
Seat 2: bigkrak (button) (small blind) showed [Ks Kd] and won ($41.50) with a pair of Kings
Seat 4: ToDaFelt (big blind) mucked


PokerStars Hand #150876600613:  Hold'em Limit ($3/$6 USD) - 2016/03/24 18:45:29 ET
Table 'Philoctetes III' 6-max Seat #4 is the button
Seat 2: bigkrak ($326.56 in chips)
Seat 4: ToDaFelt ($180 in chips)
ToDaFelt: posts small blind $1
bigkrak: posts big blind $3
*** HOLE CARDS ***
ToDaFelt: raises $3 to $6
bigkrak: calls $3
*** FLOP *** [6c Jd 2c]
bigkrak: bets $3
fugu82 joins the table at seat #3
ToDaFelt: calls $3
*** TURN *** [6c Jd 2c] [9h]
bigkrak: checks
vestimokrec joins the table at seat #5
ToDaFelt: checks
*** RIVER *** [6c Jd 2c 9h] [2s]
bigkrak: bets $6
ToDaFelt: calls $6
*** SHOW DOWN ***
bigkrak: shows [8c Js] (two pair, Jacks and Deuces)
ToDaFelt: mucks hand
bigkrak collected $29.50 from pot
*** SUMMARY ***
Total pot $30 | Rake $0.50
Board [6c Jd 2c 9h 2s]
Seat 2: bigkrak (big blind) showed [8c Js] and won ($29.50) with two pair, Jacks and Deuces
Seat 4: ToDaFelt (button) (small blind) mucked


PokerStars Hand #150876678239:  Hold'em Limit ($3/$6 USD) - 2016/03/24 18:46:54 ET
Table 'Philoctetes III' 6-max Seat #3 is the button
Seat 2: bigkrak ($340.06 in chips)
Seat 3: fugu82 ($132.25 in chips)
fugu82: posts small blind $1
ToDaFelt: is sitting out
bigkrak: posts big blind $3
*** HOLE CARDS ***
fugu82: raises $3 to $6
bigkrak: calls $3
*** FLOP *** [8c Qc As]
bigkrak: checks
fugu82: bets $3
bigkrak: folds
Uncalled bet ($3) returned to fugu82
ToDaFelt leaves the table
fugu82 collected $11.76 from pot
*** SUMMARY ***
Total pot $12 | Rake $0.24
Board [8c Qc As]
Seat 2: bigkrak (big blind) folded on the Flop
Seat 3: fugu82 (button) (small blind) collected ($11.76)


PokerStars Hand #150876689245:  Hold'em Limit ($3/$6 USD) - 2016/03/24 18:47:06 ET
Table 'Philoctetes III' 6-max Seat #2 is the button
Seat 2: bigkrak ($334.06 in chips)
Seat 3: fugu82 ($138.01 in chips)
bigkrak: posts small blind $1
fugu82: posts big blind $3
*** HOLE CARDS ***
bigkrak: calls $2
fugu82: checks
*** FLOP *** [Ac Qc 3c]
fugu82: bets $3
bigkrak: folds
Uncalled bet ($3) returned to fugu82
fugu82 collected $5.88 from pot
*** SUMMARY ***
Total pot $6 | Rake $0.12
Board [Ac Qc 3c]
Seat 2: bigkrak (button) (small blind) folded on the Flop
Seat 3: fugu82 (big blind) collected ($5.88)


PokerStars Hand #150876699164:  Hold'em Limit ($3/$6 USD) - 2016/03/24 18:47:17 ET
Table 'Philoctetes III' 6-max Seat #3 is the button
Seat 2: bigkrak ($331.06 in chips)
Seat 3: fugu82 ($140.89 in chips)
fugu82: posts small blind $1
bigkrak: posts big blind $3
*** HOLE CARDS ***
fugu82: raises $3 to $6
bigkrak: folds
Uncalled bet ($3) returned to fugu82
vestimokrec leaves the table
fugu82 collected $6 from pot
*** SUMMARY ***
Total pot $6 | Rake $0
Seat 2: bigkrak (big blind) folded before Flop
Seat 3: fugu82 (button) (small blind) collected ($6)


PokerStars Hand #150876708884:  Hold'em Limit ($3/$6 USD) - 2016/03/24 18:47:28 ET
Table 'Philoctetes III' 6-max Seat #2 is the button
Seat 2: bigkrak ($328.06 in chips)
Seat 3: fugu82 ($143.89 in chips)
bigkrak: posts small blind $1
fugu82: posts big blind $3
*** HOLE CARDS ***
bigkrak: calls $2
fugu82: raises $3 to $6
bigkrak: calls $3
*** FLOP *** [8h Jh 4c]
fugu82: bets $3
bigkrak: calls $3
*** TURN *** [8h Jh 4c] [As]
fugu82: bets $6
bigkrak: calls $6
*** RIVER *** [8h Jh 4c As] [6h]
fugu82: bets $6
bigkrak: calls $6
*** SHOW DOWN ***
fugu82: shows [Ad 3h] (a pair of Aces)
bigkrak: mucks hand
fugu82 collected $41.50 from pot
*** SUMMARY ***
Total pot $42 | Rake $0.50
Board [8h Jh 4c As 6h]
Seat 2: bigkrak (button) (small blind) mucked
Seat 3: fugu82 (big blind) showed [Ad 3h] and won ($41.50) with a pair of Aces


