PokerStars Hand #175834831071:  Hold'em Limit ($3/$6 USD) - 2017/09/18 23:56:45 ET
Table 'Philomela' 6-max Seat #1 is the button
Seat 1: razor3334 ($94.01 in chips)
Seat 4: VolkovDmitri ($120 in chips)
razor3334: posts small blind $1
VolkovDmitri: posts big blind $3
*** HOLE CARDS ***
razor3334: calls $2
VolkovDmitri: checks
*** FLOP *** [Qc 8h 9s]
VolkovDmitri: checks
razor3334: bets $3
VolkovDmitri: folds
Uncalled bet ($3) returned to razor3334
razor3334 collected $5.88 from pot
*** SUMMARY ***
Total pot $6 | Rake $0.12
Board [Qc 8h 9s]
Seat 1: razor3334 (button) (small blind) collected ($5.88)
Seat 4: VolkovDmitri (big blind) folded on the Flop


PokerStars Hand #175834841058:  Hold'em Limit ($3/$6 USD) - 2017/09/18 23:57:29 ET
Table 'Philomela' 6-max Seat #1 is the button
Seat 1: razor3334 ($120.39 in chips)
Seat 4: VolkovDmitri ($120 in chips)
razor3334: posts small blind $1
VolkovDmitri: posts big blind $3
*** HOLE CARDS ***
razor3334: folds
Uncalled bet ($2) returned to VolkovDmitri
VolkovDmitri collected $2 from pot
VolkovDmitri: doesn't show hand
*** SUMMARY ***
Total pot $2 | Rake $0
Seat 1: razor3334 (button) (small blind) folded before Flop
Seat 4: VolkovDmitri (big blind) collected ($2)


PokerStars Hand #175834834269:  Hold'em Limit ($3/$6 USD) - 2017/09/18 23:56:59 ET
Table 'Philomela' 6-max Seat #4 is the button
Seat 1: razor3334 ($96.89 in chips)
Seat 4: VolkovDmitri ($120 in chips)
VolkovDmitri: posts small blind $1
razor3334: posts big blind $3
*** HOLE CARDS ***
VolkovDmitri: raises $3 to $6
razor3334: raises $3 to $9
VolkovDmitri: calls $3
*** FLOP *** [7s Kd Ks]
razor3334: bets $3
VolkovDmitri: calls $3
*** TURN *** [7s Kd Ks] [4c]
razor3334: bets $6
VolkovDmitri: calls $6
*** RIVER *** [7s Kd Ks 4c] [5s]
razor3334: bets $6
VolkovDmitri: calls $6
*** SHOW DOWN ***
razor3334: shows [Qc Qd] (two pair, Kings and Queens)
VolkovDmitri: mucks hand
razor3334 collected $47.50 from pot
*** SUMMARY ***
Total pot $48 | Rake $0.50
Board [7s Kd Ks 4c 5s]
Seat 1: razor3334 (big blind) showed [Qc Qd] and won ($47.50) with two pair, Kings and Queens
Seat 4: VolkovDmitri (button) (small blind) mucked


PokerStars Hand #175834855684:  Hold'em Limit ($3/$6 USD) - 2017/09/18 23:58:33 ET
Table 'Philomela' 6-max Seat #4 is the button
Seat 1: razor3334 ($127.03 in chips)
Seat 4: VolkovDmitri ($121 in chips)
VolkovDmitri: posts small blind $1
razor3334: posts big blind $3
*** HOLE CARDS ***
VolkovDmitri: raises $3 to $6
razor3334: calls $3
*** FLOP *** [2c 4s Ad]
razor3334: checks
VolkovDmitri: bets $3
razor3334: folds
Uncalled bet ($3) returned to VolkovDmitri
VolkovDmitri collected $11.76 from pot
VolkovDmitri: doesn't show hand
*** SUMMARY ***
Total pot $12 | Rake $0.24
Board [2c 4s Ad]
Seat 1: razor3334 (big blind) folded on the Flop
Seat 4: VolkovDmitri (button) (small blind) collected ($11.76)


PokerStars Hand #175834854480:  Hold'em Limit ($3/$6 USD) - 2017/09/18 23:58:28 ET
Table 'Philomela' 6-max Seat #1 is the button
Seat 1: razor3334 ($128.03 in chips)
Seat 4: VolkovDmitri ($120 in chips)
razor3334: posts small blind $1
VolkovDmitri: posts big blind $3
*** HOLE CARDS ***
razor3334: folds
Uncalled bet ($2) returned to VolkovDmitri
VolkovDmitri collected $2 from pot
VolkovDmitri: doesn't show hand
*** SUMMARY ***
Total pot $2 | Rake $0
Seat 1: razor3334 (button) (small blind) folded before Flop
Seat 4: VolkovDmitri (big blind) collected ($2)


PokerStars Hand #175834842510:  Hold'em Limit ($3/$6 USD) - 2017/09/18 23:57:35 ET
Table 'Philomela' 6-max Seat #4 is the button
Seat 1: razor3334 ($119.39 in chips)
Seat 4: VolkovDmitri ($121 in chips)
VolkovDmitri: posts small blind $1
razor3334: posts big blind $3
*** HOLE CARDS ***
VolkovDmitri: raises $3 to $6
razor3334: calls $3
*** FLOP *** [4c Tc 2h]
razor3334: checks
VolkovDmitri: bets $3
razor3334: calls $3
*** TURN *** [4c Tc 2h] [8c]
razor3334: checks
VolkovDmitri: checks
*** RIVER *** [4c Tc 2h 8c] [Qc]
razor3334: bets $6
VolkovDmitri: folds
Uncalled bet ($6) returned to razor3334
razor3334 collected $17.64 from pot
*** SUMMARY ***
Total pot $18 | Rake $0.36
Board [4c Tc 2h 8c Qc]
Seat 1: razor3334 (big blind) collected ($17.64)
Seat 4: VolkovDmitri (button) (small blind) folded on the River


PokerStars Hand #175834863811:  Hold'em Limit ($3/$6 USD) - 2017/09/18 23:59:08 ET
Table 'Philomela' 6-max Seat #4 is the button
Seat 1: razor3334 ($126.79 in chips)
Seat 4: VolkovDmitri ($120.76 in chips)
VolkovDmitri: posts small blind $1
razor3334: posts big blind $3
*** HOLE CARDS ***
VolkovDmitri: raises $3 to $6
razor3334: raises $3 to $9
VolkovDmitri: calls $3
*** FLOP *** [8d 8h 2h]
razor3334: bets $3
VolkovDmitri: folds
Uncalled bet ($3) returned to razor3334
razor3334 collected $17.64 from pot
*** SUMMARY ***
Total pot $18 | Rake $0.36
Board [8d 8h 2h]
Seat 1: razor3334 (big blind) collected ($17.64)
Seat 4: VolkovDmitri (button) (small blind) folded on the Flop


PokerStars Hand #175834858498:  Hold'em Limit ($3/$6 USD) - 2017/09/18 23:58:45 ET
Table 'Philomela' 6-max Seat #1 is the button
Seat 1: razor3334 ($121.03 in chips)
Seat 4: VolkovDmitri ($126.76 in chips)
razor3334: posts small blind $1
VolkovDmitri: posts big blind $3
*** HOLE CARDS ***
razor3334: raises $3 to $6
VolkovDmitri: calls $3
*** FLOP *** [Qc 4s 7s]
VolkovDmitri: checks
razor3334: bets $3
VolkovDmitri: folds
Uncalled bet ($3) returned to razor3334
razor3334 collected $11.76 from pot
*** SUMMARY ***
Total pot $12 | Rake $0.24
Board [Qc 4s 7s]
Seat 1: razor3334 (button) (small blind) collected ($11.76)
Seat 4: VolkovDmitri (big blind) folded on the Flop


PokerStars Hand #175834884418:  Hold'em Limit ($3/$6 USD) - 2017/09/19 0:00:37 ET
Table 'Philomela' 6-max Seat #1 is the button
Seat 1: razor3334 ($120.07 in chips)
Seat 4: VolkovDmitri ($134.50 in chips)
razor3334: posts small blind $1
VolkovDmitri: posts big blind $3
*** HOLE CARDS ***
razor3334: raises $3 to $6
VolkovDmitri: raises $3 to $9
razor3334: calls $3
*** FLOP *** [Js 4s Qh]
VolkovDmitri: bets $3
razor3334: calls $3
*** TURN *** [Js 4s Qh] [5c]
VolkovDmitri: bets $6
razor3334: calls $6
*** RIVER *** [Js 4s Qh 5c] [Qd]
VolkovDmitri: checks
razor3334: checks
*** SHOW DOWN ***
VolkovDmitri: shows [Ad 2d] (a pair of Queens)
razor3334: shows [2s 2h] (two pair, Queens and Deuces)
razor3334 collected $35.50 from pot
*** SUMMARY ***
Total pot $36 | Rake $0.50
Board [Js 4s Qh 5c Qd]
Seat 1: razor3334 (button) (small blind) showed [2s 2h] and won ($35.50) with two pair, Queens and Deuces
Seat 4: VolkovDmitri (big blind) showed [Ad 2d] and lost with a pair of Queens


PokerStars Hand #175834868150:  Hold'em Limit ($3/$6 USD) - 2017/09/18 23:59:27 ET
Table 'Philomela' 6-max Seat #1 is the button
Seat 1: razor3334 ($135.43 in chips)
Seat 4: VolkovDmitri ($120 in chips)
razor3334: posts small blind $1
VolkovDmitri: posts big blind $3
*** HOLE CARDS ***
razor3334: raises $3 to $6
VolkovDmitri: calls $3
*** FLOP *** [3c Qc Tc]
VolkovDmitri: checks
razor3334: bets $3
VolkovDmitri: raises $3 to $6
razor3334: calls $3
*** TURN *** [3c Qc Tc] [7c]
VolkovDmitri: bets $6
razor3334: calls $6
*** RIVER *** [3c Qc Tc 7c] [Jh]
VolkovDmitri: bets $6
razor3334: calls $6
*** SHOW DOWN ***
VolkovDmitri: shows [7d 6c] (a flush, Queen high)
razor3334: mucks hand
VolkovDmitri collected $47.50 from pot
*** SUMMARY ***
Total pot $48 | Rake $0.50
Board [3c Qc Tc 7c Jh]
Seat 1: razor3334 (button) (small blind) mucked
Seat 4: VolkovDmitri (big blind) showed [7d 6c] and won ($47.50) with a flush, Queen high


PokerStars Hand #175834876605:  Hold'em Limit ($3/$6 USD) - 2017/09/19 0:00:04 ET
Table 'Philomela' 6-max Seat #4 is the button
Seat 1: razor3334 ($111.43 in chips)
Seat 4: VolkovDmitri ($143.50 in chips)
VolkovDmitri: posts small blind $1
razor3334: posts big blind $3
*** HOLE CARDS ***
VolkovDmitri: raises $3 to $6
razor3334: calls $3
*** FLOP *** [5h 2d 6d]
razor3334: checks
VolkovDmitri: bets $3
razor3334: calls $3
*** TURN *** [5h 2d 6d] [8h]
razor3334: checks
VolkovDmitri: checks
*** RIVER *** [5h 2d 6d 8h] [Qc]
razor3334: bets $6
VolkovDmitri: folds
Uncalled bet ($6) returned to razor3334
razor3334 collected $17.64 from pot
*** SUMMARY ***
Total pot $18 | Rake $0.36
Board [5h 2d 6d 8h Qc]
Seat 1: razor3334 (big blind) collected ($17.64)
Seat 4: VolkovDmitri (button) (small blind) folded on the River


PokerStars Hand #175834897729:  Hold'em Limit ($3/$6 USD) - 2017/09/19 0:01:31 ET
Table 'Philomela' 6-max Seat #4 is the button
Seat 1: razor3334 ($149.21 in chips)
Seat 4: VolkovDmitri ($120 in chips)
VolkovDmitri: posts small blind $1
razor3334: posts big blind $3
*** HOLE CARDS ***
VolkovDmitri: raises $3 to $6
razor3334: raises $3 to $9
VolkovDmitri: calls $3
*** FLOP *** [3s 9h Jh]
razor3334: bets $3
VolkovDmitri: folds
Uncalled bet ($3) returned to razor3334
razor3334 collected $17.64 from pot
*** SUMMARY ***
Total pot $18 | Rake $0.36
Board [3s 9h Jh]
Seat 1: razor3334 (big blind) collected ($17.64)
Seat 4: VolkovDmitri (button) (small blind) folded on the Flop


PokerStars Hand #175834896031:  Hold'em Limit ($3/$6 USD) - 2017/09/19 0:01:24 ET
Table 'Philomela' 6-max Seat #1 is the button
Seat 1: razor3334 ($146.21 in chips)
Seat 4: VolkovDmitri ($120 in chips)
razor3334: posts small blind $1
VolkovDmitri: posts big blind $3
*** HOLE CARDS ***
razor3334: raises $3 to $6
VolkovDmitri: folds
Uncalled bet ($3) returned to razor3334
razor3334 collected $6 from pot
*** SUMMARY ***
Total pot $6 | Rake $0
Seat 1: razor3334 (button) (small blind) collected ($6)
Seat 4: VolkovDmitri (big blind) folded before Flop


PokerStars Hand #175834889550:  Hold'em Limit ($3/$6 USD) - 2017/09/19 0:00:58 ET
Table 'Philomela' 6-max Seat #4 is the button
Seat 1: razor3334 ($137.57 in chips)
Seat 4: VolkovDmitri ($120 in chips)
VolkovDmitri: posts small blind $1
razor3334: posts big blind $3
*** HOLE CARDS ***
VolkovDmitri: raises $3 to $6
razor3334: calls $3
*** FLOP *** [Qc Th 5s]
razor3334: checks
VolkovDmitri: bets $3
razor3334: calls $3
*** TURN *** [Qc Th 5s] [6h]
razor3334: checks
VolkovDmitri: checks
*** RIVER *** [Qc Th 5s 6h] [Jd]
razor3334: checks
VolkovDmitri: checks
*** SHOW DOWN ***
razor3334: shows [5h 8d] (a pair of Fives)
VolkovDmitri: mucks hand
razor3334 collected $17.64 from pot
*** SUMMARY ***
Total pot $18 | Rake $0.36
Board [Qc Th 5s 6h Jd]
Seat 1: razor3334 (big blind) showed [5h 8d] and won ($17.64) with a pair of Fives
Seat 4: VolkovDmitri (button) (small blind) mucked


PokerStars Hand #175834916512:  Hold'em Limit ($3/$6 USD) - 2017/09/19 0:02:46 ET
Table 'Philomela' 6-max Seat #4 is the button
Seat 1: razor3334 ($159.49 in chips)
Seat 4: VolkovDmitri ($125.76 in chips)
VolkovDmitri: posts small blind $1
razor3334: posts big blind $3
*** HOLE CARDS ***
VolkovDmitri: raises $3 to $6
razor3334: calls $3
*** FLOP *** [3h As Js]
razor3334: checks
VolkovDmitri: bets $3
razor3334: folds
Uncalled bet ($3) returned to VolkovDmitri
VolkovDmitri collected $11.76 from pot
VolkovDmitri: doesn't show hand
*** SUMMARY ***
Total pot $12 | Rake $0.24
Board [3h As Js]
Seat 1: razor3334 (big blind) folded on the Flop
Seat 4: VolkovDmitri (button) (small blind) collected ($11.76)


PokerStars Hand #175834904760:  Hold'em Limit ($3/$6 USD) - 2017/09/19 0:02:00 ET
Table 'Philomela' 6-max Seat #1 is the button
Seat 1: razor3334 ($157.85 in chips)
Seat 4: VolkovDmitri ($120 in chips)
razor3334: posts small blind $1
VolkovDmitri: posts big blind $3
*** HOLE CARDS ***
razor3334: folds
Uncalled bet ($2) returned to VolkovDmitri
VolkovDmitri collected $2 from pot
VolkovDmitri: doesn't show hand
*** SUMMARY ***
Total pot $2 | Rake $0
Seat 1: razor3334 (button) (small blind) folded before Flop
Seat 4: VolkovDmitri (big blind) collected ($2)


PokerStars Hand #175834906349:  Hold'em Limit ($3/$6 USD) - 2017/09/19 0:02:06 ET
Table 'Philomela' 6-max Seat #4 is the button
Seat 1: razor3334 ($156.85 in chips)
Seat 4: VolkovDmitri ($121 in chips)
VolkovDmitri: posts small blind $1
razor3334: posts big blind $3
*** HOLE CARDS ***
VolkovDmitri: raises $3 to $6
razor3334: calls $3
*** FLOP *** [Qd 7h Kh]
razor3334: checks
VolkovDmitri: bets $3
razor3334: raises $3 to $6
VolkovDmitri: folds
Uncalled bet ($3) returned to razor3334
razor3334 collected $17.64 from pot
razor3334: doesn't show hand
*** SUMMARY ***
Total pot $18 | Rake $0.36
Board [Qd 7h Kh]
Seat 1: razor3334 (big blind) collected ($17.64)
Seat 4: VolkovDmitri (button) (small blind) folded on the Flop


PokerStars Hand #175834913074:  Hold'em Limit ($3/$6 USD) - 2017/09/19 0:02:32 ET
Table 'Philomela' 6-max Seat #1 is the button
Seat 1: razor3334 ($165.49 in chips)
Seat 4: VolkovDmitri ($120 in chips)
razor3334: posts small blind $1
VolkovDmitri: posts big blind $3
*** HOLE CARDS ***
razor3334: calls $2
VolkovDmitri: raises $3 to $6
razor3334: calls $3
*** FLOP *** [6c 9c 2d]
VolkovDmitri: bets $3
razor3334: folds
Uncalled bet ($3) returned to VolkovDmitri
VolkovDmitri collected $11.76 from pot
VolkovDmitri: doesn't show hand
*** SUMMARY ***
Total pot $12 | Rake $0.24
Board [6c 9c 2d]
Seat 1: razor3334 (button) (small blind) folded on the Flop
Seat 4: VolkovDmitri (big blind) collected ($11.76)


PokerStars Hand #175834920476:  Hold'em Limit ($3/$6 USD) - 2017/09/19 0:03:01 ET
Table 'Philomela' 6-max Seat #1 is the button
Seat 1: razor3334 ($153.49 in chips)
Seat 4: VolkovDmitri ($131.52 in chips)
razor3334: posts small blind $1
VolkovDmitri: posts big blind $3
*** HOLE CARDS ***
razor3334: raises $3 to $6
VolkovDmitri: calls $3
*** FLOP *** [4h 3d Kd]
VolkovDmitri: checks
razor3334: bets $3
VolkovDmitri: raises $3 to $6
razor3334: raises $3 to $9
VolkovDmitri: raises $3 to $12
Betting is capped
razor3334: calls $3
*** TURN *** [4h 3d Kd] [Td]
VolkovDmitri: bets $6
razor3334: calls $6
*** RIVER *** [4h 3d Kd Td] [9d]
VolkovDmitri: checks
razor3334: bets $6
VolkovDmitri: calls $6
*** SHOW DOWN ***
razor3334: shows [Th Qs] (a pair of Tens)
VolkovDmitri: shows [4c Kc] (two pair, Kings and Fours)
VolkovDmitri collected $59.50 from pot
*** SUMMARY ***
Total pot $60 | Rake $0.50
Board [4h 3d Kd Td 9d]
Seat 1: razor3334 (button) (small blind) showed [Th Qs] and lost with a pair of Tens
Seat 4: VolkovDmitri (big blind) showed [4c Kc] and won ($59.50) with two pair, Kings and Fours


PokerStars Hand #175834934424:  Hold'em Limit ($3/$6 USD) - 2017/09/19 0:03:56 ET
Table 'Philomela' 6-max Seat #1 is the button
Seat 1: razor3334 ($132.13 in chips)
Seat 4: VolkovDmitri ($152.02 in chips)
razor3334: posts small blind $1
VolkovDmitri: posts big blind $3
*** HOLE CARDS ***
razor3334: folds
Uncalled bet ($2) returned to VolkovDmitri
VolkovDmitri collected $2 from pot
VolkovDmitri: doesn't show hand
*** SUMMARY ***
Total pot $2 | Rake $0
Seat 1: razor3334 (button) (small blind) folded before Flop
Seat 4: VolkovDmitri (big blind) collected ($2)


PokerStars Hand #175834928230:  Hold'em Limit ($3/$6 USD) - 2017/09/19 0:03:32 ET
Table 'Philomela' 6-max Seat #4 is the button
Seat 1: razor3334 ($123.49 in chips)
Seat 4: VolkovDmitri ($161.02 in chips)
VolkovDmitri: posts small blind $1
razor3334: posts big blind $3
*** HOLE CARDS ***
VolkovDmitri: raises $3 to $6
razor3334: raises $3 to $9
VolkovDmitri: calls $3
*** FLOP *** [2d 8c Ad]
razor3334: bets $3
VolkovDmitri: folds
Uncalled bet ($3) returned to razor3334
razor3334 collected $17.64 from pot
*** SUMMARY ***
Total pot $18 | Rake $0.36
Board [2d 8c Ad]
Seat 1: razor3334 (big blind) collected ($17.64)
Seat 4: VolkovDmitri (button) (small blind) folded on the Flop


PokerStars Hand #175834953392:  Hold'em Limit ($3/$6 USD) - 2017/09/19 0:05:12 ET
Table 'Philomela' 6-max Seat #4 is the button
Seat 1: razor3334 ($154.27 in chips)
Seat 4: VolkovDmitri ($129.02 in chips)
VolkovDmitri: posts small blind $1
razor3334: posts big blind $3
*** HOLE CARDS ***
VolkovDmitri: raises $3 to $6
razor3334: raises $3 to $9
VolkovDmitri: calls $3
*** FLOP *** [4c Js Ac]
razor3334: bets $3
VolkovDmitri: folds
Uncalled bet ($3) returned to razor3334
razor3334 collected $17.64 from pot
*** SUMMARY ***
Total pot $18 | Rake $0.36
Board [4c Js Ac]
Seat 1: razor3334 (big blind) collected ($17.64)
Seat 4: VolkovDmitri (button) (small blind) folded on the Flop


PokerStars Hand #175834940107:  Hold'em Limit ($3/$6 USD) - 2017/09/19 0:04:19 ET
Table 'Philomela' 6-max Seat #1 is the button
Seat 1: razor3334 ($139.77 in chips)
Seat 4: VolkovDmitri ($144.02 in chips)
razor3334: posts small blind $1
VolkovDmitri: posts big blind $3
*** HOLE CARDS ***
razor3334: raises $3 to $6
VolkovDmitri: calls $3
*** FLOP *** [3d 7h 4c]
VolkovDmitri: checks
razor3334: bets $3
VolkovDmitri: raises $3 to $6
razor3334: raises $3 to $9
VolkovDmitri: calls $3
*** TURN *** [3d 7h 4c] [Js]
VolkovDmitri: checks
razor3334: bets $6
VolkovDmitri: folds
Uncalled bet ($6) returned to razor3334
razor3334 collected $29.50 from pot
razor3334: doesn't show hand
*** SUMMARY ***
Total pot $30 | Rake $0.50
Board [3d 7h 4c Js]
Seat 1: razor3334 (button) (small blind) collected ($29.50)
Seat 4: VolkovDmitri (big blind) folded on the Turn


PokerStars Hand #175834957274:  Hold'em Limit ($3/$6 USD) - 2017/09/19 0:05:27 ET
Table 'Philomela' 6-max Seat #1 is the button
Seat 1: razor3334 ($162.91 in chips)
Seat 4: VolkovDmitri ($120.02 in chips)
razor3334: posts small blind $1
VolkovDmitri: posts big blind $3
*** HOLE CARDS ***
razor3334: raises $3 to $6
VolkovDmitri: raises $3 to $9
razor3334: calls $3
*** FLOP *** [Ah 8c Jd]
VolkovDmitri: bets $3
razor3334: calls $3
*** TURN *** [Ah 8c Jd] [Js]
VolkovDmitri: checks
razor3334: checks
*** RIVER *** [Ah 8c Jd Js] [6s]
VolkovDmitri: bets $6
razor3334: folds
Uncalled bet ($6) returned to VolkovDmitri
VolkovDmitri collected $23.52 from pot
VolkovDmitri: doesn't show hand
*** SUMMARY ***
Total pot $24 | Rake $0.48
Board [Ah 8c Jd Js 6s]
Seat 1: razor3334 (button) (small blind) folded on the River
Seat 4: VolkovDmitri (big blind) collected ($23.52)


PokerStars Hand #175834967702:  Hold'em Limit ($3/$6 USD) - 2017/09/19 0:06:09 ET
Table 'Philomela' 6-max Seat #1 is the button
Seat 1: razor3334 ($159.55 in chips)
Seat 4: VolkovDmitri ($122.54 in chips)
razor3334: posts small blind $1
VolkovDmitri: posts big blind $3
*** HOLE CARDS ***
razor3334: calls $2
VolkovDmitri: raises $3 to $6
razor3334: calls $3
*** FLOP *** [Ts 9d 9s]
VolkovDmitri: bets $3
razor3334: calls $3
*** TURN *** [Ts 9d 9s] [Ad]
VolkovDmitri: checks
razor3334: checks
*** RIVER *** [Ts 9d 9s Ad] [Jd]
VolkovDmitri: bets $6
razor3334: calls $6
*** SHOW DOWN ***
VolkovDmitri: shows [4d Td] (a flush, Ace high)
razor3334: mucks hand
VolkovDmitri collected $29.50 from pot
*** SUMMARY ***
Total pot $30 | Rake $0.50
Board [Ts 9d 9s Ad Jd]
Seat 1: razor3334 (button) (small blind) mucked
Seat 4: VolkovDmitri (big blind) showed [4d Td] and won ($29.50) with a flush, Ace high


PokerStars Hand #175834963850:  Hold'em Limit ($3/$6 USD) - 2017/09/19 0:05:53 ET
Table 'Philomela' 6-max Seat #4 is the button
Seat 1: razor3334 ($150.91 in chips)
Seat 4: VolkovDmitri ($131.54 in chips)
VolkovDmitri: posts small blind $1
razor3334: posts big blind $3
*** HOLE CARDS ***
VolkovDmitri: raises $3 to $6
razor3334: raises $3 to $9
VolkovDmitri: calls $3
*** FLOP *** [9d Jc Ad]
razor3334: bets $3
VolkovDmitri: folds
Uncalled bet ($3) returned to razor3334
razor3334 collected $17.64 from pot
*** SUMMARY ***
Total pot $18 | Rake $0.36
Board [9d Jc Ad]
Seat 1: razor3334 (big blind) collected ($17.64)
Seat 4: VolkovDmitri (button) (small blind) folded on the Flop


PokerStars Hand #175834983455:  Hold'em Limit ($3/$6 USD) - 2017/09/19 0:07:11 ET
Table 'Philomela' 6-max Seat #1 is the button
Seat 1: razor3334 ($123.55 in chips)
Seat 4: VolkovDmitri ($157.54 in chips)
razor3334: posts small blind $1
VolkovDmitri: posts big blind $3
*** HOLE CARDS ***
razor3334: raises $3 to $6
VolkovDmitri: calls $3
*** FLOP *** [5s Jh 8s]
VolkovDmitri: checks
razor3334: bets $3
VolkovDmitri: raises $3 to $6
razor3334: calls $3
*** TURN *** [5s Jh 8s] [7c]
VolkovDmitri: bets $6
razor3334: calls $6
*** RIVER *** [5s Jh 8s 7c] [Ac]
VolkovDmitri: checks
razor3334: checks
*** SHOW DOWN ***
VolkovDmitri: shows [Qs 8d] (a pair of Eights)
razor3334: mucks hand
VolkovDmitri collected $35.50 from pot
*** SUMMARY ***
Total pot $36 | Rake $0.50
Board [5s Jh 8s 7c Ac]
Seat 1: razor3334 (button) (small blind) mucked
Seat 4: VolkovDmitri (big blind) showed [Qs 8d] and won ($35.50) with a pair of Eights


PokerStars Hand #175834975758:  Hold'em Limit ($3/$6 USD) - 2017/09/19 0:06:41 ET
Table 'Philomela' 6-max Seat #4 is the button
Seat 1: razor3334 ($144.55 in chips)
Seat 4: VolkovDmitri ($137.04 in chips)
VolkovDmitri: posts small blind $1
razor3334: posts big blind $3
*** HOLE CARDS ***
VolkovDmitri: raises $3 to $6
razor3334: calls $3
*** FLOP *** [3d 8s 2c]
razor3334: bets $3
VolkovDmitri: calls $3
*** TURN *** [3d 8s 2c] [6c]
razor3334: bets $6
VolkovDmitri: calls $6
*** RIVER *** [3d 8s 2c 6c] [Qd]
razor3334: bets $6
VolkovDmitri: calls $6
*** SHOW DOWN ***
razor3334: shows [Ks 5h] (high card King)
VolkovDmitri: shows [4d 6d] (a pair of Sixes)
VolkovDmitri collected $41.50 from pot
*** SUMMARY ***
Total pot $42 | Rake $0.50
Board [3d 8s 2c 6c Qd]
Seat 1: razor3334 (big blind) showed [Ks 5h] and lost with high card King
Seat 4: VolkovDmitri (button) (small blind) showed [4d 6d] and won ($41.50) with a pair of Sixes


PokerStars Hand #175834990727:  Hold'em Limit ($3/$6 USD) - 2017/09/19 0:07:40 ET
Table 'Philomela' 6-max Seat #4 is the button
Seat 1: razor3334 ($105.55 in chips)
Seat 4: VolkovDmitri ($175.04 in chips)
VolkovDmitri: posts small blind $1
razor3334: posts big blind $3
*** HOLE CARDS ***
VolkovDmitri: raises $3 to $6
razor3334: calls $3
*** FLOP *** [8c 6s Ad]
razor3334: checks
VolkovDmitri: bets $3
razor3334: folds
Uncalled bet ($3) returned to VolkovDmitri
budlight9910 joins the table at seat #3
VolkovDmitri collected $11.76 from pot
VolkovDmitri: doesn't show hand
*** SUMMARY ***
Total pot $12 | Rake $0.24
Board [8c 6s Ad]
Seat 1: razor3334 (big blind) folded on the Flop
Seat 4: VolkovDmitri (button) (small blind) collected ($11.76)


PokerStars Hand #175835647466:  Hold'em Limit ($3/$6 USD) - 2017/09/19 0:52:51 ET
Table 'Philomela' 6-max Seat #6 is the button
Seat 5: krytalex ($151.96 in chips)
Seat 6: pedro69420 ($129.22 in chips)
pedro69420: posts small blind $1
zimin10: is sitting out
krytalex: posts big blind $3
*** HOLE CARDS ***
pedro69420: folds
Uncalled bet ($2) returned to krytalex
krytalex collected $2 from pot
*** SUMMARY ***
Total pot $2 | Rake $0
Seat 5: krytalex (big blind) collected ($2)
Seat 6: pedro69420 (button) (small blind) folded before Flop


PokerStars Hand #175835649269:  Hold'em Limit ($3/$6 USD) - 2017/09/19 0:52:59 ET
Table 'Philomela' 6-max Seat #5 is the button
Seat 5: krytalex ($152.96 in chips)
Seat 6: pedro69420 ($128.22 in chips)
krytalex: posts small blind $1
pedro69420: posts big blind $3
*** HOLE CARDS ***
krytalex: raises $3 to $6
pedro69420: calls $3
*** FLOP *** [8s Kc 9h]
pedro69420: bets $3
krytalex: calls $3
*** TURN *** [8s Kc 9h] [6d]
pedro69420: bets $6
krytalex: calls $6
*** RIVER *** [8s Kc 9h 6d] [Ad]
pedro69420: bets $6
krytalex: calls $6
*** SHOW DOWN ***
pedro69420: shows [Qh 9d] (a pair of Nines)
krytalex: mucks hand
pedro69420 collected $41.50 from pot
*** SUMMARY ***
Total pot $42 | Rake $0.50
Board [8s Kc 9h 6d Ad]
Seat 5: krytalex (button) (small blind) mucked
Seat 6: pedro69420 (big blind) showed [Qh 9d] and won ($41.50) with a pair of Nines


PokerStars Hand #175835655549:  Hold'em Limit ($3/$6 USD) - 2017/09/19 0:53:26 ET
Table 'Philomela' 6-max Seat #5 is the button
Seat 5: krytalex ($132.96 in chips)
Seat 6: pedro69420 ($147.72 in chips)
krytalex: posts small blind $1
pedro69420: posts big blind $3
*** HOLE CARDS ***
krytalex: raises $3 to $6
pedro69420: folds
Uncalled bet ($3) returned to krytalex
krytalex collected $6 from pot
*** SUMMARY ***
Total pot $6 | Rake $0
Seat 5: krytalex (button) (small blind) collected ($6)
Seat 6: pedro69420 (big blind) folded before Flop


PokerStars Hand #175835659872:  Hold'em Limit ($3/$6 USD) - 2017/09/19 0:53:45 ET
Table 'Philomela' 6-max Seat #5 is the button
Seat 5: krytalex ($126.96 in chips)
Seat 6: pedro69420 ($153.36 in chips)
krytalex: posts small blind $1
pedro69420: posts big blind $3
*** HOLE CARDS ***
krytalex: raises $3 to $6
pedro69420: folds
Uncalled bet ($3) returned to krytalex
belik555 joins the table at seat #1
krytalex collected $6 from pot
*** SUMMARY ***
Total pot $6 | Rake $0
Seat 5: krytalex (button) (small blind) collected ($6)
Seat 6: pedro69420 (big blind) folded before Flop


PokerStars Hand #175835656860:  Hold'em Limit ($3/$6 USD) - 2017/09/19 0:53:32 ET
Table 'Philomela' 6-max Seat #6 is the button
Seat 5: krytalex ($135.96 in chips)
Seat 6: pedro69420 ($144.72 in chips)
pedro69420: posts small blind $1
krytalex: posts big blind $3
*** HOLE CARDS ***
pedro69420: raises $3 to $6
krytalex: calls $3
*** FLOP *** [5d 3c 5c]
krytalex: checks
pedro69420: bets $3
krytalex: calls $3
*** TURN *** [5d 3c 5c] [8h]
krytalex: checks
pedro69420: bets $6
krytalex: folds
Uncalled bet ($6) returned to pedro69420
zimin10 leaves the table
pedro69420 collected $17.64 from pot
pedro69420: doesn't show hand
*** SUMMARY ***
Total pot $18 | Rake $0.36
Board [5d 3c 5c 8h]
Seat 5: krytalex (big blind) folded on the Turn
Seat 6: pedro69420 (button) (small blind) collected ($17.64)


PokerStars Hand #175835654093:  Hold'em Limit ($3/$6 USD) - 2017/09/19 0:53:20 ET
Table 'Philomela' 6-max Seat #6 is the button
Seat 5: krytalex ($131.96 in chips)
Seat 6: pedro69420 ($148.72 in chips)
pedro69420: posts small blind $1
krytalex: posts big blind $3
*** HOLE CARDS ***
pedro69420: folds
Uncalled bet ($2) returned to krytalex
krytalex collected $2 from pot
*** SUMMARY ***
Total pot $2 | Rake $0
Seat 5: krytalex (big blind) collected ($2)
Seat 6: pedro69420 (button) (small blind) folded before Flop


PokerStars Hand #175835707062:  Hold'em Limit ($3/$6 USD) - 2017/09/19 0:57:23 ET
Table 'Philomela' 6-max Seat #5 is the button
Seat 1: belik555 ($121.45 in chips)
Seat 5: krytalex ($115.60 in chips)
krytalex: posts small blind $1
belik555: posts big blind $3
*** HOLE CARDS ***
krytalex: folds
Uncalled bet ($2) returned to belik555
belik555 collected $2 from pot
belik555: doesn't show hand
*** SUMMARY ***
Total pot $2 | Rake $0
Seat 1: belik555 (big blind) collected ($2)
Seat 5: krytalex (button) (small blind) folded before Flop


PokerStars Hand #175835708598:  Hold'em Limit ($3/$6 USD) - 2017/09/19 0:57:31 ET
Table 'Philomela' 6-max Seat #1 is the button
Seat 1: belik555 ($122.45 in chips)
Seat 5: krytalex ($114.60 in chips)
belik555: posts small blind $1
krytalex: posts big blind $3
*** HOLE CARDS ***
belik555: raises $3 to $6
krytalex: raises $3 to $9
belik555: calls $3
*** FLOP *** [Js Jd 4d]
krytalex: bets $3
belik555: raises $3 to $6
krytalex: calls $3
*** TURN *** [Js Jd 4d] [2d]
krytalex: checks
belik555: bets $6
krytalex: folds
Uncalled bet ($6) returned to belik555
belik555 collected $29.50 from pot
belik555: doesn't show hand
*** SUMMARY ***
Total pot $30 | Rake $0.50
Board [Js Jd 4d 2d]
Seat 1: belik555 (button) (small blind) collected ($29.50)
Seat 5: krytalex (big blind) folded on the Turn


