PokerStars Hand #154754736004:  Hold'em Limit ($3/$6 USD) - 2016/06/15 2:40:39 ET
Table 'Philippina' 6-max Seat #5 is the button
Seat 4: VolkovDmitri ($125.26 in chips)
Seat 5: buddhasway ($63.15 in chips)
buddhasway: posts small blind $1
VolkovDmitri: posts big blind $3
*** HOLE CARDS ***
buddhasway: raises $3 to $6
VolkovDmitri: calls $3
*** FLOP *** [Ah Qd 2s]
VolkovDmitri: checks
buddhasway: checks
*** TURN *** [Ah Qd 2s] [3s]
VolkovDmitri: checks
buddhasway: bets $6
VolkovDmitri: folds
Uncalled bet ($6) returned to buddhasway
buddhasway collected $11.76 from pot
buddhasway: doesn't show hand
*** SUMMARY ***
Total pot $12 | Rake $0.24
Board [Ah Qd 2s 3s]
Seat 4: VolkovDmitri (big blind) folded on the Turn
Seat 5: buddhasway (button) (small blind) collected ($11.76)


PokerStars Hand #154754747018:  Hold'em Limit ($3/$6 USD) - 2016/06/15 2:41:25 ET
Table 'Philippina' 6-max Seat #4 is the button
Seat 4: VolkovDmitri ($120 in chips)
Seat 5: buddhasway ($68.91 in chips)
VolkovDmitri: posts small blind $1
buddhasway: posts big blind $3
*** HOLE CARDS ***
VolkovDmitri: raises $3 to $6
buddhasway: raises $3 to $9
VolkovDmitri: calls $3
*** FLOP *** [4c 2d 5s]
buddhasway: bets $3
VolkovDmitri: calls $3
*** TURN *** [4c 2d 5s] [7d]
buddhasway: bets $6
VolkovDmitri: calls $6
*** RIVER *** [4c 2d 5s 7d] [7h]
buddhasway: bets $6
VolkovDmitri: folds
Uncalled bet ($6) returned to buddhasway
buddhasway collected $35.50 from pot
buddhasway: doesn't show hand
*** SUMMARY ***
Total pot $36 | Rake $0.50
Board [4c 2d 5s 7d 7h]
Seat 4: VolkovDmitri (button) (small blind) folded on the River
Seat 5: buddhasway (big blind) collected ($35.50)


PokerStars Hand #154754774960:  Hold'em Limit ($3/$6 USD) - 2016/06/15 2:43:10 ET
Table 'Philippina' 6-max Seat #4 is the button
Seat 4: VolkovDmitri ($121 in chips)
Seat 5: buddhasway ($86.16 in chips)
VolkovDmitri: posts small blind $1
buddhasway: posts big blind $3
*** HOLE CARDS ***
VolkovDmitri: raises $3 to $6
buddhasway: folds
Uncalled bet ($3) returned to VolkovDmitri
VolkovDmitri collected $6 from pot
VolkovDmitri: doesn't show hand
*** SUMMARY ***
Total pot $6 | Rake $0
Seat 4: VolkovDmitri (button) (small blind) collected ($6)
Seat 5: buddhasway (big blind) folded before Flop


PokerStars Hand #154754773552:  Hold'em Limit ($3/$6 USD) - 2016/06/15 2:43:05 ET
Table 'Philippina' 6-max Seat #5 is the button
Seat 4: VolkovDmitri ($120 in chips)
Seat 5: buddhasway ($87.16 in chips)
buddhasway: posts small blind $1
VolkovDmitri: posts big blind $3
*** HOLE CARDS ***
buddhasway: folds
Uncalled bet ($2) returned to VolkovDmitri
VolkovDmitri collected $2 from pot
VolkovDmitri: doesn't show hand
*** SUMMARY ***
Total pot $2 | Rake $0
Seat 4: VolkovDmitri (big blind) collected ($2)
Seat 5: buddhasway (button) (small blind) folded before Flop


PokerStars Hand #154754772296:  Hold'em Limit ($3/$6 USD) - 2016/06/15 2:42:59 ET
Table 'Philippina' 6-max Seat #4 is the button
Seat 4: VolkovDmitri ($121 in chips)
Seat 5: buddhasway ($86.16 in chips)
VolkovDmitri: posts small blind $1
buddhasway: posts big blind $3
*** HOLE CARDS ***
VolkovDmitri: folds
Uncalled bet ($2) returned to buddhasway
buddhasway collected $2 from pot
buddhasway: doesn't show hand
*** SUMMARY ***
Total pot $2 | Rake $0
Seat 4: VolkovDmitri (button) (small blind) folded before Flop
Seat 5: buddhasway (big blind) collected ($2)


PokerStars Hand #154754770942:  Hold'em Limit ($3/$6 USD) - 2016/06/15 2:42:54 ET
Table 'Philippina' 6-max Seat #5 is the button
Seat 4: VolkovDmitri ($120 in chips)
Seat 5: buddhasway ($87.16 in chips)
buddhasway: posts small blind $1
VolkovDmitri: posts big blind $3
*** HOLE CARDS ***
buddhasway: folds
Uncalled bet ($2) returned to VolkovDmitri
VolkovDmitri collected $2 from pot
VolkovDmitri: doesn't show hand
*** SUMMARY ***
Total pot $2 | Rake $0
Seat 4: VolkovDmitri (big blind) collected ($2)
Seat 5: buddhasway (button) (small blind) folded before Flop


PokerStars Hand #154754767662:  Hold'em Limit ($3/$6 USD) - 2016/06/15 2:42:40 ET
Table 'Philippina' 6-max Seat #4 is the button
Seat 4: VolkovDmitri ($120 in chips)
Seat 5: buddhasway ($86.16 in chips)
VolkovDmitri: posts small blind $1
buddhasway: posts big blind $3
*** HOLE CARDS ***
VolkovDmitri: folds
Uncalled bet ($2) returned to buddhasway
buddhasway collected $2 from pot
buddhasway: doesn't show hand
*** SUMMARY ***
Total pot $2 | Rake $0
Seat 4: VolkovDmitri (button) (small blind) folded before Flop
Seat 5: buddhasway (big blind) collected ($2)


PokerStars Hand #154754756765:  Hold'em Limit ($3/$6 USD) - 2016/06/15 2:42:04 ET
Table 'Philippina' 6-max Seat #5 is the button
Seat 4: VolkovDmitri ($120 in chips)
Seat 5: buddhasway ($86.41 in chips)
buddhasway: posts small blind $1
VolkovDmitri: posts big blind $3
*** HOLE CARDS ***
buddhasway: raises $3 to $6
VolkovDmitri: calls $3
*** FLOP *** [6h 5h 9s]
VolkovDmitri: checks
buddhasway: bets $3
VolkovDmitri: calls $3
*** TURN *** [6h 5h 9s] [8c]
VolkovDmitri: bets $6
buddhasway: raises $6 to $12
VolkovDmitri: calls $6
*** RIVER *** [6h 5h 9s 8c] [3d]
VolkovDmitri: checks
buddhasway: bets $6
VolkovDmitri: calls $6
*** SHOW DOWN ***
buddhasway: shows [7d Jc] (a straight, Five to Nine)
VolkovDmitri: shows [Kc 7h] (a straight, Five to Nine)
VolkovDmitri collected $26.75 from pot
buddhasway collected $26.75 from pot
*** SUMMARY ***
Total pot $54 | Rake $0.50
Board [6h 5h 9s 8c 3d]
Seat 4: VolkovDmitri (big blind) showed [Kc 7h] and won ($26.75) with a straight, Five to Nine
Seat 5: buddhasway (button) (small blind) showed [7d Jc] and won ($26.75) with a straight, Five to Nine


PokerStars Hand #154754785210:  Hold'em Limit ($3/$6 USD) - 2016/06/15 2:43:53 ET
Table 'Philippina' 6-max Seat #4 is the button
Seat 4: VolkovDmitri ($135.52 in chips)
Seat 5: buddhasway ($71.16 in chips)
VolkovDmitri: posts small blind $1
buddhasway: posts big blind $3
*** HOLE CARDS ***
VolkovDmitri: raises $3 to $6
buddhasway: calls $3
*** FLOP *** [Kc Qs Qh]
buddhasway: checks
VolkovDmitri: bets $3
buddhasway: folds
Uncalled bet ($3) returned to VolkovDmitri
VolkovDmitri collected $11.76 from pot
VolkovDmitri: doesn't show hand
*** SUMMARY ***
Total pot $12 | Rake $0.24
Board [Kc Qs Qh]
Seat 4: VolkovDmitri (button) (small blind) collected ($11.76)
Seat 5: buddhasway (big blind) folded on the Flop


PokerStars Hand #154754777692:  Hold'em Limit ($3/$6 USD) - 2016/06/15 2:43:22 ET
Table 'Philippina' 6-max Seat #5 is the button
Seat 4: VolkovDmitri ($124 in chips)
Seat 5: buddhasway ($83.16 in chips)
buddhasway: posts small blind $1
VolkovDmitri: posts big blind $3
*** HOLE CARDS ***
buddhasway: raises $3 to $6
VolkovDmitri: calls $3
*** FLOP *** [Ac 2d 5h]
VolkovDmitri: checks
buddhasway: bets $3
VolkovDmitri: raises $3 to $6
buddhasway: calls $3
*** TURN *** [Ac 2d 5h] [9h]
VolkovDmitri: bets $6
buddhasway: folds
Uncalled bet ($6) returned to VolkovDmitri
VolkovDmitri collected $23.52 from pot
VolkovDmitri: doesn't show hand
*** SUMMARY ***
Total pot $24 | Rake $0.48
Board [Ac 2d 5h 9h]
Seat 4: VolkovDmitri (big blind) collected ($23.52)
Seat 5: buddhasway (button) (small blind) folded on the Turn


PokerStars Hand #154754798535:  Hold'em Limit ($3/$6 USD) - 2016/06/15 2:44:49 ET
Table 'Philippina' 6-max Seat #4 is the button
Seat 4: VolkovDmitri ($155.78 in chips)
Seat 5: buddhasway ($50.16 in chips)
VolkovDmitri: posts small blind $1
buddhasway: posts big blind $3
*** HOLE CARDS ***
VolkovDmitri: raises $3 to $6
buddhasway: raises $3 to $9
VolkovDmitri: calls $3
*** FLOP *** [Kc 5d 9h]
buddhasway: bets $3
VolkovDmitri: calls $3
*** TURN *** [Kc 5d 9h] [7s]
buddhasway: bets $6
VolkovDmitri: calls $6
*** RIVER *** [Kc 5d 9h 7s] [5c]
buddhasway: bets $6
VolkovDmitri: calls $6
*** SHOW DOWN ***
buddhasway: shows [Ah 2s] (a pair of Fives)
VolkovDmitri: shows [9d 8d] (two pair, Nines and Fives)
VolkovDmitri collected $47.50 from pot
*** SUMMARY ***
Total pot $48 | Rake $0.50
Board [Kc 5d 9h 7s 5c]
Seat 4: VolkovDmitri (button) (small blind) showed [9d 8d] and won ($47.50) with two pair, Nines and Fives
Seat 5: buddhasway (big blind) showed [Ah 2s] and lost with a pair of Fives


PokerStars Hand #154754790541:  Hold'em Limit ($3/$6 USD) - 2016/06/15 2:44:15 ET
Table 'Philippina' 6-max Seat #5 is the button
Seat 4: VolkovDmitri ($141.28 in chips)
Seat 5: buddhasway ($65.16 in chips)
buddhasway: posts small blind $1
VolkovDmitri: posts big blind $3
*** HOLE CARDS ***
buddhasway: raises $3 to $6
VolkovDmitri: calls $3
*** FLOP *** [6s Ts 3s]
VolkovDmitri: checks
buddhasway: bets $3
VolkovDmitri: calls $3
*** TURN *** [6s Ts 3s] [Ks]
VolkovDmitri: checks
buddhasway: bets $6
VolkovDmitri: calls $6
*** RIVER *** [6s Ts 3s Ks] [5h]
VolkovDmitri: checks
buddhasway: checks
*** SHOW DOWN ***
VolkovDmitri: shows [4h Kd] (a pair of Kings)
buddhasway: mucks hand
VolkovDmitri collected $29.50 from pot
*** SUMMARY ***
Total pot $30 | Rake $0.50
Board [6s Ts 3s Ks 5h]
Seat 4: VolkovDmitri (big blind) showed [4h Kd] and won ($29.50) with a pair of Kings
Seat 5: buddhasway (button) (small blind) mucked


PokerStars Hand #154754812245:  Hold'em Limit ($3/$6 USD) - 2016/06/15 2:45:46 ET
Table 'Philippina' 6-max Seat #5 is the button
Seat 4: VolkovDmitri ($171.28 in chips)
Seat 5: buddhasway ($33.80 in chips)
buddhasway: posts small blind $1
VolkovDmitri: posts big blind $3
*** HOLE CARDS ***
buddhasway: folds
Uncalled bet ($2) returned to VolkovDmitri
VolkovDmitri collected $2 from pot
VolkovDmitri: doesn't show hand
*** SUMMARY ***
Total pot $2 | Rake $0
Seat 4: VolkovDmitri (big blind) collected ($2)
Seat 5: buddhasway (button) (small blind) folded before Flop


PokerStars Hand #154754807558:  Hold'em Limit ($3/$6 USD) - 2016/06/15 2:45:26 ET
Table 'Philippina' 6-max Seat #4 is the button
Seat 4: VolkovDmitri ($180.28 in chips)
Seat 5: buddhasway ($25.16 in chips)
VolkovDmitri: posts small blind $1
buddhasway: posts big blind $3
*** HOLE CARDS ***
VolkovDmitri: raises $3 to $6
buddhasway: raises $3 to $9
VolkovDmitri: calls $3
*** FLOP *** [2c 4s Qc]
buddhasway: checks
VolkovDmitri: checks
*** TURN *** [2c 4s Qc] [2s]
buddhasway: bets $6
VolkovDmitri: folds
Uncalled bet ($6) returned to buddhasway
buddhasway collected $17.64 from pot
buddhasway: doesn't show hand
*** SUMMARY ***
Total pot $18 | Rake $0.36
Board [2c 4s Qc 2s]
Seat 4: VolkovDmitri (button) (small blind) folded on the Turn
Seat 5: buddhasway (big blind) collected ($17.64)


PokerStars Hand #154754806165:  Hold'em Limit ($3/$6 USD) - 2016/06/15 2:45:20 ET
Table 'Philippina' 6-max Seat #5 is the button
Seat 4: VolkovDmitri ($179.28 in chips)
Seat 5: buddhasway ($26.16 in chips)
buddhasway: posts small blind $1
VolkovDmitri: posts big blind $3
*** HOLE CARDS ***
buddhasway: folds
Uncalled bet ($2) returned to VolkovDmitri
VolkovDmitri collected $2 from pot
VolkovDmitri: doesn't show hand
*** SUMMARY ***
Total pot $2 | Rake $0
Seat 4: VolkovDmitri (big blind) collected ($2)
Seat 5: buddhasway (button) (small blind) folded before Flop


PokerStars Hand #154754829298:  Hold'em Limit ($3/$6 USD) - 2016/06/15 2:46:58 ET
Table 'Philippina' 6-max Seat #3 is the button
Seat 3: D Juice11 ($347.18 in chips)
Seat 4: VolkovDmitri ($204.58 in chips)
D Juice11: posts small blind $1
VolkovDmitri: posts big blind $3
*** HOLE CARDS ***
D Juice11: calls $2
VolkovDmitri: raises $3 to $6
D Juice11: raises $3 to $9
VolkovDmitri: calls $3
*** FLOP *** [Qs 6h 2d]
VolkovDmitri: checks
D Juice11: bets $3
VolkovDmitri: raises $3 to $6
D Juice11: calls $3
*** TURN *** [Qs 6h 2d] [4d]
VolkovDmitri: bets $6
D Juice11: folds
Uncalled bet ($6) returned to VolkovDmitri
VolkovDmitri collected $29.50 from pot
VolkovDmitri: doesn't show hand
*** SUMMARY ***
Total pot $30 | Rake $0.50
Board [Qs 6h 2d 4d]
Seat 3: D Juice11 (button) (small blind) folded on the Turn
Seat 4: VolkovDmitri (big blind) collected ($29.50)


PokerStars Hand #154754813700:  Hold'em Limit ($3/$6 USD) - 2016/06/15 2:45:52 ET
Table 'Philippina' 6-max Seat #4 is the button
Seat 4: VolkovDmitri ($172.28 in chips)
Seat 5: buddhasway ($32.80 in chips)
VolkovDmitri: posts small blind $1
buddhasway: posts big blind $3
*** HOLE CARDS ***
VolkovDmitri: raises $3 to $6
buddhasway: raises $3 to $9
VolkovDmitri: calls $3
*** FLOP *** [Ac Kh 6c]
buddhasway: bets $3
D Juice11 joins the table at seat #3
VolkovDmitri: calls $3
*** TURN *** [Ac Kh 6c] [Jh]
buddhasway: checks
VolkovDmitri: checks
*** RIVER *** [Ac Kh 6c Jh] [8c]
buddhasway: bets $6
VolkovDmitri: raises $6 to $12
buddhasway: raises $6 to $18
VolkovDmitri: raises $6 to $24
Betting is capped
buddhasway: calls $2.80 and is all-in
Uncalled bet ($3.20) returned to VolkovDmitri
*** SHOW DOWN ***
VolkovDmitri: shows [2c Jc] (a flush, Ace high)
buddhasway: shows [8d 8s] (three of a kind, Eights)
VolkovDmitri collected $65.10 from pot
*** SUMMARY ***
Total pot $65.60 | Rake $0.50
Board [Ac Kh 6c Jh 8c]
Seat 4: VolkovDmitri (button) (small blind) showed [2c Jc] and won ($65.10) with a flush, Ace high
Seat 5: buddhasway (big blind) showed [8d 8s] and lost with three of a kind, Eights


PokerStars Hand #154754845480:  Hold'em Limit ($3/$6 USD) - 2016/06/15 2:48:06 ET
Table 'Philippina' 6-max Seat #4 is the button
Seat 3: D Juice11 ($355.44 in chips)
Seat 4: VolkovDmitri ($195.08 in chips)
VolkovDmitri: posts small blind $1
D Juice11: posts big blind $3
*** HOLE CARDS ***
VolkovDmitri: raises $3 to $6
D Juice11: calls $3
*** FLOP *** [Qc 4c 6c]
D Juice11: checks
VolkovDmitri: bets $3
D Juice11: folds
Uncalled bet ($3) returned to VolkovDmitri
VolkovDmitri collected $11.76 from pot
VolkovDmitri: doesn't show hand
*** SUMMARY ***
Total pot $12 | Rake $0.24
Board [Qc 4c 6c]
Seat 3: D Juice11 (big blind) folded on the Flop
Seat 4: VolkovDmitri (button) (small blind) collected ($11.76)


PokerStars Hand #154754840672:  Hold'em Limit ($3/$6 USD) - 2016/06/15 2:47:46 ET
Table 'Philippina' 6-max Seat #3 is the button
Seat 3: D Juice11 ($349.68 in chips)
Seat 4: VolkovDmitri ($201.08 in chips)
D Juice11: posts small blind $1
VolkovDmitri: posts big blind $3
*** HOLE CARDS ***
D Juice11: raises $3 to $6
VolkovDmitri: calls $3
*** FLOP *** [9s Ad 8h]
VolkovDmitri: checks
D Juice11: bets $3
VolkovDmitri: folds
Uncalled bet ($3) returned to D Juice11
D Juice11 collected $11.76 from pot
D Juice11: doesn't show hand
*** SUMMARY ***
Total pot $12 | Rake $0.24
Board [9s Ad 8h]
Seat 3: D Juice11 (button) (small blind) collected ($11.76)
Seat 4: VolkovDmitri (big blind) folded on the Flop


PokerStars Hand #154754834255:  Hold'em Limit ($3/$6 USD) - 2016/06/15 2:47:19 ET
Table 'Philippina' 6-max Seat #4 is the button
Seat 3: D Juice11 ($332.18 in chips)
Seat 4: VolkovDmitri ($219.08 in chips)
VolkovDmitri: posts small blind $1
D Juice11: posts big blind $3
*** HOLE CARDS ***
VolkovDmitri: raises $3 to $6
D Juice11: calls $3
*** FLOP *** [2h 8d 6c]
D Juice11: checks
VolkovDmitri: bets $3
D Juice11: raises $3 to $6
VolkovDmitri: calls $3
*** TURN *** [2h 8d 6c] [Tc]
D Juice11: checks
buddhasway leaves the table
VolkovDmitri: bets $6
D Juice11: calls $6
*** RIVER *** [2h 8d 6c Tc] [Jd]
D Juice11: checks
VolkovDmitri: checks
*** SHOW DOWN ***
D Juice11: shows [As 6s] (a pair of Sixes)
VolkovDmitri: mucks hand
D Juice11 collected $35.50 from pot
*** SUMMARY ***
Total pot $36 | Rake $0.50
Board [2h 8d 6c Tc Jd]
Seat 3: D Juice11 (big blind) showed [As 6s] and won ($35.50) with a pair of Sixes
Seat 4: VolkovDmitri (button) (small blind) mucked


PokerStars Hand #154754849481:  Hold'em Limit ($3/$6 USD) - 2016/06/15 2:48:23 ET
Table 'Philippina' 6-max Seat #3 is the button
Seat 3: D Juice11 ($349.44 in chips)
Seat 4: VolkovDmitri ($200.84 in chips)
D Juice11: posts small blind $1
VolkovDmitri: posts big blind $3
*** HOLE CARDS ***
D Juice11: calls $2
VolkovDmitri: raises $3 to $6
D Juice11: calls $3
*** FLOP *** [7c 2c Kc]
VolkovDmitri: bets $3
D Juice11: raises $3 to $6
VolkovDmitri: calls $3
*** TURN *** [7c 2c Kc] [Ks]
VolkovDmitri: checks
D Juice11: bets $6
VolkovDmitri: calls $6
*** RIVER *** [7c 2c Kc Ks] [8c]
belik555 joins the table at seat #2
VolkovDmitri: bets $6
D Juice11: calls $6
*** SHOW DOWN ***
VolkovDmitri: shows [6h 5c] (a flush, King high)
D Juice11: shows [9h Jc] (a flush, King high - Jack higher)
D Juice11 collected $47.50 from pot
*** SUMMARY ***
Total pot $48 | Rake $0.50
Board [7c 2c Kc Ks 8c]
Seat 3: D Juice11 (button) (small blind) showed [9h Jc] and won ($47.50) with a flush, King high
Seat 4: VolkovDmitri (big blind) showed [6h 5c] and lost with a flush, King high


PokerStars Hand #154755325640:  Hold'em Limit ($3/$6 USD) - 2016/06/15 3:19:21 ET
Table 'Philippina' 6-max Seat #3 is the button
Seat 3: D Juice11 ($552.57 in chips)
Seat 5: tomhradil112 ($72.99 in chips)
D Juice11: posts small blind $1
VolkovDmitri: is sitting out
tomhradil112: posts big blind $3
*** HOLE CARDS ***
D Juice11: folds
Uncalled bet ($2) returned to tomhradil112
tomhradil112 collected $2 from pot
tomhradil112: doesn't show hand
*** SUMMARY ***
Total pot $2 | Rake $0
Seat 3: D Juice11 (button) (small blind) folded before Flop
Seat 5: tomhradil112 (big blind) collected ($2)


PokerStars Hand #154755339257:  Hold'em Limit ($3/$6 USD) - 2016/06/15 3:20:12 ET
Table 'Philippina' 6-max Seat #5 is the button
Seat 3: D Juice11 ($551.21 in chips)
Seat 5: tomhradil112 ($73.51 in chips)
tomhradil112: posts small blind $1
D Juice11: posts big blind $3
*** HOLE CARDS ***
tomhradil112 said, "(whew)"
tomhradil112: folds
Uncalled bet ($2) returned to D Juice11
D Juice11 collected $2 from pot
D Juice11: doesn't show hand
*** SUMMARY ***
Total pot $2 | Rake $0
Seat 3: D Juice11 (big blind) collected ($2)
Seat 5: tomhradil112 (button) (small blind) folded before Flop


PokerStars Hand #154755335065:  Hold'em Limit ($3/$6 USD) - 2016/06/15 3:19:56 ET
Table 'Philippina' 6-max Seat #3 is the button
Seat 3: D Juice11 ($542.57 in chips)
Seat 5: tomhradil112 ($82.51 in chips)
D Juice11: posts small blind $1
tomhradil112: posts big blind $3
*** HOLE CARDS ***
D Juice11: raises $3 to $6
tomhradil112: calls $3
*** FLOP *** [5d Qs 6d]
tomhradil112: bets $3
D Juice11: calls $3
*** TURN *** [5d Qs 6d] [Th]
tomhradil112: checks
D Juice11: bets $6
tomhradil112: folds
Uncalled bet ($6) returned to D Juice11
D Juice11 collected $17.64 from pot
D Juice11: doesn't show hand
*** SUMMARY ***
Total pot $18 | Rake $0.36
Board [5d Qs 6d Th]
Seat 3: D Juice11 (button) (small blind) collected ($17.64)
Seat 5: tomhradil112 (big blind) folded on the Turn


PokerStars Hand #154755331598:  Hold'em Limit ($3/$6 USD) - 2016/06/15 3:19:43 ET
Table 'Philippina' 6-max Seat #5 is the button
Seat 3: D Juice11 ($548.57 in chips)
Seat 5: tomhradil112 ($76.75 in chips)
tomhradil112: posts small blind $1
D Juice11: posts big blind $3
*** HOLE CARDS ***
tomhradil112: raises $3 to $6
D Juice11: calls $3
*** FLOP *** [5d Kc 2h]
D Juice11: checks
tomhradil112: bets $3
D Juice11: folds
Uncalled bet ($3) returned to tomhradil112
tomhradil112 collected $11.76 from pot
tomhradil112: doesn't show hand
*** SUMMARY ***
Total pot $12 | Rake $0.24
Board [5d Kc 2h]
Seat 3: D Juice11 (big blind) folded on the Flop
Seat 5: tomhradil112 (button) (small blind) collected ($11.76)


PokerStars Hand #154755330212:  Hold'em Limit ($3/$6 USD) - 2016/06/15 3:19:38 ET
Table 'Philippina' 6-max Seat #3 is the button
Seat 3: D Juice11 ($545.57 in chips)
Seat 5: tomhradil112 ($79.75 in chips)
D Juice11: posts small blind $1
tomhradil112: posts big blind $3
*** HOLE CARDS ***
D Juice11: raises $3 to $6
tomhradil112: folds
Uncalled bet ($3) returned to D Juice11
D Juice11 collected $6 from pot
D Juice11: doesn't show hand
*** SUMMARY ***
Total pot $6 | Rake $0
Seat 3: D Juice11 (button) (small blind) collected ($6)
Seat 5: tomhradil112 (big blind) folded before Flop


PokerStars Hand #154755327378:  Hold'em Limit ($3/$6 USD) - 2016/06/15 3:19:27 ET
Table 'Philippina' 6-max Seat #5 is the button
Seat 3: D Juice11 ($551.57 in chips)
Seat 5: tomhradil112 ($73.99 in chips)
tomhradil112: posts small blind $1
D Juice11: posts big blind $3
*** HOLE CARDS ***
tomhradil112: raises $3 to $6
D Juice11: calls $3
*** FLOP *** [3s Th Td]
D Juice11: checks
tomhradil112: bets $3
D Juice11: folds
Uncalled bet ($3) returned to tomhradil112
tomhradil112 collected $11.76 from pot
tomhradil112: doesn't show hand
*** SUMMARY ***
Total pot $12 | Rake $0.24
Board [3s Th Td]
Seat 3: D Juice11 (big blind) folded on the Flop
Seat 5: tomhradil112 (button) (small blind) collected ($11.76)


PokerStars Hand #154755354611:  Hold'em Limit ($3/$6 USD) - 2016/06/15 3:21:10 ET
Table 'Philippina' 6-max Seat #5 is the button
Seat 3: D Juice11 ($550.73 in chips)
Seat 5: tomhradil112 ($73.03 in chips)
tomhradil112: posts small blind $1
D Juice11: posts big blind $3
*** HOLE CARDS ***
tomhradil112: folds
Uncalled bet ($2) returned to D Juice11
D Juice11 collected $2 from pot
D Juice11: doesn't show hand
*** SUMMARY ***
Total pot $2 | Rake $0
Seat 3: D Juice11 (big blind) collected ($2)
Seat 5: tomhradil112 (button) (small blind) folded before Flop


PokerStars Hand #154755353149:  Hold'em Limit ($3/$6 USD) - 2016/06/15 3:21:04 ET
Table 'Philippina' 6-max Seat #3 is the button
Seat 3: D Juice11 ($551.73 in chips)
Seat 5: tomhradil112 ($72.03 in chips)
D Juice11: posts small blind $1
tomhradil112: posts big blind $3
*** HOLE CARDS ***
tomhradil112 said, "910"
tomhradil112 said, "donk"
D Juice11: folds
Uncalled bet ($2) returned to tomhradil112
tomhradil112 collected $2 from pot
tomhradil112: doesn't show hand
*** SUMMARY ***
Total pot $2 | Rake $0
Seat 3: D Juice11 (button) (small blind) folded before Flop
Seat 5: tomhradil112 (big blind) collected ($2)


PokerStars Hand #154755351303:  Hold'em Limit ($3/$6 USD) - 2016/06/15 3:20:57 ET
Table 'Philippina' 6-max Seat #5 is the button
Seat 3: D Juice11 ($550.73 in chips)
Seat 5: tomhradil112 ($73.03 in chips)
tomhradil112: posts small blind $1
D Juice11: posts big blind $3
*** HOLE CARDS ***
tomhradil112: folds
Uncalled bet ($2) returned to D Juice11
D Juice11 collected $2 from pot
D Juice11: doesn't show hand
tomhradil112 said, "gay lol"
*** SUMMARY ***
Total pot $2 | Rake $0
Seat 3: D Juice11 (big blind) collected ($2)
Seat 5: tomhradil112 (button) (small blind) folded before Flop


PokerStars Hand #154755349929:  Hold'em Limit ($3/$6 USD) - 2016/06/15 3:20:52 ET
Table 'Philippina' 6-max Seat #3 is the button
Seat 3: D Juice11 ($551.73 in chips)
Seat 5: tomhradil112 ($72.03 in chips)
D Juice11: posts small blind $1
tomhradil112: posts big blind $3
*** HOLE CARDS ***
D Juice11: folds
Uncalled bet ($2) returned to tomhradil112
tomhradil112 collected $2 from pot
tomhradil112: doesn't show hand
*** SUMMARY ***
Total pot $2 | Rake $0
Seat 3: D Juice11 (button) (small blind) folded before Flop
Seat 5: tomhradil112 (big blind) collected ($2)


PokerStars Hand #154755344665:  Hold'em Limit ($3/$6 USD) - 2016/06/15 3:20:32 ET
Table 'Philippina' 6-max Seat #5 is the button
Seat 3: D Juice11 ($540.21 in chips)
Seat 5: tomhradil112 ($84.03 in chips)
tomhradil112: posts small blind $1
D Juice11: posts big blind $3
*** HOLE CARDS ***
tomhradil112: raises $3 to $6
D Juice11: calls $3
*** FLOP *** [Ad 7d Qd]
D Juice11: bets $3
tomhradil112: raises $3 to $6
D Juice11: calls $3
*** TURN *** [Ad 7d Qd] [6h]
D Juice11: checks
tomhradil112: checks
*** RIVER *** [Ad 7d Qd 6h] [9s]
D Juice11: checks
tomhradil112 said, "7?"
tomhradil112: checks
*** SHOW DOWN ***
D Juice11: shows [9d Th] (a pair of Nines)
tomhradil112: mucks hand
D Juice11 collected $23.52 from pot
*** SUMMARY ***
Total pot $24 | Rake $0.48
Board [Ad 7d Qd 6h 9s]
Seat 3: D Juice11 (big blind) showed [9d Th] and won ($23.52) with a pair of Nines
Seat 5: tomhradil112 (button) (small blind) mucked


PokerStars Hand #154755340665:  Hold'em Limit ($3/$6 USD) - 2016/06/15 3:20:17 ET
Table 'Philippina' 6-max Seat #3 is the button
Seat 3: D Juice11 ($552.21 in chips)
Seat 5: tomhradil112 ($72.51 in chips)
D Juice11: posts small blind $1
tomhradil112: posts big blind $3
*** HOLE CARDS ***
D Juice11: raises $3 to $6
tomhradil112: calls $3
*** FLOP *** [7c 6d 5c]
tomhradil112: checks
D Juice11: checks
*** TURN *** [7c 6d 5c] [Tc]
tomhradil112: checks
D Juice11: checks
*** RIVER *** [7c 6d 5c Tc] [Qc]
tomhradil112: bets $6
D Juice11: calls $6
*** SHOW DOWN ***
tomhradil112: shows [6h Kc] (a flush, King high)
D Juice11: mucks hand
tomhradil112 collected $23.52 from pot
*** SUMMARY ***
Total pot $24 | Rake $0.48
Board [7c 6d 5c Tc Qc]
Seat 3: D Juice11 (button) (small blind) mucked
Seat 5: tomhradil112 (big blind) showed [6h Kc] and won ($23.52) with a flush, King high


PokerStars Hand #154755366272:  Hold'em Limit ($3/$6 USD) - 2016/06/15 3:21:54 ET
Table 'Philippina' 6-max Seat #5 is the button
Seat 3: D Juice11 ($534.37 in chips)
Seat 5: tomhradil112 ($88.53 in chips)
tomhradil112: posts small blind $1
tomhradil112 said, "lol"
D Juice11: posts big blind $3
*** HOLE CARDS ***
tomhradil112: raises $3 to $6
D Juice11: calls $3
*** FLOP *** [8d Kh 3c]
D Juice11: checks
tomhradil112: bets $3
D Juice11: calls $3
*** TURN *** [8d Kh 3c] [Jc]
D Juice11: checks
tomhradil112: bets $6
D Juice11: raises $6 to $12
tomhradil112: calls $6
*** RIVER *** [8d Kh 3c Jc] [5h]
D Juice11: bets $6
tomhradil112: calls $6
*** SHOW DOWN ***
D Juice11: shows [Kc Tc] (a pair of Kings)
tomhradil112: mucks hand
D Juice11 collected $53.50 from pot
*** SUMMARY ***
Total pot $54 | Rake $0.50
Board [8d Kh 3c Jc 5h]
Seat 3: D Juice11 (big blind) showed [Kc Tc] and won ($53.50) with a pair of Kings
Seat 5: tomhradil112 (button) (small blind) mucked


PokerStars Hand #154755362352:  Hold'em Limit ($3/$6 USD) - 2016/06/15 3:21:39 ET
Table 'Philippina' 6-max Seat #3 is the button
Seat 3: D Juice11 ($525.73 in chips)
Seat 5: tomhradil112 ($97.53 in chips)
D Juice11: posts small blind $1
tomhradil112: posts big blind $3
*** HOLE CARDS ***
D Juice11: raises $3 to $6
tomhradil112: calls $3
*** FLOP *** [Qc Qh Th]
tomhradil112: checks
D Juice11: bets $3
tomhradil112: calls $3
*** TURN *** [Qc Qh Th] [5s]
tomhradil112: checks
D Juice11: bets $6
tomhradil112: folds
Uncalled bet ($6) returned to D Juice11
D Juice11 collected $17.64 from pot
D Juice11: doesn't show hand
*** SUMMARY ***
Total pot $18 | Rake $0.36
Board [Qc Qh Th 5s]
Seat 3: D Juice11 (button) (small blind) collected ($17.64)
Seat 5: tomhradil112 (big blind) folded on the Turn


PokerStars Hand #154755361123:  Hold'em Limit ($3/$6 USD) - 2016/06/15 3:21:35 ET
Table 'Philippina' 6-max Seat #5 is the button
Seat 3: D Juice11 ($524.73 in chips)
Seat 5: tomhradil112 ($98.53 in chips)
tomhradil112: posts small blind $1
D Juice11: posts big blind $3
*** HOLE CARDS ***
tomhradil112: folds
Uncalled bet ($2) returned to D Juice11
D Juice11 collected $2 from pot
D Juice11: doesn't show hand
*** SUMMARY ***
Total pot $2 | Rake $0
Seat 3: D Juice11 (big blind) collected ($2)
Seat 5: tomhradil112 (button) (small blind) folded before Flop


PokerStars Hand #154755355929:  Hold'em Limit ($3/$6 USD) - 2016/06/15 3:21:15 ET
Table 'Philippina' 6-max Seat #3 is the button
Seat 3: D Juice11 ($551.73 in chips)
Seat 5: tomhradil112 ($72.03 in chips)
D Juice11: posts small blind $1
tomhradil112: posts big blind $3
*** HOLE CARDS ***
D Juice11: raises $3 to $6
tomhradil112: raises $3 to $9
D Juice11: calls $3
*** FLOP *** [Ac Ad Jd]
tomhradil112: checks
D Juice11: checks
*** TURN *** [Ac Ad Jd] [8h]
tomhradil112: checks
D Juice11: bets $6
tomhradil112: raises $6 to $12
D Juice11: calls $6
*** RIVER *** [Ac Ad Jd 8h] [9d]
tomhradil112: bets $6
D Juice11: calls $6
*** SHOW DOWN ***
tomhradil112: shows [As Kh] (three of a kind, Aces)
D Juice11: mucks hand
tomhradil112 collected $53.50 from pot
*** SUMMARY ***
Total pot $54 | Rake $0.50
Board [Ac Ad Jd 8h 9d]
Seat 3: D Juice11 (button) (small blind) mucked
Seat 5: tomhradil112 (big blind) showed [As Kh] and won ($53.50) with three of a kind, Aces


PokerStars Hand #154755400302:  Hold'em Limit ($3/$6 USD) - 2016/06/15 3:24:03 ET
Table 'Philippina' 6-max Seat #3 is the button
Seat 3: D Juice11 ($553.87 in chips)
Seat 4: VolkovDmitri ($168.42 in chips)
D Juice11: posts small blind $1
VolkovDmitri: posts big blind $3
*** HOLE CARDS ***
D Juice11: folds
Uncalled bet ($2) returned to VolkovDmitri
VolkovDmitri collected $2 from pot
VolkovDmitri: doesn't show hand
*** SUMMARY ***
Total pot $2 | Rake $0
Seat 3: D Juice11 (button) (small blind) folded before Flop
Seat 4: VolkovDmitri (big blind) collected ($2)


PokerStars Hand #154755394852:  Hold'em Limit ($3/$6 USD) - 2016/06/15 3:23:43 ET
Table 'Philippina' 6-max Seat #4 is the button
Seat 3: D Juice11 ($559.87 in chips)
Seat 4: VolkovDmitri ($162.66 in chips)
VolkovDmitri: posts small blind $1
D Juice11: posts big blind $3
*** HOLE CARDS ***
VolkovDmitri: raises $3 to $6
D Juice11: calls $3
*** FLOP *** [8s 2d 3h]
D Juice11: checks
tomhradil112 leaves the table
VolkovDmitri: bets $3
D Juice11: folds
Uncalled bet ($3) returned to VolkovDmitri
VolkovDmitri collected $11.76 from pot
VolkovDmitri: doesn't show hand
*** SUMMARY ***
Total pot $12 | Rake $0.24
Board [8s 2d 3h]
Seat 3: D Juice11 (big blind) folded on the Flop
Seat 4: VolkovDmitri (button) (small blind) collected ($11.76)


PokerStars Hand #154755401775:  Hold'em Limit ($3/$6 USD) - 2016/06/15 3:24:08 ET
Table 'Philippina' 6-max Seat #4 is the button
Seat 3: D Juice11 ($552.87 in chips)
Seat 4: VolkovDmitri ($169.42 in chips)
VolkovDmitri: posts small blind $1
D Juice11: posts big blind $3
*** HOLE CARDS ***
VolkovDmitri: raises $3 to $6
D Juice11: calls $3
*** FLOP *** [8c Jd Td]
D Juice11: checks
VolkovDmitri: bets $3
D Juice11: calls $3
*** TURN *** [8c Jd Td] [Qc]
D Juice11: checks
VolkovDmitri: checks
*** RIVER *** [8c Jd Td Qc] [2c]
D Juice11: bets $6
VolkovDmitri: folds
Uncalled bet ($6) returned to D Juice11
D Juice11 collected $17.64 from pot
D Juice11: doesn't show hand
*** SUMMARY ***
Total pot $18 | Rake $0.36
Board [8c Jd Td Qc 2c]
Seat 3: D Juice11 (big blind) collected ($17.64)
Seat 4: VolkovDmitri (button) (small blind) folded on the River


PokerStars Hand #154755419803:  Hold'em Limit ($3/$6 USD) - 2016/06/15 3:25:17 ET
Table 'Philippina' 6-max Seat #3 is the button
Seat 3: D Juice11 ($561.51 in chips)
Seat 4: VolkovDmitri ($160.42 in chips)
D Juice11: posts small blind $1
VolkovDmitri: posts big blind $3
*** HOLE CARDS ***
D Juice11: calls $2
VolkovDmitri: raises $3 to $6
D Juice11: calls $3
*** FLOP *** [2h 4s 8h]
VolkovDmitri: checks
D Juice11: bets $3
VolkovDmitri: calls $3
*** TURN *** [2h 4s 8h] [2s]
Ag3r0n joins the table at seat #1
VolkovDmitri: checks
D Juice11: checks
*** RIVER *** [2h 4s 8h 2s] [9d]
Ag3r0n leaves the table
VolkovDmitri: bets $6
D Juice11: calls $6
*** SHOW DOWN ***
VolkovDmitri: shows [9c Qd] (two pair, Nines and Deuces)
D Juice11: mucks hand
VolkovDmitri collected $29.50 from pot
*** SUMMARY ***
Total pot $30 | Rake $0.50
Board [2h 4s 8h 2s 9d]
Seat 3: D Juice11 (button) (small blind) mucked
Seat 4: VolkovDmitri (big blind) showed [9c Qd] and won ($29.50) with two pair, Nines and Deuces


PokerStars Hand #154755442264:  Hold'em Limit ($3/$6 USD) - 2016/06/15 3:26:41 ET
Table 'Philippina' 6-max Seat #3 is the button
Seat 3: D Juice11 ($543.51 in chips)
Seat 4: VolkovDmitri ($177.92 in chips)
D Juice11: posts small blind $1
VolkovDmitri: posts big blind $3
*** HOLE CARDS ***
D Juice11: folds
Uncalled bet ($2) returned to VolkovDmitri
VolkovDmitri collected $2 from pot
VolkovDmitri: doesn't show hand
*** SUMMARY ***
Total pot $2 | Rake $0
Seat 3: D Juice11 (button) (small blind) folded before Flop
Seat 4: VolkovDmitri (big blind) collected ($2)


PokerStars Hand #154755440039:  Hold'em Limit ($3/$6 USD) - 2016/06/15 3:26:33 ET
Table 'Philippina' 6-max Seat #4 is the button
Seat 3: D Juice11 ($546.51 in chips)
Seat 4: VolkovDmitri ($174.92 in chips)
VolkovDmitri: posts small blind $1
D Juice11: posts big blind $3
*** HOLE CARDS ***
VolkovDmitri: raises $3 to $6
D Juice11: folds
Uncalled bet ($3) returned to VolkovDmitri
VolkovDmitri collected $6 from pot
VolkovDmitri: doesn't show hand
*** SUMMARY ***
Total pot $6 | Rake $0
Seat 3: D Juice11 (big blind) folded before Flop
Seat 4: VolkovDmitri (button) (small blind) collected ($6)


PokerStars Hand #154755443723:  Hold'em Limit ($3/$6 USD) - 2016/06/15 3:26:47 ET
Table 'Philippina' 6-max Seat #4 is the button
Seat 3: D Juice11 ($542.51 in chips)
Seat 4: VolkovDmitri ($178.92 in chips)
VolkovDmitri: posts small blind $1
D Juice11: posts big blind $3
*** HOLE CARDS ***
VolkovDmitri: raises $3 to $6
D Juice11: calls $3
*** FLOP *** [3h 8c Jh]
D Juice11: checks
VolkovDmitri: bets $3
D Juice11: raises $3 to $6
VolkovDmitri: calls $3
*** TURN *** [3h 8c Jh] [3s]
D Juice11: checks
VolkovDmitri: checks
*** RIVER *** [3h 8c Jh 3s] [9c]
D Juice11: checks
VolkovDmitri: checks
*** SHOW DOWN ***
D Juice11: shows [8d 5d] (two pair, Eights and Threes)
VolkovDmitri: mucks hand
D Juice11 collected $23.52 from pot
*** SUMMARY ***
Total pot $24 | Rake $0.48
Board [3h 8c Jh 3s 9c]
Seat 3: D Juice11 (big blind) showed [8d 5d] and won ($23.52) with two pair, Eights and Threes
Seat 4: VolkovDmitri (button) (small blind) mucked


PokerStars Hand #154755458301:  Hold'em Limit ($3/$6 USD) - 2016/06/15 3:27:42 ET
Table 'Philippina' 6-max Seat #3 is the button
Seat 3: D Juice11 ($554.03 in chips)
Seat 4: VolkovDmitri ($166.92 in chips)
D Juice11: posts small blind $1
VolkovDmitri: posts big blind $3
*** HOLE CARDS ***
D Juice11: calls $2
VolkovDmitri: checks
*** FLOP *** [Qh Tc 9c]
VolkovDmitri: checks
D Juice11: checks
*** TURN *** [Qh Tc 9c] [Jc]
VolkovDmitri: checks
D Juice11: bets $6
VolkovDmitri: folds
Uncalled bet ($6) returned to D Juice11
D Juice11 collected $5.88 from pot
D Juice11: doesn't show hand
*** SUMMARY ***
Total pot $6 | Rake $0.12
Board [Qh Tc 9c Jc]
Seat 3: D Juice11 (button) (small blind) collected ($5.88)
Seat 4: VolkovDmitri (big blind) folded on the Turn


PokerStars Hand #154755468169:  Hold'em Limit ($3/$6 USD) - 2016/06/15 3:28:20 ET
Table 'Philippina' 6-max Seat #4 is the button
Seat 3: D Juice11 ($556.91 in chips)
Seat 4: VolkovDmitri ($163.92 in chips)
VolkovDmitri: posts small blind $1
D Juice11: posts big blind $3
*** HOLE CARDS ***
VolkovDmitri: raises $3 to $6
D Juice11: calls $3
*** FLOP *** [Kd 4s Jd]
D Juice11: checks
VolkovDmitri: bets $3
D Juice11: folds
Uncalled bet ($3) returned to VolkovDmitri
VolkovDmitri collected $11.76 from pot
VolkovDmitri: doesn't show hand
*** SUMMARY ***
Total pot $12 | Rake $0.24
Board [Kd 4s Jd]
Seat 3: D Juice11 (big blind) folded on the Flop
Seat 4: VolkovDmitri (button) (small blind) collected ($11.76)


PokerStars Hand #154755475129:  Hold'em Limit ($3/$6 USD) - 2016/06/15 3:28:46 ET
Table 'Philippina' 6-max Seat #3 is the button
Seat 3: D Juice11 ($550.91 in chips)
Seat 4: VolkovDmitri ($169.68 in chips)
D Juice11: posts small blind $1
VolkovDmitri: posts big blind $3
*** HOLE CARDS ***
D Juice11: folds
Uncalled bet ($2) returned to VolkovDmitri
VolkovDmitri collected $2 from pot
VolkovDmitri: doesn't show hand
*** SUMMARY ***
Total pot $2 | Rake $0
Seat 3: D Juice11 (button) (small blind) folded before Flop
Seat 4: VolkovDmitri (big blind) collected ($2)


PokerStars Hand #154755587813:  Hold'em Limit ($3/$6 USD) - 2016/06/15 3:35:51 ET
Table 'Philippina' 6-max Seat #6 is the button
Seat 1: Ag3r0n ($72 in chips)
Seat 6: prallimall ($40.66 in chips)
prallimall: posts small blind $1
Ag3r0n: posts big blind $3
*** HOLE CARDS ***
prallimall: raises $3 to $6
buddhasway joins the table at seat #5
Ag3r0n: calls $3
*** FLOP *** [Kh Kc 3h]
Ag3r0n: checks
prallimall: bets $3
Ag3r0n: folds
Uncalled bet ($3) returned to prallimall
prallimall collected $11.76 from pot
prallimall: doesn't show hand
*** SUMMARY ***
Total pot $12 | Rake $0.24
Board [Kh Kc 3h]
Seat 1: Ag3r0n (big blind) folded on the Flop
Seat 6: prallimall (button) (small blind) collected ($11.76)


PokerStars Hand #154756005893:  Hold'em Limit ($3/$6 USD) - 2016/06/15 4:00:57 ET
Table 'Philippina' 6-max Seat #4 is the button
Seat 3: D Juice11 ($521.93 in chips)
Seat 4: belik555 ($217.51 in chips)
belik555: posts small blind $1
Ag3r0n: is sitting out
D Juice11: posts big blind $3
*** HOLE CARDS ***
Ag3r0n leaves the table
VolkovDmitri joins the table at seat #5
belik555: raises $3 to $6
D Juice11: calls $3
*** FLOP *** [Ad Ah 2d]
D Juice11: checks
belik555: bets $3
D Juice11: raises $3 to $6
belik555: calls $3
*** TURN *** [Ad Ah 2d] [7c]
D Juice11: bets $6
belik555: calls $6
*** RIVER *** [Ad Ah 2d 7c] [4d]
D Juice11: checks
belik555: checks
*** SHOW DOWN ***
D Juice11: shows [5s 4c] (two pair, Aces and Fours)
belik555: mucks hand
D Juice11 collected $35.50 from pot
*** SUMMARY ***
Total pot $36 | Rake $0.50
Board [Ad Ah 2d 7c 4d]
Seat 3: D Juice11 (big blind) showed [5s 4c] and won ($35.50) with two pair, Aces and Fours
Seat 4: belik555 (button) (small blind) mucked


PokerStars Hand #154756014920:  Hold'em Limit ($3/$6 USD) - 2016/06/15 4:01:30 ET
Table 'Philippina' 6-max Seat #3 is the button
Seat 3: D Juice11 ($539.43 in chips)
Seat 4: belik555 ($199.51 in chips)
D Juice11: posts small blind $1
belik555: posts big blind $3
*** HOLE CARDS ***
D Juice11: calls $2
belik555: raises $3 to $6
D Juice11: calls $3
*** FLOP *** [Ts As 3s]
belik555: bets $3
D Juice11: folds
Uncalled bet ($3) returned to belik555
belik555 collected $11.76 from pot
belik555: doesn't show hand
*** SUMMARY ***
Total pot $12 | Rake $0.24
Board [Ts As 3s]
Seat 3: D Juice11 (button) (small blind) folded on the Flop
Seat 4: belik555 (big blind) collected ($11.76)


