PokerStars Hand #155088534607:  Hold'em Limit ($3/$6 USD) - 2016/06/23 3:19:36 ET
Table 'Philagoria' 6-max Seat #2 is the button
Seat 1: Velbor107 ($296.64 in chips)
Seat 2: bersik12 ($102.64 in chips)
bersik12: posts small blind $1
Velbor107: posts big blind $3
*** HOLE CARDS ***
bersik12: raises $3 to $6
Velbor107: calls $3
*** FLOP *** [6d Qc Qs]
Velbor107: checks
bersik12: bets $3
Velbor107: raises $3 to $6
bersik12: raises $3 to $9
Velbor107: raises $3 to $12
Betting is capped
bersik12: calls $3
*** TURN *** [6d Qc Qs] [Td]
Velbor107: bets $6
bersik12: calls $6
*** RIVER *** [6d Qc Qs Td] [6s]
Velbor107: bets $6
bersik12: calls $6
*** SHOW DOWN ***
Velbor107: shows [7d Qd] (a full house, Queens full of Sixes)
bersik12: mucks hand
Velbor107 collected $59.50 from pot
*** SUMMARY ***
Total pot $60 | Rake $0.50
Board [6d Qc Qs Td 6s]
Seat 1: Velbor107 (big blind) showed [7d Qd] and won ($59.50) with a full house, Queens full of Sixes
Seat 2: bersik12 (button) (small blind) mucked


PokerStars Hand #155088521403:  Hold'em Limit ($3/$6 USD) - 2016/06/23 3:19:09 ET
Table 'Philagoria' 6-max Seat #1 is the button
Seat 1: Velbor107 ($288 in chips)
Seat 2: bersik12 ($111.64 in chips)
Velbor107: posts small blind $1
bersik12: posts big blind $3
*** HOLE CARDS ***
Velbor107: raises $3 to $6
bersik12: calls $3
*** FLOP *** [7c 6h 9c]
bersik12: checks
Velbor107: bets $3
bersik12: calls $3
*** TURN *** [7c 6h 9c] [Kc]
bersik12: checks
Velbor107: bets $6
bersik12: folds
Uncalled bet ($6) returned to Velbor107
Velbor107 collected $17.64 from pot
*** SUMMARY ***
Total pot $18 | Rake $0.36
Board [7c 6h 9c Kc]
Seat 1: Velbor107 (button) (small blind) collected ($17.64)
Seat 2: bersik12 (big blind) folded on the Turn


PokerStars Hand #155088541826:  Hold'em Limit ($3/$6 USD) - 2016/06/23 3:20:05 ET
Table 'Philagoria' 6-max Seat #1 is the button
Seat 1: Velbor107 ($326.14 in chips)
Seat 2: bersik12 ($72.64 in chips)
Velbor107: posts small blind $1
bersik12: posts big blind $3
*** HOLE CARDS ***
Velbor107: raises $3 to $6
bersik12: raises $3 to $9
Velbor107: calls $3
*** FLOP *** [Qc 6h 8d]
bersik12: bets $3
Velbor107: folds
Uncalled bet ($3) returned to bersik12
bersik12 collected $17.64 from pot
bersik12: doesn't show hand
*** SUMMARY ***
Total pot $18 | Rake $0.36
Board [Qc 6h 8d]
Seat 1: Velbor107 (button) (small blind) folded on the Flop
Seat 2: bersik12 (big blind) collected ($17.64)


PokerStars Hand #155088545110:  Hold'em Limit ($3/$6 USD) - 2016/06/23 3:20:19 ET
Table 'Philagoria' 6-max Seat #2 is the button
Seat 1: Velbor107 ($317.14 in chips)
Seat 2: bersik12 ($81.28 in chips)
bersik12: posts small blind $1
Velbor107: posts big blind $3
*** HOLE CARDS ***
bersik12: raises $3 to $6
Velbor107: raises $3 to $9
bersik12: calls $3
*** FLOP *** [Ts Ks Qs]
Velbor107: bets $3
bersik12: folds
Uncalled bet ($3) returned to Velbor107
Velbor107 collected $17.64 from pot
*** SUMMARY ***
Total pot $18 | Rake $0.36
Board [Ts Ks Qs]
Seat 1: Velbor107 (big blind) collected ($17.64)
Seat 2: bersik12 (button) (small blind) folded on the Flop


PokerStars Hand #155088548777:  Hold'em Limit ($3/$6 USD) - 2016/06/23 3:20:34 ET
Table 'Philagoria' 6-max Seat #1 is the button
Seat 1: Velbor107 ($325.78 in chips)
Seat 2: bersik12 ($72.28 in chips)
Velbor107: posts small blind $1
bersik12: posts big blind $3
*** HOLE CARDS ***
Velbor107: raises $3 to $6
bersik12: raises $3 to $9
Velbor107: calls $3
*** FLOP *** [Ts Ac 7d]
bersik12: checks
Velbor107: checks
*** TURN *** [Ts Ac 7d] [2s]
bersik12: bets $6
Velbor107: calls $6
*** RIVER *** [Ts Ac 7d 2s] [6d]
liolilove joins the table at seat #3
bersik12: bets $6
Velbor107: calls $6
*** SHOW DOWN ***
bersik12: shows [9h As] (a pair of Aces)
Velbor107: mucks hand
bersik12 collected $41.50 from pot
*** SUMMARY ***
Total pot $42 | Rake $0.50
Board [Ts Ac 7d 2s 6d]
Seat 1: Velbor107 (button) (small blind) mucked
Seat 2: bersik12 (big blind) showed [9h As] and won ($41.50) with a pair of Aces


PokerStars Hand #155088686866:  Hold'em Limit ($3/$6 USD) - 2016/06/23 3:29:57 ET
Table 'Philagoria' 6-max Seat #1 is the button
Seat 1: Velbor107 ($231.03 in chips)
Seat 2: bersik12 ($112.55 in chips)
Velbor107: posts small blind $1
bersik12: posts big blind $3
*** HOLE CARDS ***
Velbor107: folds
Uncalled bet ($2) returned to bersik12
bersik12 collected $2 from pot
bersik12: doesn't show hand
*** SUMMARY ***
Total pot $2 | Rake $0
Seat 1: Velbor107 (button) (small blind) folded before Flop
Seat 2: bersik12 (big blind) collected ($2)


PokerStars Hand #155088684715:  Hold'em Limit ($3/$6 USD) - 2016/06/23 3:29:49 ET
Table 'Philagoria' 6-max Seat #2 is the button
Seat 1: Velbor107 ($234.03 in chips)
Seat 2: bersik12 ($109.55 in chips)
bersik12: posts small blind $1
liolilove: is sitting out
Velbor107: posts big blind $3
*** HOLE CARDS ***
bersik12: raises $3 to $6
Velbor107: folds
Uncalled bet ($3) returned to bersik12
bersik12 collected $6 from pot
bersik12: doesn't show hand
*** SUMMARY ***
Total pot $6 | Rake $0
Seat 1: Velbor107 (big blind) folded before Flop
Seat 2: bersik12 (button) (small blind) collected ($6)


PokerStars Hand #155088688239:  Hold'em Limit ($3/$6 USD) - 2016/06/23 3:30:03 ET
Table 'Philagoria' 6-max Seat #2 is the button
Seat 1: Velbor107 ($230.03 in chips)
Seat 2: bersik12 ($113.55 in chips)
bersik12: posts small blind $1
Velbor107: posts big blind $3
*** HOLE CARDS ***
bersik12: folds
Uncalled bet ($2) returned to Velbor107
Velbor107 collected $2 from pot
*** SUMMARY ***
Total pot $2 | Rake $0
Seat 1: Velbor107 (big blind) collected ($2)
Seat 2: bersik12 (button) (small blind) folded before Flop


PokerStars Hand #155088698583:  Hold'em Limit ($3/$6 USD) - 2016/06/23 3:30:45 ET
Table 'Philagoria' 6-max Seat #2 is the button
Seat 1: Velbor107 ($216.03 in chips)
Seat 2: bersik12 ($127.05 in chips)
bersik12: posts small blind $1
Velbor107: posts big blind $3
*** HOLE CARDS ***
bersik12: raises $3 to $6
Velbor107: calls $3
*** FLOP *** [Ts Td 4s]
Velbor107: checks
bersik12: checks
*** TURN *** [Ts Td 4s] [3h]
Velbor107: checks
bersik12: checks
*** RIVER *** [Ts Td 4s 3h] [Ad]
Velbor107: checks
bersik12: checks
*** SHOW DOWN ***
Velbor107: shows [5c 6h] (a pair of Tens)
bersik12: shows [Qs Jd] (a pair of Tens - Ace+Queen kicker)
bersik12 collected $11.76 from pot
*** SUMMARY ***
Total pot $12 | Rake $0.24
Board [Ts Td 4s 3h Ad]
Seat 1: Velbor107 (big blind) showed [5c 6h] and lost with a pair of Tens
Seat 2: bersik12 (button) (small blind) showed [Qs Jd] and won ($11.76) with a pair of Tens


PokerStars Hand #155088689604:  Hold'em Limit ($3/$6 USD) - 2016/06/23 3:30:08 ET
Table 'Philagoria' 6-max Seat #1 is the button
Seat 1: Velbor107 ($231.03 in chips)
Seat 2: bersik12 ($112.55 in chips)
Velbor107: posts small blind $1
bersik12: posts big blind $3
*** HOLE CARDS ***
Velbor107: raises $3 to $6
bersik12: calls $3
*** FLOP *** [9d 3d Ts]
bersik12: checks
Velbor107: bets $3
bersik12: calls $3
*** TURN *** [9d 3d Ts] [Qs]
bersik12: checks
Velbor107: bets $6
bersik12: calls $6
*** RIVER *** [9d 3d Ts Qs] [6s]
bersik12: checks
Velbor107: checks
*** SHOW DOWN ***
bersik12: shows [2s 3h] (a pair of Threes)
Velbor107: mucks hand
bersik12 collected $29.50 from pot
*** SUMMARY ***
Total pot $30 | Rake $0.50
Board [9d 3d Ts Qs 6s]
Seat 1: Velbor107 (button) (small blind) mucked
Seat 2: bersik12 (big blind) showed [2s 3h] and won ($29.50) with a pair of Threes


PokerStars Hand #155088710740:  Hold'em Limit ($3/$6 USD) - 2016/06/23 3:31:34 ET
Table 'Philagoria' 6-max Seat #1 is the button
Seat 1: Velbor107 ($202.03 in chips)
Seat 2: bersik12 ($140.45 in chips)
Velbor107: posts small blind $1
bersik12: posts big blind $3
*** HOLE CARDS ***
Velbor107: raises $3 to $6
bersik12: folds
Uncalled bet ($3) returned to Velbor107
Velbor107 collected $6 from pot
*** SUMMARY ***
Total pot $6 | Rake $0
Seat 1: Velbor107 (button) (small blind) collected ($6)
Seat 2: bersik12 (big blind) folded before Flop


PokerStars Hand #155088709302:  Hold'em Limit ($3/$6 USD) - 2016/06/23 3:31:28 ET
Table 'Philagoria' 6-max Seat #2 is the button
Seat 1: Velbor107 ($201.03 in chips)
Seat 2: bersik12 ($141.45 in chips)
bersik12: posts small blind $1
Velbor107: posts big blind $3
*** HOLE CARDS ***
bersik12: folds
Uncalled bet ($2) returned to Velbor107
Velbor107 collected $2 from pot
*** SUMMARY ***
Total pot $2 | Rake $0
Seat 1: Velbor107 (big blind) collected ($2)
Seat 2: bersik12 (button) (small blind) folded before Flop


PokerStars Hand #155088702828:  Hold'em Limit ($3/$6 USD) - 2016/06/23 3:31:02 ET
Table 'Philagoria' 6-max Seat #1 is the button
Seat 1: Velbor107 ($210.03 in chips)
Seat 2: bersik12 ($132.81 in chips)
Velbor107: posts small blind $1
bersik12: posts big blind $3
*** HOLE CARDS ***
Velbor107: raises $3 to $6
bersik12: calls $3
*** FLOP *** [3h Kd 4h]
bersik12: checks
Velbor107: bets $3
bersik12: calls $3
*** TURN *** [3h Kd 4h] [2c]
bersik12: checks
Velbor107: checks
*** RIVER *** [3h Kd 4h 2c] [8d]
bersik12: bets $6
Velbor107: folds
Uncalled bet ($6) returned to bersik12
bersik12 collected $17.64 from pot
bersik12: doesn't show hand
*** SUMMARY ***
Total pot $18 | Rake $0.36
Board [3h Kd 4h 2c 8d]
Seat 1: Velbor107 (button) (small blind) folded on the River
Seat 2: bersik12 (big blind) collected ($17.64)


PokerStars Hand #155088714905:  Hold'em Limit ($3/$6 USD) - 2016/06/23 3:31:51 ET
Table 'Philagoria' 6-max Seat #1 is the button
Seat 1: Velbor107 ($202.03 in chips)
Seat 2: bersik12 ($140.45 in chips)
Velbor107: posts small blind $1
bersik12: posts big blind $3
*** HOLE CARDS ***
Velbor107: raises $3 to $6
bersik12: calls $3
*** FLOP *** [Kc 4h 2s]
bersik12: checks
Velbor107: bets $3
bersik12: folds
Uncalled bet ($3) returned to Velbor107
Velbor107 collected $11.76 from pot
*** SUMMARY ***
Total pot $12 | Rake $0.24
Board [Kc 4h 2s]
Seat 1: Velbor107 (button) (small blind) collected ($11.76)
Seat 2: bersik12 (big blind) folded on the Flop


PokerStars Hand #155088732192:  Hold'em Limit ($3/$6 USD) - 2016/06/23 3:33:00 ET
Table 'Philagoria' 6-max Seat #2 is the button
Seat 1: Velbor107 ($254.79 in chips)
Seat 2: bersik12 ($86.45 in chips)
bersik12: posts small blind $1
Velbor107: posts big blind $3
*** HOLE CARDS ***
bersik12: folds
Uncalled bet ($2) returned to Velbor107
Velbor107 collected $2 from pot
*** SUMMARY ***
Total pot $2 | Rake $0
Seat 1: Velbor107 (big blind) collected ($2)
Seat 2: bersik12 (button) (small blind) folded before Flop


PokerStars Hand #155088724160:  Hold'em Limit ($3/$6 USD) - 2016/06/23 3:32:28 ET
Table 'Philagoria' 6-max Seat #1 is the button
Seat 1: Velbor107 ($225.29 in chips)
Seat 2: bersik12 ($116.45 in chips)
Velbor107: posts small blind $1
bersik12: posts big blind $3
*** HOLE CARDS ***
Velbor107: raises $3 to $6
bersik12: raises $3 to $9
Velbor107: calls $3
*** FLOP *** [4h 2s 5h]
bersik12: bets $3
Velbor107: calls $3
*** TURN *** [4h 2s 5h] [8d]
bersik12: bets $6
Velbor107: raises $6 to $12
bersik12: calls $6
*** RIVER *** [4h 2s 5h 8d] [Ah]
bersik12: bets $6
Velbor107: raises $6 to $12
bersik12: folds
Uncalled bet ($6) returned to Velbor107
Velbor107 collected $59.50 from pot
*** SUMMARY ***
Total pot $60 | Rake $0.50
Board [4h 2s 5h 8d Ah]
Seat 1: Velbor107 (button) (small blind) collected ($59.50)
Seat 2: bersik12 (big blind) folded on the River


PokerStars Hand #155088718246:  Hold'em Limit ($3/$6 USD) - 2016/06/23 3:32:04 ET
Table 'Philagoria' 6-max Seat #2 is the button
Seat 1: Velbor107 ($207.79 in chips)
Seat 2: bersik12 ($134.45 in chips)
bersik12: posts small blind $1
Velbor107: posts big blind $3
*** HOLE CARDS ***
bersik12: raises $3 to $6
Velbor107: calls $3
*** FLOP *** [Th 2d Kc]
Velbor107: checks
bersik12: bets $3
Velbor107: raises $3 to $6
bersik12: calls $3
*** TURN *** [Th 2d Kc] [3c]
Velbor107: bets $6
bersik12: calls $6
*** RIVER *** [Th 2d Kc 3c] [9h]
Velbor107: bets $6
bersik12: folds
Uncalled bet ($6) returned to Velbor107
Velbor107 collected $35.50 from pot
*** SUMMARY ***
Total pot $36 | Rake $0.50
Board [Th 2d Kc 3c 9h]
Seat 1: Velbor107 (big blind) collected ($35.50)
Seat 2: bersik12 (button) (small blind) folded on the River


PokerStars Hand #155088738393:  Hold'em Limit ($3/$6 USD) - 2016/06/23 3:33:25 ET
Table 'Philagoria' 6-max Seat #1 is the button
Seat 1: Velbor107 ($262.55 in chips)
Seat 2: bersik12 ($78.45 in chips)
Velbor107: posts small blind $1
bersik12: posts big blind $3
*** HOLE CARDS ***
Velbor107: raises $3 to $6
bersik12: raises $3 to $9
Velbor107: calls $3
*** FLOP *** [7d 7h 4s]
bersik12: bets $3
Velbor107: calls $3
*** TURN *** [7d 7h 4s] [Kc]
bersik12: bets $6
Velbor107: folds
Uncalled bet ($6) returned to bersik12
bersik12 collected $23.52 from pot
bersik12: doesn't show hand
*** SUMMARY ***
Total pot $24 | Rake $0.48
Board [7d 7h 4s Kc]
Seat 1: Velbor107 (button) (small blind) folded on the Turn
Seat 2: bersik12 (big blind) collected ($23.52)


PokerStars Hand #155088749742:  Hold'em Limit ($3/$6 USD) - 2016/06/23 3:34:11 ET
Table 'Philagoria' 6-max Seat #1 is the button
Seat 1: Velbor107 ($238.55 in chips)
Seat 2: bersik12 ($101.49 in chips)
Velbor107: posts small blind $1
bersik12: posts big blind $3
*** HOLE CARDS ***
Velbor107: folds
Uncalled bet ($2) returned to bersik12
bersik12 collected $2 from pot
bersik12: doesn't show hand
*** SUMMARY ***
Total pot $2 | Rake $0
Seat 1: Velbor107 (button) (small blind) folded before Flop
Seat 2: bersik12 (big blind) collected ($2)


PokerStars Hand #155088741918:  Hold'em Limit ($3/$6 USD) - 2016/06/23 3:33:39 ET
Table 'Philagoria' 6-max Seat #2 is the button
Seat 1: Velbor107 ($250.55 in chips)
Seat 2: bersik12 ($89.97 in chips)
bersik12: posts small blind $1
Velbor107: posts big blind $3
*** HOLE CARDS ***
bersik12: raises $3 to $6
Velbor107: raises $3 to $9
bersik12: raises $3 to $12
Betting is capped
Velbor107: calls $3
*** FLOP *** [9s 6d Ts]
Velbor107: checks
bersik12: bets $3
Velbor107: folds
Uncalled bet ($3) returned to bersik12
bersik12 collected $23.52 from pot
bersik12: doesn't show hand
*** SUMMARY ***
Total pot $24 | Rake $0.48
Board [9s 6d Ts]
Seat 1: Velbor107 (big blind) folded on the Flop
Seat 2: bersik12 (button) (small blind) collected ($23.52)


PokerStars Hand #155088737173:  Hold'em Limit ($3/$6 USD) - 2016/06/23 3:33:20 ET
Table 'Philagoria' 6-max Seat #2 is the button
Seat 1: Velbor107 ($261.55 in chips)
Seat 2: bersik12 ($79.45 in chips)
bersik12: posts small blind $1
Velbor107: posts big blind $3
*** HOLE CARDS ***
bersik12: folds
Uncalled bet ($2) returned to Velbor107
Velbor107 collected $2 from pot
*** SUMMARY ***
Total pot $2 | Rake $0
Seat 1: Velbor107 (big blind) collected ($2)
Seat 2: bersik12 (button) (small blind) folded before Flop


PokerStars Hand #155088733477:  Hold'em Limit ($3/$6 USD) - 2016/06/23 3:33:05 ET
Table 'Philagoria' 6-max Seat #1 is the button
Seat 1: Velbor107 ($255.79 in chips)
Seat 2: bersik12 ($85.45 in chips)
Velbor107: posts small blind $1
bersik12: posts big blind $3
*** HOLE CARDS ***
Velbor107: raises $3 to $6
bersik12: calls $3
*** FLOP *** [Kd Ks 9s]
bersik12: checks
Velbor107: bets $3
bersik12: folds
Uncalled bet ($3) returned to Velbor107
Velbor107 collected $11.76 from pot
*** SUMMARY ***
Total pot $12 | Rake $0.24
Board [Kd Ks 9s]
Seat 1: Velbor107 (button) (small blind) collected ($11.76)
Seat 2: bersik12 (big blind) folded on the Flop


PokerStars Hand #155088750846:  Hold'em Limit ($3/$6 USD) - 2016/06/23 3:34:15 ET
Table 'Philagoria' 6-max Seat #2 is the button
Seat 1: Velbor107 ($237.55 in chips)
Seat 2: bersik12 ($102.49 in chips)
bersik12: posts small blind $1
Velbor107: posts big blind $3
*** HOLE CARDS ***
bersik12: raises $3 to $6
Velbor107: calls $3
*** FLOP *** [7s 5h 2h]
Velbor107: checks
bersik12: checks
*** TURN *** [7s 5h 2h] [3s]
Velbor107: bets $6
bersik12: calls $6
*** RIVER *** [7s 5h 2h 3s] [6d]
Velbor107: bets $6
bersik12: raises $6 to $12
Velbor107: calls $6
*** SHOW DOWN ***
bersik12: shows [Js 4s] (a straight, Three to Seven)
Velbor107: mucks hand
bersik12 collected $47.50 from pot
*** SUMMARY ***
Total pot $48 | Rake $0.50
Board [7s 5h 2h 3s 6d]
Seat 1: Velbor107 (big blind) mucked
Seat 2: bersik12 (button) (small blind) showed [Js 4s] and won ($47.50) with a straight, Three to Seven


PokerStars Hand #155088760330:  Hold'em Limit ($3/$6 USD) - 2016/06/23 3:34:53 ET
Table 'Philagoria' 6-max Seat #1 is the button
Seat 1: Velbor107 ($213.55 in chips)
Seat 2: bersik12 ($125.99 in chips)
Velbor107: posts small blind $1
bersik12: posts big blind $3
*** HOLE CARDS ***
Velbor107: raises $3 to $6
bersik12: calls $3
*** FLOP *** [4s 9c 5s]
bersik12: checks
Velbor107: bets $3
bersik12: calls $3
*** TURN *** [4s 9c 5s] [Ts]
bersik12: checks
Velbor107: bets $6
bersik12: raises $6 to $12
Velbor107: raises $6 to $18
bersik12: raises $6 to $24
Betting is capped
Velbor107: calls $6
*** RIVER *** [4s 9c 5s Ts] [Tc]
bersik12: bets $6
Velbor107: calls $6
*** SHOW DOWN ***
bersik12: shows [7s Js] (a flush, Jack high)
Velbor107: mucks hand
bersik12 collected $77.50 from pot
*** SUMMARY ***
Total pot $78 | Rake $0.50
Board [4s 9c 5s Ts Tc]
Seat 1: Velbor107 (button) (small blind) mucked
Seat 2: bersik12 (big blind) showed [7s Js] and won ($77.50) with a flush, Jack high


PokerStars Hand #155088768078:  Hold'em Limit ($3/$6 USD) - 2016/06/23 3:35:24 ET
Table 'Philagoria' 6-max Seat #2 is the button
Seat 1: Velbor107 ($174.55 in chips)
Seat 2: bersik12 ($164.49 in chips)
bersik12: posts small blind $1
Velbor107: posts big blind $3
*** HOLE CARDS ***
bersik12: folds
Uncalled bet ($2) returned to Velbor107
Velbor107 collected $2 from pot
*** SUMMARY ***
Total pot $2 | Rake $0
Seat 1: Velbor107 (big blind) collected ($2)
Seat 2: bersik12 (button) (small blind) folded before Flop


