PokerStars Hand #169153675622:  Hold'em Limit ($3/$6 USD) - 2017/04/17 1:29:03 ET
Table 'Philoctetes' 6-max Seat #5 is the button
Seat 4: TbIP-TbIP 88 ($72 in chips)
Seat 5: whu1688 ($191 in chips)
whu1688: posts small blind $1
TbIP-TbIP 88: posts big blind $3
*** HOLE CARDS ***
whu1688: raises $3 to $6
TbIP-TbIP 88: calls $3
*** FLOP *** [Jc 2c Jd]
TbIP-TbIP 88: checks
whu1688: bets $3
TbIP-TbIP 88: folds
Uncalled bet ($3) returned to whu1688
whu1688 collected $11.76 from pot
whu1688: doesn't show hand
*** SUMMARY ***
Total pot $12 | Rake $0.24
Board [Jc 2c Jd]
Seat 4: TbIP-TbIP 88 (big blind) folded on the Flop
Seat 5: whu1688 (button) (small blind) collected ($11.76)


PokerStars Hand #169153672496:  Hold'em Limit ($3/$6 USD) - 2017/04/17 1:28:51 ET
Table 'Philoctetes' 6-max Seat #4 is the button
Seat 4: TbIP-TbIP 88 ($72 in chips)
Seat 5: whu1688 ($190 in chips)
TbIP-TbIP 88: posts small blind $1
whu1688: posts big blind $3
*** HOLE CARDS ***
TbIP-TbIP 88: folds
Uncalled bet ($2) returned to whu1688
whu1688 collected $2 from pot
whu1688: doesn't show hand
*** SUMMARY ***
Total pot $2 | Rake $0
Seat 4: TbIP-TbIP 88 (button) (small blind) folded before Flop
Seat 5: whu1688 (big blind) collected ($2)


PokerStars Hand #169153680646:  Hold'em Limit ($3/$6 USD) - 2017/04/17 1:29:22 ET
Table 'Philoctetes' 6-max Seat #4 is the button
Seat 4: TbIP-TbIP 88 ($72 in chips)
Seat 5: whu1688 ($196.76 in chips)
TbIP-TbIP 88: posts small blind $1
whu1688: posts big blind $3
*** HOLE CARDS ***
TbIP-TbIP 88: raises $3 to $6
whu1688: raises $3 to $9
TbIP-TbIP 88: calls $3
*** FLOP *** [3s Qd 4c]
whu1688: bets $3
TbIP-TbIP 88: folds
Uncalled bet ($3) returned to whu1688
whu1688 collected $17.64 from pot
whu1688: doesn't show hand
*** SUMMARY ***
Total pot $18 | Rake $0.36
Board [3s Qd 4c]
Seat 4: TbIP-TbIP 88 (button) (small blind) folded on the Flop
Seat 5: whu1688 (big blind) collected ($17.64)


PokerStars Hand #169153690083:  Hold'em Limit ($3/$6 USD) - 2017/04/17 1:29:59 ET
Table 'Philoctetes' 6-max Seat #5 is the button
Seat 4: TbIP-TbIP 88 ($72 in chips)
Seat 5: whu1688 ($205.40 in chips)
whu1688: posts small blind $1
TbIP-TbIP 88: posts big blind $3
*** HOLE CARDS ***
whu1688: raises $3 to $6
TbIP-TbIP 88: calls $3
*** FLOP *** [9d Jd Ad]
TbIP-TbIP 88: checks
whu1688: checks
*** TURN *** [9d Jd Ad] [3h]
TbIP-TbIP 88: bets $6
whu1688: raises $6 to $12
TbIP-TbIP 88: calls $6
*** RIVER *** [9d Jd Ad 3h] [As]
TbIP-TbIP 88: checks
whu1688: checks
*** SHOW DOWN ***
TbIP-TbIP 88: shows [Td Qh] (a pair of Aces)
whu1688: shows [6d Kc] (a pair of Aces - King kicker)
whu1688 collected $35.50 from pot
*** SUMMARY ***
Total pot $36 | Rake $0.50
Board [9d Jd Ad 3h As]
Seat 4: TbIP-TbIP 88 (big blind) showed [Td Qh] and lost with a pair of Aces
Seat 5: whu1688 (button) (small blind) showed [6d Kc] and won ($35.50) with a pair of Aces


PokerStars Hand #169153707719:  Hold'em Limit ($3/$6 USD) - 2017/04/17 1:31:07 ET
Table 'Philoctetes' 6-max Seat #5 is the button
Seat 4: TbIP-TbIP 88 ($77.76 in chips)
Seat 5: whu1688 ($216.90 in chips)
whu1688: posts small blind $1
TbIP-TbIP 88: posts big blind $3
*** HOLE CARDS ***
whu1688: raises $3 to $6
TbIP-TbIP 88: calls $3
*** FLOP *** [8c 4h 3c]
TbIP-TbIP 88: checks
whu1688: bets $3
TbIP-TbIP 88: raises $3 to $6
whu1688: raises $3 to $9
TbIP-TbIP 88: raises $3 to $12
Betting is capped
whu1688: calls $3
*** TURN *** [8c 4h 3c] [Kc]
TbIP-TbIP 88: checks
whu1688: checks
*** RIVER *** [8c 4h 3c Kc] [3h]
TbIP-TbIP 88: bets $6
whu1688: folds
Uncalled bet ($6) returned to TbIP-TbIP 88
TbIP-TbIP 88 collected $35.50 from pot
TbIP-TbIP 88: doesn't show hand
*** SUMMARY ***
Total pot $36 | Rake $0.50
Board [8c 4h 3c Kc 3h]
Seat 4: TbIP-TbIP 88 (big blind) collected ($35.50)
Seat 5: whu1688 (button) (small blind) folded on the River


PokerStars Hand #169153716438:  Hold'em Limit ($3/$6 USD) - 2017/04/17 1:31:41 ET
Table 'Philoctetes' 6-max Seat #4 is the button
Seat 4: TbIP-TbIP 88 ($95.26 in chips)
Seat 5: whu1688 ($198.90 in chips)
TbIP-TbIP 88: posts small blind $1
whu1688: posts big blind $3
*** HOLE CARDS ***
TbIP-TbIP 88: folds
Uncalled bet ($2) returned to whu1688
whu1688 collected $2 from pot
whu1688: doesn't show hand
*** SUMMARY ***
Total pot $2 | Rake $0
Seat 4: TbIP-TbIP 88 (button) (small blind) folded before Flop
Seat 5: whu1688 (big blind) collected ($2)


PokerStars Hand #169153701180:  Hold'em Limit ($3/$6 USD) - 2017/04/17 1:30:41 ET
Table 'Philoctetes' 6-max Seat #4 is the button
Seat 4: TbIP-TbIP 88 ($72 in chips)
Seat 5: whu1688 ($222.90 in chips)
TbIP-TbIP 88: posts small blind $1
whu1688: posts big blind $3
*** HOLE CARDS ***
TbIP-TbIP 88: raises $3 to $6
whu1688: calls $3
*** FLOP *** [9h 4c Ks]
whu1688: checks
TbIP-TbIP 88: bets $3
whu1688: folds
Uncalled bet ($3) returned to TbIP-TbIP 88
TbIP-TbIP 88 collected $11.76 from pot
TbIP-TbIP 88: doesn't show hand
*** SUMMARY ***
Total pot $12 | Rake $0.24
Board [9h 4c Ks]
Seat 4: TbIP-TbIP 88 (button) (small blind) collected ($11.76)
Seat 5: whu1688 (big blind) folded on the Flop


PokerStars Hand #169153725217:  Hold'em Limit ($3/$6 USD) - 2017/04/17 1:32:15 ET
Table 'Philoctetes' 6-max Seat #4 is the button
Seat 4: TbIP-TbIP 88 ($72 in chips)
Seat 5: whu1688 ($223.40 in chips)
TbIP-TbIP 88: posts small blind $1
whu1688: posts big blind $3
*** HOLE CARDS ***
pdsnr joins the table at seat #6
TbIP-TbIP 88: raises $3 to $6
whu1688: calls $3
*** FLOP *** [Td 7d 2s]
whu1688: checks
TbIP-TbIP 88: checks
*** TURN *** [Td 7d 2s] [3c]
whu1688: bets $6
TbIP-TbIP 88: folds
Uncalled bet ($6) returned to whu1688
whu1688 collected $11.76 from pot
whu1688: doesn't show hand
*** SUMMARY ***
Total pot $12 | Rake $0.24
Board [Td 7d 2s 3c]
Seat 4: TbIP-TbIP 88 (button) (small blind) folded on the Turn
Seat 5: whu1688 (big blind) collected ($11.76)


PokerStars Hand #169153717861:  Hold'em Limit ($3/$6 USD) - 2017/04/17 1:31:46 ET
Table 'Philoctetes' 6-max Seat #5 is the button
Seat 4: TbIP-TbIP 88 ($94.26 in chips)
Seat 5: whu1688 ($199.90 in chips)
whu1688: posts small blind $1
TbIP-TbIP 88: posts big blind $3
*** HOLE CARDS ***
whu1688: raises $3 to $6
TbIP-TbIP 88: calls $3
*** FLOP *** [9d 5s 9h]
TbIP-TbIP 88: checks
whu1688: checks
*** TURN *** [9d 5s 9h] [Qh]
TbIP-TbIP 88: checks
whu1688: bets $6
TbIP-TbIP 88: raises $6 to $12
whu1688: calls $6
*** RIVER *** [9d 5s 9h Qh] [Ad]
TbIP-TbIP 88: bets $6
whu1688: calls $6
*** SHOW DOWN ***
TbIP-TbIP 88: shows [8d Ts] (a pair of Nines)
whu1688: shows [Qc 7d] (two pair, Queens and Nines)
whu1688 collected $47.50 from pot
*** SUMMARY ***
Total pot $48 | Rake $0.50
Board [9d 5s 9h Qh Ad]
Seat 4: TbIP-TbIP 88 (big blind) showed [8d Ts] and lost with a pair of Nines
Seat 5: whu1688 (button) (small blind) showed [Qc 7d] and won ($47.50) with two pair, Queens and Nines


PokerStars Hand #169153783913:  Hold'em Limit ($3/$6 USD) - 2017/04/17 1:36:02 ET
Table 'Philoctetes' 6-max Seat #5 is the button
Seat 5: whu1688 ($271.34 in chips)
Seat 6: pdsnr ($142.40 in chips)
whu1688: posts small blind $1
pdsnr: posts big blind $3
*** HOLE CARDS ***
whu1688: raises $3 to $6
gb2132 joins the table at seat #3
pdsnr: raises $3 to $9
whu1688: calls $3
*** FLOP *** [8s 4s 8c]
pdsnr: bets $3
whu1688: calls $3
*** TURN *** [8s 4s 8c] [Qd]
pdsnr: checks
whu1688: bets $6
Agrotait joins the table at seat #4
pdsnr: raises $6 to $12
whu1688: calls $6
*** RIVER *** [8s 4s 8c Qd] [As]
pdsnr: checks
whu1688: bets $6
pdsnr: raises $6 to $12
whu1688: folds
Uncalled bet ($6) returned to pdsnr
pdsnr collected $59.50 from pot
*** SUMMARY ***
Total pot $60 | Rake $0.50
Board [8s 4s 8c Qd As]
Seat 5: whu1688 (button) (small blind) folded on the River
Seat 6: pdsnr (big blind) collected ($59.50)


PokerStars Hand #169153846631:  Hold'em Limit ($3/$6 USD) - 2017/04/17 1:40:04 ET
Table 'Philoctetes' 6-max Seat #4 is the button
Seat 3: gb2132 ($72.85 in chips)
Seat 4: Agrotait ($76 in chips)
Agrotait: posts small blind $1
gb2132: posts big blind $3
*** HOLE CARDS ***
Agrotait: raises $3 to $6
gb2132: folds
Uncalled bet ($3) returned to Agrotait
Agrotait collected $6 from pot
Agrotait: doesn't show hand
*** SUMMARY ***
Total pot $6 | Rake $0
Seat 3: gb2132 (big blind) folded before Flop
Seat 4: Agrotait (button) (small blind) collected ($6)


PokerStars Hand #169153845403:  Hold'em Limit ($3/$6 USD) - 2017/04/17 1:40:00 ET
Table 'Philoctetes' 6-max Seat #3 is the button
Seat 3: gb2132 ($73.85 in chips)
Seat 4: Agrotait ($75 in chips)
gb2132: posts small blind $1
Agrotait: posts big blind $3
*** HOLE CARDS ***
gb2132: folds
Uncalled bet ($2) returned to Agrotait
Agrotait collected $2 from pot
Agrotait: doesn't show hand
*** SUMMARY ***
Total pot $2 | Rake $0
Seat 3: gb2132 (button) (small blind) folded before Flop
Seat 4: Agrotait (big blind) collected ($2)


PokerStars Hand #169153843456:  Hold'em Limit ($3/$6 USD) - 2017/04/17 1:39:52 ET
Table 'Philoctetes' 6-max Seat #4 is the button
Seat 3: gb2132 ($76.85 in chips)
Seat 4: Agrotait ($72 in chips)
Agrotait: posts small blind $1
pdsnr: is sitting out
gb2132: posts big blind $3
*** HOLE CARDS ***
Agrotait: raises $3 to $6
gb2132: folds
Uncalled bet ($3) returned to Agrotait
Agrotait collected $6 from pot
Agrotait: doesn't show hand
pdsnr leaves the table
*** SUMMARY ***
Total pot $6 | Rake $0
Seat 3: gb2132 (big blind) folded before Flop
Seat 4: Agrotait (button) (small blind) collected ($6)


