PokerStars Hand #148039610058:  Hold'em Limit ($3/$6 USD) - 2016/02/01 4:07:21 ET
Table 'Philagoria' 2-max Seat #2 is the button
Seat 1: 7seven779 ($43.80 in chips)
Seat 2: Bastenok ($240 in chips)
Bastenok: posts small blind $1
7seven779: posts big blind $3
*** HOLE CARDS ***
Bastenok: raises $3 to $6
7seven779: raises $3 to $9
Bastenok: calls $3
*** FLOP *** [Qd Ac 3c]
7seven779: bets $3
Bastenok: calls $3
*** TURN *** [Qd Ac 3c] [5d]
7seven779: bets $6
Bastenok: raises $6 to $12
7seven779: raises $6 to $18
Bastenok: calls $6
*** RIVER *** [Qd Ac 3c 5d] [7c]
7seven779: bets $6
Bastenok: calls $6
*** SHOW DOWN ***
7seven779: shows [Ah 4s] (a pair of Aces)
Bastenok: shows [Ad Th] (a pair of Aces - Queen+Ten kicker)
Bastenok collected $71.50 from pot
*** SUMMARY ***
Total pot $72 | Rake $0.50
Board [Qd Ac 3c 5d 7c]
Seat 1: 7seven779 (big blind) showed [Ah 4s] and lost with a pair of Aces
Seat 2: Bastenok (button) (small blind) showed [Ad Th] and won ($71.50) with a pair of Aces


PokerStars Hand #148039621151:  Hold'em Limit ($3/$6 USD) - 2016/02/01 4:07:50 ET
Table 'Philagoria' 2-max Seat #1 is the button
Seat 1: 7seven779 ($7.80 in chips)
Seat 2: Bastenok ($275.50 in chips)
7seven779: posts small blind $1
Bastenok: posts big blind $3
*** HOLE CARDS ***
7seven779: raises $3 to $6
Bastenok: raises $3 to $9
7seven779: calls $1.80 and is all-in
Uncalled bet ($1.20) returned to Bastenok
*** FLOP *** [Kc 5s Td]
*** TURN *** [Kc 5s Td] [Kd]
*** RIVER *** [Kc 5s Td Kd] [3h]
*** SHOW DOWN ***
Bastenok: shows [5d 7h] (two pair, Kings and Fives)
7seven779: mucks hand
Bastenok collected $15.29 from pot
*** SUMMARY ***
Total pot $15.60 | Rake $0.31
Board [Kc 5s Td Kd 3h]
Seat 1: 7seven779 (button) (small blind) mucked
Seat 2: Bastenok (big blind) showed [5d 7h] and won ($15.29) with two pair, Kings and Fives


