PokerStars Hand #163385251298:  Hold'em Limit ($3/$6 USD) - 2016/12/23 6:07:34 ET
Table 'Philia II' 6-max Seat #2 is the button
Seat 1: aremom4e ($120 in chips)
Seat 2: kolaz03 ($72 in chips)
kolaz03: posts small blind $1
TbIP-TbIP 88: is sitting out
TbIP-TbIP 88 leaves the table
aremom4e: posts big blind $3
*** HOLE CARDS ***
kolaz03: raises $3 to $6
aremom4e: raises $3 to $9
kolaz03: calls $3
*** FLOP *** [7d Kd 3s]
aremom4e: bets $3
kolaz03: calls $3
*** TURN *** [7d Kd 3s] [5h]
aremom4e: bets $6
kolaz03: calls $6
*** RIVER *** [7d Kd 3s 5h] [5s]
aremom4e: checks
kolaz03: checks
*** SHOW DOWN ***
aremom4e: shows [Kh Qh] (two pair, Kings and Fives)
kolaz03: mucks hand
aremom4e collected $35.50 from pot
*** SUMMARY ***
Total pot $36 | Rake $0.50
Board [7d Kd 3s 5h 5s]
Seat 1: aremom4e (big blind) showed [Kh Qh] and won ($35.50) with two pair, Kings and Fives
Seat 2: kolaz03 (button) (small blind) mucked


PokerStars Hand #163385297335:  Hold'em Limit ($3/$6 USD) - 2016/12/23 6:09:13 ET
Table 'Philia II' 6-max Seat #1 is the button
Seat 1: aremom4e ($138.64 in chips)
Seat 2: kolaz03 ($95.26 in chips)
aremom4e: posts small blind $1
kolaz03: posts big blind $3
*** HOLE CARDS ***
aremom4e: folds
Uncalled bet ($2) returned to kolaz03
kolaz03 collected $2 from pot
kolaz03: doesn't show hand
*** SUMMARY ***
Total pot $2 | Rake $0
Seat 1: aremom4e (button) (small blind) folded before Flop
Seat 2: kolaz03 (big blind) collected ($2)


PokerStars Hand #163385292910:  Hold'em Limit ($3/$6 USD) - 2016/12/23 6:09:04 ET
Table 'Philia II' 6-max Seat #2 is the button
Seat 1: aremom4e ($144.64 in chips)
Seat 2: kolaz03 ($89.50 in chips)
kolaz03: posts small blind $1
aremom4e: posts big blind $3
*** HOLE CARDS ***
kolaz03: raises $3 to $6
aremom4e: calls $3
*** FLOP *** [Th 4c 3d]
aremom4e: checks
kolaz03: bets $3
aremom4e: folds
Uncalled bet ($3) returned to kolaz03
kolaz03 collected $11.76 from pot
kolaz03: doesn't show hand
*** SUMMARY ***
Total pot $12 | Rake $0.24
Board [Th 4c 3d]
Seat 1: aremom4e (big blind) folded on the Flop
Seat 2: kolaz03 (button) (small blind) collected ($11.76)


PokerStars Hand #163385285975:  Hold'em Limit ($3/$6 USD) - 2016/12/23 6:08:49 ET
Table 'Philia II' 6-max Seat #1 is the button
Seat 1: aremom4e ($162.64 in chips)
Seat 2: kolaz03 ($72 in chips)
aremom4e: posts small blind $1
kolaz03: posts big blind $3
*** HOLE CARDS ***
aremom4e: raises $3 to $6
kolaz03: calls $3
*** FLOP *** [2h 4d 4h]
kolaz03: checks
aremom4e: checks
*** TURN *** [2h 4d 4h] [8d]
kolaz03: bets $6
aremom4e: raises $6 to $12
kolaz03: calls $6
*** RIVER *** [2h 4d 4h 8d] [6d]
kolaz03: checks
aremom4e: checks
*** SHOW DOWN ***
kolaz03: shows [8s Qc] (two pair, Eights and Fours)
aremom4e: mucks hand
kolaz03 collected $35.50 from pot
*** SUMMARY ***
Total pot $36 | Rake $0.50
Board [2h 4d 4h 8d 6d]
Seat 1: aremom4e (button) (small blind) mucked
Seat 2: kolaz03 (big blind) showed [8s Qc] and won ($35.50) with two pair, Eights and Fours


PokerStars Hand #163385280299:  Hold'em Limit ($3/$6 USD) - 2016/12/23 6:08:37 ET
Table 'Philia II' 6-max Seat #2 is the button
Seat 1: aremom4e ($154 in chips)
Seat 2: kolaz03 ($72 in chips)
kolaz03: posts small blind $1
aremom4e: posts big blind $3
*** HOLE CARDS ***
kolaz03: raises $3 to $6
aremom4e: calls $3
*** FLOP *** [7c 4d 8d]
aremom4e: checks
kolaz03: bets $3
aremom4e: raises $3 to $6
kolaz03: folds
Uncalled bet ($3) returned to aremom4e
aremom4e collected $17.64 from pot
aremom4e: doesn't show hand
*** SUMMARY ***
Total pot $18 | Rake $0.36
Board [7c 4d 8d]
Seat 1: aremom4e (big blind) collected ($17.64)
Seat 2: kolaz03 (button) (small blind) folded on the Flop


PokerStars Hand #163385277502:  Hold'em Limit ($3/$6 USD) - 2016/12/23 6:08:30 ET
Table 'Philia II' 6-max Seat #1 is the button
Seat 1: aremom4e ($151 in chips)
Seat 2: kolaz03 ($72 in chips)
aremom4e: posts small blind $1
kolaz03: posts big blind $3
*** HOLE CARDS ***
aremom4e: raises $3 to $6
kolaz03: folds
Uncalled bet ($3) returned to aremom4e
aremom4e collected $6 from pot
aremom4e: doesn't show hand
*** SUMMARY ***
Total pot $6 | Rake $0
Seat 1: aremom4e (button) (small blind) collected ($6)
Seat 2: kolaz03 (big blind) folded before Flop


PokerStars Hand #163385271174:  Hold'em Limit ($3/$6 USD) - 2016/12/23 6:08:17 ET
Table 'Philia II' 6-max Seat #2 is the button
Seat 1: aremom4e ($136.50 in chips)
Seat 2: kolaz03 ($73 in chips)
kolaz03: posts small blind $1
aremom4e: posts big blind $3
*** HOLE CARDS ***
kolaz03: raises $3 to $6
aremom4e: calls $3
*** FLOP *** [8s 6c Kh]
aremom4e: checks
kolaz03: bets $3
aremom4e: calls $3
*** TURN *** [8s 6c Kh] [6s]
aremom4e: checks
kolaz03: checks
*** RIVER *** [8s 6c Kh 6s] [Kd]
aremom4e: bets $6
kolaz03: calls $6
*** SHOW DOWN ***
aremom4e: shows [6h 4h] (a full house, Sixes full of Kings)
kolaz03: mucks hand
aremom4e collected $29.50 from pot
*** SUMMARY ***
Total pot $30 | Rake $0.50
Board [8s 6c Kh 6s Kd]
Seat 1: aremom4e (big blind) showed [6h 4h] and won ($29.50) with a full house, Sixes full of Kings
Seat 2: kolaz03 (button) (small blind) mucked


PokerStars Hand #163385267606:  Hold'em Limit ($3/$6 USD) - 2016/12/23 6:08:09 ET
Table 'Philia II' 6-max Seat #1 is the button
Seat 1: aremom4e ($137.50 in chips)
Seat 2: kolaz03 ($72 in chips)
aremom4e: posts small blind $1
kolaz03: posts big blind $3
*** HOLE CARDS ***
aremom4e: folds
Uncalled bet ($2) returned to kolaz03
kolaz03 collected $2 from pot
kolaz03: doesn't show hand
*** SUMMARY ***
Total pot $2 | Rake $0
Seat 1: aremom4e (button) (small blind) folded before Flop
Seat 2: kolaz03 (big blind) collected ($2)


PokerStars Hand #163385304429:  Hold'em Limit ($3/$6 USD) - 2016/12/23 6:09:29 ET
Table 'Philia II' 6-max Seat #1 is the button
Seat 1: aremom4e ($131.64 in chips)
Seat 2: kolaz03 ($102.02 in chips)
aremom4e: posts small blind $1
kolaz03: posts big blind $3
*** HOLE CARDS ***
aremom4e: raises $3 to $6
kolaz03: calls $3
*** FLOP *** [3s 6h 2c]
kolaz03: checks
aremom4e: checks
*** TURN *** [3s 6h 2c] [9h]
kolaz03: checks
aremom4e: bets $6
kolaz03: calls $6
*** RIVER *** [3s 6h 2c 9h] [Jc]
kolaz03: checks
aremom4e: checks
*** SHOW DOWN ***
kolaz03: shows [Qd 5s] (high card Queen)
aremom4e: shows [Qs 8h] (high card Queen - Jack+Nine+Eight kicker)
aremom4e collected $23.52 from pot
*** SUMMARY ***
Total pot $24 | Rake $0.48
Board [3s 6h 2c 9h Jc]
Seat 1: aremom4e (button) (small blind) showed [Qs 8h] and won ($23.52) with high card Queen
Seat 2: kolaz03 (big blind) showed [Qd 5s] and lost with high card Queen


PokerStars Hand #163385299844:  Hold'em Limit ($3/$6 USD) - 2016/12/23 6:09:19 ET
Table 'Philia II' 6-max Seat #2 is the button
Seat 1: aremom4e ($137.64 in chips)
Seat 2: kolaz03 ($96.26 in chips)
kolaz03: posts small blind $1
Ale4o joins the table at seat #3
aremom4e: posts big blind $3
*** HOLE CARDS ***
kolaz03: raises $3 to $6
aremom4e: calls $3
*** FLOP *** [8h 8d 4c]
aremom4e: checks
kolaz03: bets $3
aremom4e: folds
Uncalled bet ($3) returned to kolaz03
kolaz03 collected $11.76 from pot
kolaz03: doesn't show hand
*** SUMMARY ***
Total pot $12 | Rake $0.24
Board [8h 8d 4c]
Seat 1: aremom4e (big blind) folded on the Flop
Seat 2: kolaz03 (button) (small blind) collected ($11.76)


