PokerStars Hand #164402250988:  Hold'em Limit ($3/$6 USD) - 2017/01/11 10:36:33 ET
Table 'Philippina II' 6-max Seat #2 is the button
Seat 2: Lackys07 ($87.11 in chips)
Seat 5: BelSv ($117.54 in chips)
Lackys07: posts small blind $1
BelSv: posts big blind $3
*** HOLE CARDS ***
Lackys07: folds
Uncalled bet ($2) returned to BelSv
BelSv collected $2 from pot
BelSv: doesn't show hand
*** SUMMARY ***
Total pot $2 | Rake $0
Seat 2: Lackys07 (button) (small blind) folded before Flop
Seat 5: BelSv (big blind) collected ($2)


PokerStars Hand #164402231274:  Hold'em Limit ($3/$6 USD) - 2017/01/11 10:36:06 ET
Table 'Philippina II' 6-max Seat #5 is the button
Seat 2: Lackys07 ($66.61 in chips)
Seat 5: BelSv ($138.54 in chips)
BelSv: posts small blind $1
Ale4o: is sitting out
Lackys07: posts big blind $3
*** HOLE CARDS ***
BelSv: raises $3 to $6
Lackys07: calls $3
*** FLOP *** [9s 2s 2h]
Lackys07: checks
BelSv: bets $3
Lackys07: calls $3
*** TURN *** [9s 2s 2h] [7c]
Lackys07: checks
BelSv: bets $6
Lackys07: calls $6
*** RIVER *** [9s 2s 2h 7c] [5d]
Lackys07: checks
BelSv: bets $6
Lackys07: calls $6
*** SHOW DOWN ***
BelSv: shows [Tc 3c] (a pair of Deuces)
Lackys07: shows [Ad Ts] (a pair of Deuces - Ace kicker)
Lackys07 collected $41.50 from pot
*** SUMMARY ***
Total pot $42 | Rake $0.50
Board [9s 2s 2h 7c 5d]
Seat 2: Lackys07 (big blind) showed [Ad Ts] and won ($41.50) with a pair of Deuces
Seat 5: BelSv (button) (small blind) showed [Tc 3c] and lost with a pair of Deuces


