PokerStars Hand #150476377236:  Hold'em Limit ($3/$6 USD) - 2016/03/17 1:23:03 ET
Table 'Phobos II' 10-max Seat #3 is the button
Seat 3: TinaTurner72 ($121 in chips)
Seat 6: pokerborge51 ($119 in chips)
TinaTurner72: posts small blind $1
pokerborge51: posts big blind $3
*** HOLE CARDS ***
TinaTurner72: raises $3 to $6
pokerborge51: calls $3
*** FLOP *** [5h 3h 9d]
pokerborge51: checks
TinaTurner72: bets $3
pokerborge51: calls $3
*** TURN *** [5h 3h 9d] [Kc]
pokerborge51: checks
TinaTurner72: bets $6
pokerborge51: folds
Uncalled bet ($6) returned to TinaTurner72
TinaTurner72 collected $17.64 from pot
TinaTurner72: doesn't show hand
*** SUMMARY ***
Total pot $18 | Rake $0.36
Board [5h 3h 9d Kc]
Seat 3: TinaTurner72 (button) (small blind) collected ($17.64)
Seat 6: pokerborge51 (big blind) folded on the Turn


PokerStars Hand #150476375794:  Hold'em Limit ($3/$6 USD) - 2016/03/17 1:22:57 ET
Table 'Phobos II' 10-max Seat #6 is the button
Seat 3: TinaTurner72 ($120 in chips)
Seat 6: pokerborge51 ($120 in chips)
pokerborge51: posts small blind $1
TinaTurner72: posts big blind $3
*** HOLE CARDS ***
pokerborge51: folds
Uncalled bet ($2) returned to TinaTurner72
TinaTurner72 collected $2 from pot
TinaTurner72: doesn't show hand
*** SUMMARY ***
Total pot $2 | Rake $0
Seat 3: TinaTurner72 (big blind) collected ($2)
Seat 6: pokerborge51 (button) (small blind) folded before Flop


PokerStars Hand #150476382561:  Hold'em Limit ($3/$6 USD) - 2016/03/17 1:23:24 ET
Table 'Phobos II' 10-max Seat #6 is the button
Seat 3: TinaTurner72 ($129.64 in chips)
Seat 6: pokerborge51 ($110 in chips)
pokerborge51: posts small blind $1
TinaTurner72: posts big blind $3
*** HOLE CARDS ***
pokerborge51: raises $3 to $6
TinaTurner72: folds
Uncalled bet ($3) returned to pokerborge51
pokerborge51 collected $6 from pot
pokerborge51: doesn't show hand
*** SUMMARY ***
Total pot $6 | Rake $0
Seat 3: TinaTurner72 (big blind) folded before Flop
Seat 6: pokerborge51 (button) (small blind) collected ($6)


PokerStars Hand #150485408125:  Hold'em Limit ($3/$6 USD) - 2016/03/17 8:27:33 ET
Table 'Phobos II' 10-max Seat #2 is the button
Seat 2: nashmed99 ($333.14 in chips)
Seat 6: Agrotait ($72 in chips)
nashmed99: posts small blind $1
Agrotait: posts big blind $3
*** HOLE CARDS ***
belik555 joins the table at seat #3
nashmed99: raises $3 to $6
Agrotait: calls $3
*** FLOP *** [Ts 5h Ac]
Agrotait: checks
nashmed99: bets $3
Agrotait: calls $3
*** TURN *** [Ts 5h Ac] [4c]
Agrotait: checks
nashmed99: bets $6
Agrotait: folds
Uncalled bet ($6) returned to nashmed99
nashmed99 collected $17.64 from pot
nashmed99: doesn't show hand
*** SUMMARY ***
Total pot $18 | Rake $0.36
Board [Ts 5h Ac 4c]
Seat 2: nashmed99 (button) (small blind) collected ($17.64)
Seat 6: Agrotait (big blind) folded on the Turn


PokerStars Hand #150485426842:  Hold'em Limit ($3/$6 USD) - 2016/03/17 8:28:10 ET
Table 'Phobos II' 10-max Seat #6 is the button
Seat 2: nashmed99 ($341.78 in chips)
Seat 6: Agrotait ($63 in chips)
Agrotait: posts small blind $1
nashmed99: posts big blind $3
*** HOLE CARDS ***
Agrotait: raises $3 to $6
nashmed99: folds
Uncalled bet ($3) returned to Agrotait
Agrotait collected $6 from pot
Agrotait: doesn't show hand
*** SUMMARY ***
Total pot $6 | Rake $0
Seat 2: nashmed99 (big blind) folded before Flop
Seat 6: Agrotait (button) (small blind) collected ($6)


PokerStars Hand #150485511063:  Hold'em Limit ($3/$6 USD) - 2016/03/17 8:30:52 ET
Table 'Phobos II' 10-max Seat #6 is the button
Seat 3: belik555 ($104.39 in chips)
Seat 6: Agrotait ($73 in chips)
SmellyToes4u will be allowed to play after the button
Agrotait: posts small blind $1
belik555: posts big blind $3
*** HOLE CARDS ***
Agrotait: raises $3 to $6
belik555: calls $3
*** FLOP *** [As Qc 3s]
belik555: checks
Agrotait: bets $3
nashmed99 leaves the table
belik555: raises $3 to $6
Agrotait: folds
Uncalled bet ($3) returned to belik555
belik555 collected $17.64 from pot
belik555: doesn't show hand
*** SUMMARY ***
Total pot $18 | Rake $0.36
Board [As Qc 3s]
Seat 3: belik555 (big blind) collected ($17.64)
Seat 6: Agrotait (button) (small blind) folded on the Flop


