PokerStars Hand #154405337839:  Hold'em Limit ($3/$6 USD) - 2016/06/07 4:43:01 ET
Table 'Phobos' 6-max Seat #3 is the button
Seat 3: Raafaaelll ($60 in chips)
Seat 4: VolkovDmitri ($120 in chips)
Raafaaelll: posts small blind $1
VolkovDmitri: posts big blind $3
*** HOLE CARDS ***
GoliafUa joins the table at seat #5
Raafaaelll: calls $2
VolkovDmitri: raises $3 to $6
Raafaaelll: calls $3
*** FLOP *** [Kd Ac 6h]
VolkovDmitri: bets $3
Raafaaelll: folds
Uncalled bet ($3) returned to VolkovDmitri
VolkovDmitri collected $11.76 from pot
VolkovDmitri: doesn't show hand
*** SUMMARY ***
Total pot $12 | Rake $0.24
Board [Kd Ac 6h]
Seat 3: Raafaaelll (button) (small blind) folded on the Flop
Seat 4: VolkovDmitri (big blind) collected ($11.76)


PokerStars Hand #154405353752:  Hold'em Limit ($3/$6 USD) - 2016/06/07 4:43:48 ET
Table 'Phobos' 6-max Seat #3 is the button
Seat 3: Raafaaelll ($62.64 in chips)
Seat 4: VolkovDmitri ($120 in chips)
Raafaaelll: posts small blind $1
VolkovDmitri: posts big blind $3
*** HOLE CARDS ***
Raafaaelll: calls $2
VolkovDmitri: raises $3 to $6
Raafaaelll: calls $3
*** FLOP *** [6c 7h 2h]
VolkovDmitri: bets $3
Raafaaelll: folds
Uncalled bet ($3) returned to VolkovDmitri
VolkovDmitri collected $11.76 from pot
VolkovDmitri: doesn't show hand
*** SUMMARY ***
Total pot $12 | Rake $0.24
Board [6c 7h 2h]
Seat 3: Raafaaelll (button) (small blind) folded on the Flop
Seat 4: VolkovDmitri (big blind) collected ($11.76)


PokerStars Hand #154405342651:  Hold'em Limit ($3/$6 USD) - 2016/06/07 4:43:15 ET
Table 'Phobos' 6-max Seat #4 is the button
Seat 3: Raafaaelll ($54 in chips)
Seat 4: VolkovDmitri ($125.76 in chips)
VolkovDmitri: posts small blind $1
Raafaaelll: posts big blind $3
*** HOLE CARDS ***
VolkovDmitri: raises $3 to $6
Raafaaelll: calls $3
*** FLOP *** [3c 7h 8c]
Raafaaelll: checks
VolkovDmitri: bets $3
Raafaaelll: calls $3
*** TURN *** [3c 7h 8c] [Td]
Raafaaelll: checks
VolkovDmitri: checks
*** RIVER *** [3c 7h 8c Td] [7c]
Raafaaelll: checks
VolkovDmitri: checks
*** SHOW DOWN ***
Raafaaelll: shows [6c As] (a pair of Sevens)
VolkovDmitri: mucks hand
Raafaaelll collected $17.64 from pot
*** SUMMARY ***
Total pot $18 | Rake $0.36
Board [3c 7h 8c Td 7c]
Seat 3: Raafaaelll (big blind) showed [6c As] and won ($17.64) with a pair of Sevens
Seat 4: VolkovDmitri (button) (small blind) mucked


PokerStars Hand #154405358590:  Hold'em Limit ($3/$6 USD) - 2016/06/07 4:44:02 ET
Table 'Phobos' 6-max Seat #4 is the button
Seat 3: Raafaaelll ($56.64 in chips)
Seat 4: VolkovDmitri ($125.76 in chips)
VolkovDmitri: posts small blind $1
Raafaaelll: posts big blind $3
*** HOLE CARDS ***
VolkovDmitri: raises $3 to $6
Raafaaelll: raises $3 to $9
VolkovDmitri: calls $3
*** FLOP *** [3s Ah 3c]
Raafaaelll: bets $3
VolkovDmitri: calls $3
*** TURN *** [3s Ah 3c] [4d]
Raafaaelll: bets $6
VolkovDmitri: folds
Uncalled bet ($6) returned to Raafaaelll
Raafaaelll collected $23.52 from pot
*** SUMMARY ***
Total pot $24 | Rake $0.48
Board [3s Ah 3c 4d]
Seat 3: Raafaaelll (big blind) collected ($23.52)
Seat 4: VolkovDmitri (button) (small blind) folded on the Turn


PokerStars Hand #154405365561:  Hold'em Limit ($3/$6 USD) - 2016/06/07 4:44:23 ET
Table 'Phobos' 6-max Seat #3 is the button
Seat 3: Raafaaelll ($68.16 in chips)
Seat 4: VolkovDmitri ($120 in chips)
Raafaaelll: posts small blind $1
VolkovDmitri: posts big blind $3
*** HOLE CARDS ***
Raafaaelll: calls $2
VolkovDmitri: checks
*** FLOP *** [8s As 9d]
VolkovDmitri: checks
Raafaaelll: checks
*** TURN *** [8s As 9d] [5s]
VolkovDmitri: checks
Raafaaelll: checks
*** RIVER *** [8s As 9d 5s] [Tc]
VolkovDmitri: checks
Raafaaelll: checks
*** SHOW DOWN ***
VolkovDmitri: shows [2c Qd] (high card Ace)
Raafaaelll: mucks hand
VolkovDmitri collected $5.88 from pot
Raafaaelll leaves the table
*** SUMMARY ***
Total pot $6 | Rake $0.12
Board [8s As 9d 5s Tc]
Seat 3: Raafaaelll (button) (small blind) mucked
Seat 4: VolkovDmitri (big blind) showed [2c Qd] and won ($5.88) with high card Ace


