PokerStars Hand #149382734978:  Hold'em Limit ($3/$6 USD) - 2016/02/25 6:29:38 ET
Table 'Phobos' 6-max Seat #5 is the button
Seat 3: Andredias950 ($33.36 in chips)
Seat 5: B_loJkl ($147 in chips)
B_loJkl: posts small blind $1
Andredias950: posts big blind $3
*** HOLE CARDS ***
B_loJkl: raises $3 to $6
Andredias950: calls $3
*** FLOP *** [Qs Tc 7s]
Andredias950: checks
B_loJkl: bets $3
Andredias950: calls $3
*** TURN *** [Qs Tc 7s] [5s]
Andredias950: checks
B_loJkl: checks
*** RIVER *** [Qs Tc 7s 5s] [8d]
Andredias950: bets $6
B_loJkl: calls $6
*** SHOW DOWN ***
Andredias950: shows [Kh 7c] (a pair of Sevens)
B_loJkl: mucks hand
Andredias950 collected $29.50 from pot
*** SUMMARY ***
Total pot $30 | Rake $0.50
Board [Qs Tc 7s 5s 8d]
Seat 3: Andredias950 (big blind) showed [Kh 7c] and won ($29.50) with a pair of Sevens
Seat 5: B_loJkl (button) (small blind) mucked


PokerStars Hand #149382732744:  Hold'em Limit ($3/$6 USD) - 2016/02/25 6:29:33 ET
Table 'Phobos' 6-max Seat #3 is the button
Seat 3: Andredias950 ($34.36 in chips)
Seat 5: B_loJkl ($146 in chips)
Andredias950: posts small blind $1
B_loJkl: posts big blind $3
*** HOLE CARDS ***
Andredias950: folds
Uncalled bet ($2) returned to B_loJkl
B_loJkl collected $2 from pot
B_loJkl: doesn't show hand
*** SUMMARY ***
Total pot $2 | Rake $0
Seat 3: Andredias950 (button) (small blind) folded before Flop
Seat 5: B_loJkl (big blind) collected ($2)


PokerStars Hand #149382730145:  Hold'em Limit ($3/$6 USD) - 2016/02/25 6:29:28 ET
Table 'Phobos' 6-max Seat #5 is the button
Seat 3: Andredias950 ($33.36 in chips)
Seat 5: B_loJkl ($147 in chips)
B_loJkl: posts small blind $1
Andredias950: posts big blind $3
*** HOLE CARDS ***
B_loJkl: folds
Uncalled bet ($2) returned to Andredias950
Andredias950 collected $2 from pot
Andredias950: doesn't show hand
*** SUMMARY ***
Total pot $2 | Rake $0
Seat 3: Andredias950 (big blind) collected ($2)
Seat 5: B_loJkl (button) (small blind) folded before Flop


PokerStars Hand #149382721405:  Hold'em Limit ($3/$6 USD) - 2016/02/25 6:29:10 ET
Table 'Phobos' 6-max Seat #3 is the button
Seat 3: Andredias950 ($30.48 in chips)
Seat 5: B_loJkl ($150 in chips)
Andredias950: posts small blind $1
B_loJkl: posts big blind $3
*** HOLE CARDS ***
Andredias950: calls $2
B_loJkl: checks
*** FLOP *** [8s 9h Ad]
TbIP-TbIP 88 leaves the table
B_loJkl: checks
Andredias950: checks
*** TURN *** [8s 9h Ad] [Kc]
B_loJkl: checks
Andredias950: bets $6
B_loJkl: folds
Uncalled bet ($6) returned to Andredias950
Andredias950 collected $5.88 from pot
Andredias950: doesn't show hand
*** SUMMARY ***
Total pot $6 | Rake $0.12
Board [8s 9h Ad Kc]
Seat 3: Andredias950 (button) (small blind) collected ($5.88)
Seat 5: B_loJkl (big blind) folded on the Turn


PokerStars Hand #149382762153:  Hold'em Limit ($3/$6 USD) - 2016/02/25 6:30:31 ET
Table 'Phobos' 6-max Seat #3 is the button
Seat 3: Andredias950 ($39.86 in chips)
Seat 5: B_loJkl ($139.64 in chips)
Andredias950: posts small blind $1
B_loJkl: posts big blind $3
*** HOLE CARDS ***
Andredias950: raises $3 to $6
B_loJkl: calls $3
*** FLOP *** [Js Jh 7d]
B_loJkl: checks
Andredias950: checks
*** TURN *** [Js Jh 7d] [6s]
B_loJkl: checks
Andredias950: bets $6
B_loJkl: folds
Uncalled bet ($6) returned to Andredias950
Andredias950 collected $11.76 from pot
Andredias950: doesn't show hand
*** SUMMARY ***
Total pot $12 | Rake $0.24
Board [Js Jh 7d 6s]
Seat 3: Andredias950 (button) (small blind) collected ($11.76)
Seat 5: B_loJkl (big blind) folded on the Turn


PokerStars Hand #149382759555:  Hold'em Limit ($3/$6 USD) - 2016/02/25 6:30:25 ET
Table 'Phobos' 6-max Seat #5 is the button
Seat 3: Andredias950 ($42.86 in chips)
Seat 5: B_loJkl ($136.64 in chips)
B_loJkl: posts small blind $1
Andredias950: posts big blind $3
*** HOLE CARDS ***
B_loJkl: raises $3 to $6
Andredias950: folds
Uncalled bet ($3) returned to B_loJkl
B_loJkl collected $6 from pot
B_loJkl: doesn't show hand
*** SUMMARY ***
Total pot $6 | Rake $0
Seat 3: Andredias950 (big blind) folded before Flop
Seat 5: B_loJkl (button) (small blind) collected ($6)


PokerStars Hand #149382755443:  Hold'em Limit ($3/$6 USD) - 2016/02/25 6:30:17 ET
Table 'Phobos' 6-max Seat #3 is the button
Seat 3: Andredias950 ($39.86 in chips)
Seat 5: B_loJkl ($139.64 in chips)
Andredias950: posts small blind $1
B_loJkl: posts big blind $3
*** HOLE CARDS ***
Andredias950: raises $3 to $6
B_loJkl: folds
Uncalled bet ($3) returned to Andredias950
Andredias950 collected $6 from pot
Andredias950: doesn't show hand
*** SUMMARY ***
Total pot $6 | Rake $0
Seat 3: Andredias950 (button) (small blind) collected ($6)
Seat 5: B_loJkl (big blind) folded before Flop


PokerStars Hand #149382753016:  Hold'em Limit ($3/$6 USD) - 2016/02/25 6:30:12 ET
Table 'Phobos' 6-max Seat #5 is the button
Seat 3: Andredias950 ($38.86 in chips)
Seat 5: B_loJkl ($140.64 in chips)
B_loJkl: posts small blind $1
Andredias950: posts big blind $3
*** HOLE CARDS ***
B_loJkl: folds
Uncalled bet ($2) returned to Andredias950
Andredias950 collected $2 from pot
Andredias950: doesn't show hand
*** SUMMARY ***
Total pot $2 | Rake $0
Seat 3: Andredias950 (big blind) collected ($2)
Seat 5: B_loJkl (button) (small blind) folded before Flop


PokerStars Hand #149382745697:  Hold'em Limit ($3/$6 USD) - 2016/02/25 6:29:59 ET
Table 'Phobos' 6-max Seat #3 is the button
Seat 3: Andredias950 ($47.86 in chips)
Seat 5: B_loJkl ($132 in chips)
Andredias950: posts small blind $1
B_loJkl: posts big blind $3
*** HOLE CARDS ***
Andredias950: raises $3 to $6
B_loJkl: calls $3
*** FLOP *** [8s 7s Qc]
B_loJkl: checks
Andredias950: bets $3
B_loJkl: calls $3
*** TURN *** [8s 7s Qc] [Kc]
B_loJkl: checks
Andredias950: checks
*** RIVER *** [8s 7s Qc Kc] [4d]
B_loJkl: checks
Andredias950: checks
*** SHOW DOWN ***
B_loJkl: shows [5s Js] (high card King)
Andredias950: mucks hand
B_loJkl collected $17.64 from pot
*** SUMMARY ***
Total pot $18 | Rake $0.36
Board [8s 7s Qc Kc 4d]
Seat 3: Andredias950 (button) (small blind) mucked
Seat 5: B_loJkl (big blind) showed [5s Js] and won ($17.64) with high card King


PokerStars Hand #149382794652:  Hold'em Limit ($3/$6 USD) - 2016/02/25 6:31:35 ET
Table 'Phobos' 6-max Seat #5 is the button
Seat 3: Andredias950 ($15.62 in chips)
Seat 5: B_loJkl ($162.90 in chips)
B_loJkl: posts small blind $1
Andredias950: posts big blind $3
*** HOLE CARDS ***
B_loJkl: raises $3 to $6
Andredias950: calls $3
*** FLOP *** [7h Kd 6c]
Andredias950: bets $3
B_loJkl: calls $3
*** TURN *** [7h Kd 6c] [Ad]
Andredias950: bets $6
B_loJkl: calls $6
*** RIVER *** [7h Kd 6c Ad] [Ks]
Andredias950: bets $0.62 and is all-in
B_loJkl: calls $0.62
*** SHOW DOWN ***
Andredias950: shows [Jd 6d] (two pair, Kings and Sixes)
B_loJkl: shows [Ac 2c] (two pair, Aces and Kings)
B_loJkl collected $30.74 from pot
*** SUMMARY ***
Total pot $31.24 | Rake $0.50
Board [7h Kd 6c Ad Ks]
Seat 3: Andredias950 (big blind) showed [Jd 6d] and lost with two pair, Kings and Sixes
Seat 5: B_loJkl (button) (small blind) showed [Ac 2c] and won ($30.74) with two pair, Aces and Kings


PokerStars Hand #149382782586:  Hold'em Limit ($3/$6 USD) - 2016/02/25 6:31:11 ET
Table 'Phobos' 6-max Seat #3 is the button
Seat 3: Andredias950 ($39.62 in chips)
Seat 5: B_loJkl ($139.40 in chips)
Andredias950: posts small blind $1
B_loJkl: posts big blind $3
*** HOLE CARDS ***
Andredias950: raises $3 to $6
B_loJkl: raises $3 to $9
Andredias950: calls $3
*** FLOP *** [8h 3c 8d]
B_loJkl: bets $3
Andredias950: calls $3
*** TURN *** [8h 3c 8d] [4s]
B_loJkl: bets $6
Andredias950: calls $6
*** RIVER *** [8h 3c 8d 4s] [4c]
B_loJkl: bets $6
Andredias950: calls $6
*** SHOW DOWN ***
B_loJkl: shows [As Qs] (two pair, Eights and Fours)
Andredias950: mucks hand
B_loJkl collected $47.50 from pot
*** SUMMARY ***
Total pot $48 | Rake $0.50
Board [8h 3c 8d 4s 4c]
Seat 3: Andredias950 (button) (small blind) mucked
Seat 5: B_loJkl (big blind) showed [As Qs] and won ($47.50) with two pair, Eights and Fours


PokerStars Hand #149382777422:  Hold'em Limit ($3/$6 USD) - 2016/02/25 6:31:01 ET
Table 'Phobos' 6-max Seat #5 is the button
Seat 3: Andredias950 ($45.62 in chips)
Seat 5: B_loJkl ($133.64 in chips)
B_loJkl: posts small blind $1
Andredias950: posts big blind $3
*** HOLE CARDS ***
B_loJkl: raises $3 to $6
Andredias950: calls $3
*** FLOP *** [Ac 5s 6c]
Andredias950: checks
B_loJkl: bets $3
Andredias950: folds
Uncalled bet ($3) returned to B_loJkl
B_loJkl collected $11.76 from pot
B_loJkl: doesn't show hand
*** SUMMARY ***
Total pot $12 | Rake $0.24
Board [Ac 5s 6c]
Seat 3: Andredias950 (big blind) folded on the Flop
Seat 5: B_loJkl (button) (small blind) collected ($11.76)


