PokerStars Hand #147410791623:  Hold'em Limit ($3/$6 USD) - 2016/01/21 5:09:42 ET
Table 'Phobos II' 6-max Seat #3 is the button
Seat 3: rttattar ($72 in chips)
Seat 4: TbIP-TbIP 88 ($72 in chips)
rttattar: posts small blind $1
TbIP-TbIP 88: posts big blind $3
*** HOLE CARDS ***
rttattar: raises $3 to $6
TbIP-TbIP 88: calls $3
*** FLOP *** [9d 9s 2h]
TbIP-TbIP 88: checks
rttattar: checks
*** TURN *** [9d 9s 2h] [Ks]
TbIP-TbIP 88: bets $6
rttattar: calls $6
*** RIVER *** [9d 9s 2h Ks] [7h]
TbIP-TbIP 88: bets $6
rttattar: calls $6
*** SHOW DOWN ***
TbIP-TbIP 88: shows [3c 8c] (a pair of Nines)
rttattar: shows [Kh 8d] (two pair, Kings and Nines)
rttattar collected $35.50 from pot
*** SUMMARY ***
Total pot $36 | Rake $0.50
Board [9d 9s 2h Ks 7h]
Seat 3: rttattar (button) (small blind) showed [Kh 8d] and won ($35.50) with two pair, Kings and Nines
Seat 4: TbIP-TbIP 88 (big blind) showed [3c 8c] and lost with a pair of Nines


PokerStars Hand #147410829243:  Hold'em Limit ($3/$6 USD) - 2016/01/21 5:11:01 ET
Table 'Phobos II' 6-max Seat #3 is the button
Seat 3: rttattar ($110 in chips)
Seat 4: TbIP-TbIP 88 ($72 in chips)
rttattar: posts small blind $1
TbIP-TbIP 88: posts big blind $3
*** HOLE CARDS ***
rttattar: folds
Uncalled bet ($2) returned to TbIP-TbIP 88
TbIP-TbIP 88 collected $2 from pot
TbIP-TbIP 88: doesn't show hand
*** SUMMARY ***
Total pot $2 | Rake $0
Seat 3: rttattar (button) (small blind) folded before Flop
Seat 4: TbIP-TbIP 88 (big blind) collected ($2)


PokerStars Hand #147410808062:  Hold'em Limit ($3/$6 USD) - 2016/01/21 5:10:17 ET
Table 'Phobos II' 6-max Seat #4 is the button
Seat 3: rttattar ($89.50 in chips)
Seat 4: TbIP-TbIP 88 ($72 in chips)
TbIP-TbIP 88: posts small blind $1
rttattar: posts big blind $3
*** HOLE CARDS ***
TbIP-TbIP 88: raises $3 to $6
rttattar: calls $3
*** FLOP *** [Ts 4h 3s]
rttattar: bets $3
TbIP-TbIP 88: calls $3
*** TURN *** [Ts 4h 3s] [8h]
rttattar: bets $6
TbIP-TbIP 88: calls $6
*** RIVER *** [Ts 4h 3s 8h] [Qs]
rttattar: bets $6
TbIP-TbIP 88: calls $6
*** SHOW DOWN ***
rttattar: shows [5s As] (a flush, Ace high)
TbIP-TbIP 88: mucks hand
rttattar collected $41.50 from pot
*** SUMMARY ***
Total pot $42 | Rake $0.50
Board [Ts 4h 3s 8h Qs]
Seat 3: rttattar (big blind) showed [5s As] and won ($41.50) with a flush, Ace high
Seat 4: TbIP-TbIP 88 (button) (small blind) mucked


PokerStars Hand #147410856720:  Hold'em Limit ($3/$6 USD) - 2016/01/21 5:11:59 ET
Table 'Phobos II' 6-max Seat #3 is the button
Seat 3: rttattar ($88 in chips)
Seat 4: TbIP-TbIP 88 ($93.28 in chips)
rttattar: posts small blind $1
TbIP-TbIP 88: posts big blind $3
*** HOLE CARDS ***
rttattar: folds
Uncalled bet ($2) returned to TbIP-TbIP 88
TbIP-TbIP 88 collected $2 from pot
TbIP-TbIP 88: doesn't show hand
*** SUMMARY ***
Total pot $2 | Rake $0
Seat 3: rttattar (button) (small blind) folded before Flop
Seat 4: TbIP-TbIP 88 (big blind) collected ($2)


PokerStars Hand #147410852611:  Hold'em Limit ($3/$6 USD) - 2016/01/21 5:11:50 ET
Table 'Phobos II' 6-max Seat #4 is the button
Seat 3: rttattar ($91 in chips)
Seat 4: TbIP-TbIP 88 ($90.28 in chips)
TbIP-TbIP 88: posts small blind $1
ME HAPPYBEE joins the table at seat #5
rttattar: posts big blind $3
*** HOLE CARDS ***
TbIP-TbIP 88: raises $3 to $6
rttattar: folds
Uncalled bet ($3) returned to TbIP-TbIP 88
TbIP-TbIP 88 collected $6 from pot
TbIP-TbIP 88: doesn't show hand
*** SUMMARY ***
Total pot $6 | Rake $0
Seat 3: rttattar (big blind) folded before Flop
Seat 4: TbIP-TbIP 88 (button) (small blind) collected ($6)


PokerStars Hand #147410847370:  Hold'em Limit ($3/$6 USD) - 2016/01/21 5:11:39 ET
Table 'Phobos II' 6-max Seat #3 is the button
Seat 3: rttattar ($97 in chips)
Seat 4: TbIP-TbIP 88 ($84.52 in chips)
rttattar: posts small blind $1
TbIP-TbIP 88: posts big blind $3
*** HOLE CARDS ***
rttattar: raises $3 to $6
TbIP-TbIP 88: calls $3
*** FLOP *** [Jc 8c 7c]
TbIP-TbIP 88: bets $3
rttattar: folds
Uncalled bet ($3) returned to TbIP-TbIP 88
TbIP-TbIP 88 collected $11.76 from pot
TbIP-TbIP 88: doesn't show hand
*** SUMMARY ***
Total pot $12 | Rake $0.24
Board [Jc 8c 7c]
Seat 3: rttattar (button) (small blind) folded on the Flop
Seat 4: TbIP-TbIP 88 (big blind) collected ($11.76)


PokerStars Hand #147410831565:  Hold'em Limit ($3/$6 USD) - 2016/01/21 5:11:06 ET
Table 'Phobos II' 6-max Seat #4 is the button
Seat 3: rttattar ($109 in chips)
Seat 4: TbIP-TbIP 88 ($73 in chips)
TbIP-TbIP 88: posts small blind $1
rttattar: posts big blind $3
*** HOLE CARDS ***
TbIP-TbIP 88: raises $3 to $6
rttattar: raises $3 to $9
TbIP-TbIP 88: calls $3
*** FLOP *** [Td 4s Jd]
rttattar: checks
TbIP-TbIP 88: bets $3
rttattar: calls $3
*** TURN *** [Td 4s Jd] [7h]
rttattar: checks
TbIP-TbIP 88: bets $6
rttattar: folds
Uncalled bet ($6) returned to TbIP-TbIP 88
TbIP-TbIP 88 collected $23.52 from pot
TbIP-TbIP 88: doesn't show hand
*** SUMMARY ***
Total pot $24 | Rake $0.48
Board [Td 4s Jd 7h]
Seat 3: rttattar (big blind) folded on the Turn
Seat 4: TbIP-TbIP 88 (button) (small blind) collected ($23.52)


PokerStars Hand #147411695598:  Hold'em Limit ($3/$6 USD) - 2016/01/21 5:40:13 ET
Table 'Phobos II' 6-max Seat #2 is the button
Seat 2: kolaz03 ($186.29 in chips)
Seat 6: fire852181 ($40.11 in chips)
kolaz03: posts small blind $1
VolkovDmitri: is sitting out
fire852181: posts big blind $3
*** HOLE CARDS ***
kolaz03: raises $3 to $6
VolkovDmitri leaves the table
fire852181: raises $3 to $9
kolaz03: calls $3
*** FLOP *** [Td 8h Qh]
fire852181: bets $3
kolaz03: calls $3
*** TURN *** [Td 8h Qh] [Js]
fire852181: checks
kolaz03: checks
*** RIVER *** [Td 8h Qh Js] [5s]
fire852181: checks
kolaz03: checks
*** SHOW DOWN ***
fire852181: shows [Kh 7d] (high card King)
kolaz03: mucks hand
fire852181 collected $23.52 from pot
*** SUMMARY ***
Total pot $24 | Rake $0.48
Board [Td 8h Qh Js 5s]
Seat 2: kolaz03 (button) (small blind) mucked
Seat 6: fire852181 (big blind) showed [Kh 7d] and won ($23.52) with high card King


PokerStars Hand #147411715386:  Hold'em Limit ($3/$6 USD) - 2016/01/21 5:40:52 ET
Table 'Phobos II' 6-max Seat #6 is the button
Seat 2: kolaz03 ($174.29 in chips)
Seat 6: fire852181 ($51.63 in chips)
fire852181: posts small blind $1
kolaz03: posts big blind $3
*** HOLE CARDS ***
fire852181: raises $3 to $6
kolaz03: folds
Uncalled bet ($3) returned to fire852181
fire852181 collected $6 from pot
fire852181: doesn't show hand
*** SUMMARY ***
Total pot $6 | Rake $0
Seat 2: kolaz03 (big blind) folded before Flop
Seat 6: fire852181 (button) (small blind) collected ($6)


PokerStars Hand #147411721267:  Hold'em Limit ($3/$6 USD) - 2016/01/21 5:41:04 ET
Table 'Phobos II' 6-max Seat #2 is the button
Seat 2: kolaz03 ($171.29 in chips)
Seat 6: fire852181 ($54.63 in chips)
kolaz03: posts small blind $1
fire852181: posts big blind $3
*** HOLE CARDS ***
kolaz03: raises $3 to $6
fire852181: calls $3
*** FLOP *** [2s 7h 5c]
fire852181: checks
kolaz03: bets $3
fire852181: calls $3
*** TURN *** [2s 7h 5c] [8d]
fire852181: checks
kolaz03: checks
*** RIVER *** [2s 7h 5c 8d] [9d]
fire852181: bets $6
kolaz03: calls $6
*** SHOW DOWN ***
fire852181: shows [Th 6s] (a straight, Six to Ten)
kolaz03: mucks hand
fire852181 collected $29.50 from pot
*** SUMMARY ***
Total pot $30 | Rake $0.50
Board [2s 7h 5c 8d 9d]
Seat 2: kolaz03 (button) (small blind) mucked
Seat 6: fire852181 (big blind) showed [Th 6s] and won ($29.50) with a straight, Six to Ten


PokerStars Hand #147411738824:  Hold'em Limit ($3/$6 USD) - 2016/01/21 5:41:39 ET
Table 'Phobos II' 6-max Seat #6 is the button
Seat 2: kolaz03 ($156.29 in chips)
Seat 6: fire852181 ($69.13 in chips)
fire852181: posts small blind $1
kolaz03: posts big blind $3
*** HOLE CARDS ***
fire852181: raises $3 to $6
kolaz03: calls $3
*** FLOP *** [2h 3s Tc]
kolaz03: checks
fire852181: bets $3
kolaz03: calls $3
*** TURN *** [2h 3s Tc] [Ks]
kolaz03: checks
fire852181: checks
*** RIVER *** [2h 3s Tc Ks] [Kd]
kolaz03: bets $6
fire852181: calls $6
*** SHOW DOWN ***
kolaz03: shows [2s 8s] (two pair, Kings and Deuces)
fire852181: shows [4h 4s] (two pair, Kings and Fours)
fire852181 collected $29.50 from pot
*** SUMMARY ***
Total pot $30 | Rake $0.50
Board [2h 3s Tc Ks Kd]
Seat 2: kolaz03 (big blind) showed [2s 8s] and lost with two pair, Kings and Deuces
Seat 6: fire852181 (button) (small blind) showed [4h 4s] and won ($29.50) with two pair, Kings and Fours


PokerStars Hand #147412540280:  Hold'em Limit ($3/$6 USD) - 2016/01/21 6:08:14 ET
Table 'Phobos II' 6-max Seat #6 is the button
Seat 5: ME HAPPYBEE ($117.33 in chips)
Seat 6: fire852181 ($37.91 in chips)
fire852181: posts small blind $1
Garuda Black: is sitting out
ME HAPPYBEE: posts big blind $3
*** HOLE CARDS ***
Garuda Black leaves the table
fire852181: calls $2
ME HAPPYBEE: checks
*** FLOP *** [6h 5h Jd]
ME HAPPYBEE: checks
fire852181: bets $3
ME HAPPYBEE: folds
Uncalled bet ($3) returned to fire852181
fire852181 collected $5.88 from pot
fire852181: doesn't show hand
*** SUMMARY ***
Total pot $6 | Rake $0.12
Board [6h 5h Jd]
Seat 5: ME HAPPYBEE (big blind) folded on the Flop
Seat 6: fire852181 (button) (small blind) collected ($5.88)


PokerStars Hand #147412551090:  Hold'em Limit ($3/$6 USD) - 2016/01/21 6:08:35 ET
Table 'Phobos II' 6-max Seat #5 is the button
Seat 5: ME HAPPYBEE ($114.33 in chips)
Seat 6: fire852181 ($40.79 in chips)
ME HAPPYBEE: posts small blind $1
fire852181: posts big blind $3
*** HOLE CARDS ***
ME HAPPYBEE: raises $3 to $6
fire852181: raises $3 to $9
ME HAPPYBEE: calls $3
*** FLOP *** [7h 4h Td]
fire852181: bets $3
ME HAPPYBEE: calls $3
*** TURN *** [7h 4h Td] [9d]
fire852181: bets $6
ME HAPPYBEE: raises $6 to $12
fire852181: raises $6 to $18
ME HAPPYBEE: calls $6
*** RIVER *** [7h 4h Td 9d] [5s]
fire852181: bets $6
ME HAPPYBEE: folds
Uncalled bet ($6) returned to fire852181
fire852181 collected $59.50 from pot
fire852181: doesn't show hand
*** SUMMARY ***
Total pot $60 | Rake $0.50
Board [7h 4h Td 9d 5s]
Seat 5: ME HAPPYBEE (button) (small blind) folded on the River
Seat 6: fire852181 (big blind) collected ($59.50)


PokerStars Hand #147412967137:  Hold'em Limit ($3/$6 USD) - 2016/01/21 6:21:45 ET
Table 'Phobos II' 6-max Seat #6 is the button
Seat 5: ME HAPPYBEE ($90 in chips)
Seat 6: fire852181 ($92.63 in chips)
fire852181: posts small blind $1
TbIP-TbIP 88: is sitting out
ME HAPPYBEE: posts big blind $3
*** HOLE CARDS ***
fire852181: folds
Uncalled bet ($2) returned to ME HAPPYBEE
ME HAPPYBEE collected $2 from pot
ME HAPPYBEE: doesn't show hand
*** SUMMARY ***
Total pot $2 | Rake $0
Seat 5: ME HAPPYBEE (big blind) collected ($2)
Seat 6: fire852181 (button) (small blind) folded before Flop


PokerStars Hand #147412971635:  Hold'em Limit ($3/$6 USD) - 2016/01/21 6:21:53 ET
Table 'Phobos II' 6-max Seat #5 is the button
Seat 5: ME HAPPYBEE ($91 in chips)
Seat 6: fire852181 ($91.63 in chips)
ME HAPPYBEE: posts small blind $1
fire852181: posts big blind $3
*** HOLE CARDS ***
ME HAPPYBEE: raises $3 to $6
TbIP-TbIP 88 leaves the table
fire852181: calls $3
*** FLOP *** [4d 6h 3h]
fire852181: checks
ME HAPPYBEE: bets $3
fire852181: raises $3 to $6
ME HAPPYBEE: calls $3
*** TURN *** [4d 6h 3h] [9h]
fire852181: bets $6
ME HAPPYBEE: calls $6
*** RIVER *** [4d 6h 3h 9h] [9s]
fire852181: bets $6
ME HAPPYBEE: calls $6
*** SHOW DOWN ***
fire852181: shows [6d 6s] (a full house, Sixes full of Nines)
ME HAPPYBEE: mucks hand
fire852181 collected $47.50 from pot
*** SUMMARY ***
Total pot $48 | Rake $0.50
Board [4d 6h 3h 9h 9s]
Seat 5: ME HAPPYBEE (button) (small blind) mucked
Seat 6: fire852181 (big blind) showed [6d 6s] and won ($47.50) with a full house, Sixes full of Nines


