PokerStars Hand #160585768993:  Hold'em Limit ($3/$6 USD) - 2016/10/29 5:21:41 ET
Table 'Phobos II' 6-max Seat #1 is the button
Seat 1: OENIN2000 ($120 in chips)
Seat 4: VolkovDmitri ($120 in chips)
OENIN2000: posts small blind $1
VolkovDmitri: posts big blind $3
*** HOLE CARDS ***
OENIN2000: folds
Uncalled bet ($2) returned to VolkovDmitri
VolkovDmitri collected $2 from pot
*** SUMMARY ***
Total pot $2 | Rake $0
Seat 1: OENIN2000 (button) (small blind) folded before Flop
Seat 4: VolkovDmitri (big blind) collected ($2)


PokerStars Hand #160585805234:  Hold'em Limit ($3/$6 USD) - 2016/10/29 5:23:12 ET
Table 'Phobos II' 6-max Seat #1 is the button
Seat 1: OENIN2000 ($135.50 in chips)
Seat 4: VolkovDmitri ($126.76 in chips)
OENIN2000: posts small blind $1
VolkovDmitri: posts big blind $3
*** HOLE CARDS ***
OENIN2000: raises $3 to $6
VolkovDmitri: calls $3
*** FLOP *** [2d Qs 2c]
VolkovDmitri: checks
OENIN2000: checks
*** TURN *** [2d Qs 2c] [6h]
VolkovDmitri: bets $6
OENIN2000: folds
Uncalled bet ($6) returned to VolkovDmitri
VolkovDmitri collected $11.76 from pot
VolkovDmitri: doesn't show hand
*** SUMMARY ***
Total pot $12 | Rake $0.24
Board [2d Qs 2c 6h]
Seat 1: OENIN2000 (button) (small blind) folded on the Turn
Seat 4: VolkovDmitri (big blind) collected ($11.76)


PokerStars Hand #160585796569:  Hold'em Limit ($3/$6 USD) - 2016/10/29 5:22:50 ET
Table 'Phobos II' 6-max Seat #4 is the button
Seat 1: OENIN2000 ($141.50 in chips)
Seat 4: VolkovDmitri ($121 in chips)
VolkovDmitri: posts small blind $1
OENIN2000: posts big blind $3
*** HOLE CARDS ***
VolkovDmitri: raises $3 to $6
OENIN2000: calls $3
*** FLOP *** [6s 2d Th]
OENIN2000: checks
VolkovDmitri: bets $3
OENIN2000: folds
Uncalled bet ($3) returned to VolkovDmitri
VolkovDmitri collected $11.76 from pot
VolkovDmitri: doesn't show hand
*** SUMMARY ***
Total pot $12 | Rake $0.24
Board [6s 2d Th]
Seat 1: OENIN2000 (big blind) folded on the Flop
Seat 4: VolkovDmitri (button) (small blind) collected ($11.76)


PokerStars Hand #160585794210:  Hold'em Limit ($3/$6 USD) - 2016/10/29 5:22:44 ET
Table 'Phobos II' 6-max Seat #1 is the button
Seat 1: OENIN2000 ($142.50 in chips)
Seat 4: VolkovDmitri ($120 in chips)
OENIN2000: posts small blind $1
VolkovDmitri: posts big blind $3
*** HOLE CARDS ***
OENIN2000: folds
Uncalled bet ($2) returned to VolkovDmitri
VolkovDmitri collected $2 from pot
VolkovDmitri: doesn't show hand
*** SUMMARY ***
Total pot $2 | Rake $0
Seat 1: OENIN2000 (button) (small blind) folded before Flop
Seat 4: VolkovDmitri (big blind) collected ($2)


PokerStars Hand #160585772063:  Hold'em Limit ($3/$6 USD) - 2016/10/29 5:21:48 ET
Table 'Phobos II' 6-max Seat #4 is the button
Seat 1: OENIN2000 ($119 in chips)
Seat 4: VolkovDmitri ($121 in chips)
VolkovDmitri: posts small blind $1
OENIN2000: posts big blind $3
*** HOLE CARDS ***
VolkovDmitri: raises $3 to $6
OENIN2000: calls $3
*** FLOP *** [Ts 2h 7d]
OENIN2000: checks
VolkovDmitri: bets $3
OENIN2000: raises $3 to $6
VolkovDmitri: calls $3
*** TURN *** [Ts 2h 7d] [Qc]
OENIN2000: bets $6
VolkovDmitri: calls $6
*** RIVER *** [Ts 2h 7d Qc] [3c]
OENIN2000: bets $6
VolkovDmitri: calls $6
*** SHOW DOWN ***
OENIN2000: shows [Th Qh] (two pair, Queens and Tens)
VolkovDmitri: mucks hand
OENIN2000 collected $47.50 from pot
*** SUMMARY ***
Total pot $48 | Rake $0.50
Board [Ts 2h 7d Qc 3c]
Seat 1: OENIN2000 (big blind) showed [Th Qh] and won ($47.50) with two pair, Queens and Tens
Seat 4: VolkovDmitri (button) (small blind) mucked


PokerStars Hand #160585812739:  Hold'em Limit ($3/$6 USD) - 2016/10/29 5:23:31 ET
Table 'Phobos II' 6-max Seat #4 is the button
Seat 1: OENIN2000 ($129.50 in chips)
Seat 4: VolkovDmitri ($132.52 in chips)
VolkovDmitri: posts small blind $1
OENIN2000: posts big blind $3
*** HOLE CARDS ***
VolkovDmitri: raises $3 to $6
OENIN2000: raises $3 to $9
VolkovDmitri: calls $3
*** FLOP *** [8h 4c Qh]
19woody58 joins the table at seat #6
OENIN2000: bets $3
VolkovDmitri: calls $3
*** TURN *** [8h 4c Qh] [Th]
OENIN2000: bets $6
Apanage joins the table at seat #2
VolkovDmitri: calls $6
*** RIVER *** [8h 4c Qh Th] [Qd]
OENIN2000: checks
VolkovDmitri: checks
*** SHOW DOWN ***
OENIN2000: shows [Kd 9d] (a pair of Queens)
VolkovDmitri: shows [As 2h] (a pair of Queens - Ace kicker)
VolkovDmitri collected $35.50 from pot
*** SUMMARY ***
Total pot $36 | Rake $0.50
Board [8h 4c Qh Th Qd]
Seat 1: OENIN2000 (big blind) showed [Kd 9d] and lost with a pair of Queens
Seat 4: VolkovDmitri (button) (small blind) showed [As 2h] and won ($35.50) with a pair of Queens


PokerStars Hand #160592178122:  Hold'em Limit ($3/$6 USD) - 2016/10/29 9:06:29 ET
Table 'Phobos II' 6-max Seat #5 is the button
Seat 4: GrumpyGonzo ($180.23 in chips)
Seat 5: SLK500 ($139.74 in chips)
SLK500: posts small blind $1
Chessnok: is sitting out
GrumpyGonzo: posts big blind $3
*** HOLE CARDS ***
SLK500: raises $3 to $6
GrumpyGonzo: calls $3
*** FLOP *** [Qs Kh 9s]
GrumpyGonzo: checks
SLK500: checks
*** TURN *** [Qs Kh 9s] [5d]
GrumpyGonzo: bets $6
SLK500: calls $6
*** RIVER *** [Qs Kh 9s 5d] [6s]
GrumpyGonzo: checks
SLK500: bets $6
GrumpyGonzo: calls $6
*** SHOW DOWN ***
SLK500: shows [5s 6d] (two pair, Sixes and Fives)
GrumpyGonzo: mucks hand
SLK500 collected $35.50 from pot
*** SUMMARY ***
Total pot $36 | Rake $0.50
Board [Qs Kh 9s 5d 6s]
Seat 4: GrumpyGonzo (big blind) mucked
Seat 5: SLK500 (button) (small blind) showed [5s 6d] and won ($35.50) with two pair, Sixes and Fives


PokerStars Hand #160592200631:  Hold'em Limit ($3/$6 USD) - 2016/10/29 9:07:07 ET
Table 'Phobos II' 6-max Seat #4 is the button
Seat 4: GrumpyGonzo ($162.23 in chips)
Seat 5: SLK500 ($157.24 in chips)
GrumpyGonzo: posts small blind $1
SLK500: posts big blind $3
*** HOLE CARDS ***
GrumpyGonzo: raises $3 to $6
SLK500: calls $3
*** FLOP *** [Jc 6c Kd]
nordschrott joins the table at seat #2
SLK500: checks
GrumpyGonzo: bets $3
SLK500: folds
Uncalled bet ($3) returned to GrumpyGonzo
GrumpyGonzo collected $11.76 from pot
GrumpyGonzo: doesn't show hand
*** SUMMARY ***
Total pot $12 | Rake $0.24
Board [Jc 6c Kd]
Seat 4: GrumpyGonzo (button) (small blind) collected ($11.76)
Seat 5: SLK500 (big blind) folded on the Flop


PokerStars Hand #160592238065:  Hold'em Limit ($3/$6 USD) - 2016/10/29 9:08:09 ET
Table 'Phobos II' 6-max Seat #4 is the button
Seat 4: GrumpyGonzo ($152.99 in chips)
Seat 5: SLK500 ($194.24 in chips)
Mattedi001 will be allowed to play after the button
Koraseg will be allowed to play after the button
GrumpyGonzo: posts small blind $1
SLK500: posts big blind $3
*** HOLE CARDS ***
GrumpyGonzo: raises $3 to $6
SLK500: raises $3 to $9
GrumpyGonzo: calls $3
*** FLOP *** [7d 7c 4d]
SLK500: bets $3
nordschrott leaves the table
GrumpyGonzo: calls $3
*** TURN *** [7d 7c 4d] [Td]
SLK500: bets $6
GrumpyGonzo: raises $6 to $12
SLK500: calls $6
*** RIVER *** [7d 7c 4d Td] [5d]
SLK500: checks
GrumpyGonzo: bets $6
SLK500: folds
Uncalled bet ($6) returned to GrumpyGonzo
GrumpyGonzo collected $47.50 from pot
GrumpyGonzo: doesn't show hand
*** SUMMARY ***
Total pot $48 | Rake $0.50
Board [7d 7c 4d Td 5d]
Seat 4: GrumpyGonzo (button) (small blind) collected ($47.50)
Seat 5: SLK500 (big blind) folded on the River


PokerStars Hand #160594808001:  Hold'em Limit ($3/$6 USD) - 2016/10/29 10:15:42 ET
Table 'Phobos II' 6-max Seat #6 is the button
Seat 1: SLK500 ($77.85 in chips)
Seat 6: Psynto ($75.90 in chips)
Psynto: posts small blind $1
SLK500: posts big blind $3
*** HOLE CARDS ***
Psynto: raises $3 to $6
SLK500: folds
Uncalled bet ($3) returned to Psynto
Psynto collected $6 from pot
Psynto: doesn't show hand
*** SUMMARY ***
Total pot $6 | Rake $0
Seat 1: SLK500 (big blind) folded before Flop
Seat 6: Psynto (button) (small blind) collected ($6)


PokerStars Hand #160594795015:  Hold'em Limit ($3/$6 USD) - 2016/10/29 10:15:24 ET
Table 'Phobos II' 6-max Seat #1 is the button
Seat 1: SLK500 ($63.35 in chips)
Seat 6: Psynto ($90.90 in chips)
SLK500: posts small blind $1
Psynto: posts big blind $3
*** HOLE CARDS ***
SLK500: raises $3 to $6
Psynto: calls $3
*** FLOP *** [Tc 8s Jc]
Psynto: checks
SLK500: bets $3
Psynto: raises $3 to $6
SLK500: raises $3 to $9
Psynto: calls $3
*** TURN *** [Tc 8s Jc] [8d]
Psynto: checks
SLK500: checks
*** RIVER *** [Tc 8s Jc 8d] [Qc]
Psynto: checks
SLK500: bets $6
Psynto: folds
Uncalled bet ($6) returned to SLK500
SLK500 collected $29.50 from pot
SLK500: doesn't show hand
*** SUMMARY ***
Total pot $30 | Rake $0.50
Board [Tc 8s Jc 8d Qc]
Seat 1: SLK500 (button) (small blind) collected ($29.50)
Seat 6: Psynto (big blind) folded on the River


PokerStars Hand #160594811721:  Hold'em Limit ($3/$6 USD) - 2016/10/29 10:15:48 ET
Table 'Phobos II' 6-max Seat #1 is the button
Seat 1: SLK500 ($74.85 in chips)
Seat 6: Psynto ($78.90 in chips)
SLK500: posts small blind $1
Psynto: posts big blind $3
*** HOLE CARDS ***
SLK500: folds
Uncalled bet ($2) returned to Psynto
Psynto collected $2 from pot
Psynto: doesn't show hand
*** SUMMARY ***
Total pot $2 | Rake $0
Seat 1: SLK500 (button) (small blind) folded before Flop
Seat 6: Psynto (big blind) collected ($2)


PokerStars Hand #160594788657:  Hold'em Limit ($3/$6 USD) - 2016/10/29 10:15:15 ET
Table 'Phobos II' 6-max Seat #6 is the button
Seat 1: SLK500 ($66.35 in chips)
Seat 6: Psynto ($87.90 in chips)
Psynto: posts small blind $1
SLK500: posts big blind $3
*** HOLE CARDS ***
Psynto: raises $3 to $6
SLK500: folds
Uncalled bet ($3) returned to Psynto
Psynto collected $6 from pot
Psynto: doesn't show hand
*** SUMMARY ***
Total pot $6 | Rake $0
Seat 1: SLK500 (big blind) folded before Flop
Seat 6: Psynto (button) (small blind) collected ($6)


PokerStars Hand #160594778657:  Hold'em Limit ($3/$6 USD) - 2016/10/29 10:15:01 ET
Table 'Phobos II' 6-max Seat #1 is the button
Seat 1: SLK500 ($69.35 in chips)
Seat 6: Psynto ($85.02 in chips)
SLK500: posts small blind $1
Psynto: posts big blind $3
*** HOLE CARDS ***
SLK500: calls $2
Psynto: checks
*** FLOP *** [5h 8h 4c]
Psynto: bets $3
SLK500: folds
Uncalled bet ($3) returned to Psynto
Psynto collected $5.88 from pot
Psynto: doesn't show hand
*** SUMMARY ***
Total pot $6 | Rake $0.12
Board [5h 8h 4c]
Seat 1: SLK500 (button) (small blind) folded on the Flop
Seat 6: Psynto (big blind) collected ($5.88)


PokerStars Hand #160594851743:  Hold'em Limit ($3/$6 USD) - 2016/10/29 10:16:44 ET
Table 'Phobos II' 6-max Seat #6 is the button
Seat 1: SLK500 ($34.61 in chips)
Seat 6: Psynto ($117.66 in chips)
Psynto: posts small blind $1
SLK500: posts big blind $3
*** HOLE CARDS ***
Psynto: folds
Uncalled bet ($2) returned to SLK500
SLK500 collected $2 from pot
SLK500: doesn't show hand
*** SUMMARY ***
Total pot $2 | Rake $0
Seat 1: SLK500 (big blind) collected ($2)
Seat 6: Psynto (button) (small blind) folded before Flop


PokerStars Hand #160594815250:  Hold'em Limit ($3/$6 USD) - 2016/10/29 10:15:53 ET
Table 'Phobos II' 6-max Seat #6 is the button
Seat 1: SLK500 ($73.85 in chips)
Seat 6: Psynto ($79.90 in chips)
Psynto: posts small blind $1
SLK500: posts big blind $3
*** HOLE CARDS ***
Psynto: raises $3 to $6
SLK500: raises $3 to $9
Psynto: calls $3
*** FLOP *** [6h Jh 2d]
SLK500: bets $3
Psynto: calls $3
*** TURN *** [6h Jh 2d] [9c]
SLK500: bets $6
Psynto: calls $6
*** RIVER *** [6h Jh 2d 9c] [9d]
SLK500: bets $6
Psynto: calls $6
*** SHOW DOWN ***
SLK500: shows [8s Ts] (a pair of Nines)
Psynto: shows [Ac 4c] (a pair of Nines - Ace kicker)
Psynto collected $47.50 from pot
*** SUMMARY ***
Total pot $48 | Rake $0.50
Board [6h Jh 2d 9c 9d]
Seat 1: SLK500 (big blind) showed [8s Ts] and lost with a pair of Nines
Seat 6: Psynto (button) (small blind) showed [Ac 4c] and won ($47.50) with a pair of Nines


PokerStars Hand #160594843463:  Hold'em Limit ($3/$6 USD) - 2016/10/29 10:16:33 ET
Table 'Phobos II' 6-max Seat #1 is the button
Seat 1: SLK500 ($28.85 in chips)
Seat 6: Psynto ($123.66 in chips)
SLK500: posts small blind $1
Psynto: posts big blind $3
*** HOLE CARDS ***
SLK500: raises $3 to $6
Psynto: calls $3
*** FLOP *** [Jh 8c 9s]
Psynto: checks
SLK500: bets $3
Psynto: folds
Uncalled bet ($3) returned to SLK500
SLK500 collected $11.76 from pot
SLK500: doesn't show hand
*** SUMMARY ***
Total pot $12 | Rake $0.24
Board [Jh 8c 9s]
Seat 1: SLK500 (button) (small blind) collected ($11.76)
Seat 6: Psynto (big blind) folded on the Flop


PokerStars Hand #160594836926:  Hold'em Limit ($3/$6 USD) - 2016/10/29 10:16:23 ET
Table 'Phobos II' 6-max Seat #6 is the button
Seat 1: SLK500 ($34.85 in chips)
Seat 6: Psynto ($117.90 in chips)
Psynto: posts small blind $1
SLK500: posts big blind $3
*** HOLE CARDS ***
Psynto: raises $3 to $6
SLK500: calls $3
*** FLOP *** [4h 7c Qc]
SLK500: checks
Psynto: bets $3
SLK500: folds
Uncalled bet ($3) returned to Psynto
Psynto collected $11.76 from pot
Psynto: doesn't show hand
*** SUMMARY ***
Total pot $12 | Rake $0.24
Board [4h 7c Qc]
Seat 1: SLK500 (big blind) folded on the Flop
Seat 6: Psynto (button) (small blind) collected ($11.76)


PokerStars Hand #160594827159:  Hold'em Limit ($3/$6 USD) - 2016/10/29 10:16:09 ET
Table 'Phobos II' 6-max Seat #1 is the button
Seat 1: SLK500 ($49.85 in chips)
Seat 6: Psynto ($103.40 in chips)
SLK500: posts small blind $1
Psynto: posts big blind $3
*** HOLE CARDS ***
SLK500: raises $3 to $6
Psynto: calls $3
*** FLOP *** [Qh Ts Ah]
Psynto: checks
SLK500: bets $3
Psynto: calls $3
*** TURN *** [Qh Ts Ah] [6d]
Psynto: checks
SLK500: bets $6
Psynto: calls $6
*** RIVER *** [Qh Ts Ah 6d] [Qc]
Psynto: checks
SLK500: checks
*** SHOW DOWN ***
Psynto: shows [Js 2s] (a pair of Queens)
SLK500: mucks hand
Psynto collected $29.50 from pot
*** SUMMARY ***
Total pot $30 | Rake $0.50
Board [Qh Ts Ah 6d Qc]
Seat 1: SLK500 (button) (small blind) mucked
Seat 6: Psynto (big blind) showed [Js 2s] and won ($29.50) with a pair of Queens


PokerStars Hand #160594884824:  Hold'em Limit ($3/$6 USD) - 2016/10/29 10:17:31 ET
Table 'Phobos II' 6-max Seat #6 is the button
Seat 1: SLK500 ($10 in chips)
Seat 6: Psynto ($141.55 in chips)
Psynto: posts small blind $1
SLK500: posts big blind $3
*** HOLE CARDS ***
Psynto: raises $3 to $6
SLK500: calls $3
*** FLOP *** [As 6s Tc]
SLK500: checks
Psynto: bets $3
SLK500: raises $1 to $4 and is all-in
Psynto: calls $1
*** TURN *** [As 6s Tc] [Jh]
*** RIVER *** [As 6s Tc Jh] [Js]
*** SHOW DOWN ***
SLK500: shows [4s 7s] (a flush, Ace high)
Psynto: shows [Ah Kd] (two pair, Aces and Jacks)
SLK500 collected $19.60 from pot
*** SUMMARY ***
Total pot $20 | Rake $0.40
Board [As 6s Tc Jh Js]
Seat 1: SLK500 (big blind) showed [4s 7s] and won ($19.60) with a flush, Ace high
Seat 6: Psynto (button) (small blind) showed [Ah Kd] and lost with two pair, Aces and Jacks


PokerStars Hand #160594880886:  Hold'em Limit ($3/$6 USD) - 2016/10/29 10:17:26 ET
Table 'Phobos II' 6-max Seat #1 is the button
Seat 1: SLK500 ($11 in chips)
Seat 6: Psynto ($140.55 in chips)
SLK500: posts small blind $1
Psynto: posts big blind $3
*** HOLE CARDS ***
SLK500: folds
Uncalled bet ($2) returned to Psynto
Psynto collected $2 from pot
Psynto: doesn't show hand
*** SUMMARY ***
Total pot $2 | Rake $0
Seat 1: SLK500 (button) (small blind) folded before Flop
Seat 6: Psynto (big blind) collected ($2)


PokerStars Hand #160594870771:  Hold'em Limit ($3/$6 USD) - 2016/10/29 10:17:12 ET
Table 'Phobos II' 6-max Seat #6 is the button
Seat 1: SLK500 ($5.61 in chips)
Seat 6: Psynto ($146.16 in chips)
Psynto: posts small blind $1
SLK500: posts big blind $3
*** HOLE CARDS ***
Psynto: raises $3 to $6
SLK500: calls $2.61 and is all-in
Uncalled bet ($0.39) returned to Psynto
*** FLOP *** [Ks Kd 8d]
*** TURN *** [Ks Kd 8d] [Qd]
*** RIVER *** [Ks Kd 8d Qd] [As]
*** SHOW DOWN ***
SLK500: shows [Qs 4s] (two pair, Kings and Queens)
Psynto: shows [Tc 7d] (a pair of Kings)
SLK500 collected $11 from pot
*** SUMMARY ***
Total pot $11.22 | Rake $0.22
Board [Ks Kd 8d Qd As]
Seat 1: SLK500 (big blind) showed [Qs 4s] and won ($11) with two pair, Kings and Queens
Seat 6: Psynto (button) (small blind) showed [Tc 7d] and lost with a pair of Kings


PokerStars Hand #160594856061:  Hold'em Limit ($3/$6 USD) - 2016/10/29 10:16:51 ET
Table 'Phobos II' 6-max Seat #1 is the button
Seat 1: SLK500 ($35.61 in chips)
Seat 6: Psynto ($116.66 in chips)
SLK500: posts small blind $1
Psynto: posts big blind $3
*** HOLE CARDS ***
SLK500: raises $3 to $6
Psynto: raises $3 to $9
SLK500: calls $3
*** FLOP *** [6d Jc 2c]
Psynto: bets $3
SLK500: raises $3 to $6
Psynto: raises $3 to $9
SLK500: calls $3
*** TURN *** [6d Jc 2c] [Tc]
Psynto: bets $6
SLK500: calls $6
*** RIVER *** [6d Jc 2c Tc] [5h]
Psynto: bets $6
SLK500: calls $6
*** SHOW DOWN ***
Psynto: shows [Jd Js] (three of a kind, Jacks)
SLK500: mucks hand
Psynto collected $59.50 from pot
*** SUMMARY ***
Total pot $60 | Rake $0.50
Board [6d Jc 2c Tc 5h]
Seat 1: SLK500 (button) (small blind) mucked
Seat 6: Psynto (big blind) showed [Jd Js] and won ($59.50) with three of a kind, Jacks


PokerStars Hand #160594924692:  Hold'em Limit ($3/$6 USD) - 2016/10/29 10:18:28 ET
Table 'Phobos II' 6-max Seat #1 is the button
Seat 1: SLK500 ($89.97 in chips)
Seat 6: Psynto ($134.05 in chips)
SLK500: posts small blind $1
Psynto: posts big blind $3
*** HOLE CARDS ***
SLK500: raises $3 to $6
Psynto: calls $3
*** FLOP *** [8h 6c 3d]
Psynto: checks
SLK500: bets $3
Psynto: calls $3
*** TURN *** [8h 6c 3d] [Js]
Psynto: checks
SLK500: bets $6
Psynto: calls $6
*** RIVER *** [8h 6c 3d Js] [2c]
Psynto: checks
SLK500: bets $6
Psynto: calls $6
*** SHOW DOWN ***
SLK500: shows [5d 5c] (a pair of Fives)
Psynto: mucks hand
SLK500 collected $41.50 from pot
*** SUMMARY ***
Total pot $42 | Rake $0.50
Board [8h 6c 3d Js 2c]
Seat 1: SLK500 (button) (small blind) showed [5d 5c] and won ($41.50) with a pair of Fives
Seat 6: Psynto (big blind) mucked


PokerStars Hand #160594914988:  Hold'em Limit ($3/$6 USD) - 2016/10/29 10:18:14 ET
Table 'Phobos II' 6-max Seat #6 is the button
Seat 1: SLK500 ($69.47 in chips)
Seat 6: Psynto ($155.05 in chips)
Psynto: posts small blind $1
SLK500: posts big blind $3
*** HOLE CARDS ***
Psynto: raises $3 to $6
SLK500: calls $3
*** FLOP *** [7s 4d 2d]
SLK500: bets $3
Psynto: calls $3
*** TURN *** [7s 4d 2d] [Qs]
SLK500: bets $6
Psynto: calls $6
*** RIVER *** [7s 4d 2d Qs] [4s]
SLK500: bets $6
Psynto: calls $6
*** SHOW DOWN ***
SLK500: shows [4c Jc] (three of a kind, Fours)
Psynto: mucks hand
SLK500 collected $41.50 from pot
*** SUMMARY ***
Total pot $42 | Rake $0.50
Board [7s 4d 2d Qs 4s]
Seat 1: SLK500 (big blind) showed [4c Jc] and won ($41.50) with three of a kind, Fours
Seat 6: Psynto (button) (small blind) mucked


PokerStars Hand #160594896934:  Hold'em Limit ($3/$6 USD) - 2016/10/29 10:17:49 ET
Table 'Phobos II' 6-max Seat #1 is the button
Seat 1: SLK500 ($93.47 in chips)
Seat 6: Psynto ($131.55 in chips)
SLK500: posts small blind $1
Psynto: posts big blind $3
*** HOLE CARDS ***
SLK500: raises $3 to $6
Psynto: calls $3
*** FLOP *** [4c 2d 6h]
Psynto: checks
SLK500: bets $3
Psynto: raises $3 to $6
SLK500: calls $3
*** TURN *** [4c 2d 6h] [Jd]
Psynto: bets $6
SLK500: calls $6
*** RIVER *** [4c 2d 6h Jd] [Qh]
Psynto: bets $6
SLK500: calls $6
*** SHOW DOWN ***
Psynto: shows [Tc 4d] (a pair of Fours)
SLK500: mucks hand
Psynto collected $47.50 from pot
*** SUMMARY ***
Total pot $48 | Rake $0.50
Board [4c 2d 6h Jd Qh]
Seat 1: SLK500 (button) (small blind) mucked
Seat 6: Psynto (big blind) showed [Tc 4d] and won ($47.50) with a pair of Fours


PokerStars Hand #160594975533:  Hold'em Limit ($3/$6 USD) - 2016/10/29 10:19:41 ET
Table 'Phobos II' 6-max Seat #1 is the button
Seat 1: SLK500 ($129.97 in chips)
Seat 6: Psynto ($92.81 in chips)
SLK500: posts small blind $1
Psynto: posts big blind $3
*** HOLE CARDS ***
SLK500: raises $3 to $6
Psynto: calls $3
*** FLOP *** [Qh 5h 2h]
Psynto: checks
SLK500: checks
*** TURN *** [Qh 5h 2h] [3d]
Psynto: bets $6
SLK500: calls $6
*** RIVER *** [Qh 5h 2h 3d] [Tc]
Psynto: bets $6
SLK500: folds
Uncalled bet ($6) returned to Psynto
Psynto collected $23.52 from pot
Psynto: doesn't show hand
*** SUMMARY ***
Total pot $24 | Rake $0.48
Board [Qh 5h 2h 3d Tc]
Seat 1: SLK500 (button) (small blind) folded on the River
Seat 6: Psynto (big blind) collected ($23.52)


PokerStars Hand #160594969109:  Hold'em Limit ($3/$6 USD) - 2016/10/29 10:19:31 ET
Table 'Phobos II' 6-max Seat #6 is the button
Seat 1: SLK500 ($135.97 in chips)
Seat 6: Psynto ($87.05 in chips)
Psynto: posts small blind $1
SLK500: posts big blind $3
*** HOLE CARDS ***
Psynto: raises $3 to $6
SLK500: calls $3
*** FLOP *** [Th Td As]
SLK500: checks
Psynto: bets $3
SLK500: folds
Uncalled bet ($3) returned to Psynto
Psynto collected $11.76 from pot
Psynto: doesn't show hand
*** SUMMARY ***
Total pot $12 | Rake $0.24
Board [Th Td As]
Seat 1: SLK500 (big blind) folded on the Flop
Seat 6: Psynto (button) (small blind) collected ($11.76)


PokerStars Hand #160594964651:  Hold'em Limit ($3/$6 USD) - 2016/10/29 10:19:25 ET
Table 'Phobos II' 6-max Seat #1 is the button
Seat 1: SLK500 ($136.97 in chips)
Seat 6: Psynto ($86.05 in chips)
SLK500: posts small blind $1
Psynto: posts big blind $3
*** HOLE CARDS ***
SLK500: folds
Uncalled bet ($2) returned to Psynto
Psynto collected $2 from pot
Psynto: doesn't show hand
*** SUMMARY ***
Total pot $2 | Rake $0
Seat 1: SLK500 (button) (small blind) folded before Flop
Seat 6: Psynto (big blind) collected ($2)


PokerStars Hand #160594961716:  Hold'em Limit ($3/$6 USD) - 2016/10/29 10:19:21 ET
Table 'Phobos II' 6-max Seat #6 is the button
Seat 1: SLK500 ($135.97 in chips)
Seat 6: Psynto ($87.05 in chips)
Psynto: posts small blind $1
SLK500: posts big blind $3
*** HOLE CARDS ***
Psynto: folds
Uncalled bet ($2) returned to SLK500
SLK500 collected $2 from pot
SLK500: doesn't show hand
*** SUMMARY ***
Total pot $2 | Rake $0
Seat 1: SLK500 (big blind) collected ($2)
Seat 6: Psynto (button) (small blind) folded before Flop


PokerStars Hand #160594955106:  Hold'em Limit ($3/$6 USD) - 2016/10/29 10:19:11 ET
Table 'Phobos II' 6-max Seat #1 is the button
Seat 1: SLK500 ($136.97 in chips)
Seat 6: Psynto ($86.05 in chips)
SLK500: posts small blind $1
Psynto: posts big blind $3
*** HOLE CARDS ***
SLK500: folds
Uncalled bet ($2) returned to Psynto
Psynto collected $2 from pot
Psynto: doesn't show hand
*** SUMMARY ***
Total pot $2 | Rake $0
Seat 1: SLK500 (button) (small blind) folded before Flop
Seat 6: Psynto (big blind) collected ($2)


PokerStars Hand #160594939890:  Hold'em Limit ($3/$6 USD) - 2016/10/29 10:18:50 ET
Table 'Phobos II' 6-max Seat #6 is the button
Seat 1: SLK500 ($110.47 in chips)
Seat 6: Psynto ($113.05 in chips)
Psynto: posts small blind $1
SLK500: posts big blind $3
*** HOLE CARDS ***
Psynto: raises $3 to $6
SLK500: calls $3
*** FLOP *** [7c 4d 2d]
SLK500: bets $3
Psynto: calls $3
*** TURN *** [7c 4d 2d] [3s]
SLK500: bets $6
Psynto: raises $6 to $12
SLK500: calls $6
*** RIVER *** [7c 4d 2d 3s] [Td]
SLK500: checks
Psynto: bets $6
SLK500: calls $6
*** SHOW DOWN ***
Psynto: shows [5h Jh] (high card Jack)
SLK500: shows [6s 4s] (a pair of Fours)
SLK500 collected $53.50 from pot
*** SUMMARY ***
Total pot $54 | Rake $0.50
Board [7c 4d 2d 3s Td]
Seat 1: SLK500 (big blind) showed [6s 4s] and won ($53.50) with a pair of Fours
Seat 6: Psynto (button) (small blind) showed [5h Jh] and lost with high card Jack


PokerStars Hand #160594984736:  Hold'em Limit ($3/$6 USD) - 2016/10/29 10:19:54 ET
Table 'Phobos II' 6-max Seat #6 is the button
Seat 1: SLK500 ($117.97 in chips)
Seat 6: Psynto ($104.33 in chips)
Psynto: posts small blind $1
SLK500: posts big blind $3
*** HOLE CARDS ***
Psynto: raises $3 to $6
SLK500: calls $3
*** FLOP *** [Kd Kc 7s]
SLK500: checks
Psynto: bets $3
SLK500: folds
Uncalled bet ($3) returned to Psynto
Psynto collected $11.76 from pot
Psynto: doesn't show hand
*** SUMMARY ***
Total pot $12 | Rake $0.24
Board [Kd Kc 7s]
Seat 1: SLK500 (big blind) folded on the Flop
Seat 6: Psynto (button) (small blind) collected ($11.76)


PokerStars Hand #160595001361:  Hold'em Limit ($3/$6 USD) - 2016/10/29 10:20:18 ET
Table 'Phobos II' 6-max Seat #6 is the button
Seat 1: SLK500 ($99.97 in chips)
Seat 6: Psynto ($121.61 in chips)
Psynto: posts small blind $1
SLK500: posts big blind $3
*** HOLE CARDS ***
BadBoyKillla joins the table at seat #3
Psynto: raises $3 to $6
SLK500: raises $3 to $9
Psynto: calls $3
*** FLOP *** [Kh 3h 7d]
SLK500: bets $3
Psynto: calls $3
*** TURN *** [Kh 3h 7d] [Jh]
SLK500: checks
Psynto: checks
*** RIVER *** [Kh 3h 7d Jh] [3d]
SLK500: checks
Psynto: checks
*** SHOW DOWN ***
SLK500: shows [As 9h] (a pair of Threes)
Psynto: mucks hand
SLK500 collected $23.52 from pot
*** SUMMARY ***
Total pot $24 | Rake $0.48
Board [Kh 3h 7d Jh 3d]
Seat 1: SLK500 (big blind) showed [As 9h] and won ($23.52) with a pair of Threes
Seat 6: Psynto (button) (small blind) mucked


PokerStars Hand #160594991803:  Hold'em Limit ($3/$6 USD) - 2016/10/29 10:20:04 ET
Table 'Phobos II' 6-max Seat #1 is the button
Seat 1: SLK500 ($111.97 in chips)
Seat 6: Psynto ($110.09 in chips)
SLK500: posts small blind $1
Psynto: posts big blind $3
*** HOLE CARDS ***
SLK500: raises $3 to $6
Psynto: calls $3
*** FLOP *** [8d 4h Ts]
Psynto: checks
SLK500: checks
*** TURN *** [8d 4h Ts] [Ah]
Psynto: checks
SLK500: bets $6
Psynto: calls $6
*** RIVER *** [8d 4h Ts Ah] [8c]
Psynto: checks
SLK500: checks
*** SHOW DOWN ***
Psynto: shows [6d Tc] (two pair, Tens and Eights)
SLK500: mucks hand
Psynto collected $23.52 from pot
*** SUMMARY ***
Total pot $24 | Rake $0.48
Board [8d 4h Ts Ah 8c]
Seat 1: SLK500 (button) (small blind) mucked
Seat 6: Psynto (big blind) showed [6d Tc] and won ($23.52) with two pair, Tens and Eights


PokerStars Hand #160595433376:  Hold'em Limit ($3/$6 USD) - 2016/10/29 10:30:52 ET
Table 'Phobos II' 6-max Seat #1 is the button
Seat 1: SLK500 ($181.60 in chips)
Seat 3: BadBoyKillla ($69.41 in chips)
SLK500: posts small blind $1
BadBoyKillla: posts big blind $3
*** HOLE CARDS ***
SLK500: folds
Uncalled bet ($2) returned to BadBoyKillla
BadBoyKillla collected $2 from pot
*** SUMMARY ***
Total pot $2 | Rake $0
Seat 1: SLK500 (button) (small blind) folded before Flop
Seat 3: BadBoyKillla (big blind) collected ($2)


PokerStars Hand #160595428714:  Hold'em Limit ($3/$6 USD) - 2016/10/29 10:30:45 ET
Table 'Phobos II' 6-max Seat #3 is the button
Seat 1: SLK500 ($180.60 in chips)
Seat 3: BadBoyKillla ($70.41 in chips)
BadBoyKillla: posts small blind $1
Psynto: is sitting out
Psynto leaves the table
SLK500: posts big blind $3
*** HOLE CARDS ***
BadBoyKillla: folds
Uncalled bet ($2) returned to SLK500
SLK500 collected $2 from pot
SLK500: doesn't show hand
*** SUMMARY ***
Total pot $2 | Rake $0
Seat 1: SLK500 (big blind) collected ($2)
Seat 3: BadBoyKillla (button) (small blind) folded before Flop


PokerStars Hand #160595437653:  Hold'em Limit ($3/$6 USD) - 2016/10/29 10:30:58 ET
Table 'Phobos II' 6-max Seat #3 is the button
Seat 1: SLK500 ($180.60 in chips)
Seat 3: BadBoyKillla ($70.41 in chips)
BadBoyKillla: posts small blind $1
SLK500: posts big blind $3
*** HOLE CARDS ***
BadBoyKillla: raises $3 to $6
SLK500: raises $3 to $9
BadBoyKillla: calls $3
*** FLOP *** [Kd 5c 3h]
SLK500: bets $3
BadBoyKillla: calls $3
*** TURN *** [Kd 5c 3h] [2c]
SLK500: bets $6
BadBoyKillla: calls $6
*** RIVER *** [Kd 5c 3h 2c] [Ks]
SLK500: bets $6
BadBoyKillla: calls $6
*** SHOW DOWN ***
SLK500: shows [7h 7d] (two pair, Kings and Sevens)
BadBoyKillla: mucks hand
SLK500 collected $47.50 from pot
*** SUMMARY ***
Total pot $48 | Rake $0.50
Board [Kd 5c 3h 2c Ks]
Seat 1: SLK500 (big blind) showed [7h 7d] and won ($47.50) with two pair, Kings and Sevens
Seat 3: BadBoyKillla (button) (small blind) mucked


PokerStars Hand #160595451869:  Hold'em Limit ($3/$6 USD) - 2016/10/29 10:31:19 ET
Table 'Phobos II' 6-max Seat #1 is the button
Seat 1: SLK500 ($204.10 in chips)
Seat 3: BadBoyKillla ($46.41 in chips)
SLK500: posts small blind $1
BadBoyKillla: posts big blind $3
*** HOLE CARDS ***
SLK500: calls $2
BadBoyKillla: checks
*** FLOP *** [3h As 6h]
BadBoyKillla: checks
SLK500: checks
*** TURN *** [3h As 6h] [8h]
BadBoyKillla: checks
SLK500: bets $6
BadBoyKillla: folds
Uncalled bet ($6) returned to SLK500
SLK500 collected $5.88 from pot
SLK500: doesn't show hand
*** SUMMARY ***
Total pot $6 | Rake $0.12
Board [3h As 6h 8h]
Seat 1: SLK500 (button) (small blind) collected ($5.88)
Seat 3: BadBoyKillla (big blind) folded on the Turn


PokerStars Hand #160595462294:  Hold'em Limit ($3/$6 USD) - 2016/10/29 10:31:35 ET
Table 'Phobos II' 6-max Seat #3 is the button
Seat 1: SLK500 ($206.98 in chips)
Seat 3: BadBoyKillla ($43.41 in chips)
BadBoyKillla: posts small blind $1
SLK500: posts big blind $3
*** HOLE CARDS ***
BadBoyKillla: raises $3 to $6
vovojc joins the table at seat #2
SLK500: calls $3
*** FLOP *** [7d 7h Ts]
SLK500: checks
BadBoyKillla: bets $3
SLK500: raises $3 to $6
BadBoyKillla: calls $3
*** TURN *** [7d 7h Ts] [8d]
SLK500: bets $6
BadBoyKillla: calls $6
*** RIVER *** [7d 7h Ts 8d] [6h]
SLK500: checks
BadBoyKillla: checks
*** SHOW DOWN ***
SLK500: shows [Jc 8c] (two pair, Eights and Sevens)
BadBoyKillla: shows [8s Kc] (two pair, Eights and Sevens - King kicker)
BadBoyKillla collected $35.50 from pot
*** SUMMARY ***
Total pot $36 | Rake $0.50
Board [7d 7h Ts 8d 6h]
Seat 1: SLK500 (big blind) showed [Jc 8c] and lost with two pair, Eights and Sevens
Seat 3: BadBoyKillla (button) (small blind) showed [8s Kc] and won ($35.50) with two pair, Eights and Sevens


PokerStars Hand #160595540670:  Hold'em Limit ($3/$6 USD) - 2016/10/29 10:33:32 ET
Table 'Phobos II' 6-max Seat #1 is the button
Seat 1: SLK500 ($176.98 in chips)
Seat 3: BadBoyKillla ($80.90 in chips)
ChawkDee will be allowed to play after the button
SLK500: posts small blind $1
BadBoyKillla: posts big blind $3
*** HOLE CARDS ***
SLK500: folds
Uncalled bet ($2) returned to BadBoyKillla
BadBoyKillla collected $2 from pot
*** SUMMARY ***
Total pot $2 | Rake $0
Seat 1: SLK500 (button) (small blind) folded before Flop
Seat 3: BadBoyKillla (big blind) collected ($2)


PokerStars Hand #160596970395:  Hold'em Limit ($3/$6 USD) - 2016/10/29 11:10:10 ET
Table 'Phobos II' 6-max Seat #3 is the button
Seat 3: ZinZar ($72 in chips)
Seat 6: swics1202 ($129.68 in chips)
ZinZar: posts small blind $1
swics1202: posts big blind $3
*** HOLE CARDS ***
ZinZar: raises $3 to $6
swics1202: folds
Uncalled bet ($3) returned to ZinZar
ZinZar collected $6 from pot
ZinZar: doesn't show hand
*** SUMMARY ***
Total pot $6 | Rake $0
Seat 3: ZinZar (button) (small blind) collected ($6)
Seat 6: swics1202 (big blind) folded before Flop


PokerStars Hand #160596966070:  Hold'em Limit ($3/$6 USD) - 2016/10/29 11:10:03 ET
Table 'Phobos II' 6-max Seat #6 is the button
Seat 3: ZinZar ($75 in chips)
Seat 6: swics1202 ($126.68 in chips)
swics1202: posts small blind $1
ZinZar: posts big blind $3
*** HOLE CARDS ***
swics1202: raises $3 to $6
ZinZar: folds
Uncalled bet ($3) returned to swics1202
swics1202 collected $6 from pot
swics1202: doesn't show hand
*** SUMMARY ***
Total pot $6 | Rake $0
Seat 3: ZinZar (big blind) folded before Flop
Seat 6: swics1202 (button) (small blind) collected ($6)


PokerStars Hand #160596918483:  Hold'em Limit ($3/$6 USD) - 2016/10/29 11:08:53 ET
Table 'Phobos II' 6-max Seat #6 is the button
Seat 3: ZinZar ($72 in chips)
Seat 6: swics1202 ($124.54 in chips)
swics1202: posts small blind $1
ZinZar: posts big blind $3
*** HOLE CARDS ***
swics1202: raises $3 to $6
ZinZar: raises $3 to $9
swics1202: calls $3
*** FLOP *** [8h 5d 3s]
ZinZar: bets $3
swics1202: calls $3
*** TURN *** [8h 5d 3s] [4s]
ZinZar: bets $6
swics1202: calls $6
*** RIVER *** [8h 5d 3s 4s] [Ts]
ZinZar: bets $6
swics1202: calls $6
*** SHOW DOWN ***
ZinZar: shows [Tc Qh] (a pair of Tens)
swics1202: mucks hand
ZinZar collected $47.50 from pot
*** SUMMARY ***
Total pot $48 | Rake $0.50
Board [8h 5d 3s 4s Ts]
Seat 3: ZinZar (big blind) showed [Tc Qh] and won ($47.50) with a pair of Tens
Seat 6: swics1202 (button) (small blind) mucked


PokerStars Hand #160596936789:  Hold'em Limit ($3/$6 USD) - 2016/10/29 11:09:20 ET
Table 'Phobos II' 6-max Seat #3 is the button
Seat 3: ZinZar ($95.50 in chips)
Seat 6: swics1202 ($100.54 in chips)
ZinZar: posts small blind $1
swics1202: posts big blind $3
*** HOLE CARDS ***
ZinZar: raises $3 to $6
swics1202: raises $3 to $9
ZinZar: calls $3
*** FLOP *** [2d 9c Kh]
swics1202: bets $3
ZinZar: folds
Uncalled bet ($3) returned to swics1202
swics1202 collected $17.64 from pot
swics1202: doesn't show hand
*** SUMMARY ***
Total pot $18 | Rake $0.36
Board [2d 9c Kh]
Seat 3: ZinZar (button) (small blind) folded on the Flop
Seat 6: swics1202 (big blind) collected ($17.64)


PokerStars Hand #160596944831:  Hold'em Limit ($3/$6 USD) - 2016/10/29 11:09:32 ET
Table 'Phobos II' 6-max Seat #6 is the button
Seat 3: ZinZar ($86.50 in chips)
Seat 6: swics1202 ($109.18 in chips)
swics1202: posts small blind $1
ZinZar: posts big blind $3
*** HOLE CARDS ***
swics1202: raises $3 to $6
ZinZar: raises $3 to $9
swics1202: calls $3
*** FLOP *** [Ac 9c 5d]
ZinZar: bets $3
swics1202: raises $3 to $6
ZinZar: calls $3
*** TURN *** [Ac 9c 5d] [5h]
ZinZar: checks
swics1202: checks
*** RIVER *** [Ac 9c 5d 5h] [2d]
ZinZar: checks
swics1202: bets $6
ZinZar: calls $6
*** SHOW DOWN ***
swics1202: shows [7c 9d] (two pair, Nines and Fives)
ZinZar: mucks hand
swics1202 collected $41.50 from pot
*** SUMMARY ***
Total pot $42 | Rake $0.50
Board [Ac 9c 5d 5h 2d]
Seat 3: ZinZar (big blind) mucked
Seat 6: swics1202 (button) (small blind) showed [7c 9d] and won ($41.50) with two pair, Nines and Fives


PokerStars Hand #160596960543:  Hold'em Limit ($3/$6 USD) - 2016/10/29 11:09:55 ET
Table 'Phobos II' 6-max Seat #3 is the button
Seat 3: ZinZar ($72 in chips)
Seat 6: swics1202 ($129.68 in chips)
ZinZar: posts small blind $1
swics1202: posts big blind $3
*** HOLE CARDS ***
ZinZar: raises $3 to $6
swics1202: folds
Uncalled bet ($3) returned to ZinZar
ZinZar collected $6 from pot
ZinZar: doesn't show hand
*** SUMMARY ***
Total pot $6 | Rake $0
Seat 3: ZinZar (button) (small blind) collected ($6)
Seat 6: swics1202 (big blind) folded before Flop


PokerStars Hand #160596974029:  Hold'em Limit ($3/$6 USD) - 2016/10/29 11:10:15 ET
Table 'Phobos II' 6-max Seat #6 is the button
Seat 3: ZinZar ($75 in chips)
Seat 6: swics1202 ($126.68 in chips)
swics1202: posts small blind $1
ZinZar: posts big blind $3
*** HOLE CARDS ***
swics1202: raises $3 to $6
ZinZar: calls $3
*** FLOP *** [Jd 3s 8c]
ZinZar: checks
swics1202: bets $3
ZinZar: folds
Uncalled bet ($3) returned to swics1202
swics1202 collected $11.76 from pot
swics1202: doesn't show hand
*** SUMMARY ***
Total pot $12 | Rake $0.24
Board [Jd 3s 8c]
Seat 3: ZinZar (big blind) folded on the Flop
Seat 6: swics1202 (button) (small blind) collected ($11.76)


PokerStars Hand #160596984113:  Hold'em Limit ($3/$6 USD) - 2016/10/29 11:10:30 ET
Table 'Phobos II' 6-max Seat #3 is the button
Seat 3: ZinZar ($72 in chips)
Seat 6: swics1202 ($132.44 in chips)
ZinZar: posts small blind $1
swics1202: posts big blind $3
*** HOLE CARDS ***
ZinZar: raises $3 to $6
swics1202: calls $3
*** FLOP *** [4h 3s 7h]
swics1202: checks
ZinZar: bets $3
swics1202: raises $3 to $6
ZinZar: calls $3
*** TURN *** [4h 3s 7h] [8s]
swics1202: bets $6
ZinZar: calls $6
*** RIVER *** [4h 3s 7h 8s] [8c]
swics1202: bets $6
ZinZar: folds
Uncalled bet ($6) returned to swics1202
swics1202 collected $35.50 from pot
swics1202: doesn't show hand
*** SUMMARY ***
Total pot $36 | Rake $0.50
Board [4h 3s 7h 8s 8c]
Seat 3: ZinZar (button) (small blind) folded on the River
Seat 6: swics1202 (big blind) collected ($35.50)


PokerStars Hand #160596998521:  Hold'em Limit ($3/$6 USD) - 2016/10/29 11:10:52 ET
Table 'Phobos II' 6-max Seat #6 is the button
Seat 3: ZinZar ($72 in chips)
Seat 6: swics1202 ($149.94 in chips)
swics1202: posts small blind $1
ZinZar: posts big blind $3
*** HOLE CARDS ***
swics1202: raises $3 to $6
ZinZar: raises $3 to $9
swics1202: raises $3 to $12
Betting is capped
ZinZar: calls $3
*** FLOP *** [Kc Jh 7d]
ZinZar: checks
swics1202: bets $3
tamnt10549 leaves the table
ZinZar: calls $3
*** TURN *** [Kc Jh 7d] [8c]
ZinZar: checks
swics1202: bets $6
ZinZar: calls $6
*** RIVER *** [Kc Jh 7d 8c] [2c]
ZinZar: checks
swics1202: checks
*** SHOW DOWN ***
ZinZar: shows [Td Th] (a pair of Tens)
swics1202: mucks hand
ZinZar collected $41.50 from pot
*** SUMMARY ***
Total pot $42 | Rake $0.50
Board [Kc Jh 7d 8c 2c]
Seat 3: ZinZar (big blind) showed [Td Th] and won ($41.50) with a pair of Tens
Seat 6: swics1202 (button) (small blind) mucked


PokerStars Hand #160597022177:  Hold'em Limit ($3/$6 USD) - 2016/10/29 11:11:27 ET
Table 'Phobos II' 6-max Seat #3 is the button
Seat 3: ZinZar ($92.50 in chips)
Seat 6: swics1202 ($128.94 in chips)
ZinZar: posts small blind $1
swics1202: posts big blind $3
*** HOLE CARDS ***
ZinZar: raises $3 to $6
swics1202: calls $3
*** FLOP *** [8d 3d Kd]
swics1202: checks
BAKU7777777 joins the table at seat #2
ZinZar: bets $3
swics1202: folds
Uncalled bet ($3) returned to ZinZar
ZinZar collected $11.76 from pot
ZinZar: doesn't show hand
*** SUMMARY ***
Total pot $12 | Rake $0.24
Board [8d 3d Kd]
Seat 3: ZinZar (button) (small blind) collected ($11.76)
Seat 6: swics1202 (big blind) folded on the Flop


PokerStars Hand #160597165801:  Hold'em Limit ($3/$6 USD) - 2016/10/29 11:14:48 ET
Table 'Phobos II' 6-max Seat #2 is the button
Seat 2: BAKU7777777 ($85.93 in chips)
Seat 3: ZinZar ($156.69 in chips)
maggiemoodle will be allowed to play after the button
BAKU7777777: posts small blind $1
ZinZar: posts big blind $3
*** HOLE CARDS ***
BAKU7777777: raises $3 to $6
ZinZar: calls $3
*** FLOP *** [7h Qh 8h]
ZinZar: checks
BAKU7777777: checks
*** TURN *** [7h Qh 8h] [5d]
ZinZar: bets $6
BAKU7777777: calls $6
*** RIVER *** [7h Qh 8h 5d] [Kc]
ZinZar: checks
BAKU7777777: checks
*** SHOW DOWN ***
ZinZar: shows [9h 5s] (a pair of Fives)
BAKU7777777: mucks hand
ZinZar collected $23.52 from pot
*** SUMMARY ***
Total pot $24 | Rake $0.48
Board [7h Qh 8h 5d Kc]
Seat 2: BAKU7777777 (button) (small blind) mucked
Seat 3: ZinZar (big blind) showed [9h 5s] and won ($23.52) with a pair of Fives


PokerStars Hand #160599013041:  Hold'em Limit ($3/$6 USD) - 2016/10/29 12:00:41 ET
Table 'Phobos II' 6-max Seat #3 is the button
Seat 2: Chessnok ($67.85 in chips)
Seat 3: sim5sim5 ($72 in chips)
sim5sim5: posts small blind $1
swics1202: is sitting out
Chessnok: posts big blind $3
*** HOLE CARDS ***
sim5sim5: raises $3 to $6
Chessnok: raises $3 to $9
sim5sim5: raises $3 to $12
Betting is capped
Chessnok: calls $3
*** FLOP *** [3c Tc Ah]
Chessnok: checks
sim5sim5: bets $3
Chessnok: calls $3
*** TURN *** [3c Tc Ah] [Jc]
Chessnok: checks
sim5sim5: checks
*** RIVER *** [3c Tc Ah Jc] [6s]
Chessnok: bets $6
swics1202 leaves the table
sim5sim5: folds
Uncalled bet ($6) returned to Chessnok
Chessnok collected $29.50 from pot
Chessnok: doesn't show hand
*** SUMMARY ***
Total pot $30 | Rake $0.50
Board [3c Tc Ah Jc 6s]
Seat 2: Chessnok (big blind) collected ($29.50)
Seat 3: sim5sim5 (button) (small blind) folded on the River


