PokerStars Hand #158229906011:  Hold'em Limit ($3/$6 USD) - 2016/09/06 5:16:34 ET
Table 'Phobos' 6-max Seat #1 is the button
Seat 1: manly70 ($52.15 in chips)
Seat 4: VolkovDmitri ($120 in chips)
manly70: posts small blind $1
VolkovDmitri: posts big blind $3
*** HOLE CARDS ***
manly70: raises $3 to $6
VolkovDmitri: raises $3 to $9
manly70: calls $3
*** FLOP *** [Ac 2s 3s]
VolkovDmitri: bets $3
manly70: calls $3
*** TURN *** [Ac 2s 3s] [4c]
VolkovDmitri: bets $6
manly70: calls $6
*** RIVER *** [Ac 2s 3s 4c] [Td]
VolkovDmitri: checks
manly70: checks
*** SHOW DOWN ***
VolkovDmitri: shows [7s 6h] (high card Ace)
manly70: shows [Ks 6s] (high card Ace - King kicker)
manly70 collected $35.50 from pot
*** SUMMARY ***
Total pot $36 | Rake $0.50
Board [Ac 2s 3s 4c Td]
Seat 1: manly70 (button) (small blind) showed [Ks 6s] and won ($35.50) with high card Ace
Seat 4: VolkovDmitri (big blind) showed [7s 6h] and lost with high card Ace


PokerStars Hand #158229932806:  Hold'em Limit ($3/$6 USD) - 2016/09/06 5:17:50 ET
Table 'Phobos' 6-max Seat #4 is the button
Seat 1: manly70 ($59.65 in chips)
Seat 4: VolkovDmitri ($129.64 in chips)
VolkovDmitri: posts small blind $1
manly70: posts big blind $3
*** HOLE CARDS ***
VolkovDmitri: raises $3 to $6
manly70: folds
Uncalled bet ($3) returned to VolkovDmitri
VolkovDmitri collected $6 from pot
VolkovDmitri: doesn't show hand
*** SUMMARY ***
Total pot $6 | Rake $0
Seat 1: manly70 (big blind) folded before Flop
Seat 4: VolkovDmitri (button) (small blind) collected ($6)


PokerStars Hand #158229937228:  Hold'em Limit ($3/$6 USD) - 2016/09/06 5:18:02 ET
Table 'Phobos' 6-max Seat #4 is the button
Seat 1: manly70 ($55.65 in chips)
Seat 4: VolkovDmitri ($133.64 in chips)
VolkovDmitri: posts small blind $1
manly70: posts big blind $3
*** HOLE CARDS ***
VolkovDmitri: raises $3 to $6
manly70: calls $3
*** FLOP *** [Jd Jh Qh]
manly70: checks
VolkovDmitri: bets $3
manly70: calls $3
*** TURN *** [Jd Jh Qh] [9s]
manly70: checks
VolkovDmitri: checks
*** RIVER *** [Jd Jh Qh 9s] [6d]
manly70: bets $6
VolkovDmitri: folds
Uncalled bet ($6) returned to manly70
manly70 collected $17.64 from pot
*** SUMMARY ***
Total pot $18 | Rake $0.36
Board [Jd Jh Qh 9s 6d]
Seat 1: manly70 (big blind) collected ($17.64)
Seat 4: VolkovDmitri (button) (small blind) folded on the River


PokerStars Hand #158229959961:  Hold'em Limit ($3/$6 USD) - 2016/09/06 5:19:06 ET
Table 'Phobos' 6-max Seat #1 is the button
Seat 1: manly70 ($71.93 in chips)
Seat 4: VolkovDmitri ($120 in chips)
manly70: posts small blind $1
VolkovDmitri: posts big blind $3
*** HOLE CARDS ***
manly70: folds
Uncalled bet ($2) returned to VolkovDmitri
VolkovDmitri collected $2 from pot
VolkovDmitri: doesn't show hand
*** SUMMARY ***
Total pot $2 | Rake $0
Seat 1: manly70 (button) (small blind) folded before Flop
Seat 4: VolkovDmitri (big blind) collected ($2)


PokerStars Hand #158229948649:  Hold'em Limit ($3/$6 USD) - 2016/09/06 5:18:35 ET
Table 'Phobos' 6-max Seat #4 is the button
Seat 1: manly70 ($63.29 in chips)
Seat 4: VolkovDmitri ($125.64 in chips)
VolkovDmitri: posts small blind $1
manly70: posts big blind $3
*** HOLE CARDS ***
VolkovDmitri: raises $3 to $6
manly70: calls $3
*** FLOP *** [Qc 2s 9d]
manly70: checks
VolkovDmitri: bets $3
manly70: calls $3
*** TURN *** [Qc 2s 9d] [Tc]
manly70: checks
VolkovDmitri: checks
*** RIVER *** [Qc 2s 9d Tc] [8c]
manly70: checks
VolkovDmitri: checks
*** SHOW DOWN ***
manly70: shows [Ks 4h] (high card King)
VolkovDmitri: mucks hand
manly70 collected $17.64 from pot
*** SUMMARY ***
Total pot $18 | Rake $0.36
Board [Qc 2s 9d Tc 8c]
Seat 1: manly70 (big blind) showed [Ks 4h] and won ($17.64) with high card King
Seat 4: VolkovDmitri (button) (small blind) mucked


PokerStars Hand #158229967381:  Hold'em Limit ($3/$6 USD) - 2016/09/06 5:19:27 ET
Table 'Phobos' 6-max Seat #1 is the button
Seat 1: manly70 ($64.93 in chips)
Seat 4: VolkovDmitri ($126.76 in chips)
manly70: posts small blind $1
VolkovDmitri: posts big blind $3
*** HOLE CARDS ***
manly70: folds
Uncalled bet ($2) returned to VolkovDmitri
VolkovDmitri collected $2 from pot
VolkovDmitri: doesn't show hand
*** SUMMARY ***
Total pot $2 | Rake $0
Seat 1: manly70 (button) (small blind) folded before Flop
Seat 4: VolkovDmitri (big blind) collected ($2)


PokerStars Hand #158229962039:  Hold'em Limit ($3/$6 USD) - 2016/09/06 5:19:12 ET
Table 'Phobos' 6-max Seat #4 is the button
Seat 1: manly70 ($70.93 in chips)
Seat 4: VolkovDmitri ($121 in chips)
VolkovDmitri: posts small blind $1
manly70: posts big blind $3
*** HOLE CARDS ***
VolkovDmitri: raises $3 to $6
manly70: calls $3
*** FLOP *** [Th 3s 8c]
manly70: checks
VolkovDmitri: bets $3
manly70: folds
Uncalled bet ($3) returned to VolkovDmitri
VolkovDmitri collected $11.76 from pot
VolkovDmitri: doesn't show hand
*** SUMMARY ***
Total pot $12 | Rake $0.24
Board [Th 3s 8c]
Seat 1: manly70 (big blind) folded on the Flop
Seat 4: VolkovDmitri (button) (small blind) collected ($11.76)


PokerStars Hand #158229969401:  Hold'em Limit ($3/$6 USD) - 2016/09/06 5:19:33 ET
Table 'Phobos' 6-max Seat #4 is the button
Seat 1: manly70 ($63.93 in chips)
Seat 4: VolkovDmitri ($127.76 in chips)
VolkovDmitri: posts small blind $1
manly70: posts big blind $3
*** HOLE CARDS ***
VolkovDmitri: raises $3 to $6
manly70: calls $3
*** FLOP *** [5s Tc 7h]
manly70: checks
VolkovDmitri: bets $3
manly70: calls $3
*** TURN *** [5s Tc 7h] [Qd]
manly70: checks
VolkovDmitri: checks
*** RIVER *** [5s Tc 7h Qd] [7s]
manly70: checks
VolkovDmitri: checks
*** SHOW DOWN ***
manly70: shows [6d 4c] (a pair of Sevens)
VolkovDmitri: shows [6h 9c] (a pair of Sevens - Queen+Ten+Nine kicker)
VolkovDmitri collected $17.64 from pot
*** SUMMARY ***
Total pot $18 | Rake $0.36
Board [5s Tc 7h Qd 7s]
Seat 1: manly70 (big blind) showed [6d 4c] and lost with a pair of Sevens
Seat 4: VolkovDmitri (button) (small blind) showed [6h 9c] and won ($17.64) with a pair of Sevens


PokerStars Hand #158229988703:  Hold'em Limit ($3/$6 USD) - 2016/09/06 5:20:27 ET
Table 'Phobos' 6-max Seat #4 is the button
Seat 1: manly70 ($45.93 in chips)
Seat 4: VolkovDmitri ($145.04 in chips)
VolkovDmitri: posts small blind $1
manly70: posts big blind $3
*** HOLE CARDS ***
VolkovDmitri: raises $3 to $6
manly70: calls $3
*** FLOP *** [Ac Kd Th]
manly70: checks
VolkovDmitri: bets $3
manly70: folds
Uncalled bet ($3) returned to VolkovDmitri
VolkovDmitri collected $11.76 from pot
VolkovDmitri: doesn't show hand
*** SUMMARY ***
Total pot $12 | Rake $0.24
Board [Ac Kd Th]
Seat 1: manly70 (big blind) folded on the Flop
Seat 4: VolkovDmitri (button) (small blind) collected ($11.76)


PokerStars Hand #158229995149:  Hold'em Limit ($3/$6 USD) - 2016/09/06 5:20:45 ET
Table 'Phobos' 6-max Seat #1 is the button
Seat 1: manly70 ($39.93 in chips)
Seat 4: VolkovDmitri ($150.80 in chips)
manly70: posts small blind $1
VolkovDmitri: posts big blind $3
*** HOLE CARDS ***
manly70: raises $3 to $6
VolkovDmitri: calls $3
*** FLOP *** [Jc Kc Th]
VolkovDmitri: checks
manly70: bets $3
VolkovDmitri: calls $3
*** TURN *** [Jc Kc Th] [Td]
VolkovDmitri: checks
manly70: bets $6
VolkovDmitri: calls $6
*** RIVER *** [Jc Kc Th Td] [9d]
VolkovDmitri: checks
manly70: bets $6
VolkovDmitri: folds
Uncalled bet ($6) returned to manly70
manly70 collected $29.50 from pot
*** SUMMARY ***
Total pot $30 | Rake $0.50
Board [Jc Kc Th Td 9d]
Seat 1: manly70 (button) (small blind) collected ($29.50)
Seat 4: VolkovDmitri (big blind) folded on the River


PokerStars Hand #158230007785:  Hold'em Limit ($3/$6 USD) - 2016/09/06 5:21:21 ET
Table 'Phobos' 6-max Seat #4 is the button
Seat 1: manly70 ($54.43 in chips)
Seat 4: VolkovDmitri ($135.80 in chips)
VolkovDmitri: posts small blind $1
manly70: posts big blind $3
*** HOLE CARDS ***
VolkovDmitri: raises $3 to $6
manly70: calls $3
*** FLOP *** [Kc 2d Jc]
manly70: checks
VolkovDmitri: bets $3
manly70: calls $3
*** TURN *** [Kc 2d Jc] [2h]
manly70: checks
VolkovDmitri: checks
*** RIVER *** [Kc 2d Jc 2h] [7c]
manly70: checks
VolkovDmitri: checks
*** SHOW DOWN ***
manly70: shows [4s As] (a pair of Deuces)
VolkovDmitri: mucks hand
manly70 collected $17.64 from pot
*** SUMMARY ***
Total pot $18 | Rake $0.36
Board [Kc 2d Jc 2h 7c]
Seat 1: manly70 (big blind) showed [4s As] and won ($17.64) with a pair of Deuces
Seat 4: VolkovDmitri (button) (small blind) mucked


PokerStars Hand #158230023252:  Hold'em Limit ($3/$6 USD) - 2016/09/06 5:22:04 ET
Table 'Phobos' 6-max Seat #1 is the button
Seat 1: manly70 ($63.07 in chips)
Seat 4: VolkovDmitri ($126.80 in chips)
manly70: posts small blind $1
VolkovDmitri: posts big blind $3
*** HOLE CARDS ***
manly70: raises $3 to $6
VolkovDmitri: raises $3 to $9
manly70: calls $3
*** FLOP *** [2h 3s 5d]
VolkovDmitri: bets $3
manly70: calls $3
*** TURN *** [2h 3s 5d] [Kh]
VolkovDmitri: bets $6
manly70: calls $6
*** RIVER *** [2h 3s 5d Kh] [6c]
ABATAPP joins the table at seat #2
VolkovDmitri: bets $6
manly70: calls $6
*** SHOW DOWN ***
VolkovDmitri: shows [Kd Ac] (a pair of Kings)
manly70: mucks hand
VolkovDmitri collected $47.50 from pot
*** SUMMARY ***
Total pot $48 | Rake $0.50
Board [2h 3s 5d Kh 6c]
Seat 1: manly70 (button) (small blind) mucked
Seat 4: VolkovDmitri (big blind) showed [Kd Ac] and won ($47.50) with a pair of Kings


PokerStars Hand #158230036664:  Hold'em Limit ($3/$6 USD) - 2016/09/06 5:22:41 ET
Table 'Phobos' 6-max Seat #2 is the button
Seat 1: manly70 ($39.07 in chips)
Seat 2: ABATAPP ($120 in chips)
ABATAPP: posts small blind $1
manly70: posts big blind $3
*** HOLE CARDS ***
ABATAPP: raises $3 to $6
manly70: calls $3
*** FLOP *** [Jc 5d 3d]
manly70: checks
ABATAPP: bets $3
manly70: calls $3
*** TURN *** [Jc 5d 3d] [4d]
manly70: checks
ABATAPP: checks
*** RIVER *** [Jc 5d 3d 4d] [8h]
manly70: checks
ABATAPP: checks
*** SHOW DOWN ***
manly70: shows [6c Ks] (high card King)
ABATAPP: shows [4c Kd] (a pair of Fours)
ABATAPP collected $17.64 from pot
*** SUMMARY ***
Total pot $18 | Rake $0.36
Board [Jc 5d 3d 4d 8h]
Seat 1: manly70 (big blind) showed [6c Ks] and lost with high card King
Seat 2: ABATAPP (button) (small blind) showed [4c Kd] and won ($17.64) with a pair of Fours


PokerStars Hand #158230051646:  Hold'em Limit ($3/$6 USD) - 2016/09/06 5:23:23 ET
Table 'Phobos' 6-max Seat #2 is the button
Seat 1: manly70 ($15.07 in chips)
Seat 2: ABATAPP ($143.14 in chips)
ABATAPP: posts small blind $1
manly70: posts big blind $3
*** HOLE CARDS ***
ABATAPP: calls $2
manly70: checks
*** FLOP *** [As 3d 6c]
manly70: checks
ABATAPP: bets $3
manly70: folds
Uncalled bet ($3) returned to ABATAPP
ABATAPP collected $5.88 from pot
ABATAPP: doesn't show hand
*** SUMMARY ***
Total pot $6 | Rake $0.12
Board [As 3d 6c]
Seat 1: manly70 (big blind) folded on the Flop
Seat 2: ABATAPP (button) (small blind) collected ($5.88)


PokerStars Hand #158230061684:  Hold'em Limit ($3/$6 USD) - 2016/09/06 5:23:52 ET
Table 'Phobos' 6-max Seat #1 is the button
Seat 1: manly70 ($8.07 in chips)
Seat 2: ABATAPP ($150.02 in chips)
manly70: posts small blind $1
ABATAPP: posts big blind $3
*** HOLE CARDS ***
manly70: raises $3 to $6
ABATAPP: folds
Uncalled bet ($3) returned to manly70
manly70 collected $6 from pot
*** SUMMARY ***
Total pot $6 | Rake $0
Seat 1: manly70 (button) (small blind) collected ($6)
Seat 2: ABATAPP (big blind) folded before Flop


PokerStars Hand #158230059210:  Hold'em Limit ($3/$6 USD) - 2016/09/06 5:23:45 ET
Table 'Phobos' 6-max Seat #2 is the button
Seat 1: manly70 ($11.07 in chips)
Seat 2: ABATAPP ($147.02 in chips)
ABATAPP: posts small blind $1
manly70: posts big blind $3
*** HOLE CARDS ***
ABATAPP: raises $3 to $6
manly70: folds
Uncalled bet ($3) returned to ABATAPP
ABATAPP collected $6 from pot
ABATAPP: doesn't show hand
*** SUMMARY ***
Total pot $6 | Rake $0
Seat 1: manly70 (big blind) folded before Flop
Seat 2: ABATAPP (button) (small blind) collected ($6)


PokerStars Hand #158230057068:  Hold'em Limit ($3/$6 USD) - 2016/09/06 5:23:39 ET
Table 'Phobos' 6-max Seat #1 is the button
Seat 1: manly70 ($12.07 in chips)
Seat 2: ABATAPP ($146.02 in chips)
manly70: posts small blind $1
ABATAPP: posts big blind $3
*** HOLE CARDS ***
manly70: folds
Uncalled bet ($2) returned to ABATAPP
ABATAPP collected $2 from pot
ABATAPP: doesn't show hand
*** SUMMARY ***
Total pot $2 | Rake $0
Seat 1: manly70 (button) (small blind) folded before Flop
Seat 2: ABATAPP (big blind) collected ($2)


PokerStars Hand #158230043624:  Hold'em Limit ($3/$6 USD) - 2016/09/06 5:23:01 ET
Table 'Phobos' 6-max Seat #1 is the button
Seat 1: manly70 ($30.07 in chips)
Seat 2: ABATAPP ($128.64 in chips)
manly70: posts small blind $1
ABATAPP: posts big blind $3
*** HOLE CARDS ***
manly70: raises $3 to $6
ABATAPP: calls $3
*** FLOP *** [9d Qs Ts]
ABATAPP: checks
manly70: bets $3
ABATAPP: calls $3
*** TURN *** [9d Qs Ts] [Ah]
ABATAPP: checks
manly70: checks
*** RIVER *** [9d Qs Ts Ah] [5c]
ABATAPP: bets $6
manly70: calls $6
*** SHOW DOWN ***
ABATAPP: shows [Kh Js] (a straight, Ten to Ace)
manly70: mucks hand
ABATAPP collected $29.50 from pot
*** SUMMARY ***
Total pot $30 | Rake $0.50
Board [9d Qs Ts Ah 5c]
Seat 1: manly70 (button) (small blind) mucked
Seat 2: ABATAPP (big blind) showed [Kh Js] and won ($29.50) with a straight, Ten to Ace


PokerStars Hand #158230064811:  Hold'em Limit ($3/$6 USD) - 2016/09/06 5:24:00 ET
Table 'Phobos' 6-max Seat #2 is the button
Seat 1: manly70 ($11.07 in chips)
Seat 2: ABATAPP ($147.02 in chips)
ABATAPP: posts small blind $1
manly70: posts big blind $3
*** HOLE CARDS ***
ABATAPP: raises $3 to $6
manly70: raises $3 to $9
ABATAPP: raises $3 to $12
Betting is capped
manly70: calls $2.07 and is all-in
Uncalled bet ($0.93) returned to ABATAPP
*** FLOP *** [2c 8h 5s]
*** TURN *** [2c 8h 5s] [4d]
*** RIVER *** [2c 8h 5s 4d] [5c]
*** SHOW DOWN ***
manly70: shows [Ts Qd] (a pair of Fives)
ABATAPP: shows [Kc 5h] (three of a kind, Fives)
ABATAPP collected $21.70 from pot
*** SUMMARY ***
Total pot $22.14 | Rake $0.44
Board [2c 8h 5s 4d 5c]
Seat 1: manly70 (big blind) showed [Ts Qd] and lost with a pair of Fives
Seat 2: ABATAPP (button) (small blind) showed [Kc 5h] and won ($21.70) with three of a kind, Fives


