PokerStars Hand #156289589670:  Hold'em Limit ($3/$6 USD) - 2016/07/22 6:14:45 ET
Table 'Phocaea' 6-max Seat #6 is the button
Seat 1: Ag3r0n ($96.89 in chips)
Seat 6: 27USTAS ($87.38 in chips)
27USTAS: posts small blind $1
Ag3r0n: posts big blind $3
*** HOLE CARDS ***
Punkyfee leaves the table
27USTAS: folds
Uncalled bet ($2) returned to Ag3r0n
Ag3r0n collected $2 from pot
*** SUMMARY ***
Total pot $2 | Rake $0
Seat 1: Ag3r0n (big blind) collected ($2)
Seat 6: 27USTAS (button) (small blind) folded before Flop


PokerStars Hand #156289587916:  Hold'em Limit ($3/$6 USD) - 2016/07/22 6:14:41 ET
Table 'Phocaea' 6-max Seat #1 is the button
Seat 1: Ag3r0n ($93.89 in chips)
Seat 6: 27USTAS ($90.38 in chips)
Ag3r0n: posts small blind $1
Punkyfee: is sitting out
27USTAS: posts big blind $3
*** HOLE CARDS ***
Ag3r0n: raises $3 to $6
27USTAS: folds
Uncalled bet ($3) returned to Ag3r0n
Ag3r0n collected $6 from pot
*** SUMMARY ***
Total pot $6 | Rake $0
Seat 1: Ag3r0n (button) (small blind) collected ($6)
Seat 6: 27USTAS (big blind) folded before Flop


PokerStars Hand #156289591327:  Hold'em Limit ($3/$6 USD) - 2016/07/22 6:14:50 ET
Table 'Phocaea' 6-max Seat #1 is the button
Seat 1: Ag3r0n ($97.89 in chips)
Seat 6: 27USTAS ($86.38 in chips)
Ag3r0n: posts small blind $1
27USTAS: posts big blind $3
*** HOLE CARDS ***
Ag3r0n: raises $3 to $6
27USTAS: folds
Uncalled bet ($3) returned to Ag3r0n
Ag3r0n collected $6 from pot
*** SUMMARY ***
Total pot $6 | Rake $0
Seat 1: Ag3r0n (button) (small blind) collected ($6)
Seat 6: 27USTAS (big blind) folded before Flop


PokerStars Hand #156289593594:  Hold'em Limit ($3/$6 USD) - 2016/07/22 6:14:56 ET
Table 'Phocaea' 6-max Seat #6 is the button
Seat 1: Ag3r0n ($100.89 in chips)
Seat 6: 27USTAS ($83.38 in chips)
27USTAS: posts small blind $1
Ag3r0n: posts big blind $3
*** HOLE CARDS ***
27USTAS: folds
Uncalled bet ($2) returned to Ag3r0n
Ag3r0n collected $2 from pot
*** SUMMARY ***
Total pot $2 | Rake $0
Seat 1: Ag3r0n (big blind) collected ($2)
Seat 6: 27USTAS (button) (small blind) folded before Flop


PokerStars Hand #156289605461:  Hold'em Limit ($3/$6 USD) - 2016/07/22 6:15:27 ET
Table 'Phocaea' 6-max Seat #1 is the button
Seat 1: Ag3r0n ($83.89 in chips)
Seat 2: B_loJkl ($150 in chips)
Ag3r0n: posts small blind $1
B_loJkl: posts big blind $3
*** HOLE CARDS ***
Ag3r0n: folds
Uncalled bet ($2) returned to B_loJkl
B_loJkl collected $2 from pot
B_loJkl: doesn't show hand
*** SUMMARY ***
Total pot $2 | Rake $0
Seat 1: Ag3r0n (button) (small blind) folded before Flop
Seat 2: B_loJkl (big blind) collected ($2)


PokerStars Hand #156289602872:  Hold'em Limit ($3/$6 USD) - 2016/07/22 6:15:21 ET
Table 'Phocaea' 6-max Seat #6 is the button
Seat 1: Ag3r0n ($86.89 in chips)
Seat 6: 27USTAS ($96.88 in chips)
27USTAS: posts small blind $1
Ag3r0n: posts big blind $3
*** HOLE CARDS ***
27USTAS: raises $3 to $6
Ag3r0n: folds
Uncalled bet ($3) returned to 27USTAS
27USTAS collected $6 from pot
27USTAS: doesn't show hand
*** SUMMARY ***
Total pot $6 | Rake $0
Seat 1: Ag3r0n (big blind) folded before Flop
Seat 6: 27USTAS (button) (small blind) collected ($6)


PokerStars Hand #156289596255:  Hold'em Limit ($3/$6 USD) - 2016/07/22 6:15:03 ET
Table 'Phocaea' 6-max Seat #1 is the button
Seat 1: Ag3r0n ($101.89 in chips)
Seat 6: 27USTAS ($82.38 in chips)
Ag3r0n: posts small blind $1
27USTAS: posts big blind $3
*** HOLE CARDS ***
Ag3r0n: raises $3 to $6
B_loJkl leaves the table
27USTAS: calls $3
*** FLOP *** [2h Ac 9c]
27USTAS: checks
B_loJkl joins the table at seat #2
Ag3r0n: bets $3
27USTAS: calls $3
*** TURN *** [2h Ac 9c] [5c]
27USTAS: checks
Ag3r0n: bets $6
27USTAS: calls $6
*** RIVER *** [2h Ac 9c 5c] [8c]
27USTAS: checks
Ag3r0n: checks
*** SHOW DOWN ***
27USTAS: shows [4h Kc] (a flush, Ace high)
Ag3r0n: mucks hand
27USTAS collected $29.50 from pot
*** SUMMARY ***
Total pot $30 | Rake $0.50
Board [2h Ac 9c 5c 8c]
Seat 1: Ag3r0n (button) (small blind) mucked
Seat 6: 27USTAS (big blind) showed [4h Kc] and won ($29.50) with a flush, Ace high


PokerStars Hand #156289607406:  Hold'em Limit ($3/$6 USD) - 2016/07/22 6:15:32 ET
Table 'Phocaea' 6-max Seat #2 is the button
Seat 1: Ag3r0n ($82.89 in chips)
Seat 2: B_loJkl ($151 in chips)
B_loJkl: posts small blind $1
Ag3r0n: posts big blind $3
*** HOLE CARDS ***
27USTAS leaves the table
B_loJkl: raises $3 to $6
Ag3r0n: calls $3
*** FLOP *** [Qh Kh 9h]
Ag3r0n: checks
B_loJkl: checks
*** TURN *** [Qh Kh 9h] [Ks]
Ag3r0n: checks
B_loJkl: checks
*** RIVER *** [Qh Kh 9h Ks] [4s]
Ag3r0n: checks
B_loJkl: bets $6
Ag3r0n: folds
Uncalled bet ($6) returned to B_loJkl
B_loJkl collected $11.76 from pot
B_loJkl: doesn't show hand
*** SUMMARY ***
Total pot $12 | Rake $0.24
Board [Qh Kh 9h Ks 4s]
Seat 1: Ag3r0n (big blind) folded on the River
Seat 2: B_loJkl (button) (small blind) collected ($11.76)


