PokerStars Hand #166722575017:  Hold'em Limit ($3/$6 USD) - 2017/02/24 18:15:19 ET
Table 'Phocaea' 6-max Seat #6 is the button
Seat 5: GoliafUa ($137.14 in chips)
Seat 6: ovidius2009 ($17.76 in chips)
ovidius2009: posts small blind $1
GoliafUa: posts big blind $3
*** HOLE CARDS ***
ovidius2009: calls $2
GoliafUa: checks
*** FLOP *** [Ts 7d Td]
GoliafUa: checks
ovidius2009: checks
*** TURN *** [Ts 7d Td] [Kc]
GoliafUa: checks
ovidius2009: bets $6
GoliafUa: folds
Uncalled bet ($6) returned to ovidius2009
ovidius2009 collected $5.88 from pot
ovidius2009: doesn't show hand
*** SUMMARY ***
Total pot $6 | Rake $0.12
Board [Ts 7d Td Kc]
Seat 5: GoliafUa (big blind) folded on the Turn
Seat 6: ovidius2009 (button) (small blind) collected ($5.88)


PokerStars Hand #166722568557:  Hold'em Limit ($3/$6 USD) - 2017/02/24 18:15:11 ET
Table 'Phocaea' 6-max Seat #5 is the button
Seat 5: GoliafUa ($131.38 in chips)
Seat 6: ovidius2009 ($23.76 in chips)
GoliafUa: posts small blind $1
ovidius2009: posts big blind $3
*** HOLE CARDS ***
GoliafUa: raises $3 to $6
ovidius2009: calls $3
*** FLOP *** [Ts 2c Qh]
ovidius2009: checks
GoliafUa: bets $3
ovidius2009: folds
Uncalled bet ($3) returned to GoliafUa
GoliafUa collected $11.76 from pot
GoliafUa: doesn't show hand
*** SUMMARY ***
Total pot $12 | Rake $0.24
Board [Ts 2c Qh]
Seat 5: GoliafUa (button) (small blind) collected ($11.76)
Seat 6: ovidius2009 (big blind) folded on the Flop


PokerStars Hand #166722559631:  Hold'em Limit ($3/$6 USD) - 2017/02/24 18:15:00 ET
Table 'Phocaea' 6-max Seat #6 is the button
Seat 5: GoliafUa ($137.38 in chips)
Seat 6: ovidius2009 ($18 in chips)
ovidius2009: posts small blind $1
GoliafUa: posts big blind $3
*** HOLE CARDS ***
ovidius2009: calls $2
GoliafUa: checks
*** FLOP *** [5h Kh Jc]
GoliafUa: bets $3
ovidius2009: calls $3
*** TURN *** [5h Kh Jc] [Td]
GoliafUa: checks
ovidius2009: bets $6
GoliafUa: folds
Uncalled bet ($6) returned to ovidius2009
ovidius2009 collected $11.76 from pot
ovidius2009: doesn't show hand
*** SUMMARY ***
Total pot $12 | Rake $0.24
Board [5h Kh Jc Td]
Seat 5: GoliafUa (big blind) folded on the Turn
Seat 6: ovidius2009 (button) (small blind) collected ($11.76)


PokerStars Hand #166722546634:  Hold'em Limit ($3/$6 USD) - 2017/02/24 18:14:43 ET
Table 'Phocaea' 6-max Seat #5 is the button
Seat 5: GoliafUa ($122.88 in chips)
Seat 6: ovidius2009 ($33 in chips)
GoliafUa: posts small blind $1
ovidius2009: posts big blind $3
*** HOLE CARDS ***
GoliafUa: raises $3 to $6
ovidius2009: calls $3
*** FLOP *** [As 5s 6h]
ovidius2009: checks
GoliafUa: bets $3
ovidius2009: calls $3
*** TURN *** [As 5s 6h] [Qc]
ovidius2009: checks
GoliafUa: bets $6
ovidius2009: calls $6
*** RIVER *** [As 5s 6h Qc] [2d]
ovidius2009: checks
GoliafUa: bets $6
ovidius2009: folds
Uncalled bet ($6) returned to GoliafUa
GoliafUa collected $29.50 from pot
GoliafUa: doesn't show hand
*** SUMMARY ***
Total pot $30 | Rake $0.50
Board [As 5s 6h Qc 2d]
Seat 5: GoliafUa (button) (small blind) collected ($29.50)
Seat 6: ovidius2009 (big blind) folded on the River


PokerStars Hand #166722624650:  Hold'em Limit ($3/$6 USD) - 2017/02/24 18:16:24 ET
Table 'Phocaea' 6-max Seat #5 is the button
Seat 5: GoliafUa ($125 in chips)
Seat 6: ovidius2009 ($73.40 in chips)
GoliafUa: posts small blind $1
ovidius2009: posts big blind $3
*** HOLE CARDS ***
GoliafUa: folds
Uncalled bet ($2) returned to ovidius2009
ovidius2009 collected $2 from pot
ovidius2009: doesn't show hand
*** SUMMARY ***
Total pot $2 | Rake $0
Seat 5: GoliafUa (button) (small blind) folded before Flop
Seat 6: ovidius2009 (big blind) collected ($2)


PokerStars Hand #166722616634:  Hold'em Limit ($3/$6 USD) - 2017/02/24 18:16:13 ET
Table 'Phocaea' 6-max Seat #6 is the button
Seat 5: GoliafUa ($128 in chips)
Seat 6: ovidius2009 ($70.52 in chips)
ovidius2009: posts small blind $1
GoliafUa: posts big blind $3
*** HOLE CARDS ***
ovidius2009: calls $2
GoliafUa: checks
*** FLOP *** [Tc Kc 7c]
GoliafUa: checks
ovidius2009: checks
*** TURN *** [Tc Kc 7c] [As]
GoliafUa: checks
ovidius2009: bets $6
ABATAPP joins the table at seat #1
GoliafUa: folds
Uncalled bet ($6) returned to ovidius2009
ovidius2009 collected $5.88 from pot
ovidius2009: doesn't show hand
*** SUMMARY ***
Total pot $6 | Rake $0.12
Board [Tc Kc 7c As]
Seat 5: GoliafUa (big blind) folded on the Turn
Seat 6: ovidius2009 (button) (small blind) collected ($5.88)


PokerStars Hand #166722604951:  Hold'em Limit ($3/$6 USD) - 2017/02/24 18:15:58 ET
Table 'Phocaea' 6-max Seat #5 is the button
Seat 5: GoliafUa ($143 in chips)
Seat 6: ovidius2009 ($56.02 in chips)
GoliafUa: posts small blind $1
ovidius2009: posts big blind $3
*** HOLE CARDS ***
GoliafUa: raises $3 to $6
ovidius2009: calls $3
*** FLOP *** [5c 6h 9h]
ovidius2009: checks
GoliafUa: bets $3
ovidius2009: calls $3
*** TURN *** [5c 6h 9h] [9s]
ovidius2009: checks
GoliafUa: bets $6
ovidius2009: calls $6
*** RIVER *** [5c 6h 9h 9s] [Kc]
ovidius2009: checks
GoliafUa: checks
*** SHOW DOWN ***
ovidius2009: shows [7h 7d] (two pair, Nines and Sevens)
GoliafUa: mucks hand
ovidius2009 collected $29.50 from pot
*** SUMMARY ***
Total pot $30 | Rake $0.50
Board [5c 6h 9h 9s Kc]
Seat 5: GoliafUa (button) (small blind) mucked
Seat 6: ovidius2009 (big blind) showed [7h 7d] and won ($29.50) with two pair, Nines and Sevens


PokerStars Hand #166722594796:  Hold'em Limit ($3/$6 USD) - 2017/02/24 18:15:45 ET
Table 'Phocaea' 6-max Seat #6 is the button
Seat 5: GoliafUa ($148.64 in chips)
Seat 6: ovidius2009 ($5.64 in chips)
ovidius2009: posts small blind $1
GoliafUa: posts big blind $3
*** HOLE CARDS ***
ovidius2009: calls $2
GoliafUa: raises $3 to $6
ovidius2009: calls $2.64 and is all-in
Uncalled bet ($0.36) returned to GoliafUa
*** FLOP *** [2s 2d Ac]
*** TURN *** [2s 2d Ac] [5s]
*** RIVER *** [2s 2d Ac 5s] [3d]
*** SHOW DOWN ***
GoliafUa: shows [9s Js] (a pair of Deuces)
ovidius2009: shows [Qc Kh] (a pair of Deuces - Ace+King kicker)
ovidius2009 collected $11.05 from pot
*** SUMMARY ***
Total pot $11.28 | Rake $0.23
Board [2s 2d Ac 5s 3d]
Seat 5: GoliafUa (big blind) showed [9s Js] and lost with a pair of Deuces
Seat 6: ovidius2009 (button) (small blind) showed [Qc Kh] and won ($11.05) with a pair of Deuces


PokerStars Hand #166722582626:  Hold'em Limit ($3/$6 USD) - 2017/02/24 18:15:29 ET
Table 'Phocaea' 6-max Seat #5 is the button
Seat 5: GoliafUa ($134.14 in chips)
Seat 6: ovidius2009 ($20.64 in chips)
GoliafUa: posts small blind $1
ovidius2009: posts big blind $3
*** HOLE CARDS ***
GoliafUa: raises $3 to $6
ovidius2009: calls $3
*** FLOP *** [3d Jd 7h]
ovidius2009: checks
GoliafUa: bets $3
ovidius2009: calls $3
*** TURN *** [3d Jd 7h] [6s]
ovidius2009: checks
GoliafUa: bets $6
ovidius2009: calls $6
*** RIVER *** [3d Jd 7h 6s] [2c]
ovidius2009: checks
GoliafUa: bets $6
ovidius2009: folds
Uncalled bet ($6) returned to GoliafUa
GoliafUa collected $29.50 from pot
GoliafUa: doesn't show hand
*** SUMMARY ***
Total pot $30 | Rake $0.50
Board [3d Jd 7h 6s 2c]
Seat 5: GoliafUa (button) (small blind) collected ($29.50)
Seat 6: ovidius2009 (big blind) folded on the River


