PokerStars Hand #164011280235:  Hold'em Limit ($3/$6 USD) - 2017/01/04 5:56:27 ET
Table 'Phocaea II' 6-max Seat #3 is the button
Seat 3: pokerborge51 ($18.32 in chips)
Seat 4: Actionni13 ($161.64 in chips)
pokerborge51: posts small blind $1
Actionni13: posts big blind $3
*** HOLE CARDS ***
pokerborge51: calls $2
Actionni13: checks
*** FLOP *** [3h Ad 8h]
Actionni13: bets $3
pokerborge51: raises $3 to $6
Actionni13: calls $3
*** TURN *** [3h Ad 8h] [8d]
Actionni13: checks
pokerborge51: checks
*** RIVER *** [3h Ad 8h 8d] [As]
Actionni13: checks
pokerborge51: bets $6
Actionni13: folds
Uncalled bet ($6) returned to pokerborge51
pokerborge51 collected $17.64 from pot
*** SUMMARY ***
Total pot $18 | Rake $0.36
Board [3h Ad 8h 8d As]
Seat 3: pokerborge51 (button) (small blind) collected ($17.64)
Seat 4: Actionni13 (big blind) folded on the River


PokerStars Hand #164011278205:  Hold'em Limit ($3/$6 USD) - 2017/01/04 5:56:22 ET
Table 'Phocaea II' 6-max Seat #4 is the button
Seat 3: pokerborge51 ($21.32 in chips)
Seat 4: Actionni13 ($158.64 in chips)
Actionni13: posts small blind $1
pokerborge51: posts big blind $3
*** HOLE CARDS ***
Actionni13: raises $3 to $6
pokerborge51: folds
Uncalled bet ($3) returned to Actionni13
Actionni13 collected $6 from pot
*** SUMMARY ***
Total pot $6 | Rake $0
Seat 3: pokerborge51 (big blind) folded before Flop
Seat 4: Actionni13 (button) (small blind) collected ($6)


PokerStars Hand #164011265997:  Hold'em Limit ($3/$6 USD) - 2017/01/04 5:55:52 ET
Table 'Phocaea II' 6-max Seat #3 is the button
Seat 3: pokerborge51 ($30.32 in chips)
Seat 4: Actionni13 ($150 in chips)
pokerborge51: posts small blind $1
Actionni13: posts big blind $3
*** HOLE CARDS ***
pokerborge51: raises $3 to $6
Actionni13: calls $3
*** FLOP *** [8s 7s 3h]
Actionni13: checks
pokerborge51: bets $3
Actionni13: raises $3 to $6
pokerborge51: folds
Uncalled bet ($3) returned to Actionni13
Actionni13 collected $17.64 from pot
*** SUMMARY ***
Total pot $18 | Rake $0.36
Board [8s 7s 3h]
Seat 3: pokerborge51 (button) (small blind) folded on the Flop
Seat 4: Actionni13 (big blind) collected ($17.64)


PokerStars Hand #164011289490:  Hold'em Limit ($3/$6 USD) - 2017/01/04 5:56:50 ET
Table 'Phocaea II' 6-max Seat #4 is the button
Seat 3: pokerborge51 ($26.96 in chips)
Seat 4: Actionni13 ($152.64 in chips)
Actionni13: posts small blind $1
pokerborge51: posts big blind $3
*** HOLE CARDS ***
Actionni13: raises $3 to $6
pokerborge51: calls $3
*** FLOP *** [7d Jc 4d]
pokerborge51: checks
Actionni13: bets $3
pokerborge51: folds
Uncalled bet ($3) returned to Actionni13
Actionni13 collected $11.76 from pot
*** SUMMARY ***
Total pot $12 | Rake $0.24
Board [7d Jc 4d]
Seat 3: pokerborge51 (big blind) folded on the Flop
Seat 4: Actionni13 (button) (small blind) collected ($11.76)


PokerStars Hand #164011306618:  Hold'em Limit ($3/$6 USD) - 2017/01/04 5:57:32 ET
Table 'Phocaea II' 6-max Seat #3 is the button
Seat 3: pokerborge51 ($17.72 in chips)
Seat 4: Actionni13 ($161.04 in chips)
pokerborge51: posts small blind $1
Actionni13: posts big blind $3
*** HOLE CARDS ***
pokerborge51: folds
Uncalled bet ($2) returned to Actionni13
Actionni13 collected $2 from pot
*** SUMMARY ***
Total pot $2 | Rake $0
Seat 3: pokerborge51 (button) (small blind) folded before Flop
Seat 4: Actionni13 (big blind) collected ($2)


PokerStars Hand #164011308644:  Hold'em Limit ($3/$6 USD) - 2017/01/04 5:57:37 ET
Table 'Phocaea II' 6-max Seat #4 is the button
Seat 3: pokerborge51 ($16.72 in chips)
Seat 4: Actionni13 ($162.04 in chips)
Actionni13: posts small blind $1
pokerborge51: posts big blind $3
*** HOLE CARDS ***
Actionni13: raises $3 to $6
pokerborge51: calls $3
*** FLOP *** [5d 6s Qs]
pokerborge51: folds
Actionni13 collected $11.76 from pot
*** SUMMARY ***
Total pot $12 | Rake $0.24
Board [5d 6s Qs]
Seat 3: pokerborge51 (big blind) folded on the Flop
Seat 4: Actionni13 (button) (small blind) collected ($11.76)


PokerStars Hand #164011312200:  Hold'em Limit ($3/$6 USD) - 2017/01/04 5:57:46 ET
Table 'Phocaea II' 6-max Seat #3 is the button
Seat 3: pokerborge51 ($10.72 in chips)
Seat 4: Actionni13 ($167.80 in chips)
pokerborge51: posts small blind $1
Actionni13: posts big blind $3
*** HOLE CARDS ***
pokerborge51: raises $3 to $6
Actionni13: folds
Uncalled bet ($3) returned to pokerborge51
pokerborge51 collected $6 from pot
pokerborge51: doesn't show hand
*** SUMMARY ***
Total pot $6 | Rake $0
Seat 3: pokerborge51 (button) (small blind) collected ($6)
Seat 4: Actionni13 (big blind) folded before Flop


PokerStars Hand #164011314499:  Hold'em Limit ($3/$6 USD) - 2017/01/04 5:57:52 ET
Table 'Phocaea II' 6-max Seat #4 is the button
Seat 3: pokerborge51 ($13.72 in chips)
Seat 4: Actionni13 ($164.80 in chips)
Actionni13: posts small blind $1
pokerborge51: posts big blind $3
*** HOLE CARDS ***
Actionni13: raises $3 to $6
pokerborge51: calls $3
*** FLOP *** [7d 8c Tc]
pokerborge51: checks
Actionni13: checks
*** TURN *** [7d 8c Tc] [3s]
pokerborge51: checks
Actionni13: checks
*** RIVER *** [7d 8c Tc 3s] [Kc]
pokerborge51: bets $6
Actionni13: folds
Uncalled bet ($6) returned to pokerborge51
pokerborge51 collected $11.76 from pot
pokerborge51: doesn't show hand
*** SUMMARY ***
Total pot $12 | Rake $0.24
Board [7d 8c Tc 3s Kc]
Seat 3: pokerborge51 (big blind) collected ($11.76)
Seat 4: Actionni13 (button) (small blind) folded on the River


PokerStars Hand #164011325251:  Hold'em Limit ($3/$6 USD) - 2017/01/04 5:58:18 ET
Table 'Phocaea II' 6-max Seat #3 is the button
Seat 3: pokerborge51 ($19.48 in chips)
Seat 4: Actionni13 ($158.80 in chips)
pokerborge51: posts small blind $1
Actionni13: posts big blind $3
*** HOLE CARDS ***
pokerborge51: calls $2
Actionni13: raises $3 to $6
pokerborge51: calls $3
*** FLOP *** [Ad Js 7s]
Actionni13: bets $3
pokerborge51: folds
Uncalled bet ($3) returned to Actionni13
Actionni13 collected $11.76 from pot
*** SUMMARY ***
Total pot $12 | Rake $0.24
Board [Ad Js 7s]
Seat 3: pokerborge51 (button) (small blind) folded on the Flop
Seat 4: Actionni13 (big blind) collected ($11.76)


PokerStars Hand #164011329116:  Hold'em Limit ($3/$6 USD) - 2017/01/04 5:58:27 ET
Table 'Phocaea II' 6-max Seat #4 is the button
Seat 3: pokerborge51 ($13.48 in chips)
Seat 4: Actionni13 ($164.56 in chips)
Actionni13: posts small blind $1
pokerborge51: posts big blind $3
*** HOLE CARDS ***
Actionni13: raises $3 to $6
pokerborge51: calls $3
*** FLOP *** [4s 2s 3s]
pokerborge51: bets $3
Actionni13: raises $3 to $6
pokerborge51: raises $1.48 to $7.48 and is all-in
Actionni13: calls $1.48
*** TURN *** [4s 2s 3s] [6h]
*** RIVER *** [4s 2s 3s 6h] [3d]
*** SHOW DOWN ***
pokerborge51: shows [8c Tc] (a pair of Threes)
Actionni13: shows [Qs 3c] (three of a kind, Threes)
Actionni13 collected $26.46 from pot
*** SUMMARY ***
Total pot $26.96 | Rake $0.50
Board [4s 2s 3s 6h 3d]
Seat 3: pokerborge51 (big blind) showed [8c Tc] and lost with a pair of Threes
Seat 4: Actionni13 (button) (small blind) showed [Qs 3c] and won ($26.46) with three of a kind, Threes


PokerStars Hand #164012493415:  Hold'em Limit ($3/$6 USD) - 2017/01/04 6:38:40 ET
Table 'Phocaea II' 6-max Seat #5 is the button
Seat 3: Sleeper007 ($87.74 in chips)
Seat 5: AA_ILI ($137.35 in chips)
AA_ILI: posts small blind $1
Sleeper007: posts big blind $3
*** HOLE CARDS ***
AA_ILI: raises $3 to $6
Sleeper007: raises $3 to $9
AA_ILI: calls $3
*** FLOP *** [Jd 2c 6d]
Sleeper007: bets $3
AA_ILI: calls $3
*** TURN *** [Jd 2c 6d] [Qd]
Sleeper007: bets $6
AA_ILI: calls $6
*** RIVER *** [Jd 2c 6d Qd] [7c]
Sleeper007: bets $6
AA_ILI: calls $6
*** SHOW DOWN ***
Sleeper007: shows [Jc Ks] (a pair of Jacks)
AA_ILI: mucks hand
Sleeper007 collected $47.50 from pot
*** SUMMARY ***
Total pot $48 | Rake $0.50
Board [Jd 2c 6d Qd 7c]
Seat 3: Sleeper007 (big blind) showed [Jc Ks] and won ($47.50) with a pair of Jacks
Seat 5: AA_ILI (button) (small blind) mucked


PokerStars Hand #164012500712:  Hold'em Limit ($3/$6 USD) - 2017/01/04 6:38:54 ET
Table 'Phocaea II' 6-max Seat #3 is the button
Seat 3: Sleeper007 ($111.24 in chips)
Seat 5: AA_ILI ($113.35 in chips)
Sleeper007: posts small blind $1
AA_ILI: posts big blind $3
*** HOLE CARDS ***
Sleeper007: folds
Uncalled bet ($2) returned to AA_ILI
AA_ILI collected $2 from pot
*** SUMMARY ***
Total pot $2 | Rake $0
Seat 3: Sleeper007 (button) (small blind) folded before Flop
Seat 5: AA_ILI (big blind) collected ($2)


PokerStars Hand #164012502853:  Hold'em Limit ($3/$6 USD) - 2017/01/04 6:38:58 ET
Table 'Phocaea II' 6-max Seat #5 is the button
Seat 3: Sleeper007 ($110.24 in chips)
Seat 5: AA_ILI ($114.35 in chips)
AA_ILI: posts small blind $1
Sleeper007: posts big blind $3
*** HOLE CARDS ***
AA_ILI: raises $3 to $6
Sleeper007: raises $3 to $9
AA_ILI: calls $3
*** FLOP *** [Jh Kd Jd]
Sleeper007: bets $3
AA_ILI: calls $3
*** TURN *** [Jh Kd Jd] [Ks]
Sleeper007: bets $6
AA_ILI: calls $6
*** RIVER *** [Jh Kd Jd Ks] [7h]
Sleeper007: bets $6
AA_ILI: folds
Uncalled bet ($6) returned to Sleeper007
Sleeper007 collected $35.50 from pot
Sleeper007: doesn't show hand
*** SUMMARY ***
Total pot $36 | Rake $0.50
Board [Jh Kd Jd Ks 7h]
Seat 3: Sleeper007 (big blind) collected ($35.50)
Seat 5: AA_ILI (button) (small blind) folded on the River


PokerStars Hand #164012509458:  Hold'em Limit ($3/$6 USD) - 2017/01/04 6:39:11 ET
Table 'Phocaea II' 6-max Seat #3 is the button
Seat 3: Sleeper007 ($127.74 in chips)
Seat 5: AA_ILI ($96.35 in chips)
Sleeper007: posts small blind $1
Actionni13 was removed from the table for failing to post
AA_ILI: posts big blind $3
*** HOLE CARDS ***
Sleeper007: raises $3 to $6
AA_ILI: calls $3
*** FLOP *** [7h 4c 3h]
AA_ILI: checks
Sleeper007: bets $3
AA_ILI: calls $3
*** TURN *** [7h 4c 3h] [Ac]
AA_ILI: checks
Sleeper007: bets $6
AA_ILI: raises $6 to $12
Sleeper007: calls $6
*** RIVER *** [7h 4c 3h Ac] [Jh]
AA_ILI: bets $6
Sleeper007: raises $6 to $12
kolaz03 joins the table at seat #4
AA_ILI: raises $6 to $18
Sleeper007: raises $6 to $24
Betting is capped
AA_ILI: calls $6
*** SHOW DOWN ***
Sleeper007: shows [4h Qh] (a flush, Queen high)
Actionni13 joins the table at seat #2
AA_ILI: mucks hand
Sleeper007 collected $89.50 from pot
*** SUMMARY ***
Total pot $90 | Rake $0.50
Board [7h 4c 3h Ac Jh]
Seat 3: Sleeper007 (button) (small blind) showed [4h Qh] and won ($89.50) with a flush, Queen high
Seat 5: AA_ILI (big blind) mucked


PokerStars Hand #164012532231:  Hold'em Limit ($3/$6 USD) - 2017/01/04 6:39:56 ET
Table 'Phocaea II' 6-max Seat #2 is the button
Seat 2: Actionni13 ($151 in chips)
Seat 4: kolaz03 ($72 in chips)
Actionni13: posts small blind $1
kolaz03: posts big blind $3
*** HOLE CARDS ***
Actionni13: raises $3 to $6
kolaz03: raises $3 to $9
Actionni13: calls $3
*** FLOP *** [Tc 8h 9s]
kolaz03: bets $3
Actionni13: calls $3
*** TURN *** [Tc 8h 9s] [3d]
kolaz03: bets $6
Actionni13: calls $6
*** RIVER *** [Tc 8h 9s 3d] [Ad]
kolaz03: checks
Actionni13: checks
*** SHOW DOWN ***
kolaz03: shows [7s 8s] (a pair of Eights)
Actionni13: mucks hand
kolaz03 collected $35.50 from pot
*** SUMMARY ***
Total pot $36 | Rake $0.50
Board [Tc 8h 9s 3d Ad]
Seat 2: Actionni13 (button) (small blind) mucked
Seat 4: kolaz03 (big blind) showed [7s 8s] and won ($35.50) with a pair of Eights


