PokerStars Hand #162689460074:  Hold'em Limit ($3/$6 USD) - 2016/12/09 18:46:23 ET
Table 'Phocaea' 6-max Seat #1 is the button
Seat 1: LifeisagameX ($90.28 in chips)
Seat 5: Eklund_1891 ($112.52 in chips)
LifeisagameX: posts small blind $1
Eklund_1891: posts big blind $3
*** HOLE CARDS ***
LifeisagameX: raises $3 to $6
Eklund_1891: calls $3
*** FLOP *** [Qs 2h 8d]
Bashan joins the table at seat #6
Eklund_1891: checks
LifeisagameX: bets $3
Eklund_1891: raises $3 to $6
LifeisagameX: calls $3
*** TURN *** [Qs 2h 8d] [4h]
Eklund_1891: bets $6
LifeisagameX: raises $6 to $12
Eklund_1891: calls $6
*** RIVER *** [Qs 2h 8d 4h] [Ad]
Eklund_1891: checks
LifeisagameX: bets $6
Eklund_1891: calls $6
*** SHOW DOWN ***
LifeisagameX: shows [Qh Ks] (a pair of Queens)
Eklund_1891: mucks hand
LifeisagameX collected $59.50 from pot
*** SUMMARY ***
Total pot $60 | Rake $0.50
Board [Qs 2h 8d 4h Ad]
Seat 1: LifeisagameX (button) (small blind) showed [Qh Ks] and won ($59.50) with a pair of Queens
Seat 5: Eklund_1891 (big blind) mucked


PokerStars Hand #162689615466:  Hold'em Limit ($3/$6 USD) - 2016/12/09 18:49:41 ET
Table 'Phocaea' 6-max Seat #5 is the button
Seat 1: LifeisagameX ($105.39 in chips)
Seat 5: Eklund_1891 ($102.23 in chips)
LolDnkaments will be allowed to play after the button
Ahmed2626 will be allowed to play after the button
fayst11196 will be allowed to play after the button
Eklund_1891: posts small blind $1
LifeisagameX: posts big blind $3
*** HOLE CARDS ***
Eklund_1891: raises $3 to $6
LifeisagameX: calls $3
*** FLOP *** [9c 4h Ac]
Lauriston72 joins the table at seat #6
LifeisagameX: checks
Eklund_1891: checks
*** TURN *** [9c 4h Ac] [9s]
LifeisagameX: checks
Eklund_1891: bets $6
LifeisagameX: folds
Uncalled bet ($6) returned to Eklund_1891
Eklund_1891 collected $11.76 from pot
Eklund_1891: doesn't show hand
*** SUMMARY ***
Total pot $12 | Rake $0.24
Board [9c 4h Ac 9s]
Seat 1: LifeisagameX (big blind) folded on the Turn
Seat 5: Eklund_1891 (button) (small blind) collected ($11.76)


