PokerStars Hand #171457151977:  Hold'em Limit ($3/$6 USD) - 2017/06/07 7:00:58 ET
Table 'Phocaea' 6-max Seat #4 is the button
Seat 3: hairy1961 ($28 in chips)
Seat 4: MTails ($141.26 in chips)
MTails: posts small blind $1
hairy1961: posts big blind $3
*** HOLE CARDS ***
MTails: raises $3 to $6
hairy1961: folds
Uncalled bet ($3) returned to MTails
MTails collected $6 from pot
*** SUMMARY ***
Total pot $6 | Rake $0
Seat 3: hairy1961 (big blind) folded before Flop
Seat 4: MTails (button) (small blind) collected ($6)


PokerStars Hand #171457144093:  Hold'em Limit ($3/$6 USD) - 2017/06/07 7:00:38 ET
Table 'Phocaea' 6-max Seat #4 is the button
Seat 3: hairy1961 ($35 in chips)
Seat 4: MTails ($134.50 in chips)
MTails: posts small blind $1
hairy1961: posts big blind $3
*** HOLE CARDS ***
MTails: raises $3 to $6
hairy1961: calls $3
*** FLOP *** [6d 4s Kh]
hairy1961: checks
MTails: bets $3
hairy1961: folds
Uncalled bet ($3) returned to MTails
MTails collected $11.76 from pot
*** SUMMARY ***
Total pot $12 | Rake $0.24
Board [6d 4s Kh]
Seat 3: hairy1961 (big blind) folded on the Flop
Seat 4: MTails (button) (small blind) collected ($11.76)


PokerStars Hand #171457134007:  Hold'em Limit ($3/$6 USD) - 2017/06/07 7:00:12 ET
Table 'Phocaea' 6-max Seat #3 is the button
Seat 3: hairy1961 ($50 in chips)
Seat 4: MTails ($120 in chips)
hairy1961: posts small blind $1
MTails: posts big blind $3
*** HOLE CARDS ***
hairy1961: raises $3 to $6
MTails: calls $3
*** FLOP *** [9d 4c 4s]
MTails: bets $3
hairy1961: calls $3
*** TURN *** [9d 4c 4s] [2s]
MTails: checks
hairy1961: checks
*** RIVER *** [9d 4c 4s 2s] [Ah]
MTails: checks
hairy1961: bets $6
MTails: raises $6 to $12
hairy1961: folds
Uncalled bet ($6) returned to MTails
MTails collected $29.50 from pot
*** SUMMARY ***
Total pot $30 | Rake $0.50
Board [9d 4c 4s 2s Ah]
Seat 3: hairy1961 (button) (small blind) folded on the River
Seat 4: MTails (big blind) collected ($29.50)


PokerStars Hand #171457156651:  Hold'em Limit ($3/$6 USD) - 2017/06/07 7:01:10 ET
Table 'Phocaea' 6-max Seat #4 is the button
Seat 3: hairy1961 ($24 in chips)
Seat 4: MTails ($145.26 in chips)
MTails: posts small blind $1
hairy1961: posts big blind $3
*** HOLE CARDS ***
MTails: raises $3 to $6
hairy1961: raises $3 to $9
MTails: calls $3
*** FLOP *** [Ah 3d 8c]
hairy1961: bets $3
MTails: calls $3
*** TURN *** [Ah 3d 8c] [Jd]
hairy1961: bets $6
MTails: raises $6 to $12
hairy1961: calls $6 and is all-in
*** RIVER *** [Ah 3d 8c Jd] [3c]
*** SHOW DOWN ***
hairy1961: shows [6s Jc] (two pair, Jacks and Threes)
MTails: shows [Th 8h] (two pair, Eights and Threes)
hairy1961 collected $47.50 from pot
*** SUMMARY ***
Total pot $48 | Rake $0.50
Board [Ah 3d 8c Jd 3c]
Seat 3: hairy1961 (big blind) showed [6s Jc] and won ($47.50) with two pair, Jacks and Threes
Seat 4: MTails (button) (small blind) showed [Th 8h] and lost with two pair, Eights and Threes


PokerStars Hand #171457174184:  Hold'em Limit ($3/$6 USD) - 2017/06/07 7:01:53 ET
Table 'Phocaea' 6-max Seat #3 is the button
Seat 3: hairy1961 ($37.50 in chips)
Seat 4: MTails ($130.90 in chips)
hairy1961: posts small blind $1
MTails: posts big blind $3
*** HOLE CARDS ***
hairy1961: folds
Uncalled bet ($2) returned to MTails
MTails collected $2 from pot
*** SUMMARY ***
Total pot $2 | Rake $0
Seat 3: hairy1961 (button) (small blind) folded before Flop
Seat 4: MTails (big blind) collected ($2)


PokerStars Hand #171457166727:  Hold'em Limit ($3/$6 USD) - 2017/06/07 7:01:35 ET
Table 'Phocaea' 6-max Seat #4 is the button
Seat 3: hairy1961 ($46.50 in chips)
Seat 4: MTails ($122.26 in chips)
MTails: posts small blind $1
hairy1961: posts big blind $3
*** HOLE CARDS ***
MTails: raises $3 to $6
hairy1961: calls $3
*** FLOP *** [5d 3s 5s]
hairy1961: checks
MTails: bets $3
hairy1961: calls $3
*** TURN *** [5d 3s 5s] [9d]
hairy1961: checks
MTails: bets $6
hairy1961: folds
Uncalled bet ($6) returned to MTails
MTails collected $17.64 from pot
*** SUMMARY ***
Total pot $18 | Rake $0.36
Board [5d 3s 5s 9d]
Seat 3: hairy1961 (big blind) folded on the Turn
Seat 4: MTails (button) (small blind) collected ($17.64)


PokerStars Hand #171457164424:  Hold'em Limit ($3/$6 USD) - 2017/06/07 7:01:29 ET
Table 'Phocaea' 6-max Seat #3 is the button
Seat 3: hairy1961 ($47.50 in chips)
Seat 4: MTails ($121.26 in chips)
hairy1961: posts small blind $1
MTails: posts big blind $3
*** HOLE CARDS ***
hairy1961: folds
Uncalled bet ($2) returned to MTails
MTails collected $2 from pot
MTails: doesn't show hand
*** SUMMARY ***
Total pot $2 | Rake $0
Seat 3: hairy1961 (button) (small blind) folded before Flop
Seat 4: MTails (big blind) collected ($2)


PokerStars Hand #171457192890:  Hold'em Limit ($3/$6 USD) - 2017/06/07 7:02:38 ET
Table 'Phocaea' 6-max Seat #3 is the button
Seat 3: hairy1961 ($18.14 in chips)
Seat 4: MTails ($149.40 in chips)
hairy1961: posts small blind $1
MTails: posts big blind $3
*** HOLE CARDS ***
hairy1961: raises $3 to $6
MTails: folds
Uncalled bet ($3) returned to hairy1961
hairy1961 collected $6 from pot
*** SUMMARY ***
Total pot $6 | Rake $0
Seat 3: hairy1961 (button) (small blind) collected ($6)
Seat 4: MTails (big blind) folded before Flop


PokerStars Hand #171457190503:  Hold'em Limit ($3/$6 USD) - 2017/06/07 7:02:32 ET
Table 'Phocaea' 6-max Seat #4 is the button
Seat 3: hairy1961 ($21.14 in chips)
Seat 4: MTails ($146.40 in chips)
MTails: posts small blind $1
hairy1961: posts big blind $3
*** HOLE CARDS ***
MTails: raises $3 to $6
hairy1961: folds
Uncalled bet ($3) returned to MTails
MTails collected $6 from pot
*** SUMMARY ***
Total pot $6 | Rake $0
Seat 3: hairy1961 (big blind) folded before Flop
Seat 4: MTails (button) (small blind) collected ($6)


PokerStars Hand #171457181879:  Hold'em Limit ($3/$6 USD) - 2017/06/07 7:02:12 ET
Table 'Phocaea' 6-max Seat #3 is the button
Seat 3: hairy1961 ($45.14 in chips)
Seat 4: MTails ($122.90 in chips)
hairy1961: posts small blind $1
MTails: posts big blind $3
*** HOLE CARDS ***
hairy1961: raises $3 to $6
MTails: raises $3 to $9
hairy1961: calls $3
*** FLOP *** [9d Qc 8s]
MTails: bets $3
hairy1961: calls $3
*** TURN *** [9d Qc 8s] [Ac]
MTails: bets $6
hairy1961: calls $6
*** RIVER *** [9d Qc 8s Ac] [Jh]
MTails: bets $6
hairy1961: calls $6
*** SHOW DOWN ***
MTails: shows [8h 9s] (two pair, Nines and Eights)
hairy1961: mucks hand
MTails collected $47.50 from pot
*** SUMMARY ***
Total pot $48 | Rake $0.50
Board [9d Qc 8s Ac Jh]
Seat 3: hairy1961 (button) (small blind) mucked
Seat 4: MTails (big blind) showed [8h 9s] and won ($47.50) with two pair, Nines and Eights


PokerStars Hand #171457176694:  Hold'em Limit ($3/$6 USD) - 2017/06/07 7:01:59 ET
Table 'Phocaea' 6-max Seat #4 is the button
Seat 3: hairy1961 ($36.50 in chips)
Seat 4: MTails ($131.90 in chips)
MTails: posts small blind $1
hairy1961: posts big blind $3
*** HOLE CARDS ***
MTails: raises $3 to $6
hairy1961: raises $3 to $9
MTails: calls $3
*** FLOP *** [9s As Ts]
hairy1961: bets $3
MTails: folds
Uncalled bet ($3) returned to hairy1961
hairy1961 collected $17.64 from pot
*** SUMMARY ***
Total pot $18 | Rake $0.36
Board [9s As Ts]
Seat 3: hairy1961 (big blind) collected ($17.64)
Seat 4: MTails (button) (small blind) folded on the Flop


PokerStars Hand #171457219254:  Hold'em Limit ($3/$6 USD) - 2017/06/07 7:03:41 ET
Table 'Phocaea' 6-max Seat #3 is the button
Seat 3: hairy1961 ($17.65 in chips)
Seat 4: MTails ($148.79 in chips)
hairy1961: posts small blind $1
MTails: posts big blind $3
*** HOLE CARDS ***
hairy1961: folds
Uncalled bet ($2) returned to MTails
MTails collected $2 from pot
*** SUMMARY ***
Total pot $2 | Rake $0
Seat 3: hairy1961 (button) (small blind) folded before Flop
Seat 4: MTails (big blind) collected ($2)


PokerStars Hand #171457195376:  Hold'em Limit ($3/$6 USD) - 2017/06/07 7:02:44 ET
Table 'Phocaea' 6-max Seat #4 is the button
Seat 3: hairy1961 ($21.14 in chips)
Seat 4: MTails ($146.40 in chips)
MTails: posts small blind $1
hairy1961: posts big blind $3
*** HOLE CARDS ***
MTails: raises $3 to $6
hairy1961: calls $3
*** FLOP *** [Qs 8s 5d]
hairy1961: checks
MTails: bets $3
hairy1961: raises $3 to $6
MTails: calls $3
*** TURN *** [Qs 8s 5d] [3h]
hairy1961: bets $6
MTails: raises $6 to $12
hairy1961: calls $3.14 and is all-in
Uncalled bet ($2.86) returned to MTails
*** RIVER *** [Qs 8s 5d 3h] [8d]
*** SHOW DOWN ***
hairy1961: shows [5h 2d] (two pair, Eights and Fives)
MTails: shows [Ts 5s] (two pair, Eights and Fives)
hairy1961 collected $20.89 from pot
MTails collected $20.89 from pot
*** SUMMARY ***
Total pot $42.28 | Rake $0.50
Board [Qs 8s 5d 3h 8d]
Seat 3: hairy1961 (big blind) showed [5h 2d] and won ($20.89) with two pair, Eights and Fives
Seat 4: MTails (button) (small blind) showed [Ts 5s] and won ($20.89) with two pair, Eights and Fives


PokerStars Hand #171457204048:  Hold'em Limit ($3/$6 USD) - 2017/06/07 7:03:05 ET
Table 'Phocaea' 6-max Seat #3 is the button
Seat 3: hairy1961 ($20.89 in chips)
Seat 4: MTails ($146.15 in chips)
hairy1961: posts small blind $1
MTails: posts big blind $3
*** HOLE CARDS ***
hairy1961: calls $2
MTails: raises $3 to $6
hairy1961: calls $3
*** FLOP *** [2h Qs 6c]
MTails: bets $3
hairy1961: calls $3
*** TURN *** [2h Qs 6c] [Qc]
MTails: checks
hairy1961: checks
*** RIVER *** [2h Qs 6c Qc] [Ac]
MTails: checks
hairy1961: checks
*** SHOW DOWN ***
MTails: shows [Kc 8s] (a pair of Queens)
hairy1961: mucks hand
MTails collected $17.64 from pot
*** SUMMARY ***
Total pot $18 | Rake $0.36
Board [2h Qs 6c Qc Ac]
Seat 3: hairy1961 (button) (small blind) mucked
Seat 4: MTails (big blind) showed [Kc 8s] and won ($17.64) with a pair of Queens


PokerStars Hand #171457214542:  Hold'em Limit ($3/$6 USD) - 2017/06/07 7:03:30 ET
Table 'Phocaea' 6-max Seat #4 is the button
Seat 3: hairy1961 ($11.89 in chips)
Seat 4: MTails ($154.79 in chips)
MTails: posts small blind $1
hairy1961: posts big blind $3
*** HOLE CARDS ***
MTails: raises $3 to $6
hairy1961: calls $3
*** FLOP *** [8s Jc Ad]
hairy1961: bets $3
MTails: folds
Uncalled bet ($3) returned to hairy1961
hairy1961 collected $11.76 from pot
*** SUMMARY ***
Total pot $12 | Rake $0.24
Board [8s Jc Ad]
Seat 3: hairy1961 (big blind) collected ($11.76)
Seat 4: MTails (button) (small blind) folded on the Flop


PokerStars Hand #171457221672:  Hold'em Limit ($3/$6 USD) - 2017/06/07 7:03:47 ET
Table 'Phocaea' 6-max Seat #4 is the button
Seat 3: hairy1961 ($16.65 in chips)
Seat 4: MTails ($149.79 in chips)
MTails: posts small blind $1
hairy1961: posts big blind $3
*** HOLE CARDS ***
MTails: raises $3 to $6
hairy1961: calls $3
*** FLOP *** [8c 5d 6d]
hairy1961: checks
MTails: bets $3
hairy1961: raises $3 to $6
MTails: raises $3 to $9
hairy1961: raises $1.65 to $10.65 and is all-in
Betting is capped
MTails: calls $1.65
*** TURN *** [8c 5d 6d] [Qd]
*** RIVER *** [8c 5d 6d Qd] [Ac]
*** SHOW DOWN ***
hairy1961: shows [3c 4s] (high card Ace)
MTails: shows [9c Jc] (high card Ace - Queen+Jack kicker)
MTails collected $32.80 from pot
*** SUMMARY ***
Total pot $33.30 | Rake $0.50
Board [8c 5d 6d Qd Ac]
Seat 3: hairy1961 (big blind) showed [3c 4s] and lost with high card Ace
Seat 4: MTails (button) (small blind) showed [9c Jc] and won ($32.80) with high card Ace


