PokerStars Hand #176871315382:  Hold'em Limit ($3/$6 USD) - 2017/10/13 15:26:35 ET
Table 'Phocaea II' 6-max Seat #5 is the button
Seat 3: liza3008 ($35.63 in chips)
Seat 5: BelSv ($107.14 in chips)
BelSv: posts small blind $1
liza3008: posts big blind $3
*** HOLE CARDS ***
BelSv: raises $3 to $6
liza3008: calls $3
*** FLOP *** [3s As Th]
liza3008: checks
BelSv: bets $3
liza3008: calls $3
*** TURN *** [3s As Th] [6s]
liza3008: checks
BelSv: bets $6
liza3008: raises $6 to $12
BelSv: calls $6
*** RIVER *** [3s As Th 6s] [9s]
liza3008: bets $6
BelSv: calls $6
*** SHOW DOWN ***
liza3008: shows [Jh 6h] (a pair of Sixes)
BelSv: shows [Ah 5d] (a pair of Aces)
BelSv collected $53.50 from pot
*** SUMMARY ***
Total pot $54 | Rake $0.50
Board [3s As Th 6s 9s]
Seat 3: liza3008 (big blind) showed [Jh 6h] and lost with a pair of Sixes
Seat 5: BelSv (button) (small blind) showed [Ah 5d] and won ($53.50) with a pair of Aces


PokerStars Hand #176871410593:  Hold'em Limit ($3/$6 USD) - 2017/10/13 15:28:33 ET
Table 'Phocaea II' 6-max Seat #4 is the button
Seat 4: Yuppy13 ($126.17 in chips)
Seat 5: BelSv ($132.74 in chips)
Yuppy13: posts small blind $1
BelSv: posts big blind $3
*** HOLE CARDS ***
Yuppy13: calls $2
BelSv: raises $3 to $6
Yuppy13: calls $3
*** FLOP *** [Kd 5c 2h]
BelSv: bets $3
Yuppy13: calls $3
*** TURN *** [Kd 5c 2h] [5d]
BelSv: checks
Yuppy13: bets $6
BelSv: folds
Uncalled bet ($6) returned to Yuppy13
Yuppy13 collected $17.64 from pot
*** SUMMARY ***
Total pot $18 | Rake $0.36
Board [Kd 5c 2h 5d]
Seat 4: Yuppy13 (button) (small blind) collected ($17.64)
Seat 5: BelSv (big blind) folded on the Turn


PokerStars Hand #176871506463:  Hold'em Limit ($3/$6 USD) - 2017/10/13 15:30:31 ET
Table 'Phocaea II' 6-max Seat #4 is the button
Seat 3: liza3008 ($148.93 in chips)
Seat 4: Yuppy13 ($125.27 in chips)
Yuppy13: posts small blind $1
BelSv: is sitting out
liza3008: posts big blind $3
*** HOLE CARDS ***
Yuppy13: calls $2
liza3008: checks
*** FLOP *** [Ad Ts 7h]
liza3008: checks
Yuppy13: checks
*** TURN *** [Ad Ts 7h] [8c]
liza3008: checks
Yuppy13: bets $6
liza3008: folds
Uncalled bet ($6) returned to Yuppy13
Yuppy13 collected $5.88 from pot
*** SUMMARY ***
Total pot $6 | Rake $0.12
Board [Ad Ts 7h 8c]
Seat 3: liza3008 (big blind) folded on the Turn
Seat 4: Yuppy13 (button) (small blind) collected ($5.88)


PokerStars Hand #176871568646:  Hold'em Limit ($3/$6 USD) - 2017/10/13 15:31:47 ET
Table 'Phocaea II' 6-max Seat #3 is the button
Seat 3: liza3008 ($146.43 in chips)
Seat 4: Yuppy13 ($126.29 in chips)
liza3008: posts small blind $1
Yuppy13: posts big blind $3
*** HOLE CARDS ***
liza3008: raises $3 to $6
Yuppy13: raises $3 to $9
liza3008: calls $3
*** FLOP *** [7c 5s Jc]
Yuppy13: bets $3
liza3008: calls $3
*** TURN *** [7c 5s Jc] [9s]
Yuppy13: checks
liza3008: bets $6
Yuppy13: calls $6
*** RIVER *** [7c 5s Jc 9s] [5d]
Yuppy13: checks
liza3008: bets $6
Yuppy13: calls $6
*** SHOW DOWN ***
liza3008: shows [Qs Ts] (a pair of Fives)
Yuppy13: shows [Kh Ad] (a pair of Fives - Ace kicker)
Yuppy13 collected $47.50 from pot
*** SUMMARY ***
Total pot $48 | Rake $0.50
Board [7c 5s Jc 9s 5d]
Seat 3: liza3008 (button) (small blind) showed [Qs Ts] and lost with a pair of Fives
Seat 4: Yuppy13 (big blind) showed [Kh Ad] and won ($47.50) with a pair of Fives


PokerStars Hand #176871528459:  Hold'em Limit ($3/$6 USD) - 2017/10/13 15:30:58 ET
Table 'Phocaea II' 6-max Seat #3 is the button
Seat 3: liza3008 ($145.93 in chips)
Seat 4: Yuppy13 ($128.15 in chips)
liza3008: posts small blind $1
Yuppy13: posts big blind $3
*** HOLE CARDS ***
liza3008: raises $3 to $6
Yuppy13: calls $3
*** FLOP *** [Ad Kc Tc]
Yuppy13: checks
liza3008: bets $3
Yuppy13: calls $3
*** TURN *** [Ad Kc Tc] [Ah]
Yuppy13: checks
liza3008: bets $6
Yuppy13: calls $6
*** RIVER *** [Ad Kc Tc Ah] [Jh]
Yuppy13: checks
liza3008: checks
*** SHOW DOWN ***
Yuppy13: shows [7c Th] (two pair, Aces and Tens)
liza3008: mucks hand
Yuppy13 collected $29.50 from pot
*** SUMMARY ***
Total pot $30 | Rake $0.50
Board [Ad Kc Tc Ah Jh]
Seat 3: liza3008 (button) (small blind) mucked
Seat 4: Yuppy13 (big blind) showed [7c Th] and won ($29.50) with two pair, Aces and Tens


PokerStars Hand #176871542684:  Hold'em Limit ($3/$6 USD) - 2017/10/13 15:31:15 ET
Table 'Phocaea II' 6-max Seat #4 is the button
Seat 3: liza3008 ($130.93 in chips)
Seat 4: Yuppy13 ($142.65 in chips)
Yuppy13: posts small blind $1
liza3008: posts big blind $3
*** HOLE CARDS ***
Yuppy13: folds
Uncalled bet ($2) returned to liza3008
liza3008 collected $2 from pot
liza3008: doesn't show hand
*** SUMMARY ***
Total pot $2 | Rake $0
Seat 3: liza3008 (big blind) collected ($2)
Seat 4: Yuppy13 (button) (small blind) folded before Flop


PokerStars Hand #176871547907:  Hold'em Limit ($3/$6 USD) - 2017/10/13 15:31:22 ET
Table 'Phocaea II' 6-max Seat #3 is the button
Seat 3: liza3008 ($131.93 in chips)
Seat 4: Yuppy13 ($141.65 in chips)
liza3008: posts small blind $1
Yuppy13: posts big blind $3
*** HOLE CARDS ***
liza3008: raises $3 to $6
Yuppy13: raises $3 to $9
liza3008: calls $3
*** FLOP *** [2s Qh Ad]
Yuppy13: bets $3
liza3008: folds
Uncalled bet ($3) returned to Yuppy13
Yuppy13 collected $17.64 from pot
*** SUMMARY ***
Total pot $18 | Rake $0.36
Board [2s Qh Ad]
Seat 3: liza3008 (button) (small blind) folded on the Flop
Seat 4: Yuppy13 (big blind) collected ($17.64)


PokerStars Hand #176871554765:  Hold'em Limit ($3/$6 USD) - 2017/10/13 15:31:30 ET
Table 'Phocaea II' 6-max Seat #4 is the button
Seat 3: liza3008 ($122.93 in chips)
Seat 4: Yuppy13 ($150.29 in chips)
Yuppy13: posts small blind $1
liza3008: posts big blind $3
*** HOLE CARDS ***
roxy1362 joins the table at seat #1
Yuppy13: raises $3 to $6
liza3008: raises $3 to $9
Yuppy13: calls $3
*** FLOP *** [Kh 5c 7c]
liza3008: bets $3
Yuppy13: calls $3
*** TURN *** [Kh 5c 7c] [6c]
liza3008: bets $6
Yuppy13: calls $6
*** RIVER *** [Kh 5c 7c 6c] [9s]
liza3008: bets $6
Yuppy13: calls $6
*** SHOW DOWN ***
liza3008: shows [Kc 8s] (a straight, Five to Nine)
Yuppy13: mucks hand
liza3008 collected $47.50 from pot
roxy1362 leaves the table
*** SUMMARY ***
Total pot $48 | Rake $0.50
Board [Kh 5c 7c 6c 9s]
Seat 3: liza3008 (big blind) showed [Kc 8s] and won ($47.50) with a straight, Five to Nine
Seat 4: Yuppy13 (button) (small blind) mucked


PokerStars Hand #176871584587:  Hold'em Limit ($3/$6 USD) - 2017/10/13 15:32:06 ET
Table 'Phocaea II' 6-max Seat #4 is the button
Seat 3: liza3008 ($122.43 in chips)
Seat 4: Yuppy13 ($149.79 in chips)
Yuppy13: posts small blind $1
liza3008: posts big blind $3
*** HOLE CARDS ***
Yuppy13: folds
Uncalled bet ($2) returned to liza3008
liza3008 collected $2 from pot
liza3008: doesn't show hand
*** SUMMARY ***
Total pot $2 | Rake $0
Seat 3: liza3008 (big blind) collected ($2)
Seat 4: Yuppy13 (button) (small blind) folded before Flop


PokerStars Hand #176871596004:  Hold'em Limit ($3/$6 USD) - 2017/10/13 15:32:21 ET
Table 'Phocaea II' 6-max Seat #4 is the button
Seat 3: liza3008 ($129.19 in chips)
Seat 4: Yuppy13 ($142.79 in chips)
Yuppy13: posts small blind $1
liza3008: posts big blind $3
*** HOLE CARDS ***
Yuppy13: folds
Uncalled bet ($2) returned to liza3008
vestimokrec joins the table at seat #6
liza3008 collected $2 from pot
liza3008: doesn't show hand
*** SUMMARY ***
Total pot $2 | Rake $0
Seat 3: liza3008 (big blind) collected ($2)
Seat 4: Yuppy13 (button) (small blind) folded before Flop


PokerStars Hand #176871588588:  Hold'em Limit ($3/$6 USD) - 2017/10/13 15:32:12 ET
Table 'Phocaea II' 6-max Seat #3 is the button
Seat 3: liza3008 ($123.43 in chips)
Seat 4: Yuppy13 ($148.79 in chips)
liza3008: posts small blind $1
Yuppy13: posts big blind $3
*** HOLE CARDS ***
liza3008: raises $3 to $6
Yuppy13: calls $3
*** FLOP *** [7s Js Kd]
Yuppy13: checks
liza3008: bets $3
Yuppy13: folds
Uncalled bet ($3) returned to liza3008
liza3008 collected $11.76 from pot
liza3008: doesn't show hand
*** SUMMARY ***
Total pot $12 | Rake $0.24
Board [7s Js Kd]
Seat 3: liza3008 (button) (small blind) collected ($11.76)
Seat 4: Yuppy13 (big blind) folded on the Flop


PokerStars Hand #176871600132:  Hold'em Limit ($3/$6 USD) - 2017/10/13 15:32:26 ET
Table 'Phocaea II' 6-max Seat #3 is the button
Seat 3: liza3008 ($130.19 in chips)
Seat 4: Yuppy13 ($141.79 in chips)
liza3008: posts small blind $1
Yuppy13: posts big blind $3
*** HOLE CARDS ***
liza3008: raises $3 to $6
Yuppy13: raises $3 to $9
liza3008: calls $3
*** FLOP *** [Ac 4c Js]
Yuppy13: bets $3
liza3008: calls $3
*** TURN *** [Ac 4c Js] [6h]
Yuppy13: checks
liza3008: bets $6
Yuppy13: calls $6
*** RIVER *** [Ac 4c Js 6h] [2h]
Yuppy13: checks
liza3008: bets $6
Yuppy13: raises $6 to $12
liza3008: folds
Uncalled bet ($6) returned to Yuppy13
Yuppy13 collected $47.50 from pot
*** SUMMARY ***
Total pot $48 | Rake $0.50
Board [Ac 4c Js 6h 2h]
Seat 3: liza3008 (button) (small blind) folded on the River
Seat 4: Yuppy13 (big blind) collected ($47.50)


PokerStars Hand #176881699240:  Hold'em Limit ($3/$6 USD) - 2017/10/13 19:21:41 ET
Table 'Phocaea II' 6-max Seat #1 is the button
Seat 1: Onrims ($259.61 in chips)
Seat 4: AzureCaper ($164.34 in chips)
Onrims: posts small blind $1
AzureCaper: posts big blind $3
*** HOLE CARDS ***
Onrims: folds
Uncalled bet ($2) returned to AzureCaper
AzureCaper collected $2 from pot
AzureCaper: doesn't show hand
*** SUMMARY ***
Total pot $2 | Rake $0
Seat 1: Onrims (button) (small blind) folded before Flop
Seat 4: AzureCaper (big blind) collected ($2)


PokerStars Hand #176881696309:  Hold'em Limit ($3/$6 USD) - 2017/10/13 19:21:36 ET
Table 'Phocaea II' 6-max Seat #4 is the button
Seat 1: Onrims ($258.61 in chips)
Seat 4: AzureCaper ($165.34 in chips)
AzureCaper: posts small blind $1
FeelinGuilty: is sitting out
Onrims: posts big blind $3
*** HOLE CARDS ***
FeelinGuilty leaves the table
AzureCaper: folds
Uncalled bet ($2) returned to Onrims
Onrims collected $2 from pot
Onrims: doesn't show hand
*** SUMMARY ***
Total pot $2 | Rake $0
Seat 1: Onrims (big blind) collected ($2)
Seat 4: AzureCaper (button) (small blind) folded before Flop


