PokerStars Hand #144584870462:  Hold'em Limit ($3/$6 USD) - 2015/11/29 17:53:02 ET
Table 'Phocaea' 6-max Seat #1 is the button
Seat 1: Zubasa07 ($500 in chips)
Seat 2: ALPEVE85 ($120 in chips)
Zubasa07: posts small blind $1
ALPEVE85: posts big blind $3
*** HOLE CARDS ***
Zubasa07: raises $3 to $6
ALPEVE85: calls $3
*** FLOP *** [Jh 3s 6d]
ALPEVE85: bets $3
Zubasa07: folds
Uncalled bet ($3) returned to ALPEVE85
ALPEVE85 collected $11.76 from pot
ALPEVE85: doesn't show hand
*** SUMMARY ***
Total pot $12 | Rake $0.24
Board [Jh 3s 6d]
Seat 1: Zubasa07 (button) (small blind) folded on the Flop
Seat 2: ALPEVE85 (big blind) collected ($11.76)


PokerStars Hand #144584969660:  Hold'em Limit ($3/$6 USD) - 2015/11/29 17:54:56 ET
Table 'Phocaea' 6-max Seat #1 is the button
Seat 1: Zubasa07 ($470 in chips)
Seat 2: ALPEVE85 ($149.26 in chips)
Zubasa07: posts small blind $1
ALPEVE85: posts big blind $3
*** HOLE CARDS ***
Zubasa07: folds
Uncalled bet ($2) returned to ALPEVE85
ALPEVE85 collected $2 from pot
ALPEVE85: doesn't show hand
*** SUMMARY ***
Total pot $2 | Rake $0
Seat 1: Zubasa07 (button) (small blind) folded before Flop
Seat 2: ALPEVE85 (big blind) collected ($2)


PokerStars Hand #144584893355:  Hold'em Limit ($3/$6 USD) - 2015/11/29 17:53:28 ET
Table 'Phocaea' 6-max Seat #2 is the button
Seat 1: Zubasa07 ($494 in chips)
Seat 2: ALPEVE85 ($125.76 in chips)
ALPEVE85: posts small blind $1
Zubasa07: posts big blind $3
*** HOLE CARDS ***
ALPEVE85: raises $3 to $6
Zubasa07: calls $3
*** FLOP *** [4d 3d 9c]
Zubasa07: checks
ALPEVE85: bets $3
Zubasa07: raises $3 to $6
ALPEVE85: calls $3
*** TURN *** [4d 3d 9c] [As]
Zubasa07: checks
ALPEVE85: bets $6
Zubasa07: calls $6
*** RIVER *** [4d 3d 9c As] [3s]
Zubasa07: checks
ALPEVE85: bets $6
Zubasa07: calls $6
*** SHOW DOWN ***
ALPEVE85: shows [Ks Ac] (two pair, Aces and Threes)
Zubasa07: mucks hand
ALPEVE85 collected $47.50 from pot
*** SUMMARY ***
Total pot $48 | Rake $0.50
Board [4d 3d 9c As 3s]
Seat 1: Zubasa07 (big blind) mucked
Seat 2: ALPEVE85 (button) (small blind) showed [Ks Ac] and won ($47.50) with two pair, Aces and Threes


PokerStars Hand #144584974032:  Hold'em Limit ($3/$6 USD) - 2015/11/29 17:55:01 ET
Table 'Phocaea' 6-max Seat #2 is the button
Seat 1: Zubasa07 ($469 in chips)
Seat 2: ALPEVE85 ($150.26 in chips)
ALPEVE85: posts small blind $1
Zubasa07: posts big blind $3
*** HOLE CARDS ***
ALPEVE85: raises $3 to $6
Zubasa07: calls $3
*** FLOP *** [5h 8d Js]
Zubasa07: checks
ALPEVE85: bets $3
Zubasa07: folds
Uncalled bet ($3) returned to ALPEVE85
ALPEVE85 collected $11.76 from pot
ALPEVE85: doesn't show hand
*** SUMMARY ***
Total pot $12 | Rake $0.24
Board [5h 8d Js]
Seat 1: Zubasa07 (big blind) folded on the Flop
Seat 2: ALPEVE85 (button) (small blind) collected ($11.76)


PokerStars Hand #144584992020:  Hold'em Limit ($3/$6 USD) - 2015/11/29 17:55:25 ET
Table 'Phocaea' 6-max Seat #1 is the button
Seat 1: Zubasa07 ($463 in chips)
Seat 2: ALPEVE85 ($156.02 in chips)
Zubasa07: posts small blind $1
ALPEVE85: posts big blind $3
*** HOLE CARDS ***
Zubasa07: raises $3 to $6
ALPEVE85: raises $3 to $9
Zubasa07: calls $3
*** FLOP *** [Tc 9d 6s]
ALPEVE85: bets $3
Zubasa07: calls $3
*** TURN *** [Tc 9d 6s] [Kd]
ALPEVE85: bets $6
Zubasa07: calls $6
*** RIVER *** [Tc 9d 6s Kd] [8d]
ALPEVE85: bets $6
Zubasa07: folds
Uncalled bet ($6) returned to ALPEVE85
ALPEVE85 collected $35.50 from pot
ALPEVE85: doesn't show hand
*** SUMMARY ***
Total pot $36 | Rake $0.50
Board [Tc 9d 6s Kd 8d]
Seat 1: Zubasa07 (button) (small blind) folded on the River
Seat 2: ALPEVE85 (big blind) collected ($35.50)


PokerStars Hand #144585019415:  Hold'em Limit ($3/$6 USD) - 2015/11/29 17:56:07 ET
Table 'Phocaea' 6-max Seat #2 is the button
Seat 1: Zubasa07 ($445 in chips)
Seat 2: ALPEVE85 ($173.52 in chips)
ALPEVE85: posts small blind $1
Zubasa07: posts big blind $3
*** HOLE CARDS ***
ALPEVE85: raises $3 to $6
Zubasa07: calls $3
*** FLOP *** [Jd 6d 2c]
Zubasa07: checks
ALPEVE85: bets $3
Zubasa07: calls $3
*** TURN *** [Jd 6d 2c] [Kc]
Zubasa07: checks
ALPEVE85: bets $6
Zubasa07: calls $6
*** RIVER *** [Jd 6d 2c Kc] [Js]
Zubasa07: checks
ALPEVE85: bets $6
Zubasa07: calls $6
*** SHOW DOWN ***
ALPEVE85: shows [7s 7d] (two pair, Jacks and Sevens)
Zubasa07: mucks hand
ALPEVE85 collected $41.50 from pot
*** SUMMARY ***
Total pot $42 | Rake $0.50
Board [Jd 6d 2c Kc Js]
Seat 1: Zubasa07 (big blind) mucked
Seat 2: ALPEVE85 (button) (small blind) showed [7s 7d] and won ($41.50) with two pair, Jacks and Sevens


PokerStars Hand #144585049102:  Hold'em Limit ($3/$6 USD) - 2015/11/29 17:56:53 ET
Table 'Phocaea' 6-max Seat #1 is the button
Seat 1: Zubasa07 ($424 in chips)
Seat 2: ALPEVE85 ($194.02 in chips)
Zubasa07: posts small blind $1
ALPEVE85: posts big blind $3
*** HOLE CARDS ***
Zubasa07: raises $3 to $6
ALPEVE85: raises $3 to $9
Zubasa07: calls $3
*** FLOP *** [5s 7d Qd]
ALPEVE85: bets $3
Zubasa07: folds
Uncalled bet ($3) returned to ALPEVE85
ALPEVE85 collected $17.64 from pot
ALPEVE85: doesn't show hand
*** SUMMARY ***
Total pot $18 | Rake $0.36
Board [5s 7d Qd]
Seat 1: Zubasa07 (button) (small blind) folded on the Flop
Seat 2: ALPEVE85 (big blind) collected ($17.64)


PokerStars Hand #144585100733:  Hold'em Limit ($3/$6 USD) - 2015/11/29 17:58:11 ET
Table 'Phocaea' 6-max Seat #1 is the button
Seat 1: Zubasa07 ($429.50 in chips)
Seat 2: ALPEVE85 ($187.66 in chips)
Zubasa07: posts small blind $1
ALPEVE85: posts big blind $3
*** HOLE CARDS ***
Zubasa07: folds
Uncalled bet ($2) returned to ALPEVE85
ALPEVE85 collected $2 from pot
ALPEVE85: doesn't show hand
*** SUMMARY ***
Total pot $2 | Rake $0
Seat 1: Zubasa07 (button) (small blind) folded before Flop
Seat 2: ALPEVE85 (big blind) collected ($2)


PokerStars Hand #144585066365:  Hold'em Limit ($3/$6 USD) - 2015/11/29 17:57:19 ET
Table 'Phocaea' 6-max Seat #2 is the button
Seat 1: Zubasa07 ($415 in chips)
Seat 2: ALPEVE85 ($202.66 in chips)
ALPEVE85: posts small blind $1
Zubasa07: posts big blind $3
*** HOLE CARDS ***
ALPEVE85: calls $2
Zubasa07: raises $3 to $6
Airbag999 joins the table at seat #3
ALPEVE85: calls $3
*** FLOP *** [6h Th 7h]
Zubasa07: bets $3
ALPEVE85: calls $3
*** TURN *** [6h Th 7h] [6d]
Zubasa07: bets $6
ALPEVE85: calls $6
*** RIVER *** [6h Th 7h 6d] [Tc]
Zubasa07: bets $6
korrnel joins the table at seat #4
ALPEVE85: folds
Uncalled bet ($6) returned to Zubasa07
Zubasa07 collected $29.50 from pot
Zubasa07: doesn't show hand
*** SUMMARY ***
Total pot $30 | Rake $0.50
Board [6h Th 7h 6d Tc]
Seat 1: Zubasa07 (big blind) collected ($29.50)
Seat 2: ALPEVE85 (button) (small blind) folded on the River


