PokerStars Hand #153016694398:  Hold'em Limit ($3/$6 USD) - 2016/05/08 8:50:28 ET
Table 'Phocaea' 6-max Seat #3 is the button
Seat 3: sigvi ($59.46 in chips)
Seat 4: Agrotait ($72 in chips)
sigvi: posts small blind $1
Krazy90 joins the table at seat #5
Agrotait: posts big blind $3
*** HOLE CARDS ***
sigvi: folds
Uncalled bet ($2) returned to Agrotait
Agrotait collected $2 from pot
Agrotait: doesn't show hand
*** SUMMARY ***
Total pot $2 | Rake $0
Seat 3: sigvi (button) (small blind) folded before Flop
Seat 4: Agrotait (big blind) collected ($2)


PokerStars Hand #153017325867:  Hold'em Limit ($3/$6 USD) - 2016/05/08 9:09:20 ET
Table 'Phocaea' 6-max Seat #1 is the button
Seat 1: Tryptamean ($131.67 in chips)
Seat 3: sigvi ($18.97 in chips)
Tryptamean: posts small blind $1
sigvi: posts big blind $3
*** HOLE CARDS ***
Tryptamean: raises $3 to $6
Krazy90 joins the table at seat #5
sigvi: calls $3
*** FLOP *** [5d As 4d]
sigvi: checks
Tryptamean: bets $3
vitamin168 leaves the table
sigvi: folds
Uncalled bet ($3) returned to Tryptamean
Tryptamean collected $11.76 from pot
Tryptamean: doesn't show hand
*** SUMMARY ***
Total pot $12 | Rake $0.24
Board [5d As 4d]
Seat 1: Tryptamean (button) (small blind) collected ($11.76)
Seat 3: sigvi (big blind) folded on the Flop


PokerStars Hand #153017440828:  Hold'em Limit ($3/$6 USD) - 2016/05/08 9:12:23 ET
Table 'Phocaea' 6-max Seat #5 is the button
Seat 1: Tryptamean ($132.35 in chips)
Seat 5: Krazy90 ($146.66 in chips)
xitrec321 will be allowed to play after the button
Krazy90: posts small blind $1
Tryptamean: posts big blind $3
*** HOLE CARDS ***
sigvi leaves the table
Krazy90: raises $3 to $6
Tryptamean: raises $3 to $9
Krazy90: calls $3
*** FLOP *** [4c 6h Jc]
Tryptamean: bets $3
Krazy90: calls $3
*** TURN *** [4c 6h Jc] [3h]
Tryptamean: bets $6
Krazy90: folds
Uncalled bet ($6) returned to Tryptamean
Tryptamean collected $23.52 from pot
Tryptamean: doesn't show hand
*** SUMMARY ***
Total pot $24 | Rake $0.48
Board [4c 6h Jc 3h]
Seat 1: Tryptamean (big blind) collected ($23.52)
Seat 5: Krazy90 (button) (small blind) folded on the Turn


PokerStars Hand #153017654437:  Hold'em Limit ($3/$6 USD) - 2016/05/08 9:18:01 ET
Table 'Phocaea' 6-max Seat #5 is the button
Seat 1: Tryptamean ($200.07 in chips)
Seat 5: Krazy90 ($120 in chips)
Krazy90: posts small blind $1
Tryptamean: posts big blind $3
*** HOLE CARDS ***
Krazy90: folds
Uncalled bet ($2) returned to Tryptamean
Krazy90 leaves the table
Tryptamean collected $2 from pot
Tryptamean: doesn't show hand
*** SUMMARY ***
Total pot $2 | Rake $0
Seat 1: Tryptamean (big blind) collected ($2)
Seat 5: Krazy90 (button) (small blind) folded before Flop


