PokerStars Hand #176613494466:  Hold'em Limit ($3/$6 USD) - 2017/10/07 13:53:03 ET
Table 'Phoebe' 6-max Seat #1 is the button
Seat 1: aleks_4ym ($171.96 in chips)
Seat 5: duke6419 ($140.79 in chips)
Kasperla will be allowed to play after the button
aleks_4ym: posts small blind $1
vestimokrec: is sitting out
duke6419: posts big blind $3
*** HOLE CARDS ***
aleks_4ym: raises $3 to $6
duke6419: calls $3
*** FLOP *** [3c 9h 3h]
duke6419: checks
Kasperla leaves the table
aleks_4ym: bets $3
duke6419: calls $3
*** TURN *** [3c 9h 3h] [6c]
duke6419: checks
aleks_4ym: bets $6
duke6419: calls $6
*** RIVER *** [3c 9h 3h 6c] [Ks]
duke6419: checks
aleks_4ym: bets $6
duke6419: calls $6
*** SHOW DOWN ***
aleks_4ym: shows [7s Tc] (a pair of Threes)
duke6419: shows [Qd Ah] (a pair of Threes - Ace kicker)
duke6419 collected $41.50 from pot
uglyghost101 joins the table at seat #4
*** SUMMARY ***
Total pot $42 | Rake $0.50
Board [3c 9h 3h 6c Ks]
Seat 1: aleks_4ym (button) (small blind) showed [7s Tc] and lost with a pair of Threes
Seat 5: duke6419 (big blind) showed [Qd Ah] and won ($41.50) with a pair of Threes


PokerStars Hand #176613526616:  Hold'em Limit ($3/$6 USD) - 2017/10/07 13:53:47 ET
Table 'Phoebe' 6-max Seat #5 is the button
Seat 1: aleks_4ym ($150.96 in chips)
Seat 5: duke6419 ($161.29 in chips)
duke6419: posts small blind $1
aleks_4ym: posts big blind $3
*** HOLE CARDS ***
duke6419: raises $3 to $6
aleks_4ym: calls $3
*** FLOP *** [Kh 2d 9s]
vestimokrec leaves the table
aleks_4ym: checks
duke6419: bets $3
vestimokrec joins the table at seat #6
B_loJkl leaves the table
aleks_4ym: calls $3
*** TURN *** [Kh 2d 9s] [Ad]
aleks_4ym: checks
B_loJkl joins the table at seat #2
duke6419: bets $6
aleks_4ym: raises $6 to $12
duke6419: calls $6
*** RIVER *** [Kh 2d 9s Ad] [6s]
aleks_4ym: bets $6
duke6419: calls $6
*** SHOW DOWN ***
aleks_4ym: shows [Jd Ac] (a pair of Aces)
duke6419: mucks hand
aleks_4ym collected $53.50 from pot
*** SUMMARY ***
Total pot $54 | Rake $0.50
Board [Kh 2d 9s Ad 6s]
Seat 1: aleks_4ym (big blind) showed [Jd Ac] and won ($53.50) with a pair of Aces
Seat 5: duke6419 (button) (small blind) mucked


PokerStars Hand #176615210199:  Hold'em Limit ($3/$6 USD) - 2017/10/07 14:31:16 ET
Table 'Phoebe' 6-max Seat #3 is the button
Seat 3: Steffi1001 ($122.22 in chips)
Seat 6: vestimokrec ($118.81 in chips)
Spriysugen will be allowed to play after the button
Apanage will be allowed to play after the button
Steffi1001: posts small blind $1
uglyghost101: is sitting out
vestimokrec: posts big blind $3
*** HOLE CARDS ***
Steffi1001: raises $3 to $6
vestimokrec: calls $3
*** FLOP *** [Ad 2s 6d]
vestimokrec: checks
Steffi1001: bets $3
Spriysugen is disconnected
vestimokrec: calls $3
*** TURN *** [Ad 2s 6d] [4s]
vestimokrec: checks
Steffi1001: checks
*** RIVER *** [Ad 2s 6d 4s] [8d]
vestimokrec: checks
Steffi1001: checks
*** SHOW DOWN ***
vestimokrec: shows [Jc 2c] (a pair of Deuces)
Steffi1001: mucks hand
vestimokrec collected $17.64 from pot
*** SUMMARY ***
Total pot $18 | Rake $0.36
Board [Ad 2s 6d 4s 8d]
Seat 3: Steffi1001 (button) (small blind) mucked
Seat 6: vestimokrec (big blind) showed [Jc 2c] and won ($17.64) with a pair of Deuces


PokerStars Hand #176622507799:  Hold'em Limit ($3/$6 USD) - 2017/10/07 17:08:07 ET
Table 'Phoebe' 6-max Seat #1 is the button
Seat 1: LEG252 ($184.07 in chips)
Seat 4: uglyghost101 ($76.90 in chips)
LEG252: posts small blind $1
uglyghost101: posts big blind $3
*** HOLE CARDS ***
LEG252: calls $2
uglyghost101: checks
*** FLOP *** [Ac 2s 6s]
uglyghost101: bets $3
LEG252: folds
Uncalled bet ($3) returned to uglyghost101
uglyghost101 collected $5.88 from pot
uglyghost101: doesn't show hand
*** SUMMARY ***
Total pot $6 | Rake $0.12
Board [Ac 2s 6s]
Seat 1: LEG252 (button) (small blind) folded on the Flop
Seat 4: uglyghost101 (big blind) collected ($5.88)


PokerStars Hand #176622525501:  Hold'em Limit ($3/$6 USD) - 2017/10/07 17:08:30 ET
Table 'Phoebe' 6-max Seat #4 is the button
Seat 1: LEG252 ($181.07 in chips)
Seat 4: uglyghost101 ($79.78 in chips)
uglyghost101: posts small blind $1
LEG252: posts big blind $3
*** HOLE CARDS ***
uglyghost101: raises $3 to $6
LEG252: calls $3
*** FLOP *** [Ks 9c 2c]
LEG252: checks
uglyghost101: bets $3
LEG252: folds
Uncalled bet ($3) returned to uglyghost101
uglyghost101 collected $11.76 from pot
uglyghost101: doesn't show hand
*** SUMMARY ***
Total pot $12 | Rake $0.24
Board [Ks 9c 2c]
Seat 1: LEG252 (big blind) folded on the Flop
Seat 4: uglyghost101 (button) (small blind) collected ($11.76)


PokerStars Hand #176622539901:  Hold'em Limit ($3/$6 USD) - 2017/10/07 17:08:48 ET
Table 'Phoebe' 6-max Seat #1 is the button
Seat 1: LEG252 ($175.07 in chips)
Seat 4: uglyghost101 ($85.54 in chips)
LEG252: posts small blind $1
uglyghost101: posts big blind $3
*** HOLE CARDS ***
LEG252: raises $3 to $6
uglyghost101: folds
Uncalled bet ($3) returned to LEG252
LEG252 collected $6 from pot
LEG252: doesn't show hand
*** SUMMARY ***
Total pot $6 | Rake $0
Seat 1: LEG252 (button) (small blind) collected ($6)
Seat 4: uglyghost101 (big blind) folded before Flop


PokerStars Hand #176622547475:  Hold'em Limit ($3/$6 USD) - 2017/10/07 17:08:58 ET
Table 'Phoebe' 6-max Seat #4 is the button
Seat 1: LEG252 ($178.07 in chips)
Seat 4: uglyghost101 ($82.54 in chips)
uglyghost101: posts small blind $1
LEG252: posts big blind $3
*** HOLE CARDS ***
uglyghost101: raises $3 to $6
LEG252: raises $3 to $9
uglyghost101: calls $3
*** FLOP *** [7d Js 6s]
LEG252: checks
uglyghost101: bets $3
LEG252: calls $3
*** TURN *** [7d Js 6s] [9h]
LEG252: checks
uglyghost101: checks
*** RIVER *** [7d Js 6s 9h] [7s]
LEG252: bets $6
uglyghost101: calls $6
*** SHOW DOWN ***
LEG252: shows [Tc Kd] (a pair of Sevens)
uglyghost101: mucks hand
LEG252 collected $35.50 from pot
*** SUMMARY ***
Total pot $36 | Rake $0.50
Board [7d Js 6s 9h 7s]
Seat 1: LEG252 (big blind) showed [Tc Kd] and won ($35.50) with a pair of Sevens
Seat 4: uglyghost101 (button) (small blind) mucked


PokerStars Hand #176622578830:  Hold'em Limit ($3/$6 USD) - 2017/10/07 17:09:39 ET
Table 'Phoebe' 6-max Seat #1 is the button
Seat 1: LEG252 ($195.57 in chips)
Seat 4: uglyghost101 ($64.54 in chips)
LEG252: posts small blind $1
uglyghost101: posts big blind $3
*** HOLE CARDS ***
LEG252: folds
Uncalled bet ($2) returned to uglyghost101
uglyghost101 collected $2 from pot
uglyghost101: doesn't show hand
*** SUMMARY ***
Total pot $2 | Rake $0
Seat 1: LEG252 (button) (small blind) folded before Flop
Seat 4: uglyghost101 (big blind) collected ($2)


PokerStars Hand #176622672630:  Hold'em Limit ($3/$6 USD) - 2017/10/07 17:11:39 ET
Table 'Phoebe' 6-max Seat #1 is the button
Seat 1: LEG252 ($156.07 in chips)
Seat 4: uglyghost101 ($102.54 in chips)
LEG252: posts small blind $1
uglyghost101: posts big blind $3
*** HOLE CARDS ***
LEG252: raises $3 to $6
uglyghost101: folds
Uncalled bet ($3) returned to LEG252
LEG252 collected $6 from pot
LEG252: doesn't show hand
*** SUMMARY ***
Total pot $6 | Rake $0
Seat 1: LEG252 (button) (small blind) collected ($6)
Seat 4: uglyghost101 (big blind) folded before Flop


PokerStars Hand #176622641716:  Hold'em Limit ($3/$6 USD) - 2017/10/07 17:10:59 ET
Table 'Phoebe' 6-max Seat #1 is the button
Seat 1: LEG252 ($179.07 in chips)
Seat 4: uglyghost101 ($80.04 in chips)
LEG252: posts small blind $1
uglyghost101: posts big blind $3
*** HOLE CARDS ***
LEG252: raises $3 to $6
uglyghost101: raises $3 to $9
LEG252: calls $3
*** FLOP *** [Jc 5c 7s]
uglyghost101: bets $3
LEG252: calls $3
*** TURN *** [Jc 5c 7s] [Qd]
uglyghost101: bets $6
LEG252: calls $6
*** RIVER *** [Jc 5c 7s Qd] [2d]
uglyghost101: bets $6
LEG252: calls $6
*** SHOW DOWN ***
uglyghost101: shows [9c 9h] (a pair of Nines)
LEG252: mucks hand
uglyghost101 collected $47.50 from pot
*** SUMMARY ***
Total pot $48 | Rake $0.50
Board [Jc 5c 7s Qd 2d]
Seat 1: LEG252 (button) (small blind) mucked
Seat 4: uglyghost101 (big blind) showed [9c 9h] and won ($47.50) with a pair of Nines


PokerStars Hand #176622664072:  Hold'em Limit ($3/$6 USD) - 2017/10/07 17:11:28 ET
Table 'Phoebe' 6-max Seat #4 is the button
Seat 1: LEG252 ($155.07 in chips)
Seat 4: uglyghost101 ($103.54 in chips)
uglyghost101: posts small blind $1
LEG252: posts big blind $3
*** HOLE CARDS ***
uglyghost101: folds
Uncalled bet ($2) returned to LEG252
LEG252 collected $2 from pot
LEG252: doesn't show hand
*** SUMMARY ***
Total pot $2 | Rake $0
Seat 1: LEG252 (big blind) collected ($2)
Seat 4: uglyghost101 (button) (small blind) folded before Flop


PokerStars Hand #176622635828:  Hold'em Limit ($3/$6 USD) - 2017/10/07 17:10:52 ET
Table 'Phoebe' 6-max Seat #4 is the button
Seat 1: LEG252 ($182.07 in chips)
Seat 4: uglyghost101 ($77.04 in chips)
uglyghost101: posts small blind $1
LEG252: posts big blind $3
*** HOLE CARDS ***
uglyghost101: raises $3 to $6
LEG252: folds
Uncalled bet ($3) returned to uglyghost101
uglyghost101 collected $6 from pot
uglyghost101: doesn't show hand
*** SUMMARY ***
Total pot $6 | Rake $0
Seat 1: LEG252 (big blind) folded before Flop
Seat 4: uglyghost101 (button) (small blind) collected ($6)


PokerStars Hand #176622695056:  Hold'em Limit ($3/$6 USD) - 2017/10/07 17:12:08 ET
Table 'Phoebe' 6-max Seat #1 is the button
Seat 1: LEG252 ($152.07 in chips)
Seat 4: uglyghost101 ($106.54 in chips)
LEG252: posts small blind $1
uglyghost101: posts big blind $3
*** HOLE CARDS ***
LEG252: raises $3 to $6
uglyghost101: calls $3
*** FLOP *** [8d Ts Jc]
uglyghost101: checks
LEG252: bets $3
uglyghost101: calls $3
*** TURN *** [8d Ts Jc] [5s]
uglyghost101: checks
LEG252: checks
*** RIVER *** [8d Ts Jc 5s] [8h]
uglyghost101: bets $6
LEG252: calls $6
*** SHOW DOWN ***
uglyghost101: shows [As 3d] (a pair of Eights)
LEG252: mucks hand
uglyghost101 collected $29.50 from pot
*** SUMMARY ***
Total pot $30 | Rake $0.50
Board [8d Ts Jc 5s 8h]
Seat 1: LEG252 (button) (small blind) mucked
Seat 4: uglyghost101 (big blind) showed [As 3d] and won ($29.50) with a pair of Eights


PokerStars Hand #176622679864:  Hold'em Limit ($3/$6 USD) - 2017/10/07 17:11:49 ET
Table 'Phoebe' 6-max Seat #4 is the button
Seat 1: LEG252 ($159.07 in chips)
Seat 4: uglyghost101 ($99.54 in chips)
uglyghost101: posts small blind $1
LEG252: posts big blind $3
*** HOLE CARDS ***
uglyghost101: raises $3 to $6
LEG252: folds
Uncalled bet ($3) returned to uglyghost101
uglyghost101 collected $6 from pot
uglyghost101: doesn't show hand
*** SUMMARY ***
Total pot $6 | Rake $0
Seat 1: LEG252 (big blind) folded before Flop
Seat 4: uglyghost101 (button) (small blind) collected ($6)


PokerStars Hand #176622713488:  Hold'em Limit ($3/$6 USD) - 2017/10/07 17:12:32 ET
Table 'Phoebe' 6-max Seat #4 is the button
Seat 1: LEG252 ($137.07 in chips)
Seat 4: uglyghost101 ($121.04 in chips)
uglyghost101: posts small blind $1
LEG252: posts big blind $3
*** HOLE CARDS ***
uglyghost101: folds
Uncalled bet ($2) returned to LEG252
LEG252 collected $2 from pot
LEG252: doesn't show hand
*** SUMMARY ***
Total pot $2 | Rake $0
Seat 1: LEG252 (big blind) collected ($2)
Seat 4: uglyghost101 (button) (small blind) folded before Flop


PokerStars Hand #176622690075:  Hold'em Limit ($3/$6 USD) - 2017/10/07 17:12:02 ET
Table 'Phoebe' 6-max Seat #4 is the button
Seat 1: LEG252 ($155.07 in chips)
Seat 4: uglyghost101 ($103.54 in chips)
uglyghost101: posts small blind $1
LEG252: posts big blind $3
*** HOLE CARDS ***
uglyghost101: raises $3 to $6
LEG252: folds
Uncalled bet ($3) returned to uglyghost101
uglyghost101 collected $6 from pot
*** SUMMARY ***
Total pot $6 | Rake $0
Seat 1: LEG252 (big blind) folded before Flop
Seat 4: uglyghost101 (button) (small blind) collected ($6)


PokerStars Hand #176622685866:  Hold'em Limit ($3/$6 USD) - 2017/10/07 17:11:56 ET
Table 'Phoebe' 6-max Seat #1 is the button
Seat 1: LEG252 ($156.07 in chips)
Seat 4: uglyghost101 ($102.54 in chips)
LEG252: posts small blind $1
uglyghost101: posts big blind $3
*** HOLE CARDS ***
LEG252: folds
Uncalled bet ($2) returned to uglyghost101
uglyghost101 collected $2 from pot
uglyghost101: doesn't show hand
*** SUMMARY ***
Total pot $2 | Rake $0
Seat 1: LEG252 (button) (small blind) folded before Flop
Seat 4: uglyghost101 (big blind) collected ($2)


PokerStars Hand #176622719949:  Hold'em Limit ($3/$6 USD) - 2017/10/07 17:12:40 ET
Table 'Phoebe' 6-max Seat #1 is the button
Seat 1: LEG252 ($138.07 in chips)
Seat 4: uglyghost101 ($120.04 in chips)
LEG252: posts small blind $1
uglyghost101: posts big blind $3
*** HOLE CARDS ***
LEG252: raises $3 to $6
uglyghost101: raises $3 to $9
LEG252: calls $3
*** FLOP *** [9d Ks 7c]
uglyghost101: bets $3
LEG252: raises $3 to $6
uglyghost101: calls $3
*** TURN *** [9d Ks 7c] [9h]
uglyghost101: checks
LEG252: checks
*** RIVER *** [9d Ks 7c 9h] [4c]
uglyghost101: bets $6
LEG252: calls $6
*** SHOW DOWN ***
uglyghost101: shows [4h 4d] (a full house, Fours full of Nines)
LEG252: mucks hand
uglyghost101 collected $41.50 from pot
*** SUMMARY ***
Total pot $42 | Rake $0.50
Board [9d Ks 7c 9h 4c]
Seat 1: LEG252 (button) (small blind) mucked
Seat 4: uglyghost101 (big blind) showed [4h 4d] and won ($41.50) with a full house, Fours full of Nines


PokerStars Hand #176622747700:  Hold'em Limit ($3/$6 USD) - 2017/10/07 17:13:16 ET
Table 'Phoebe' 6-max Seat #1 is the button
Seat 1: LEG252 ($118.07 in chips)
Seat 4: uglyghost101 ($139.54 in chips)
LEG252: posts small blind $1
uglyghost101: posts big blind $3
*** HOLE CARDS ***
LEG252: raises $3 to $6
uglyghost101: folds
Uncalled bet ($3) returned to LEG252
LEG252 collected $6 from pot
LEG252: doesn't show hand
*** SUMMARY ***
Total pot $6 | Rake $0
Seat 1: LEG252 (button) (small blind) collected ($6)
Seat 4: uglyghost101 (big blind) folded before Flop


PokerStars Hand #176622742253:  Hold'em Limit ($3/$6 USD) - 2017/10/07 17:13:09 ET
Table 'Phoebe' 6-max Seat #4 is the button
Seat 1: LEG252 ($117.07 in chips)
Seat 4: uglyghost101 ($140.54 in chips)
uglyghost101: posts small blind $1
LEG252: posts big blind $3
*** HOLE CARDS ***
uglyghost101: folds
Uncalled bet ($2) returned to LEG252
LEG252 collected $2 from pot
LEG252: doesn't show hand
*** SUMMARY ***
Total pot $2 | Rake $0
Seat 1: LEG252 (big blind) collected ($2)
Seat 4: uglyghost101 (button) (small blind) folded before Flop


