PokerStars Hand #156115197850:  Hold'em Limit ($3/$6 USD) - 2016/07/18 0:46:28 ET
Table 'Phoenix' 6-max Seat #6 is the button
Seat 3: Bubman78 ($154.80 in chips)
Seat 6: alpha2777 ($34.81 in chips)
alpha2777: posts small blind $1
Bubman78: posts big blind $3
*** HOLE CARDS ***
ABATAPP leaves the table
alpha2777: raises $3 to $6
Bubman78: calls $3
*** FLOP *** [Kh 3s 8h]
Bubman78: checks
alpha2777: bets $3
Bubman78: raises $3 to $6
alpha2777: calls $3
*** TURN *** [Kh 3s 8h] [Qh]
Bubman78: bets $6
alpha2777: folds
Uncalled bet ($6) returned to Bubman78
Bubman78 collected $23.52 from pot
Bubman78: doesn't show hand
*** SUMMARY ***
Total pot $24 | Rake $0.48
Board [Kh 3s 8h Qh]
Seat 3: Bubman78 (big blind) collected ($23.52)
Seat 6: alpha2777 (button) (small blind) folded on the Turn


PokerStars Hand #156115194536:  Hold'em Limit ($3/$6 USD) - 2016/07/18 0:46:13 ET
Table 'Phoenix' 6-max Seat #3 is the button
Seat 3: Bubman78 ($149.04 in chips)
Seat 6: alpha2777 ($40.81 in chips)
Bubman78: posts small blind $1
ABATAPP: is sitting out
alpha2777: posts big blind $3
*** HOLE CARDS ***
Bubman78: raises $3 to $6
alpha2777: calls $3
*** FLOP *** [4s 9d 4d]
alpha2777: checks
Bubman78: bets $3
alpha2777: folds
Uncalled bet ($3) returned to Bubman78
Bubman78 collected $11.76 from pot
Bubman78: doesn't show hand
*** SUMMARY ***
Total pot $12 | Rake $0.24
Board [4s 9d 4d]
Seat 3: Bubman78 (button) (small blind) collected ($11.76)
Seat 6: alpha2777 (big blind) folded on the Flop


PokerStars Hand #156115205834:  Hold'em Limit ($3/$6 USD) - 2016/07/18 0:47:04 ET
Table 'Phoenix' 6-max Seat #6 is the button
Seat 3: Bubman78 ($172.08 in chips)
Seat 6: alpha2777 ($16.81 in chips)
alpha2777: posts small blind $1
Bubman78: posts big blind $3
*** HOLE CARDS ***
alpha2777: raises $3 to $6
Bubman78: raises $3 to $9
alpha2777: calls $3
*** FLOP *** [4s 7d 5d]
Bubman78: bets $3
alpha2777: raises $3 to $6
Bubman78: raises $3 to $9
alpha2777: calls $1.81 and is all-in
Uncalled bet ($1.19) returned to Bubman78
*** TURN *** [4s 7d 5d] [Th]
*** RIVER *** [4s 7d 5d Th] [9h]
*** SHOW DOWN ***
Bubman78: shows [Ac Jh] (high card Ace)
alpha2777: shows [5c Qs] (a pair of Fives)
alpha2777 collected $33.12 from pot
*** SUMMARY ***
Total pot $33.62 | Rake $0.50
Board [4s 7d 5d Th 9h]
Seat 3: Bubman78 (big blind) showed [Ac Jh] and lost with high card Ace
Seat 6: alpha2777 (button) (small blind) showed [5c Qs] and won ($33.12) with a pair of Fives


PokerStars Hand #156115201931:  Hold'em Limit ($3/$6 USD) - 2016/07/18 0:46:46 ET
Table 'Phoenix' 6-max Seat #3 is the button
Seat 3: Bubman78 ($166.32 in chips)
Seat 6: alpha2777 ($22.81 in chips)
Bubman78: posts small blind $1
alpha2777: posts big blind $3
*** HOLE CARDS ***
Bubman78: raises $3 to $6
alpha2777: calls $3
*** FLOP *** [Ac Qd Kd]
alpha2777: checks
Bubman78: bets $3
alpha2777: folds
Uncalled bet ($3) returned to Bubman78
Bubman78 collected $11.76 from pot
*** SUMMARY ***
Total pot $12 | Rake $0.24
Board [Ac Qd Kd]
Seat 3: Bubman78 (button) (small blind) collected ($11.76)
Seat 6: alpha2777 (big blind) folded on the Flop


PokerStars Hand #156115218114:  Hold'em Limit ($3/$6 USD) - 2016/07/18 0:48:00 ET
Table 'Phoenix' 6-max Seat #3 is the button
Seat 3: Bubman78 ($163.77 in chips)
Seat 6: alpha2777 ($23.88 in chips)
Bubman78: posts small blind $1
alpha2777: posts big blind $3
*** HOLE CARDS ***
Bubman78: raises $3 to $6
alpha2777: calls $3
*** FLOP *** [5c Td 6h]
alpha2777: checks
ChawkDee leaves the table
Bubman78: bets $3
alpha2777: raises $3 to $6
Bubman78: calls $3
*** TURN *** [5c Td 6h] [Kh]
alpha2777: bets $6
Bubman78: calls $6
*** RIVER *** [5c Td 6h Kh] [7d]
alpha2777: bets $5.88 and is all-in
Bubman78: calls $5.88
*** SHOW DOWN ***
alpha2777: shows [Ks Qc] (a pair of Kings)
Bubman78: shows [8s 4h] (a straight, Four to Eight)
Bubman78 collected $47.26 from pot
*** SUMMARY ***
Total pot $47.76 | Rake $0.50
Board [5c Td 6h Kh 7d]
Seat 3: Bubman78 (button) (small blind) showed [8s 4h] and won ($47.26) with a straight, Four to Eight
Seat 6: alpha2777 (big blind) showed [Ks Qc] and lost with a pair of Kings


PokerStars Hand #156115215174:  Hold'em Limit ($3/$6 USD) - 2016/07/18 0:47:46 ET
Table 'Phoenix' 6-max Seat #6 is the button
Seat 3: Bubman78 ($169.77 in chips)
Seat 6: alpha2777 ($18.12 in chips)
alpha2777: posts small blind $1
Bubman78: posts big blind $3
*** HOLE CARDS ***
alpha2777: raises $3 to $6
Bubman78: calls $3
*** FLOP *** [7d 6s Kd]
Bubman78: checks
alpha2777: bets $3
Bubman78: folds
Uncalled bet ($3) returned to alpha2777
alpha2777 collected $11.76 from pot
alpha2777: doesn't show hand
*** SUMMARY ***
Total pot $12 | Rake $0.24
Board [7d 6s Kd]
Seat 3: Bubman78 (big blind) folded on the Flop
Seat 6: alpha2777 (button) (small blind) collected ($11.76)


PokerStars Hand #156115210494:  Hold'em Limit ($3/$6 USD) - 2016/07/18 0:47:25 ET
Table 'Phoenix' 6-max Seat #3 is the button
Seat 3: Bubman78 ($155.27 in chips)
Seat 6: alpha2777 ($33.12 in chips)
Bubman78: posts small blind $1
alpha2777: posts big blind $3
*** HOLE CARDS ***
Bubman78: raises $3 to $6
alpha2777: raises $3 to $9
Bubman78: raises $3 to $12
Betting is capped
alpha2777: calls $3
*** FLOP *** [9h 4c 5h]
alpha2777: checks
Bubman78: bets $3
alpha2777: calls $3
*** TURN *** [9h 4c 5h] [Qc]
ChawkDee joins the table at seat #4
alpha2777: checks
Bubman78: bets $6
alpha2777: folds
Uncalled bet ($6) returned to Bubman78
Bubman78 collected $29.50 from pot
Bubman78: doesn't show hand
*** SUMMARY ***
Total pot $30 | Rake $0.50
Board [9h 4c 5h Qc]
Seat 3: Bubman78 (button) (small blind) collected ($29.50)
Seat 6: alpha2777 (big blind) folded on the Turn


PokerStars Hand #156115841044:  Hold'em Limit ($3/$6 USD) - 2016/07/18 1:33:56 ET
Table 'Phoenix' 6-max Seat #5 is the button
Seat 3: mustangz_00 ($187.37 in chips)
Seat 5: fire852181 ($15.73 in chips)
Fabulous108 will be allowed to play after the button
fire852181: posts small blind $1
abatic: is sitting out
mustangz_00: posts big blind $3
*** HOLE CARDS ***
abatic leaves the table
fire852181: raises $3 to $6
mustangz_00: folds
Uncalled bet ($3) returned to fire852181
fire852181 collected $6 from pot
fire852181: doesn't show hand
ChawkDee joins the table at seat #6
*** SUMMARY ***
Total pot $6 | Rake $0
Seat 3: mustangz_00 (big blind) folded before Flop
Seat 5: fire852181 (button) (small blind) collected ($6)


PokerStars Hand #156115860575:  Hold'em Limit ($3/$6 USD) - 2016/07/18 1:35:24 ET
Table 'Phoenix' 6-max Seat #3 is the button
Seat 3: mustangz_00 ($227.10 in chips)
Seat 4: Fabulous108 ($94 in chips)
mustangz_00: posts small blind $1
Fabulous108: posts big blind $3
*** HOLE CARDS ***
mustangz_00: folds
Uncalled bet ($2) returned to Fabulous108
Fabulous108 collected $2 from pot
Fabulous108: doesn't show hand
*** SUMMARY ***
Total pot $2 | Rake $0
Seat 3: mustangz_00 (button) (small blind) folded before Flop
Seat 4: Fabulous108 (big blind) collected ($2)


PokerStars Hand #156115857745:  Hold'em Limit ($3/$6 USD) - 2016/07/18 1:35:12 ET
Table 'Phoenix' 6-max Seat #4 is the button
Seat 3: mustangz_00 ($230.10 in chips)
Seat 4: Fabulous108 ($91 in chips)
Fabulous108: posts small blind $1
mustangz_00: posts big blind $3
*** HOLE CARDS ***
Fabulous108: raises $3 to $6
fire852181 leaves the table
mustangz_00: folds
Uncalled bet ($3) returned to Fabulous108
Fabulous108 collected $6 from pot
Fabulous108: doesn't show hand
*** SUMMARY ***
Total pot $6 | Rake $0
Seat 3: mustangz_00 (big blind) folded before Flop
Seat 4: Fabulous108 (button) (small blind) collected ($6)


