PokerStars Hand #159116957726:  Hold'em Limit ($3/$6 USD) - 2016/09/26 10:21:45 ET
Table 'Phoebe' 6-max Seat #5 is the button
Seat 3: pokertriss ($120.02 in chips)
Seat 5: TinaTurner72 ($114 in chips)
TinaTurner72: posts small blind $1
pokertriss: posts big blind $3
*** HOLE CARDS ***
TinaTurner72: raises $3 to $6
pokertriss: calls $3
*** FLOP *** [Th Ts 7h]
miezemuis joins the table at seat #2
pokertriss: checks
TinaTurner72: bets $3
pokertriss: folds
Uncalled bet ($3) returned to TinaTurner72
TinaTurner72 collected $11.76 from pot
TinaTurner72: doesn't show hand
*** SUMMARY ***
Total pot $12 | Rake $0.24
Board [Th Ts 7h]
Seat 3: pokertriss (big blind) folded on the Flop
Seat 5: TinaTurner72 (button) (small blind) collected ($11.76)


PokerStars Hand #159116950697:  Hold'em Limit ($3/$6 USD) - 2016/09/26 10:21:34 ET
Table 'Phoebe' 6-max Seat #3 is the button
Seat 3: pokertriss ($114.26 in chips)
Seat 5: TinaTurner72 ($120 in chips)
pokertriss: posts small blind $1
TinaTurner72: posts big blind $3
*** HOLE CARDS ***
pokertriss: raises $3 to $6
TinaTurner72: calls $3
*** FLOP *** [9s 7h 8h]
TinaTurner72: checks
pokertriss: bets $3
TinaTurner72: folds
Uncalled bet ($3) returned to pokertriss
pokertriss collected $11.76 from pot
pokertriss: doesn't show hand
*** SUMMARY ***
Total pot $12 | Rake $0.24
Board [9s 7h 8h]
Seat 3: pokertriss (button) (small blind) collected ($11.76)
Seat 5: TinaTurner72 (big blind) folded on the Flop


PokerStars Hand #159116963241:  Hold'em Limit ($3/$6 USD) - 2016/09/26 10:21:55 ET
Table 'Phoebe' 6-max Seat #3 is the button
Seat 3: pokertriss ($114.02 in chips)
Seat 5: TinaTurner72 ($119.76 in chips)
pokertriss: posts small blind $1
TinaTurner72: posts big blind $3
*** HOLE CARDS ***
pokertriss: folds
Uncalled bet ($2) returned to TinaTurner72
TinaTurner72 collected $2 from pot
TinaTurner72: doesn't show hand
*** SUMMARY ***
Total pot $2 | Rake $0
Seat 3: pokertriss (button) (small blind) folded before Flop
Seat 5: TinaTurner72 (big blind) collected ($2)


PokerStars Hand #159117061309:  Hold'em Limit ($3/$6 USD) - 2016/09/26 10:24:44 ET
Table 'Phoebe' 6-max Seat #3 is the button
Seat 3: pokertriss ($123.77 in chips)
Seat 5: TinaTurner72 ($88.90 in chips)
pokertriss: posts small blind $1
TinaTurner72: posts big blind $3
*** HOLE CARDS ***
pokertriss: folds
Uncalled bet ($2) returned to TinaTurner72
TinaTurner72 collected $2 from pot
TinaTurner72: doesn't show hand
*** SUMMARY ***
Total pot $2 | Rake $0
Seat 3: pokertriss (button) (small blind) folded before Flop
Seat 5: TinaTurner72 (big blind) collected ($2)


PokerStars Hand #159117050485:  Hold'em Limit ($3/$6 USD) - 2016/09/26 10:24:25 ET
Table 'Phoebe' 6-max Seat #5 is the button
Seat 3: pokertriss ($144.77 in chips)
Seat 5: TinaTurner72 ($68.40 in chips)
TinaTurner72: posts small blind $1
pokertriss: posts big blind $3
*** HOLE CARDS ***
TinaTurner72: raises $3 to $6
pokertriss: calls $3
*** FLOP *** [8s Ts Qh]
pokertriss: checks
TinaTurner72: bets $3
pokertriss: calls $3
*** TURN *** [8s Ts Qh] [4d]
pokertriss: checks
TinaTurner72: bets $6
pokertriss: calls $6
*** RIVER *** [8s Ts Qh 4d] [Qs]
pokertriss: checks
TinaTurner72: bets $6
pokertriss: calls $6
*** SHOW DOWN ***
TinaTurner72: shows [7c Th] (two pair, Queens and Tens)
pokertriss: mucks hand
TinaTurner72 collected $41.50 from pot
*** SUMMARY ***
Total pot $42 | Rake $0.50
Board [8s Ts Qh 4d Qs]
Seat 3: pokertriss (big blind) mucked
Seat 5: TinaTurner72 (button) (small blind) showed [7c Th] and won ($41.50) with two pair, Queens and Tens


PokerStars Hand #159117079571:  Hold'em Limit ($3/$6 USD) - 2016/09/26 10:25:16 ET
Table 'Phoebe' 6-max Seat #5 is the button
Seat 3: pokertriss ($125.53 in chips)
Seat 5: TinaTurner72 ($86.90 in chips)
TinaTurner72: posts small blind $1
pokertriss: posts big blind $3
*** HOLE CARDS ***
TinaTurner72: raises $3 to $6
pokertriss: raises $3 to $9
TinaTurner72: calls $3
*** FLOP *** [2c Jd Th]
pokertriss: bets $3
TinaTurner72: calls $3
*** TURN *** [2c Jd Th] [3s]
pokertriss: bets $6
TinaTurner72: calls $6
*** RIVER *** [2c Jd Th 3s] [9c]
pokertriss: bets $6
TinaTurner72: folds
Uncalled bet ($6) returned to pokertriss
pokertriss collected $35.50 from pot
pokertriss: doesn't show hand
*** SUMMARY ***
Total pot $36 | Rake $0.50
Board [2c Jd Th 3s 9c]
Seat 3: pokertriss (big blind) collected ($35.50)
Seat 5: TinaTurner72 (button) (small blind) folded on the River


PokerStars Hand #159117068116:  Hold'em Limit ($3/$6 USD) - 2016/09/26 10:24:56 ET
Table 'Phoebe' 6-max Seat #3 is the button
Seat 3: pokertriss ($119.77 in chips)
Seat 5: TinaTurner72 ($92.90 in chips)
pokertriss: posts small blind $1
TinaTurner72: posts big blind $3
*** HOLE CARDS ***
pokertriss: raises $3 to $6
TinaTurner72: calls $3
*** FLOP *** [Ad Js 5d]
TinaTurner72: checks
pokertriss: bets $3
TinaTurner72: folds
Uncalled bet ($3) returned to pokertriss
pokertriss collected $11.76 from pot
pokertriss: doesn't show hand
*** SUMMARY ***
Total pot $12 | Rake $0.24
Board [Ad Js 5d]
Seat 3: pokertriss (button) (small blind) collected ($11.76)
Seat 5: TinaTurner72 (big blind) folded on the Flop


PokerStars Hand #159117063782:  Hold'em Limit ($3/$6 USD) - 2016/09/26 10:24:49 ET
Table 'Phoebe' 6-max Seat #5 is the button
Seat 3: pokertriss ($122.77 in chips)
Seat 5: TinaTurner72 ($89.90 in chips)
TinaTurner72: posts small blind $1
pokertriss: posts big blind $3
*** HOLE CARDS ***
TinaTurner72: raises $3 to $6
pokertriss: folds
Uncalled bet ($3) returned to TinaTurner72
TinaTurner72 collected $6 from pot
TinaTurner72: doesn't show hand
*** SUMMARY ***
Total pot $6 | Rake $0
Seat 3: pokertriss (big blind) folded before Flop
Seat 5: TinaTurner72 (button) (small blind) collected ($6)


PokerStars Hand #159117129372:  Hold'em Limit ($3/$6 USD) - 2016/09/26 10:26:42 ET
Table 'Phoebe' 6-max Seat #5 is the button
Seat 3: pokertriss ($143.43 in chips)
Seat 5: TinaTurner72 ($67.66 in chips)
TinaTurner72: posts small blind $1
pokertriss: posts big blind $3
*** HOLE CARDS ***
TinaTurner72: raises $3 to $6
pokertriss: folds
Uncalled bet ($3) returned to TinaTurner72
TinaTurner72 collected $6 from pot
TinaTurner72: doesn't show hand
*** SUMMARY ***
Total pot $6 | Rake $0
Seat 3: pokertriss (big blind) folded before Flop
Seat 5: TinaTurner72 (button) (small blind) collected ($6)


PokerStars Hand #159117126991:  Hold'em Limit ($3/$6 USD) - 2016/09/26 10:26:37 ET
Table 'Phoebe' 6-max Seat #3 is the button
Seat 3: pokertriss ($144.43 in chips)
Seat 5: TinaTurner72 ($66.66 in chips)
pokertriss: posts small blind $1
TinaTurner72: posts big blind $3
*** HOLE CARDS ***
pokertriss: folds
Uncalled bet ($2) returned to TinaTurner72
TinaTurner72 collected $2 from pot
TinaTurner72: doesn't show hand
*** SUMMARY ***
Total pot $2 | Rake $0
Seat 3: pokertriss (button) (small blind) folded before Flop
Seat 5: TinaTurner72 (big blind) collected ($2)


PokerStars Hand #159117123914:  Hold'em Limit ($3/$6 USD) - 2016/09/26 10:26:32 ET
Table 'Phoebe' 6-max Seat #5 is the button
Seat 3: pokertriss ($147.43 in chips)
Seat 5: TinaTurner72 ($63.66 in chips)
TinaTurner72: posts small blind $1
pokertriss: posts big blind $3
*** HOLE CARDS ***
TinaTurner72: raises $3 to $6
pokertriss: folds
Uncalled bet ($3) returned to TinaTurner72
TinaTurner72 collected $6 from pot
TinaTurner72: doesn't show hand
*** SUMMARY ***
Total pot $6 | Rake $0
Seat 3: pokertriss (big blind) folded before Flop
Seat 5: TinaTurner72 (button) (small blind) collected ($6)


PokerStars Hand #159117121449:  Hold'em Limit ($3/$6 USD) - 2016/09/26 10:26:28 ET
Table 'Phoebe' 6-max Seat #3 is the button
Seat 3: pokertriss ($148.43 in chips)
Seat 5: TinaTurner72 ($62.66 in chips)
pokertriss: posts small blind $1
TinaTurner72: posts big blind $3
*** HOLE CARDS ***
pokertriss: folds
Uncalled bet ($2) returned to TinaTurner72
TinaTurner72 collected $2 from pot
TinaTurner72: doesn't show hand
*** SUMMARY ***
Total pot $2 | Rake $0
Seat 3: pokertriss (button) (small blind) folded before Flop
Seat 5: TinaTurner72 (big blind) collected ($2)


PokerStars Hand #159117117879:  Hold'em Limit ($3/$6 USD) - 2016/09/26 10:26:22 ET
Table 'Phoebe' 6-max Seat #5 is the button
Seat 3: pokertriss ($151.43 in chips)
Seat 5: TinaTurner72 ($59.66 in chips)
TinaTurner72: posts small blind $1
pokertriss: posts big blind $3
*** HOLE CARDS ***
TinaTurner72: raises $3 to $6
pokertriss: folds
Uncalled bet ($3) returned to TinaTurner72
TinaTurner72 collected $6 from pot
TinaTurner72: doesn't show hand
*** SUMMARY ***
Total pot $6 | Rake $0
Seat 3: pokertriss (big blind) folded before Flop
Seat 5: TinaTurner72 (button) (small blind) collected ($6)


PokerStars Hand #159117108848:  Hold'em Limit ($3/$6 USD) - 2016/09/26 10:26:06 ET
Table 'Phoebe' 6-max Seat #3 is the button
Seat 3: pokertriss ($145.67 in chips)
Seat 5: TinaTurner72 ($65.66 in chips)
pokertriss: posts small blind $1
TinaTurner72: posts big blind $3
*** HOLE CARDS ***
pokertriss: raises $3 to $6
TinaTurner72: calls $3
*** FLOP *** [Ks 3d 5h]
TinaTurner72: checks
pokertriss: bets $3
TinaTurner72: folds
Uncalled bet ($3) returned to pokertriss
pokertriss collected $11.76 from pot
pokertriss: doesn't show hand
*** SUMMARY ***
Total pot $12 | Rake $0.24
Board [Ks 3d 5h]
Seat 3: pokertriss (button) (small blind) collected ($11.76)
Seat 5: TinaTurner72 (big blind) folded on the Flop


PokerStars Hand #159117103398:  Hold'em Limit ($3/$6 USD) - 2016/09/26 10:25:57 ET
Table 'Phoebe' 6-max Seat #5 is the button
Seat 3: pokertriss ($151.67 in chips)
Seat 5: TinaTurner72 ($59.90 in chips)
TinaTurner72: posts small blind $1
pokertriss: posts big blind $3
*** HOLE CARDS ***
TinaTurner72: raises $3 to $6
pokertriss: calls $3
*** FLOP *** [Qd Ah 2s]
pokertriss: checks
TinaTurner72: bets $3
pokertriss: folds
Uncalled bet ($3) returned to TinaTurner72
TinaTurner72 collected $11.76 from pot
TinaTurner72: doesn't show hand
*** SUMMARY ***
Total pot $12 | Rake $0.24
Board [Qd Ah 2s]
Seat 3: pokertriss (big blind) folded on the Flop
Seat 5: TinaTurner72 (button) (small blind) collected ($11.76)


PokerStars Hand #159117095292:  Hold'em Limit ($3/$6 USD) - 2016/09/26 10:25:43 ET
Table 'Phoebe' 6-max Seat #3 is the button
Seat 3: pokertriss ($143.03 in chips)
Seat 5: TinaTurner72 ($68.90 in chips)
pokertriss: posts small blind $1
TinaTurner72: posts big blind $3
*** HOLE CARDS ***
pokertriss: raises $3 to $6
TinaTurner72: calls $3
*** FLOP *** [3s Tc Ac]
TinaTurner72: checks
pokertriss: bets $3
TinaTurner72: calls $3
*** TURN *** [3s Tc Ac] [9h]
TinaTurner72: checks
pokertriss: checks
*** RIVER *** [3s Tc Ac 9h] [7s]
TinaTurner72: checks
pokertriss: checks
*** SHOW DOWN ***
TinaTurner72: shows [2s Qs] (high card Ace)
pokertriss: shows [8s Kh] (high card Ace - King kicker)
pokertriss collected $17.64 from pot
*** SUMMARY ***
Total pot $18 | Rake $0.36
Board [3s Tc Ac 9h 7s]
Seat 3: pokertriss (button) (small blind) showed [8s Kh] and won ($17.64) with high card Ace
Seat 5: TinaTurner72 (big blind) showed [2s Qs] and lost with high card Ace


PokerStars Hand #159117147429:  Hold'em Limit ($3/$6 USD) - 2016/09/26 10:27:13 ET
Table 'Phoebe' 6-max Seat #3 is the button
Seat 3: pokertriss ($169.93 in chips)
Seat 5: TinaTurner72 ($40.66 in chips)
pokertriss: posts small blind $1
TinaTurner72: posts big blind $3
*** HOLE CARDS ***
pokertriss: folds
Uncalled bet ($2) returned to TinaTurner72
TinaTurner72 collected $2 from pot
TinaTurner72: doesn't show hand
*** SUMMARY ***
Total pot $2 | Rake $0
Seat 3: pokertriss (button) (small blind) folded before Flop
Seat 5: TinaTurner72 (big blind) collected ($2)


PokerStars Hand #159117134309:  Hold'em Limit ($3/$6 USD) - 2016/09/26 10:26:50 ET
Table 'Phoebe' 6-max Seat #3 is the button
Seat 3: pokertriss ($140.43 in chips)
Seat 5: TinaTurner72 ($70.66 in chips)
pokertriss: posts small blind $1
TinaTurner72: posts big blind $3
*** HOLE CARDS ***
pokertriss: raises $3 to $6
TinaTurner72: folds
Uncalled bet ($3) returned to pokertriss
pokertriss collected $6 from pot
pokertriss: doesn't show hand
*** SUMMARY ***
Total pot $6 | Rake $0
Seat 3: pokertriss (button) (small blind) collected ($6)
Seat 5: TinaTurner72 (big blind) folded before Flop


