PokerStars Hand #159159218862:  Hold'em Limit ($3/$6 USD) - 2016/09/27 9:42:00 ET
Table 'Phoebe' 6-max Seat #1 is the button
Seat 1: Holla-eller? ($105.26 in chips)
Seat 4: Agrotait ($72 in chips)
Holla-eller?: posts small blind $1
Agrotait: posts big blind $3
*** HOLE CARDS ***
Holla-eller?: folds
Uncalled bet ($2) returned to Agrotait
Agrotait collected $2 from pot
Agrotait: doesn't show hand
*** SUMMARY ***
Total pot $2 | Rake $0
Seat 1: Holla-eller? (button) (small blind) folded before Flop
Seat 4: Agrotait (big blind) collected ($2)


PokerStars Hand #159159224678:  Hold'em Limit ($3/$6 USD) - 2016/09/27 9:42:09 ET
Table 'Phoebe' 6-max Seat #4 is the button
Seat 1: Holla-eller? ($104.26 in chips)
Seat 4: Agrotait ($73 in chips)
Agrotait: posts small blind $1
Holla-eller?: posts big blind $3
*** HOLE CARDS ***
Agrotait: raises $3 to $6
Holla-eller?: folds
Uncalled bet ($3) returned to Agrotait
Agrotait collected $6 from pot
Agrotait: doesn't show hand
*** SUMMARY ***
Total pot $6 | Rake $0
Seat 1: Holla-eller? (big blind) folded before Flop
Seat 4: Agrotait (button) (small blind) collected ($6)


PokerStars Hand #159159244189:  Hold'em Limit ($3/$6 USD) - 2016/09/27 9:42:44 ET
Table 'Phoebe' 6-max Seat #4 is the button
Seat 1: Holla-eller? ($77.26 in chips)
Seat 4: Agrotait ($99.50 in chips)
Agrotait: posts small blind $1
Holla-eller?: posts big blind $3
*** HOLE CARDS ***
Agrotait: folds
Uncalled bet ($2) returned to Holla-eller?
Holla-eller? collected $2 from pot
Holla-eller?: doesn't show hand
*** SUMMARY ***
Total pot $2 | Rake $0
Seat 1: Holla-eller? (big blind) collected ($2)
Seat 4: Agrotait (button) (small blind) folded before Flop


PokerStars Hand #159159228350:  Hold'em Limit ($3/$6 USD) - 2016/09/27 9:42:15 ET
Table 'Phoebe' 6-max Seat #1 is the button
Seat 1: Holla-eller? ($101.26 in chips)
Seat 4: Agrotait ($76 in chips)
Holla-eller?: posts small blind $1
Agrotait: posts big blind $3
*** HOLE CARDS ***
Holla-eller?: raises $3 to $6
Agrotait: raises $3 to $9
Holla-eller?: calls $3
*** FLOP *** [2d 4s 8d]
Agrotait: bets $3
Holla-eller?: raises $3 to $6
Agrotait: raises $3 to $9
Holla-eller?: calls $3
*** TURN *** [2d 4s 8d] [3d]
Agrotait: bets $6
Holla-eller?: calls $6
*** RIVER *** [2d 4s 8d 3d] [Kd]
Agrotait: bets $6
Fabulous108 joins the table at seat #2
Holla-eller?: folds
Uncalled bet ($6) returned to Agrotait
Agrotait collected $47.50 from pot
Agrotait: doesn't show hand
*** SUMMARY ***
Total pot $48 | Rake $0.50
Board [2d 4s 8d 3d Kd]
Seat 1: Holla-eller? (button) (small blind) folded on the River
Seat 4: Agrotait (big blind) collected ($47.50)


PokerStars Hand #159159698237:  Hold'em Limit ($3/$6 USD) - 2016/09/27 9:56:06 ET
Table 'Phoebe' 6-max Seat #6 is the button
Seat 2: Fabulous108 ($144.02 in chips)
Seat 6: ExtraResistance ($278.90 in chips)
ExtraResistance: posts small blind $1
Fabulous108: posts big blind $3
*** HOLE CARDS ***
ExtraResistance: raises $3 to $6
Holla-eller? leaves the table
Fabulous108: folds
Uncalled bet ($3) returned to ExtraResistance
ExtraResistance collected $6 from pot
ExtraResistance: doesn't show hand
*** SUMMARY ***
Total pot $6 | Rake $0
Seat 2: Fabulous108 (big blind) folded before Flop
Seat 6: ExtraResistance (button) (small blind) collected ($6)


PokerStars Hand #159159709487:  Hold'em Limit ($3/$6 USD) - 2016/09/27 9:56:29 ET
Table 'Phoebe' 6-max Seat #6 is the button
Seat 2: Fabulous108 ($135.02 in chips)
Seat 6: ExtraResistance ($287.66 in chips)
ExtraResistance: posts small blind $1
Fabulous108: posts big blind $3
*** HOLE CARDS ***
ExtraResistance: raises $3 to $6
Fabulous108: calls $3
*** FLOP *** [3c 4h Td]
Fabulous108: checks
ExtraResistance: bets $3
Fabulous108: calls $3
*** TURN *** [3c 4h Td] [6c]
Fabulous108: checks
ExtraResistance: checks
*** RIVER *** [3c 4h Td 6c] [Jd]
Fabulous108: checks
ExtraResistance: checks
*** SHOW DOWN ***
Fabulous108: shows [7c 6d] (a pair of Sixes)
ExtraResistance: mucks hand
Fabulous108 collected $17.64 from pot
*** SUMMARY ***
Total pot $18 | Rake $0.36
Board [3c 4h Td 6c Jd]
Seat 2: Fabulous108 (big blind) showed [7c 6d] and won ($17.64) with a pair of Sixes
Seat 6: ExtraResistance (button) (small blind) mucked


PokerStars Hand #159159719008:  Hold'em Limit ($3/$6 USD) - 2016/09/27 9:56:49 ET
Table 'Phoebe' 6-max Seat #2 is the button
Seat 2: Fabulous108 ($143.66 in chips)
Seat 6: ExtraResistance ($278.66 in chips)
Fabulous108: posts small blind $1
ExtraResistance: posts big blind $3
*** HOLE CARDS ***
Fabulous108: raises $3 to $6
ExtraResistance: calls $3
*** FLOP *** [Qd Jh Kh]
ExtraResistance: checks
Fabulous108: bets $3
ExtraResistance: folds
Uncalled bet ($3) returned to Fabulous108
Fabulous108 collected $11.76 from pot
Fabulous108: doesn't show hand
*** SUMMARY ***
Total pot $12 | Rake $0.24
Board [Qd Jh Kh]
Seat 2: Fabulous108 (button) (small blind) collected ($11.76)
Seat 6: ExtraResistance (big blind) folded on the Flop


PokerStars Hand #159159701609:  Hold'em Limit ($3/$6 USD) - 2016/09/27 9:56:13 ET
Table 'Phoebe' 6-max Seat #2 is the button
Seat 2: Fabulous108 ($141.02 in chips)
Seat 6: ExtraResistance ($281.90 in chips)
Fabulous108: posts small blind $1
ExtraResistance: posts big blind $3
*** HOLE CARDS ***
Fabulous108: raises $3 to $6
ExtraResistance: calls $3
*** FLOP *** [Jc 8c 2d]
ExtraResistance: checks
Fabulous108: checks
*** TURN *** [Jc 8c 2d] [9s]
ExtraResistance: bets $6
Fabulous108: folds
Uncalled bet ($6) returned to ExtraResistance
ExtraResistance collected $11.76 from pot
ExtraResistance: doesn't show hand
*** SUMMARY ***
Total pot $12 | Rake $0.24
Board [Jc 8c 2d 9s]
Seat 2: Fabulous108 (button) (small blind) folded on the Turn
Seat 6: ExtraResistance (big blind) collected ($11.76)


