PokerStars Hand #171649889635:  Hold'em Limit ($3/$6 USD) - 2017/06/11 15:52:42 ET
Table 'Phoenix' 6-max Seat #1 is the button
Seat 1: bongo65 ($144.50 in chips)
Seat 3: bekooi ($74.35 in chips)
bongo65: posts small blind $1
bekooi: posts big blind $3
*** HOLE CARDS ***
bongo65: raises $3 to $6
bekooi: calls $3
*** FLOP *** [6c Qs Th]
bekooi: checks
bongo65: bets $3
bekooi: raises $3 to $6
bongo65: calls $3
*** TURN *** [6c Qs Th] [2d]
bekooi: bets $6
bongo65: calls $6
*** RIVER *** [6c Qs Th 2d] [2c]
bekooi: bets $6
bongo65: calls $6
*** SHOW DOWN ***
bekooi: shows [Jh Td] (two pair, Tens and Deuces)
bongo65: shows [Kh Tc] (two pair, Tens and Deuces - King kicker)
bongo65 collected $47.50 from pot
*** SUMMARY ***
Total pot $48 | Rake $0.50
Board [6c Qs Th 2d 2c]
Seat 1: bongo65 (button) (small blind) showed [Kh Tc] and won ($47.50) with two pair, Tens and Deuces
Seat 3: bekooi (big blind) showed [Jh Td] and lost with two pair, Tens and Deuces


PokerStars Hand #171649912664:  Hold'em Limit ($3/$6 USD) - 2017/06/11 15:53:08 ET
Table 'Phoenix' 6-max Seat #3 is the button
Seat 1: bongo65 ($168 in chips)
Seat 3: bekooi ($50.35 in chips)
bekooi: posts small blind $1
bongo65: posts big blind $3
*** HOLE CARDS ***
bekooi: calls $2
bongo65: checks
*** FLOP *** [Jd 8d Ts]
bongo65: checks
bekooi: checks
*** TURN *** [Jd 8d Ts] [3c]
bongo65: checks
bekooi: checks
*** RIVER *** [Jd 8d Ts 3c] [3h]
bongo65: checks
bekooi: checks
*** SHOW DOWN ***
bongo65: shows [Ad 4s] (a pair of Threes)
bekooi: mucks hand
bongo65 collected $5.88 from pot
*** SUMMARY ***
Total pot $6 | Rake $0.12
Board [Jd 8d Ts 3c 3h]
Seat 1: bongo65 (big blind) showed [Ad 4s] and won ($5.88) with a pair of Threes
Seat 3: bekooi (button) (small blind) mucked


PokerStars Hand #171649885827:  Hold'em Limit ($3/$6 USD) - 2017/06/11 15:52:38 ET
Table 'Phoenix' 6-max Seat #3 is the button
Seat 1: bongo65 ($143.50 in chips)
Seat 3: bekooi ($75.35 in chips)
bekooi: posts small blind $1
bongo65: posts big blind $3
*** HOLE CARDS ***
bekooi: folds
Uncalled bet ($2) returned to bongo65
bongo65 collected $2 from pot
bongo65: doesn't show hand
*** SUMMARY ***
Total pot $2 | Rake $0
Seat 1: bongo65 (big blind) collected ($2)
Seat 3: bekooi (button) (small blind) folded before Flop


PokerStars Hand #171649870965:  Hold'em Limit ($3/$6 USD) - 2017/06/11 15:52:21 ET
Table 'Phoenix' 6-max Seat #1 is the button
Seat 1: bongo65 ($120 in chips)
Seat 3: bekooi ($99.35 in chips)
bongo65: posts small blind $1
bekooi: posts big blind $3
*** HOLE CARDS ***
bongo65: calls $2
bekooi: checks
*** FLOP *** [3d 2d 2c]
bekooi: bets $3
bongo65: calls $3
*** TURN *** [3d 2d 2c] [4s]
bekooi: bets $6
bongo65: raises $6 to $12
bekooi: calls $6
*** RIVER *** [3d 2d 2c 4s] [5d]
bekooi: checks
bongo65: bets $6
bekooi: calls $6
*** SHOW DOWN ***
bongo65: shows [6s 5s] (a straight, Deuce to Six)
bekooi: mucks hand
bongo65 collected $47.50 from pot
*** SUMMARY ***
Total pot $48 | Rake $0.50
Board [3d 2d 2c 4s 5d]
Seat 1: bongo65 (button) (small blind) showed [6s 5s] and won ($47.50) with a straight, Deuce to Six
Seat 3: bekooi (big blind) mucked


PokerStars Hand #171649938473:  Hold'em Limit ($3/$6 USD) - 2017/06/11 15:53:38 ET
Table 'Phoenix' 6-max Seat #1 is the button
Seat 1: bongo65 ($172.76 in chips)
Seat 3: bekooi ($45.35 in chips)
bongo65: posts small blind $1
bekooi: posts big blind $3
*** HOLE CARDS ***
bongo65: raises $3 to $6
bekooi: calls $3
*** FLOP *** [Qc Td 7c]
bekooi: checks
bongo65: checks
*** TURN *** [Qc Td 7c] [3d]
bekooi: checks
bongo65: bets $6
bekooi: folds
Uncalled bet ($6) returned to bongo65
bongo65 collected $11.76 from pot
bongo65: doesn't show hand
*** SUMMARY ***
Total pot $12 | Rake $0.24
Board [Qc Td 7c 3d]
Seat 1: bongo65 (button) (small blind) collected ($11.76)
Seat 3: bekooi (big blind) folded on the Turn


PokerStars Hand #171649954487:  Hold'em Limit ($3/$6 USD) - 2017/06/11 15:53:56 ET
Table 'Phoenix' 6-max Seat #3 is the button
Seat 1: bongo65 ($178.52 in chips)
Seat 3: bekooi ($39.35 in chips)
bekooi: posts small blind $1
bongo65: posts big blind $3
*** HOLE CARDS ***
bekooi: raises $3 to $6
bongo65: calls $3
*** FLOP *** [3c 2s 7d]
bongo65: checks
bekooi: bets $3
bongo65: calls $3
*** TURN *** [3c 2s 7d] [Jd]
bongo65: checks
bekooi: checks
*** RIVER *** [3c 2s 7d Jd] [9h]
bongo65: bets $6
bekooi: calls $6
*** SHOW DOWN ***
bongo65: shows [Jh Ts] (a pair of Jacks)
bekooi: mucks hand
bongo65 collected $29.50 from pot
*** SUMMARY ***
Total pot $30 | Rake $0.50
Board [3c 2s 7d Jd 9h]
Seat 1: bongo65 (big blind) showed [Jh Ts] and won ($29.50) with a pair of Jacks
Seat 3: bekooi (button) (small blind) mucked


PokerStars Hand #171649924670:  Hold'em Limit ($3/$6 USD) - 2017/06/11 15:53:22 ET
Table 'Phoenix' 6-max Seat #1 is the button
Seat 1: bongo65 ($170.88 in chips)
Seat 3: bekooi ($47.35 in chips)
bongo65: posts small blind $1
bekooi: posts big blind $3
*** HOLE CARDS ***
bongo65: folds
Uncalled bet ($2) returned to bekooi
bekooi collected $2 from pot
bekooi: doesn't show hand
*** SUMMARY ***
Total pot $2 | Rake $0
Seat 1: bongo65 (button) (small blind) folded before Flop
Seat 3: bekooi (big blind) collected ($2)


PokerStars Hand #171649928853:  Hold'em Limit ($3/$6 USD) - 2017/06/11 15:53:27 ET
Table 'Phoenix' 6-max Seat #3 is the button
Seat 1: bongo65 ($169.88 in chips)
Seat 3: bekooi ($48.35 in chips)
bekooi: posts small blind $1
bongo65: posts big blind $3
*** HOLE CARDS ***
bekooi: calls $2
bongo65: checks
*** FLOP *** [Th Ad 8h]
bongo65: checks
bekooi: checks
*** TURN *** [Th Ad 8h] [4c]
bongo65: bets $6
bekooi: folds
Uncalled bet ($6) returned to bongo65
bongo65 collected $5.88 from pot
bongo65: doesn't show hand
*** SUMMARY ***
Total pot $6 | Rake $0.12
Board [Th Ad 8h 4c]
Seat 1: bongo65 (big blind) collected ($5.88)
Seat 3: bekooi (button) (small blind) folded on the Turn


PokerStars Hand #171649993091:  Hold'em Limit ($3/$6 USD) - 2017/06/11 15:54:39 ET
Table 'Phoenix' 6-max Seat #1 is the button
Seat 1: bongo65 ($204.17 in chips)
Seat 3: bekooi ($12.45 in chips)
bongo65: posts small blind $1
bekooi: posts big blind $3
*** HOLE CARDS ***
bongo65: raises $3 to $6
bekooi: raises $3 to $9
bongo65: raises $3 to $12
Betting is capped
bekooi: calls $3
*** FLOP *** [9h 9s Kd]
bekooi: bets $0.45 and is all-in
bongo65: calls $0.45
*** TURN *** [9h 9s Kd] [8c]
*** RIVER *** [9h 9s Kd 8c] [7s]
*** SHOW DOWN ***
bekooi: shows [7d Td] (two pair, Nines and Sevens)
bongo65: shows [5d As] (a pair of Nines)
bekooi collected $24.40 from pot
*** SUMMARY ***
Total pot $24.90 | Rake $0.50
Board [9h 9s Kd 8c 7s]
Seat 1: bongo65 (button) (small blind) showed [5d As] and lost with a pair of Nines
Seat 3: bekooi (big blind) showed [7d Td] and won ($24.40) with two pair, Nines and Sevens


PokerStars Hand #171649965864:  Hold'em Limit ($3/$6 USD) - 2017/06/11 15:54:09 ET
Table 'Phoenix' 6-max Seat #1 is the button
Seat 1: bongo65 ($193.02 in chips)
Seat 3: bekooi ($24.35 in chips)
bongo65: posts small blind $1
bekooi: posts big blind $3
*** HOLE CARDS ***
bongo65: raises $3 to $6
bekooi: calls $3
*** FLOP *** [4d 3c 6s]
bekooi: checks
bongo65: checks
*** TURN *** [4d 3c 6s] [4h]
bekooi: bets $6
bongo65: calls $6
*** RIVER *** [4d 3c 6s 4h] [3s]
bekooi: bets $6
bongo65: calls $6
*** SHOW DOWN ***
bekooi: shows [2d 2c] (two pair, Fours and Threes)
bongo65: shows [7c Ad] (two pair, Fours and Threes - Ace kicker)
bongo65 collected $35.50 from pot
*** SUMMARY ***
Total pot $36 | Rake $0.50
Board [4d 3c 6s 4h 3s]
Seat 1: bongo65 (button) (small blind) showed [7c Ad] and won ($35.50) with two pair, Fours and Threes
Seat 3: bekooi (big blind) showed [2d 2c] and lost with two pair, Fours and Threes


PokerStars Hand #171649979942:  Hold'em Limit ($3/$6 USD) - 2017/06/11 15:54:25 ET
Table 'Phoenix' 6-max Seat #3 is the button
Seat 1: bongo65 ($210.52 in chips)
Seat 3: bekooi ($6.35 in chips)
bekooi: posts small blind $1
Chessnok joins the table at seat #4
bongo65: posts big blind $3
*** HOLE CARDS ***
bekooi: raises $3 to $6
bongo65: calls $3
*** FLOP *** [3h 4c 4s]
bongo65: checks
bekooi: bets $0.35 and is all-in
bongo65: calls $0.35
*** TURN *** [3h 4c 4s] [5c]
*** RIVER *** [3h 4c 4s 5c] [9c]
*** SHOW DOWN ***
bongo65: shows [6d 3s] (two pair, Fours and Threes)
bekooi: shows [7d 6s] (a straight, Three to Seven)
bekooi collected $12.45 from pot
*** SUMMARY ***
Total pot $12.70 | Rake $0.25
Board [3h 4c 4s 5c 9c]
Seat 1: bongo65 (big blind) showed [6d 3s] and lost with two pair, Fours and Threes
Seat 3: bekooi (button) (small blind) showed [7d 6s] and won ($12.45) with a straight, Three to Seven


PokerStars Hand #171650054026:  Hold'em Limit ($3/$6 USD) - 2017/06/11 15:56:04 ET
Table 'Phoenix' 6-max Seat #1 is the button
Seat 1: bongo65 ($190.22 in chips)
Seat 4: Chessnok ($143.55 in chips)
bongo65: posts small blind $1
Chessnok: posts big blind $3
*** HOLE CARDS ***
bongo65: folds
Uncalled bet ($2) returned to Chessnok
Chessnok collected $2 from pot
*** SUMMARY ***
Total pot $2 | Rake $0
Seat 1: bongo65 (button) (small blind) folded before Flop
Seat 4: Chessnok (big blind) collected ($2)


PokerStars Hand #171650037854:  Hold'em Limit ($3/$6 USD) - 2017/06/11 15:55:39 ET
Table 'Phoenix' 6-max Seat #4 is the button
Seat 1: bongo65 ($175.72 in chips)
Seat 4: Chessnok ($158.55 in chips)
Chessnok: posts small blind $1
bongo65: posts big blind $3
*** HOLE CARDS ***
Chessnok: raises $3 to $6
bongo65: calls $3
*** FLOP *** [3c 9c 4d]
bongo65: bets $3
Chessnok: calls $3
*** TURN *** [3c 9c 4d] [Qc]
bongo65: bets $6
Chessnok: calls $6
*** RIVER *** [3c 9c 4d Qc] [7c]
bongo65: bets $6
Chessnok: folds
Uncalled bet ($6) returned to bongo65
bongo65 collected $29.50 from pot
bongo65: doesn't show hand
*** SUMMARY ***
Total pot $30 | Rake $0.50
Board [3c 9c 4d Qc 7c]
Seat 1: bongo65 (big blind) collected ($29.50)
Seat 4: Chessnok (button) (small blind) folded on the River


PokerStars Hand #171650034902:  Hold'em Limit ($3/$6 USD) - 2017/06/11 15:55:34 ET
Table 'Phoenix' 6-max Seat #1 is the button
Seat 1: bongo65 ($176.72 in chips)
Seat 4: Chessnok ($157.55 in chips)
bongo65: posts small blind $1
Chessnok: posts big blind $3
*** HOLE CARDS ***
bongo65: folds
Uncalled bet ($2) returned to Chessnok
Chessnok collected $2 from pot
Chessnok: doesn't show hand
*** SUMMARY ***
Total pot $2 | Rake $0
Seat 1: bongo65 (button) (small blind) folded before Flop
Seat 4: Chessnok (big blind) collected ($2)


PokerStars Hand #171650080438:  Hold'em Limit ($3/$6 USD) - 2017/06/11 15:56:46 ET
Table 'Phoenix' 6-max Seat #1 is the button
Seat 1: bongo65 ($153.22 in chips)
Seat 4: Chessnok ($180.05 in chips)
bongo65: posts small blind $1
Chessnok: posts big blind $3
*** HOLE CARDS ***
bongo65: folds
Uncalled bet ($2) returned to Chessnok
Chessnok collected $2 from pot
bongo65 leaves the table
*** SUMMARY ***
Total pot $2 | Rake $0
Seat 1: bongo65 (button) (small blind) folded before Flop
Seat 4: Chessnok (big blind) collected ($2)


PokerStars Hand #171650057737:  Hold'em Limit ($3/$6 USD) - 2017/06/11 15:56:10 ET
Table 'Phoenix' 6-max Seat #4 is the button
Seat 1: bongo65 ($189.22 in chips)
Seat 4: Chessnok ($144.55 in chips)
Chessnok: posts small blind $1
bongo65: posts big blind $3
*** HOLE CARDS ***
Chessnok: raises $3 to $6
bongo65: raises $3 to $9
Chessnok: calls $3
*** FLOP *** [3h 6d 8d]
bongo65: bets $3
Chessnok: raises $3 to $6
bongo65: raises $3 to $9
bekooi leaves the table
Chessnok: calls $3
*** TURN *** [3h 6d 8d] [8c]
bongo65: bets $6
Chessnok: raises $6 to $12
bongo65: calls $6
*** RIVER *** [3h 6d 8d 8c] [4h]
bongo65: checks
Chessnok: bets $6
bongo65: calls $6
*** SHOW DOWN ***
Chessnok: shows [8h Jc] (three of a kind, Eights)
bongo65: mucks hand
Chessnok collected $71.50 from pot
*** SUMMARY ***
Total pot $72 | Rake $0.50
Board [3h 6d 8d 8c 4h]
Seat 1: bongo65 (big blind) mucked
Seat 4: Chessnok (button) (small blind) showed [8h Jc] and won ($71.50) with three of a kind, Eights


