PokerStars Hand #165062814403:  Hold'em Limit ($3/$6 USD) - 2017/01/23 16:57:52 ET
Table 'Phoebe III' 10-max Seat #6 is the button
Seat 5: okermoker ($63.56 in chips)
Seat 6: Zubasa07 ($479 in chips)
Zubasa07: posts small blind $1
okermoker: posts big blind $3
*** HOLE CARDS ***
Zubasa07: raises $3 to $6
okermoker: folds
Uncalled bet ($3) returned to Zubasa07
Zubasa07 collected $6 from pot
Zubasa07: doesn't show hand
*** SUMMARY ***
Total pot $6 | Rake $0
Seat 5: okermoker (big blind) folded before Flop
Seat 6: Zubasa07 (button) (small blind) collected ($6)


PokerStars Hand #165062890472:  Hold'em Limit ($3/$6 USD) - 2017/01/23 16:59:26 ET
Table 'Phoebe III' 10-max Seat #5 is the button
Seat 5: okermoker ($28.56 in chips)
Seat 6: Zubasa07 ($513.50 in chips)
okermoker: posts small blind $1
Zubasa07: posts big blind $3
*** HOLE CARDS ***
okermoker: calls $2
Zubasa07: checks
*** FLOP *** [9h 9c Jd]
Zubasa07: bets $3
okermoker: folds
Uncalled bet ($3) returned to Zubasa07
Zubasa07 collected $5.88 from pot
Zubasa07: doesn't show hand
*** SUMMARY ***
Total pot $6 | Rake $0.12
Board [9h 9c Jd]
Seat 5: okermoker (button) (small blind) folded on the Flop
Seat 6: Zubasa07 (big blind) collected ($5.88)


PokerStars Hand #165062885664:  Hold'em Limit ($3/$6 USD) - 2017/01/23 16:59:20 ET
Table 'Phoebe III' 10-max Seat #6 is the button
Seat 5: okermoker ($27.56 in chips)
Seat 6: Zubasa07 ($514.50 in chips)
Zubasa07: posts small blind $1
okermoker: posts big blind $3
*** HOLE CARDS ***
Zubasa07: folds
Uncalled bet ($2) returned to okermoker
okermoker collected $2 from pot
*** SUMMARY ***
Total pot $2 | Rake $0
Seat 5: okermoker (big blind) collected ($2)
Seat 6: Zubasa07 (button) (small blind) folded before Flop


PokerStars Hand #165062826788:  Hold'em Limit ($3/$6 USD) - 2017/01/23 16:58:07 ET
Table 'Phoebe III' 10-max Seat #5 is the button
Seat 5: okermoker ($60.56 in chips)
Seat 6: Zubasa07 ($482 in chips)
okermoker: posts small blind $1
Zubasa07: posts big blind $3
*** HOLE CARDS ***
okermoker: calls $2
Zubasa07: checks
*** FLOP *** [7c 5h 6h]
Zubasa07: bets $3
okermoker: raises $3 to $6
Zubasa07: calls $3
*** TURN *** [7c 5h 6h] [4c]
Zubasa07: checks
okermoker: bets $6
Zubasa07: calls $6
*** RIVER *** [7c 5h 6h 4c] [5d]
Zubasa07: checks
okermoker: bets $6
Zubasa07: raises $6 to $12
okermoker: raises $6 to $18
Zubasa07: calls $6
*** SHOW DOWN ***
okermoker: shows [7h 8d] (a straight, Four to Eight)
Zubasa07: shows [4h 5c] (a full house, Fives full of Fours)
Zubasa07 collected $65.50 from pot
*** SUMMARY ***
Total pot $66 | Rake $0.50
Board [7c 5h 6h 4c 5d]
Seat 5: okermoker (button) (small blind) showed [7h 8d] and lost with a straight, Four to Eight
Seat 6: Zubasa07 (big blind) showed [4h 5c] and won ($65.50) with a full house, Fives full of Fours


PokerStars Hand #165062921273:  Hold'em Limit ($3/$6 USD) - 2017/01/23 17:00:05 ET
Table 'Phoebe III' 10-max Seat #6 is the button
Seat 5: okermoker ($21.56 in chips)
Seat 6: Zubasa07 ($520.38 in chips)
Zubasa07: posts small blind $1
okermoker: posts big blind $3
*** HOLE CARDS ***
Zubasa07: raises $3 to $6
okermoker: calls $3
*** FLOP *** [8d 7s Jd]
okermoker: checks
Zubasa07: bets $3
okermoker: folds
Uncalled bet ($3) returned to Zubasa07
Zubasa07 collected $11.76 from pot
Zubasa07: doesn't show hand
*** SUMMARY ***
Total pot $12 | Rake $0.24
Board [8d 7s Jd]
Seat 5: okermoker (big blind) folded on the Flop
Seat 6: Zubasa07 (button) (small blind) collected ($11.76)


PokerStars Hand #165062916240:  Hold'em Limit ($3/$6 USD) - 2017/01/23 16:59:58 ET
Table 'Phoebe III' 10-max Seat #5 is the button
Seat 5: okermoker ($22.56 in chips)
Seat 6: Zubasa07 ($519.38 in chips)
okermoker: posts small blind $1
Zubasa07: posts big blind $3
*** HOLE CARDS ***
okermoker: folds
Uncalled bet ($2) returned to Zubasa07
Zubasa07 collected $2 from pot
Zubasa07: doesn't show hand
*** SUMMARY ***
Total pot $2 | Rake $0
Seat 5: okermoker (button) (small blind) folded before Flop
Seat 6: Zubasa07 (big blind) collected ($2)


PokerStars Hand #165062909766:  Hold'em Limit ($3/$6 USD) - 2017/01/23 16:59:50 ET
Table 'Phoebe III' 10-max Seat #6 is the button
Seat 5: okermoker ($25.56 in chips)
Seat 6: Zubasa07 ($516.38 in chips)
Zubasa07: posts small blind $1
okermoker: posts big blind $3
*** HOLE CARDS ***
Zubasa07: raises $3 to $6
okermoker: folds
Uncalled bet ($3) returned to Zubasa07
Zubasa07 collected $6 from pot
Zubasa07: doesn't show hand
*** SUMMARY ***
Total pot $6 | Rake $0
Seat 5: okermoker (big blind) folded before Flop
Seat 6: Zubasa07 (button) (small blind) collected ($6)


PokerStars Hand #165062938177:  Hold'em Limit ($3/$6 USD) - 2017/01/23 17:00:25 ET
Table 'Phoebe III' 10-max Seat #5 is the button
Seat 5: okermoker ($15.56 in chips)
Seat 6: Zubasa07 ($526.14 in chips)
okermoker: posts small blind $1
Zubasa07: posts big blind $3
*** HOLE CARDS ***
okermoker: raises $3 to $6
Zubasa07: calls $3
*** FLOP *** [6c 5h Kh]
Zubasa07: checks
okermoker: bets $3
Zubasa07: raises $3 to $6
okermoker: calls $3
*** TURN *** [6c 5h Kh] [2h]
Zubasa07: bets $6
okermoker: calls $3.56 and is all-in
Uncalled bet ($2.44) returned to Zubasa07
*** RIVER *** [6c 5h Kh 2h] [Ah]
*** SHOW DOWN ***
Zubasa07: shows [Ad 3s] (a pair of Aces)
okermoker: shows [8c Td] (high card Ace)
Zubasa07 collected $30.62 from pot
*** SUMMARY ***
Total pot $31.12 | Rake $0.50
Board [6c 5h Kh 2h Ah]
Seat 5: okermoker (button) (small blind) showed [8c Td] and lost with high card Ace
Seat 6: Zubasa07 (big blind) showed [Ad 3s] and won ($30.62) with a pair of Aces


