PokerStars Hand #161243779964:  Hold'em Limit ($3/$6 USD) - 2016/11/11 12:56:41 ET
Table 'Phoenix' 6-max Seat #1 is the button
Seat 1: MMM 22666 ($55 in chips)
Seat 4: assitoni ($88.50 in chips)
vestimokrec joins the table at seat #2
MMM 22666: posts small blind $1
assitoni: posts big blind $3
*** HOLE CARDS ***
MMM 22666: folds
Uncalled bet ($2) returned to assitoni
assitoni collected $2 from pot
assitoni: doesn't show hand
*** SUMMARY ***
Total pot $2 | Rake $0
Seat 1: MMM 22666 (button) (small blind) folded before Flop
Seat 4: assitoni (big blind) collected ($2)


PokerStars Hand #161243776428:  Hold'em Limit ($3/$6 USD) - 2016/11/11 12:56:36 ET
Table 'Phoenix' 6-max Seat #4 is the button
Seat 1: MMM 22666 ($54 in chips)
Seat 4: assitoni ($89.50 in chips)
assitoni: posts small blind $1
MMM 22666: posts big blind $3
*** HOLE CARDS ***
assitoni: folds
Uncalled bet ($2) returned to MMM 22666
MMM 22666 collected $2 from pot
*** SUMMARY ***
Total pot $2 | Rake $0
Seat 1: MMM 22666 (big blind) collected ($2)
Seat 4: assitoni (button) (small blind) folded before Flop


PokerStars Hand #161243772814:  Hold'em Limit ($3/$6 USD) - 2016/11/11 12:56:30 ET
Table 'Phoenix' 6-max Seat #1 is the button
Seat 1: MMM 22666 ($55 in chips)
Seat 4: assitoni ($88.50 in chips)
MMM 22666: posts small blind $1
assitoni: posts big blind $3
*** HOLE CARDS ***
MMM 22666: folds
Uncalled bet ($2) returned to assitoni
assitoni collected $2 from pot
assitoni: doesn't show hand
*** SUMMARY ***
Total pot $2 | Rake $0
Seat 1: MMM 22666 (button) (small blind) folded before Flop
Seat 4: assitoni (big blind) collected ($2)


PokerStars Hand #161243767771:  Hold'em Limit ($3/$6 USD) - 2016/11/11 12:56:23 ET
Table 'Phoenix' 6-max Seat #4 is the button
Seat 1: MMM 22666 ($54 in chips)
Seat 4: assitoni ($89.50 in chips)
assitoni: posts small blind $1
MMM 22666: posts big blind $3
*** HOLE CARDS ***
assitoni: folds
Uncalled bet ($2) returned to MMM 22666
MMM 22666 collected $2 from pot
*** SUMMARY ***
Total pot $2 | Rake $0
Seat 1: MMM 22666 (big blind) collected ($2)
Seat 4: assitoni (button) (small blind) folded before Flop


PokerStars Hand #161243784650:  Hold'em Limit ($3/$6 USD) - 2016/11/11 12:56:48 ET
Table 'Phoenix' 6-max Seat #4 is the button
Seat 1: MMM 22666 ($54 in chips)
Seat 4: assitoni ($89.50 in chips)
assitoni: posts small blind $1
MMM 22666: posts big blind $3
*** HOLE CARDS ***
grabaz joins the table at seat #3
assitoni: raises $3 to $6
MMM 22666: calls $3
*** FLOP *** [3h Jh 8d]
MMM 22666: checks
assitoni: bets $3
MMM 22666: calls $3
*** TURN *** [3h Jh 8d] [Jc]
MMM 22666: checks
assitoni: bets $6
MMM 22666: raises $6 to $12
assitoni: calls $6
*** RIVER *** [3h Jh 8d Jc] [Qh]
MMM 22666: bets $6
assitoni: calls $6
*** SHOW DOWN ***
MMM 22666: shows [Jd 3s] (a full house, Jacks full of Threes)
assitoni: mucks hand
MMM 22666 collected $53.50 from pot
*** SUMMARY ***
Total pot $54 | Rake $0.50
Board [3h Jh 8d Jc Qh]
Seat 1: MMM 22666 (big blind) showed [Jd 3s] and won ($53.50) with a full house, Jacks full of Threes
Seat 4: assitoni (button) (small blind) mucked


PokerStars Hand #161250579546:  Hold'em Limit ($3/$6 USD) - 2016/11/11 15:13:16 ET
Table 'Phoenix' 6-max Seat #1 is the button
Seat 1: Psynto ($297.77 in chips)
Seat 3: Ultrafranke ($125.56 in chips)
Psynto: posts small blind $1
Ultrafranke: posts big blind $3
*** HOLE CARDS ***
Psynto: raises $3 to $6
Ultrafranke: calls $3
*** FLOP *** [Kc Ad 8c]
Ultrafranke: bets $3
jackRizzar leaves the table
Psynto: raises $3 to $6
Ultrafranke: calls $3
*** TURN *** [Kc Ad 8c] [8d]
Ultrafranke: checks
Psynto: bets $6
Ultrafranke: calls $6
*** RIVER *** [Kc Ad 8c 8d] [6h]
Ultrafranke: checks
Psynto: bets $6
Ultrafranke: calls $6
*** SHOW DOWN ***
Psynto: shows [2c 2s] (two pair, Eights and Deuces)
Ultrafranke: shows [9c 6c] (two pair, Eights and Sixes)
Ultrafranke collected $47.50 from pot
*** SUMMARY ***
Total pot $48 | Rake $0.50
Board [Kc Ad 8c 8d 6h]
Seat 1: Psynto (button) (small blind) showed [2c 2s] and lost with two pair, Eights and Deuces
Seat 3: Ultrafranke (big blind) showed [9c 6c] and won ($47.50) with two pair, Eights and Sixes


PokerStars Hand #161250607128:  Hold'em Limit ($3/$6 USD) - 2016/11/11 15:13:48 ET
Table 'Phoenix' 6-max Seat #5 is the button
Seat 1: Psynto ($273.77 in chips)
Seat 5: 12kire12 ($60.54 in chips)
12kire12: posts small blind $1
Psynto: posts big blind $3
*** HOLE CARDS ***
12kire12: folds
Uncalled bet ($2) returned to Psynto
Psynto collected $2 from pot
Psynto: doesn't show hand
*** SUMMARY ***
Total pot $2 | Rake $0
Seat 1: Psynto (big blind) collected ($2)
Seat 5: 12kire12 (button) (small blind) folded before Flop


PokerStars Hand #161250575669:  Hold'em Limit ($3/$6 USD) - 2016/11/11 15:13:12 ET
Table 'Phoenix' 6-max Seat #3 is the button
Seat 1: Psynto ($296.77 in chips)
Seat 3: Ultrafranke ($126.56 in chips)
Ultrafranke: posts small blind $1
jackRizzar: is sitting out
Psynto: posts big blind $3
*** HOLE CARDS ***
Ultrafranke: folds
Uncalled bet ($2) returned to Psynto
Psynto collected $2 from pot
Psynto: doesn't show hand
*** SUMMARY ***
Total pot $2 | Rake $0
Seat 1: Psynto (big blind) collected ($2)
Seat 3: Ultrafranke (button) (small blind) folded before Flop


PokerStars Hand #161250631513:  Hold'em Limit ($3/$6 USD) - 2016/11/11 15:14:16 ET
Table 'Phoenix' 6-max Seat #5 is the button
Seat 1: Psynto ($298.27 in chips)
Seat 5: 12kire12 ($35.54 in chips)
12kire12: posts small blind $1
Psynto: posts big blind $3
*** HOLE CARDS ***
12kire12: folds
Uncalled bet ($2) returned to Psynto
Psynto collected $2 from pot
Psynto: doesn't show hand
*** SUMMARY ***
Total pot $2 | Rake $0
Seat 1: Psynto (big blind) collected ($2)
Seat 5: 12kire12 (button) (small blind) folded before Flop


PokerStars Hand #161250649324:  Hold'em Limit ($3/$6 USD) - 2016/11/11 15:14:37 ET
Table 'Phoenix' 6-max Seat #5 is the button
Seat 1: Psynto ($305.03 in chips)
Seat 5: 12kire12 ($28.54 in chips)
12kire12: posts small blind $1
Psynto: posts big blind $3
*** HOLE CARDS ***
12kire12: folds
Uncalled bet ($2) returned to Psynto
Psynto collected $2 from pot
Psynto: doesn't show hand
*** SUMMARY ***
Total pot $2 | Rake $0
Seat 1: Psynto (big blind) collected ($2)
Seat 5: 12kire12 (button) (small blind) folded before Flop


PokerStars Hand #161250637820:  Hold'em Limit ($3/$6 USD) - 2016/11/11 15:14:23 ET
Table 'Phoenix' 6-max Seat #1 is the button
Seat 1: Psynto ($299.27 in chips)
Seat 5: 12kire12 ($34.54 in chips)
Psynto: posts small blind $1
12kire12: posts big blind $3
*** HOLE CARDS ***
Psynto: raises $3 to $6
12kire12: calls $3
*** FLOP *** [Jd As Tc]
12kire12: checks
Psynto: bets $3
12kire12: folds
Uncalled bet ($3) returned to Psynto
Psynto collected $11.76 from pot
Psynto: doesn't show hand
*** SUMMARY ***
Total pot $12 | Rake $0.24
Board [Jd As Tc]
Seat 1: Psynto (button) (small blind) collected ($11.76)
Seat 5: 12kire12 (big blind) folded on the Flop


PokerStars Hand #161250653804:  Hold'em Limit ($3/$6 USD) - 2016/11/11 15:14:42 ET
Table 'Phoenix' 6-max Seat #1 is the button
Seat 1: Psynto ($306.03 in chips)
Seat 5: 12kire12 ($27.54 in chips)
Psynto: posts small blind $1
12kire12: posts big blind $3
*** HOLE CARDS ***
Psynto: raises $3 to $6
12kire12: raises $3 to $9
Psynto: calls $3
*** FLOP *** [9c 5s 5c]
12kire12: bets $3
Psynto: raises $3 to $6
12kire12: raises $3 to $9
Psynto: raises $3 to $12
Betting is capped
12kire12: calls $3
*** TURN *** [9c 5s 5c] [Qs]
12kire12: bets $6
Psynto: raises $6 to $12
12kire12: calls $0.54 and is all-in
Uncalled bet ($5.46) returned to Psynto
*** RIVER *** [9c 5s 5c Qs] [2s]
*** SHOW DOWN ***
12kire12: shows [8d 8s] (two pair, Eights and Fives)
Psynto: shows [5d Ks] (three of a kind, Fives)
Psynto collected $54.58 from pot
*** SUMMARY ***
Total pot $55.08 | Rake $0.50
Board [9c 5s 5c Qs 2s]
Seat 1: Psynto (button) (small blind) showed [5d Ks] and won ($54.58) with three of a kind, Fives
Seat 5: 12kire12 (big blind) showed [8d 8s] and lost with two pair, Eights and Fives


PokerStars Hand #161250612096:  Hold'em Limit ($3/$6 USD) - 2016/11/11 15:13:54 ET
Table 'Phoenix' 6-max Seat #1 is the button
Seat 1: Psynto ($274.77 in chips)
Seat 5: 12kire12 ($59.54 in chips)
Psynto: posts small blind $1
12kire12: posts big blind $3
*** HOLE CARDS ***
Psynto: raises $3 to $6
12kire12: calls $3
*** FLOP *** [8c 5c 7d]
12kire12: bets $3
Psynto: raises $3 to $6
12kire12: calls $3
*** TURN *** [8c 5c 7d] [9s]
12kire12: checks
Psynto: bets $6
12kire12: calls $6
*** RIVER *** [8c 5c 7d 9s] [2d]
12kire12: checks
Psynto: bets $6
12kire12: calls $6
*** SHOW DOWN ***
Psynto: shows [Jc Jh] (a pair of Jacks)
12kire12: mucks hand
Psynto collected $47.50 from pot
*** SUMMARY ***
Total pot $48 | Rake $0.50
Board [8c 5c 7d 9s 2d]
Seat 1: Psynto (button) (small blind) showed [Jc Jh] and won ($47.50) with a pair of Jacks
Seat 5: 12kire12 (big blind) mucked


