PokerStars Hand #157091969445:  Hold'em Limit ($3/$6 USD) - 2016/08/10 4:50:47 ET
Table 'Phoinix' 6-max Seat #3 is the button
Seat 1: hairy1961 ($64.64 in chips)
Seat 3: simper11 ($124 in chips)
simper11: posts small blind $1
hairy1961: posts big blind $3
*** HOLE CARDS ***
simper11: raises $3 to $6
hairy1961: calls $3
*** FLOP *** [8c 9d 3s]
hairy1961: checks
simper11: bets $3
hairy1961: calls $3
*** TURN *** [8c 9d 3s] [6h]
hairy1961: checks
simper11: bets $6
hairy1961: raises $6 to $12
simper11: calls $6
*** RIVER *** [8c 9d 3s 6h] [As]
liolilove joins the table at seat #2
hairy1961: bets $6
simper11: calls $6
*** SHOW DOWN ***
hairy1961: shows [3h Qh] (a pair of Threes)
simper11: shows [8d 5h] (a pair of Eights)
simper11 collected $53.50 from pot
*** SUMMARY ***
Total pot $54 | Rake $0.50
Board [8c 9d 3s 6h As]
Seat 1: hairy1961 (big blind) showed [3h Qh] and lost with a pair of Threes
Seat 3: simper11 (button) (small blind) showed [8d 5h] and won ($53.50) with a pair of Eights


PokerStars Hand #157091967617:  Hold'em Limit ($3/$6 USD) - 2016/08/10 4:50:41 ET
Table 'Phoinix' 6-max Seat #1 is the button
Seat 1: hairy1961 ($65.64 in chips)
Seat 3: simper11 ($123 in chips)
hairy1961: posts small blind $1
simper11: posts big blind $3
*** HOLE CARDS ***
hairy1961: folds
Uncalled bet ($2) returned to simper11
simper11 collected $2 from pot
simper11: doesn't show hand
*** SUMMARY ***
Total pot $2 | Rake $0
Seat 1: hairy1961 (button) (small blind) folded before Flop
Seat 3: simper11 (big blind) collected ($2)


PokerStars Hand #157091965714:  Hold'em Limit ($3/$6 USD) - 2016/08/10 4:50:35 ET
Table 'Phoinix' 6-max Seat #3 is the button
Seat 1: hairy1961 ($68.64 in chips)
Seat 3: simper11 ($120 in chips)
simper11: posts small blind $1
hairy1961: posts big blind $3
*** HOLE CARDS ***
simper11: raises $3 to $6
hairy1961: folds
Uncalled bet ($3) returned to simper11
simper11 collected $6 from pot
simper11: doesn't show hand
*** SUMMARY ***
Total pot $6 | Rake $0
Seat 1: hairy1961 (big blind) folded before Flop
Seat 3: simper11 (button) (small blind) collected ($6)


PokerStars Hand #157091958482:  Hold'em Limit ($3/$6 USD) - 2016/08/10 4:50:11 ET
Table 'Phoinix' 6-max Seat #1 is the button
Seat 1: hairy1961 ($60 in chips)
Seat 3: simper11 ($120 in chips)
hairy1961: posts small blind $1
simper11: posts big blind $3
*** HOLE CARDS ***
hairy1961: raises $3 to $6
simper11: calls $3
*** FLOP *** [7h Jd 4h]
simper11: checks
hairy1961: bets $3
simper11: calls $3
*** TURN *** [7h Jd 4h] [9c]
simper11: checks
hairy1961: bets $6
simper11: folds
Uncalled bet ($6) returned to hairy1961
hairy1961 collected $17.64 from pot
hairy1961: doesn't show hand
*** SUMMARY ***
Total pot $18 | Rake $0.36
Board [7h Jd 4h 9c]
Seat 1: hairy1961 (button) (small blind) collected ($17.64)
Seat 3: simper11 (big blind) folded on the Turn


