PokerStars Hand #149977709121:  Hold'em Limit ($3/$6 USD) - 2016/03/07 8:23:24 ET
Table 'Phryne III' 10-max Seat #6 is the button
Seat 5: __P0o_P0o__ ($99 in chips)
Seat 6: MobyDickDK ($95.38 in chips)
MobyDickDK: posts small blind $1
__P0o_P0o__: posts big blind $3
*** HOLE CARDS ***
MobyDickDK: raises $3 to $6
__P0o_P0o__: calls $3
*** FLOP *** [Qh 8s Jd]
__P0o_P0o__: checks
MobyDickDK: bets $3
__P0o_P0o__: raises $3 to $6
MobyDickDK: calls $3
*** TURN *** [Qh 8s Jd] [5c]
__P0o_P0o__: bets $6
MobyDickDK: calls $6
*** RIVER *** [Qh 8s Jd 5c] [6d]
__P0o_P0o__: bets $6
MobyDickDK: calls $6
*** SHOW DOWN ***
__P0o_P0o__: shows [8d 7h] (a pair of Eights)
MobyDickDK: shows [Js 9s] (a pair of Jacks)
MobyDickDK collected $47.50 from pot
*** SUMMARY ***
Total pot $48 | Rake $0.50
Board [Qh 8s Jd 5c 6d]
Seat 5: __P0o_P0o__ (big blind) showed [8d 7h] and lost with a pair of Eights
Seat 6: MobyDickDK (button) (small blind) showed [Js 9s] and won ($47.50) with a pair of Jacks


PokerStars Hand #149977702789:  Hold'em Limit ($3/$6 USD) - 2016/03/07 8:23:13 ET
Table 'Phryne III' 10-max Seat #5 is the button
Seat 5: __P0o_P0o__ ($111 in chips)
Seat 6: MobyDickDK ($83.86 in chips)
__P0o_P0o__: posts small blind $1
MobyDickDK: posts big blind $3
*** HOLE CARDS ***
__P0o_P0o__: raises $3 to $6
MobyDickDK: raises $3 to $9
__P0o_P0o__: calls $3
*** FLOP *** [9c 2h 2s]
MobyDickDK: bets $3
__P0o_P0o__: calls $3
*** TURN *** [9c 2h 2s] [5h]
MobyDickDK: bets $6
__P0o_P0o__: folds
Uncalled bet ($6) returned to MobyDickDK
MobyDickDK collected $23.52 from pot
*** SUMMARY ***
Total pot $24 | Rake $0.48
Board [9c 2h 2s 5h]
Seat 5: __P0o_P0o__ (button) (small blind) folded on the Turn
Seat 6: MobyDickDK (big blind) collected ($23.52)


PokerStars Hand #149977716852:  Hold'em Limit ($3/$6 USD) - 2016/03/07 8:23:37 ET
Table 'Phryne III' 10-max Seat #5 is the button
Seat 5: __P0o_P0o__ ($75 in chips)
Seat 6: MobyDickDK ($118.88 in chips)
__P0o_P0o__: posts small blind $1
MobyDickDK: posts big blind $3
*** HOLE CARDS ***
__P0o_P0o__: raises $3 to $6
MobyDickDK: calls $3
*** FLOP *** [2c 4h Qs]
MobyDickDK: checks
__P0o_P0o__: bets $3
MobyDickDK: folds
Uncalled bet ($3) returned to __P0o_P0o__
MobyDickDK leaves the table
Psynto joins the table at seat #7
__P0o_P0o__ collected $11.76 from pot
*** SUMMARY ***
Total pot $12 | Rake $0.24
Board [2c 4h Qs]
Seat 5: __P0o_P0o__ (button) (small blind) collected ($11.76)
Seat 6: MobyDickDK (big blind) folded on the Flop


PokerStars Hand #149981591362:  Hold'em Limit ($3/$6 USD) - 2016/03/07 10:04:47 ET
Table 'Phryne III' 10-max Seat #5 is the button
Seat 5: agentbond007 ($106 in chips)
Seat 6: Agrotait ($85.52 in chips)
agentbond007: posts small blind $1
Agrotait: posts big blind $3
*** HOLE CARDS ***
agentbond007: raises $3 to $6
Agrotait: raises $3 to $9
agentbond007: calls $3
*** FLOP *** [Ks 4d Qs]
Agrotait: bets $3
agentbond007: folds
Uncalled bet ($3) returned to Agrotait
Agrotait collected $17.64 from pot
Agrotait: doesn't show hand
*** SUMMARY ***
Total pot $18 | Rake $0.36
Board [Ks 4d Qs]
Seat 5: agentbond007 (button) (small blind) folded on the Flop
Seat 6: Agrotait (big blind) collected ($17.64)


PokerStars Hand #149981624898:  Hold'em Limit ($3/$6 USD) - 2016/03/07 10:05:36 ET
Table 'Phryne III' 10-max Seat #5 is the button
Seat 5: agentbond007 ($98 in chips)
Seat 7: GRAILKO ($207.46 in chips)
agentbond007: posts small blind $1
Agrotait: is sitting out
GRAILKO: posts big blind $3
*** HOLE CARDS ***
agentbond007: calls $2
GRAILKO: checks
*** FLOP *** [Kd Ad 5c]
GRAILKO: bets $3
agentbond007: calls $3
*** TURN *** [Kd Ad 5c] [Qh]
GRAILKO: bets $6
agentbond007: raises $6 to $12
GRAILKO: calls $6
*** RIVER *** [Kd Ad 5c Qh] [8d]
GRAILKO: checks
agentbond007: bets $6
GRAILKO: raises $6 to $12
agentbond007: calls $6
*** SHOW DOWN ***
GRAILKO: shows [7d 5d] (a flush, Ace high)
agentbond007: mucks hand
GRAILKO collected $59.50 from pot
*** SUMMARY ***
Total pot $60 | Rake $0.50
Board [Kd Ad 5c Qh 8d]
Seat 5: agentbond007 (button) (small blind) mucked
Seat 7: GRAILKO (big blind) showed [7d 5d] and won ($59.50) with a flush, Ace high


PokerStars Hand #149981639916:  Hold'em Limit ($3/$6 USD) - 2016/03/07 10:05:57 ET
Table 'Phryne III' 10-max Seat #7 is the button
Seat 5: agentbond007 ($68 in chips)
Seat 7: GRAILKO ($236.96 in chips)
GRAILKO: posts small blind $1
agentbond007: posts big blind $3
*** HOLE CARDS ***
GRAILKO: raises $3 to $6
agentbond007: folds
Uncalled bet ($3) returned to GRAILKO
GRAILKO collected $6 from pot
GRAILKO: doesn't show hand
*** SUMMARY ***
Total pot $6 | Rake $0
Seat 5: agentbond007 (big blind) folded before Flop
Seat 7: GRAILKO (button) (small blind) collected ($6)


PokerStars Hand #149981674318:  Hold'em Limit ($3/$6 USD) - 2016/03/07 10:06:47 ET
Table 'Phryne III' 10-max Seat #7 is the button
Seat 7: GRAILKO ($234.57 in chips)
Seat 8: nmpro32 ($120 in chips)
GRAILKO: posts small blind $1
nmpro32: posts big blind $3
*** HOLE CARDS ***
GRAILKO: raises $3 to $6
nmpro32: raises $3 to $9
Agrotait leaves the table
GRAILKO: calls $3
*** FLOP *** [Qh 2s 3h]
nmpro32: bets $3
GRAILKO: calls $3
*** TURN *** [Qh 2s 3h] [Kh]
nmpro32: bets $6
GRAILKO: calls $6
*** RIVER *** [Qh 2s 3h Kh] [Qd]
nmpro32: bets $6
GRAILKO: folds
Uncalled bet ($6) returned to nmpro32
nmpro32 collected $35.50 from pot
*** SUMMARY ***
Total pot $36 | Rake $0.50
Board [Qh 2s 3h Kh Qd]
Seat 7: GRAILKO (button) (small blind) folded on the River
Seat 8: nmpro32 (big blind) collected ($35.50)


