PokerStars Hand #176002630686:  Hold'em Limit ($3/$6 USD) - 2017/09/23 0:59:37 ET
Table 'Phryne' 6-max Seat #1 is the button
Seat 1: LifeisagameX ($84 in chips)
Seat 2: woah_bud ($30 in chips)
LifeisagameX: posts small blind $1
woah_bud: posts big blind $3
*** HOLE CARDS ***
LifeisagameX: raises $3 to $6
woah_bud: raises $3 to $9
LifeisagameX: calls $3
*** FLOP *** [Qh 2h 5c]
woah_bud: bets $3
LifeisagameX: calls $3
*** TURN *** [Qh 2h 5c] [6c]
woah_bud: bets $6
LifeisagameX: calls $6
*** RIVER *** [Qh 2h 5c 6c] [7d]
woah_bud: bets $6
LifeisagameX: calls $6
*** SHOW DOWN ***
woah_bud: shows [Jh 3d] (high card Queen)
LifeisagameX: shows [6h 4s] (a pair of Sixes)
LifeisagameX collected $47.50 from pot
*** SUMMARY ***
Total pot $48 | Rake $0.50
Board [Qh 2h 5c 6c 7d]
Seat 1: LifeisagameX (button) (small blind) showed [6h 4s] and won ($47.50) with a pair of Sixes
Seat 2: woah_bud (big blind) showed [Jh 3d] and lost with high card Queen


PokerStars Hand #176002658974:  Hold'em Limit ($3/$6 USD) - 2017/09/23 1:01:34 ET
Table 'Phryne' 6-max Seat #1 is the button
Seat 1: LifeisagameX ($89.50 in chips)
Seat 2: woah_bud ($81.73 in chips)
LifeisagameX: posts small blind $1
woah_bud: posts big blind $3
*** HOLE CARDS ***
LifeisagameX: raises $3 to $6
woah_bud: calls $3
*** FLOP *** [3d Js Qh]
woah_bud: checks
LifeisagameX: bets $3
woah_bud: folds
Uncalled bet ($3) returned to LifeisagameX
LifeisagameX collected $11.76 from pot
LifeisagameX: doesn't show hand
*** SUMMARY ***
Total pot $12 | Rake $0.24
Board [3d Js Qh]
Seat 1: LifeisagameX (button) (small blind) collected ($11.76)
Seat 2: woah_bud (big blind) folded on the Flop


PokerStars Hand #176002644884:  Hold'em Limit ($3/$6 USD) - 2017/09/23 1:00:37 ET
Table 'Phryne' 6-max Seat #2 is the button
Seat 1: LifeisagameX ($107.50 in chips)
Seat 2: woah_bud ($64.23 in chips)
TheSety90 joins the table at seat #3
woah_bud: posts small blind $1
LifeisagameX: posts big blind $3
*** HOLE CARDS ***
woah_bud: raises $3 to $6
Agrotait joins the table at seat #4
LifeisagameX: raises $3 to $9
woah_bud: calls $3
*** FLOP *** [Qd 8s 8d]
LifeisagameX: bets $3
woah_bud: calls $3
*** TURN *** [Qd 8s 8d] [Qh]
LifeisagameX: checks
woah_bud: bets $6
LifeisagameX: calls $6
*** RIVER *** [Qd 8s 8d Qh] [2d]
LifeisagameX: checks
woah_bud: checks
*** SHOW DOWN ***
LifeisagameX: shows [Kd Jc] (two pair, Queens and Eights)
woah_bud: shows [2c Ah] (two pair, Queens and Eights - Ace kicker)
woah_bud collected $35.50 from pot
*** SUMMARY ***
Total pot $36 | Rake $0.50
Board [Qd 8s 8d Qh 2d]
Seat 1: LifeisagameX (big blind) showed [Kd Jc] and lost with two pair, Queens and Eights
Seat 2: woah_bud (button) (small blind) showed [2c Ah] and won ($35.50) with two pair, Queens and Eights


PokerStars Hand #176002690577:  Hold'em Limit ($3/$6 USD) - 2017/09/23 1:03:38 ET
Table 'Phryne' 6-max Seat #2 is the button
Seat 2: woah_bud ($130.46 in chips)
Seat 4: Agrotait ($63 in chips)
woah_bud: posts small blind $1
Agrotait: posts big blind $3
*** HOLE CARDS ***
woah_bud: raises $3 to $6
Agrotait: calls $3
*** FLOP *** [8d Qh 5d]
Agrotait: checks
woah_bud: bets $3
LifeisagameX leaves the table
Agrotait: folds
Uncalled bet ($3) returned to woah_bud
woah_bud collected $11.76 from pot
woah_bud: doesn't show hand
*** SUMMARY ***
Total pot $12 | Rake $0.24
Board [8d Qh 5d]
Seat 2: woah_bud (button) (small blind) collected ($11.76)
Seat 4: Agrotait (big blind) folded on the Flop


PokerStars Hand #176002696352:  Hold'em Limit ($3/$6 USD) - 2017/09/23 1:04:01 ET
Table 'Phryne' 6-max Seat #4 is the button
Seat 2: woah_bud ($136.22 in chips)
Seat 4: Agrotait ($57 in chips)
Agrotait: posts small blind $1
woah_bud: posts big blind $3
*** HOLE CARDS ***
Agrotait: folds
Uncalled bet ($2) returned to woah_bud
woah_bud collected $2 from pot
woah_bud: doesn't show hand
*** SUMMARY ***
Total pot $2 | Rake $0
Seat 2: woah_bud (big blind) collected ($2)
Seat 4: Agrotait (button) (small blind) folded before Flop


PokerStars Hand #176002719178:  Hold'em Limit ($3/$6 USD) - 2017/09/23 1:05:29 ET
Table 'Phryne' 6-max Seat #2 is the button
Seat 2: woah_bud ($152.72 in chips)
Seat 4: Agrotait ($40 in chips)
woah_bud: posts small blind $1
Agrotait: posts big blind $3
*** HOLE CARDS ***
woah_bud: raises $3 to $6
Agrotait: calls $3
*** FLOP *** [Ts Qd 2c]
Agrotait: checks
woah_bud: bets $3
Agrotait: raises $3 to $6
woah_bud: folds
Uncalled bet ($3) returned to Agrotait
Agrotait collected $17.64 from pot
Agrotait: doesn't show hand
*** SUMMARY ***
Total pot $18 | Rake $0.36
Board [Ts Qd 2c]
Seat 2: woah_bud (button) (small blind) folded on the Flop
Seat 4: Agrotait (big blind) collected ($17.64)


PokerStars Hand #176002699949:  Hold'em Limit ($3/$6 USD) - 2017/09/23 1:04:15 ET
Table 'Phryne' 6-max Seat #2 is the button
Seat 2: woah_bud ($137.22 in chips)
Seat 4: Agrotait ($56 in chips)
woah_bud: posts small blind $1
Agrotait: posts big blind $3
*** HOLE CARDS ***
woah_bud: raises $3 to $6
Agrotait: calls $3
*** FLOP *** [5c Jc Td]
Agrotait: checks
woah_bud: bets $3
Agrotait: calls $3
*** TURN *** [5c Jc Td] [Kd]
Agrotait: checks
woah_bud: bets $6
Agrotait: calls $6
*** RIVER *** [5c Jc Td Kd] [Ks]
Agrotait: checks
woah_bud: bets $6
Agrotait: folds
Uncalled bet ($6) returned to woah_bud
woah_bud collected $29.50 from pot
woah_bud: doesn't show hand
*** SUMMARY ***
Total pot $30 | Rake $0.50
Board [5c Jc Td Kd Ks]
Seat 2: woah_bud (button) (small blind) collected ($29.50)
Seat 4: Agrotait (big blind) folded on the River


PokerStars Hand #176002725769:  Hold'em Limit ($3/$6 USD) - 2017/09/23 1:05:54 ET
Table 'Phryne' 6-max Seat #4 is the button
Seat 2: woah_bud ($143.72 in chips)
Seat 4: Agrotait ($48.64 in chips)
Agrotait: posts small blind $1
woah_bud: posts big blind $3
*** HOLE CARDS ***
Agrotait: raises $3 to $6
woah_bud: folds
Uncalled bet ($3) returned to Agrotait
Agrotait collected $6 from pot
Agrotait: doesn't show hand
*** SUMMARY ***
Total pot $6 | Rake $0
Seat 2: woah_bud (big blind) folded before Flop
Seat 4: Agrotait (button) (small blind) collected ($6)


PokerStars Hand #176002717802:  Hold'em Limit ($3/$6 USD) - 2017/09/23 1:05:23 ET
Table 'Phryne' 6-max Seat #4 is the button
Seat 2: woah_bud ($151.72 in chips)
Seat 4: Agrotait ($41 in chips)
Agrotait: posts small blind $1
woah_bud: posts big blind $3
*** HOLE CARDS ***
Agrotait: folds
Uncalled bet ($2) returned to woah_bud
woah_bud collected $2 from pot
woah_bud: doesn't show hand
*** SUMMARY ***
Total pot $2 | Rake $0
Seat 2: woah_bud (big blind) collected ($2)
Seat 4: Agrotait (button) (small blind) folded before Flop


PokerStars Hand #176002745581:  Hold'em Limit ($3/$6 USD) - 2017/09/23 1:07:08 ET
Table 'Phryne' 6-max Seat #2 is the button
Seat 2: woah_bud ($155.12 in chips)
Seat 4: Agrotait ($36.64 in chips)
woah_bud: posts small blind $1
Agrotait: posts big blind $3
*** HOLE CARDS ***
woah_bud: folds
Uncalled bet ($2) returned to Agrotait
Agrotait collected $2 from pot
Agrotait: doesn't show hand
*** SUMMARY ***
Total pot $2 | Rake $0
Seat 2: woah_bud (button) (small blind) folded before Flop
Seat 4: Agrotait (big blind) collected ($2)


PokerStars Hand #176002740531:  Hold'em Limit ($3/$6 USD) - 2017/09/23 1:06:49 ET
Table 'Phryne' 6-max Seat #4 is the button
Seat 2: woah_bud ($146.48 in chips)
Seat 4: Agrotait ($45.64 in chips)
Agrotait: posts small blind $1
woah_bud: posts big blind $3
*** HOLE CARDS ***
Agrotait: raises $3 to $6
woah_bud: raises $3 to $9
Agrotait: calls $3
*** FLOP *** [3s Ac Qc]
woah_bud: bets $3
Agrotait: folds
Uncalled bet ($3) returned to woah_bud
woah_bud collected $17.64 from pot
woah_bud: doesn't show hand
*** SUMMARY ***
Total pot $18 | Rake $0.36
Board [3s Ac Qc]
Seat 2: woah_bud (big blind) collected ($17.64)
Seat 4: Agrotait (button) (small blind) folded on the Flop


PokerStars Hand #176002752280:  Hold'em Limit ($3/$6 USD) - 2017/09/23 1:07:33 ET
Table 'Phryne' 6-max Seat #2 is the button
Seat 2: woah_bud ($148.12 in chips)
Seat 4: Agrotait ($43.40 in chips)
woah_bud: posts small blind $1
Agrotait: posts big blind $3
*** HOLE CARDS ***
woah_bud: raises $3 to $6
Agrotait: calls $3
*** FLOP *** [6c 2s 2d]
Agrotait: checks
woah_bud: bets $3
Agrotait: calls $3
*** TURN *** [6c 2s 2d] [6h]
Agrotait: checks
woah_bud: checks
*** RIVER *** [6c 2s 2d 6h] [5d]
Agrotait: checks
woah_bud: bets $6
Agrotait: folds
Uncalled bet ($6) returned to woah_bud
woah_bud collected $17.64 from pot
woah_bud: doesn't show hand
*** SUMMARY ***
Total pot $18 | Rake $0.36
Board [6c 2s 2d 6h 5d]
Seat 2: woah_bud (button) (small blind) collected ($17.64)
Seat 4: Agrotait (big blind) folded on the River


PokerStars Hand #176002769432:  Hold'em Limit ($3/$6 USD) - 2017/09/23 1:08:36 ET
Table 'Phryne' 6-max Seat #2 is the button
Seat 2: woah_bud ($153.76 in chips)
Seat 4: Agrotait ($37.40 in chips)
woah_bud: posts small blind $1
Agrotait: posts big blind $3
*** HOLE CARDS ***
woah_bud: raises $3 to $6
Agrotait: calls $3
*** FLOP *** [Td Jc 9d]
Agrotait: checks
woah_bud: bets $3
Agrotait: folds
Uncalled bet ($3) returned to woah_bud
woah_bud collected $11.76 from pot
woah_bud: doesn't show hand
*** SUMMARY ***
Total pot $12 | Rake $0.24
Board [Td Jc 9d]
Seat 2: woah_bud (button) (small blind) collected ($11.76)
Seat 4: Agrotait (big blind) folded on the Flop


PokerStars Hand #176002768003:  Hold'em Limit ($3/$6 USD) - 2017/09/23 1:08:31 ET
Table 'Phryne' 6-max Seat #4 is the button
Seat 2: woah_bud ($152.76 in chips)
Seat 4: Agrotait ($38.40 in chips)
Agrotait: posts small blind $1
woah_bud: posts big blind $3
*** HOLE CARDS ***
Agrotait: folds
Uncalled bet ($2) returned to woah_bud
woah_bud collected $2 from pot
woah_bud: doesn't show hand
*** SUMMARY ***
Total pot $2 | Rake $0
Seat 2: woah_bud (big blind) collected ($2)
Seat 4: Agrotait (button) (small blind) folded before Flop


PokerStars Hand #176002766583:  Hold'em Limit ($3/$6 USD) - 2017/09/23 1:08:26 ET
Table 'Phryne' 6-max Seat #2 is the button
Seat 2: woah_bud ($153.76 in chips)
Seat 4: Agrotait ($37.40 in chips)
woah_bud: posts small blind $1
Agrotait: posts big blind $3
*** HOLE CARDS ***
woah_bud: folds
Uncalled bet ($2) returned to Agrotait
Agrotait collected $2 from pot
Agrotait: doesn't show hand
*** SUMMARY ***
Total pot $2 | Rake $0
Seat 2: woah_bud (button) (small blind) folded before Flop
Seat 4: Agrotait (big blind) collected ($2)


PokerStars Hand #176002764664:  Hold'em Limit ($3/$6 USD) - 2017/09/23 1:08:19 ET
Table 'Phryne' 6-max Seat #4 is the button
Seat 2: woah_bud ($156.76 in chips)
Seat 4: Agrotait ($34.40 in chips)
Agrotait: posts small blind $1
woah_bud: posts big blind $3
*** HOLE CARDS ***
Agrotait: raises $3 to $6
woah_bud: folds
Uncalled bet ($3) returned to Agrotait
Agrotait collected $6 from pot
Agrotait: doesn't show hand
*** SUMMARY ***
Total pot $6 | Rake $0
Seat 2: woah_bud (big blind) folded before Flop
Seat 4: Agrotait (button) (small blind) collected ($6)


PokerStars Hand #176002776567:  Hold'em Limit ($3/$6 USD) - 2017/09/23 1:09:03 ET
Table 'Phryne' 6-max Seat #4 is the button
Seat 2: woah_bud ($159.52 in chips)
Seat 4: Agrotait ($31.40 in chips)
Agrotait: posts small blind $1
woah_bud: posts big blind $3
*** HOLE CARDS ***
Agrotait: raises $3 to $6
woah_bud: folds
Uncalled bet ($3) returned to Agrotait
Agrotait collected $6 from pot
Agrotait: doesn't show hand
*** SUMMARY ***
Total pot $6 | Rake $0
Seat 2: woah_bud (big blind) folded before Flop
Seat 4: Agrotait (button) (small blind) collected ($6)


PokerStars Hand #176002793065:  Hold'em Limit ($3/$6 USD) - 2017/09/23 1:10:06 ET
Table 'Phryne' 6-max Seat #4 is the button
Seat 2: woah_bud ($138.52 in chips)
Seat 4: Agrotait ($51.90 in chips)
Agrotait: posts small blind $1
woah_bud: posts big blind $3
*** HOLE CARDS ***
Agrotait: folds
Uncalled bet ($2) returned to woah_bud
woah_bud collected $2 from pot
woah_bud: doesn't show hand
*** SUMMARY ***
Total pot $2 | Rake $0
Seat 2: woah_bud (big blind) collected ($2)
Seat 4: Agrotait (button) (small blind) folded before Flop


PokerStars Hand #176002778412:  Hold'em Limit ($3/$6 USD) - 2017/09/23 1:09:10 ET
Table 'Phryne' 6-max Seat #2 is the button
Seat 2: woah_bud ($156.52 in chips)
Seat 4: Agrotait ($34.40 in chips)
woah_bud: posts small blind $1
Agrotait: posts big blind $3
*** HOLE CARDS ***
woah_bud: raises $3 to $6
Agrotait: raises $3 to $9
woah_bud: calls $3
*** FLOP *** [3h 7h 5s]
Agrotait: bets $3
woah_bud: calls $3
*** TURN *** [3h 7h 5s] [6c]
Agrotait: checks
woah_bud: bets $6
Agrotait: calls $6
*** RIVER *** [3h 7h 5s 6c] [Ts]
Agrotait: checks
woah_bud: checks
*** SHOW DOWN ***
Agrotait: shows [As Tc] (a pair of Tens)
woah_bud: mucks hand
Agrotait collected $35.50 from pot
*** SUMMARY ***
Total pot $36 | Rake $0.50
Board [3h 7h 5s 6c Ts]
Seat 2: woah_bud (button) (small blind) mucked
Seat 4: Agrotait (big blind) showed [As Tc] and won ($35.50) with a pair of Tens


PokerStars Hand #176002798644:  Hold'em Limit ($3/$6 USD) - 2017/09/23 1:10:27 ET
Table 'Phryne' 6-max Seat #4 is the button
Seat 2: woah_bud ($130.52 in chips)
Seat 4: Agrotait ($59.54 in chips)
Agrotait: posts small blind $1
woah_bud: posts big blind $3
*** HOLE CARDS ***
Agrotait: folds
Uncalled bet ($2) returned to woah_bud
woah_bud collected $2 from pot
woah_bud: doesn't show hand
*** SUMMARY ***
Total pot $2 | Rake $0
Seat 2: woah_bud (big blind) collected ($2)
Seat 4: Agrotait (button) (small blind) folded before Flop


PokerStars Hand #176002794373:  Hold'em Limit ($3/$6 USD) - 2017/09/23 1:10:11 ET
Table 'Phryne' 6-max Seat #2 is the button
Seat 2: woah_bud ($139.52 in chips)
Seat 4: Agrotait ($50.90 in chips)
woah_bud: posts small blind $1
Agrotait: posts big blind $3
*** HOLE CARDS ***
woah_bud: raises $3 to $6
Agrotait: raises $3 to $9
woah_bud: calls $3
*** FLOP *** [7d 9d 9s]
Agrotait: bets $3
woah_bud: folds
Uncalled bet ($3) returned to Agrotait
Agrotait collected $17.64 from pot
Agrotait: doesn't show hand
*** SUMMARY ***
Total pot $18 | Rake $0.36
Board [7d 9d 9s]
Seat 2: woah_bud (button) (small blind) folded on the Flop
Seat 4: Agrotait (big blind) collected ($17.64)


PokerStars Hand #176002818956:  Hold'em Limit ($3/$6 USD) - 2017/09/23 1:11:45 ET
Table 'Phryne' 6-max Seat #2 is the button
Seat 2: woah_bud ($109.52 in chips)
Seat 4: Agrotait ($79.68 in chips)
woah_bud: posts small blind $1
Agrotait: posts big blind $3
*** HOLE CARDS ***
woah_bud: raises $3 to $6
Agrotait: raises $3 to $9
woah_bud: calls $3
*** FLOP *** [8c Qd Ks]
Agrotait: bets $3
woah_bud: folds
Uncalled bet ($3) returned to Agrotait
Agrotait collected $17.64 from pot
Agrotait: doesn't show hand
*** SUMMARY ***
Total pot $18 | Rake $0.36
Board [8c Qd Ks]
Seat 2: woah_bud (button) (small blind) folded on the Flop
Seat 4: Agrotait (big blind) collected ($17.64)


PokerStars Hand #176002799919:  Hold'em Limit ($3/$6 USD) - 2017/09/23 1:10:32 ET
Table 'Phryne' 6-max Seat #2 is the button
Seat 2: woah_bud ($131.52 in chips)
Seat 4: Agrotait ($58.54 in chips)
woah_bud: posts small blind $1
Agrotait: posts big blind $3
*** HOLE CARDS ***
woah_bud: raises $3 to $6
Agrotait: calls $3
*** FLOP *** [7h Ks 3d]
Agrotait: checks
woah_bud: bets $3
Agrotait: calls $3
*** TURN *** [7h Ks 3d] [6c]
Agrotait: checks
woah_bud: bets $6
Agrotait: calls $6
*** RIVER *** [7h Ks 3d 6c] [3s]
Agrotait: checks
woah_bud: checks
*** SHOW DOWN ***
Agrotait: shows [Qc 6s] (two pair, Sixes and Threes)
woah_bud: mucks hand
Agrotait collected $29.50 from pot
*** SUMMARY ***
Total pot $30 | Rake $0.50
Board [7h Ks 3d 6c 3s]
Seat 2: woah_bud (button) (small blind) mucked
Seat 4: Agrotait (big blind) showed [Qc 6s] and won ($29.50) with two pair, Sixes and Threes


PokerStars Hand #176002815918:  Hold'em Limit ($3/$6 USD) - 2017/09/23 1:11:33 ET
Table 'Phryne' 6-max Seat #4 is the button
Seat 2: woah_bud ($108.52 in chips)
Seat 4: Agrotait ($80.68 in chips)
Agrotait: posts small blind $1
woah_bud: posts big blind $3
*** HOLE CARDS ***
Agrotait: folds
Uncalled bet ($2) returned to woah_bud
woah_bud collected $2 from pot
woah_bud: doesn't show hand
*** SUMMARY ***
Total pot $2 | Rake $0
Seat 2: woah_bud (big blind) collected ($2)
Seat 4: Agrotait (button) (small blind) folded before Flop


PokerStars Hand #176002812154:  Hold'em Limit ($3/$6 USD) - 2017/09/23 1:11:19 ET
Table 'Phryne' 6-max Seat #2 is the button
Seat 2: woah_bud ($117.52 in chips)
Seat 4: Agrotait ($72.04 in chips)
woah_bud: posts small blind $1
Agrotait: posts big blind $3
*** HOLE CARDS ***
woah_bud: raises $3 to $6
Agrotait: raises $3 to $9
woah_bud: calls $3
*** FLOP *** [2h Qc 2c]
Agrotait: bets $3
woah_bud: folds
Uncalled bet ($3) returned to Agrotait
Agrotait collected $17.64 from pot
Agrotait: doesn't show hand
*** SUMMARY ***
Total pot $18 | Rake $0.36
Board [2h Qc 2c]
Seat 2: woah_bud (button) (small blind) folded on the Flop
Seat 4: Agrotait (big blind) collected ($17.64)


PokerStars Hand #176002810115:  Hold'em Limit ($3/$6 USD) - 2017/09/23 1:11:11 ET
Table 'Phryne' 6-max Seat #4 is the button
Seat 2: woah_bud ($116.52 in chips)
Seat 4: Agrotait ($73.04 in chips)
Agrotait: posts small blind $1
woah_bud: posts big blind $3
*** HOLE CARDS ***
Agrotait: folds
Uncalled bet ($2) returned to woah_bud
woah_bud collected $2 from pot
woah_bud: doesn't show hand
*** SUMMARY ***
Total pot $2 | Rake $0
Seat 2: woah_bud (big blind) collected ($2)
Seat 4: Agrotait (button) (small blind) folded before Flop


PokerStars Hand #176002838328:  Hold'em Limit ($3/$6 USD) - 2017/09/23 1:12:59 ET
Table 'Phryne' 6-max Seat #2 is the button
Seat 2: woah_bud ($70.52 in chips)
Seat 4: Agrotait ($117.82 in chips)
woah_bud: posts small blind $1
Agrotait: posts big blind $3
*** HOLE CARDS ***
woah_bud: folds
Uncalled bet ($2) returned to Agrotait
Agrotait collected $2 from pot
Agrotait: doesn't show hand
*** SUMMARY ***
Total pot $2 | Rake $0
Seat 2: woah_bud (button) (small blind) folded before Flop
Seat 4: Agrotait (big blind) collected ($2)


PokerStars Hand #176002824272:  Hold'em Limit ($3/$6 USD) - 2017/09/23 1:12:05 ET
Table 'Phryne' 6-max Seat #4 is the button
Seat 2: woah_bud ($100.52 in chips)
Seat 4: Agrotait ($88.32 in chips)
Agrotait: posts small blind $1
woah_bud: posts big blind $3
*** HOLE CARDS ***
Agrotait: raises $3 to $6
woah_bud: raises $3 to $9
Agrotait: calls $3
*** FLOP *** [2s Qd 8c]
woah_bud: bets $3
Agrotait: raises $3 to $6
woah_bud: raises $3 to $9
Agrotait: calls $3
*** TURN *** [2s Qd 8c] [3c]
woah_bud: bets $6
Agrotait: calls $6
*** RIVER *** [2s Qd 8c 3c] [Qs]
woah_bud: bets $6
Agrotait: calls $6
*** SHOW DOWN ***
woah_bud: shows [Td 9c] (a pair of Queens)
Agrotait: shows [7h Qh] (three of a kind, Queens)
Agrotait collected $59.50 from pot
*** SUMMARY ***
Total pot $60 | Rake $0.50
Board [2s Qd 8c 3c Qs]
Seat 2: woah_bud (big blind) showed [Td 9c] and lost with a pair of Queens
Seat 4: Agrotait (button) (small blind) showed [7h Qh] and won ($59.50) with three of a kind, Queens


PokerStars Hand #176002843988:  Hold'em Limit ($3/$6 USD) - 2017/09/23 1:13:20 ET
Table 'Phryne' 6-max Seat #2 is the button
Seat 2: woah_bud ($70.52 in chips)
Seat 4: Agrotait ($117.82 in chips)
woah_bud: posts small blind $1
Agrotait: posts big blind $3
*** HOLE CARDS ***
woah_bud: raises $3 to $6
Agrotait: calls $3
*** FLOP *** [2s 6c Tc]
Agrotait: checks
woah_bud: bets $3
Agrotait: calls $3
*** TURN *** [2s 6c Tc] [4d]
Agrotait: checks
woah_bud: bets $6
Agrotait: calls $6
*** RIVER *** [2s 6c Tc 4d] [Td]
Agrotait: checks
woah_bud: bets $6
Agrotait: calls $6
*** SHOW DOWN ***
woah_bud: shows [3s 3h] (two pair, Tens and Threes)
Agrotait: shows [4s 9s] (two pair, Tens and Fours)
Agrotait collected $41.50 from pot
*** SUMMARY ***
Total pot $42 | Rake $0.50
Board [2s 6c Tc 4d Td]
Seat 2: woah_bud (button) (small blind) showed [3s 3h] and lost with two pair, Tens and Threes
Seat 4: Agrotait (big blind) showed [4s 9s] and won ($41.50) with two pair, Tens and Fours


PokerStars Hand #176002851060:  Hold'em Limit ($3/$6 USD) - 2017/09/23 1:13:47 ET
Table 'Phryne' 6-max Seat #4 is the button
Seat 2: woah_bud ($49.52 in chips)
Seat 4: Agrotait ($138.32 in chips)
Agrotait: posts small blind $1
woah_bud: posts big blind $3
*** HOLE CARDS ***
Agrotait: raises $3 to $6
woah_bud: calls $3
*** FLOP *** [As Th Kd]
woah_bud: checks
Agrotait: bets $3
woah_bud: folds
Uncalled bet ($3) returned to Agrotait
Agrotait collected $11.76 from pot
Agrotait: doesn't show hand
*** SUMMARY ***
Total pot $12 | Rake $0.24
Board [As Th Kd]
Seat 2: woah_bud (big blind) folded on the Flop
Seat 4: Agrotait (button) (small blind) collected ($11.76)


PokerStars Hand #176002855448:  Hold'em Limit ($3/$6 USD) - 2017/09/23 1:14:03 ET
Table 'Phryne' 6-max Seat #2 is the button
Seat 2: woah_bud ($43.52 in chips)
Seat 4: Agrotait ($144.08 in chips)
woah_bud: posts small blind $1
Agrotait: posts big blind $3
*** HOLE CARDS ***
woah_bud: raises $3 to $6
Agrotait: calls $3
*** FLOP *** [Js Kc Ah]
Agrotait: checks
woah_bud: bets $3
Agrotait: folds
Uncalled bet ($3) returned to woah_bud
woah_bud collected $11.76 from pot
woah_bud: doesn't show hand
*** SUMMARY ***
Total pot $12 | Rake $0.24
Board [Js Kc Ah]
Seat 2: woah_bud (button) (small blind) collected ($11.76)
Seat 4: Agrotait (big blind) folded on the Flop


PokerStars Hand #176002863668:  Hold'em Limit ($3/$6 USD) - 2017/09/23 1:14:34 ET
Table 'Phryne' 6-max Seat #4 is the button
Seat 2: woah_bud ($49.28 in chips)
Seat 4: Agrotait ($138.08 in chips)
Agrotait: posts small blind $1
woah_bud: posts big blind $3
*** HOLE CARDS ***
Agrotait: raises $3 to $6
woah_bud: raises $3 to $9
Agrotait: calls $3
*** FLOP *** [3d Qd 7c]
woah_bud: bets $3
Agrotait: folds
Uncalled bet ($3) returned to woah_bud
woah_bud collected $17.64 from pot
woah_bud: doesn't show hand
*** SUMMARY ***
Total pot $18 | Rake $0.36
Board [3d Qd 7c]
Seat 2: woah_bud (big blind) collected ($17.64)
Seat 4: Agrotait (button) (small blind) folded on the Flop


PokerStars Hand #176002869528:  Hold'em Limit ($3/$6 USD) - 2017/09/23 1:14:56 ET
Table 'Phryne' 6-max Seat #2 is the button
Seat 2: woah_bud ($57.92 in chips)
Seat 4: Agrotait ($129.08 in chips)
woah_bud: posts small blind $1
Agrotait: posts big blind $3
*** HOLE CARDS ***
woah_bud: raises $3 to $6
Agrotait: calls $3
*** FLOP *** [5d 8d 4c]
Agrotait: checks
woah_bud: checks
*** TURN *** [5d 8d 4c] [6h]
Agrotait: checks
woah_bud: bets $6
Agrotait: calls $6
*** RIVER *** [5d 8d 4c 6h] [Td]
Agrotait: checks
woah_bud: checks
*** SHOW DOWN ***
Agrotait: shows [6s Ah] (a pair of Sixes)
woah_bud: mucks hand
Agrotait collected $23.52 from pot
*** SUMMARY ***
Total pot $24 | Rake $0.48
Board [5d 8d 4c 6h Td]
Seat 2: woah_bud (button) (small blind) mucked
Seat 4: Agrotait (big blind) showed [6s Ah] and won ($23.52) with a pair of Sixes


PokerStars Hand #176002877218:  Hold'em Limit ($3/$6 USD) - 2017/09/23 1:15:24 ET
Table 'Phryne' 6-max Seat #4 is the button
Seat 2: woah_bud ($45.92 in chips)
Seat 4: Agrotait ($140.60 in chips)
Agrotait: posts small blind $1
woah_bud: posts big blind $3
*** HOLE CARDS ***
Agrotait: raises $3 to $6
woah_bud: folds
Uncalled bet ($3) returned to Agrotait
Agrotait collected $6 from pot
Agrotait: doesn't show hand
*** SUMMARY ***
Total pot $6 | Rake $0
Seat 2: woah_bud (big blind) folded before Flop
Seat 4: Agrotait (button) (small blind) collected ($6)


PokerStars Hand #176002879421:  Hold'em Limit ($3/$6 USD) - 2017/09/23 1:15:33 ET
Table 'Phryne' 6-max Seat #2 is the button
Seat 2: woah_bud ($42.92 in chips)
Seat 4: Agrotait ($143.60 in chips)
woah_bud: posts small blind $1
Agrotait: posts big blind $3
*** HOLE CARDS ***
woah_bud: raises $3 to $6
Agrotait: calls $3
*** FLOP *** [4h 3h Kd]
Agrotait: checks
woah_bud: bets $3
Agrotait: folds
Uncalled bet ($3) returned to woah_bud
woah_bud collected $11.76 from pot
woah_bud: doesn't show hand
*** SUMMARY ***
Total pot $12 | Rake $0.24
Board [4h 3h Kd]
Seat 2: woah_bud (button) (small blind) collected ($11.76)
Seat 4: Agrotait (big blind) folded on the Flop


PokerStars Hand #176002887698:  Hold'em Limit ($3/$6 USD) - 2017/09/23 1:16:04 ET
Table 'Phryne' 6-max Seat #2 is the button
Seat 2: woah_bud ($49.68 in chips)
Seat 4: Agrotait ($136.60 in chips)
woah_bud: posts small blind $1
Agrotait: posts big blind $3
*** HOLE CARDS ***
woah_bud: raises $3 to $6
Agrotait: raises $3 to $9
woah_bud: calls $3
*** FLOP *** [4d Kh 7h]
Agrotait: bets $3
woah_bud: folds
Uncalled bet ($3) returned to Agrotait
Agrotait collected $17.64 from pot
*** SUMMARY ***
Total pot $18 | Rake $0.36
Board [4d Kh 7h]
Seat 2: woah_bud (button) (small blind) folded on the Flop
Seat 4: Agrotait (big blind) collected ($17.64)


PokerStars Hand #176002910639:  Hold'em Limit ($3/$6 USD) - 2017/09/23 1:17:31 ET
Table 'Phryne' 6-max Seat #2 is the button
Seat 2: woah_bud ($64.18 in chips)
Seat 4: Agrotait ($121.24 in chips)
woah_bud: posts small blind $1
Agrotait: posts big blind $3
*** HOLE CARDS ***
woah_bud: raises $3 to $6
Agrotait: calls $3
*** FLOP *** [5s 6s 4c]
Agrotait: checks
woah_bud: checks
*** TURN *** [5s 6s 4c] [8h]
Agrotait: bets $6
woah_bud: calls $6
*** RIVER *** [5s 6s 4c 8h] [Ts]
Agrotait: bets $6
woah_bud: folds
Uncalled bet ($6) returned to Agrotait
Agrotait collected $23.52 from pot
Agrotait: doesn't show hand
*** SUMMARY ***
Total pot $24 | Rake $0.48
Board [5s 6s 4c 8h Ts]
Seat 2: woah_bud (button) (small blind) folded on the River
Seat 4: Agrotait (big blind) collected ($23.52)


PokerStars Hand #176002906238:  Hold'em Limit ($3/$6 USD) - 2017/09/23 1:17:14 ET
Table 'Phryne' 6-max Seat #2 is the button
Seat 2: woah_bud ($64.18 in chips)
Seat 4: Agrotait ($121.24 in chips)
woah_bud: posts small blind $1
Agrotait: posts big blind $3
*** HOLE CARDS ***
woah_bud: folds
Uncalled bet ($2) returned to Agrotait
Agrotait collected $2 from pot
Agrotait: doesn't show hand
*** SUMMARY ***
Total pot $2 | Rake $0
Seat 2: woah_bud (button) (small blind) folded before Flop
Seat 4: Agrotait (big blind) collected ($2)


PokerStars Hand #176002907892:  Hold'em Limit ($3/$6 USD) - 2017/09/23 1:17:20 ET
Table 'Phryne' 6-max Seat #4 is the button
Seat 2: woah_bud ($63.18 in chips)
Seat 4: Agrotait ($122.24 in chips)
Agrotait: posts small blind $1
woah_bud: posts big blind $3
*** HOLE CARDS ***
Agrotait: folds
Uncalled bet ($2) returned to woah_bud
woah_bud collected $2 from pot
woah_bud: doesn't show hand
*** SUMMARY ***
Total pot $2 | Rake $0
Seat 2: woah_bud (big blind) collected ($2)
Seat 4: Agrotait (button) (small blind) folded before Flop


PokerStars Hand #176002893751:  Hold'em Limit ($3/$6 USD) - 2017/09/23 1:16:26 ET
Table 'Phryne' 6-max Seat #4 is the button
Seat 2: woah_bud ($40.68 in chips)
Seat 4: Agrotait ($145.24 in chips)
Agrotait: posts small blind $1
woah_bud: posts big blind $3
*** HOLE CARDS ***
Agrotait: raises $3 to $6
woah_bud: raises $3 to $9
Agrotait: calls $3
*** FLOP *** [7d 8h 5c]
woah_bud: bets $3
Agrotait: calls $3
*** TURN *** [7d 8h 5c] [7h]
woah_bud: bets $6
Agrotait: calls $6
*** RIVER *** [7d 8h 5c 7h] [3c]
woah_bud: bets $6
Agrotait: calls $6
*** SHOW DOWN ***
woah_bud: shows [7c 6s] (three of a kind, Sevens)
Agrotait: mucks hand
woah_bud collected $47.50 from pot
*** SUMMARY ***
Total pot $48 | Rake $0.50
Board [7d 8h 5c 7h 3c]
Seat 2: woah_bud (big blind) showed [7c 6s] and won ($47.50) with three of a kind, Sevens
Seat 4: Agrotait (button) (small blind) mucked


PokerStars Hand #176002922267:  Hold'em Limit ($3/$6 USD) - 2017/09/23 1:18:00 ET
Table 'Phryne' 6-max Seat #4 is the button
Seat 2: woah_bud ($52.18 in chips)
Seat 4: Agrotait ($132.76 in chips)
Agrotait: posts small blind $1
woah_bud: posts big blind $3
*** HOLE CARDS ***
Agrotait: raises $3 to $6
woah_bud: calls $3
*** FLOP *** [5c 6h 2s]
woah_bud: checks
Agrotait: bets $3
woah_bud: raises $3 to $6
Agrotait: calls $3
*** TURN *** [5c 6h 2s] [Js]
woah_bud: bets $6
Agrotait: calls $6
*** RIVER *** [5c 6h 2s Js] [5h]
woah_bud: checks
Agrotait: checks
*** SHOW DOWN ***
woah_bud: shows [5d Ac] (three of a kind, Fives)
Agrotait: mucks hand
woah_bud collected $35.50 from pot
*** SUMMARY ***
Total pot $36 | Rake $0.50
Board [5c 6h 2s Js 5h]
Seat 2: woah_bud (big blind) showed [5d Ac] and won ($35.50) with three of a kind, Fives
Seat 4: Agrotait (button) (small blind) mucked


PokerStars Hand #176002930044:  Hold'em Limit ($3/$6 USD) - 2017/09/23 1:18:30 ET
Table 'Phryne' 6-max Seat #2 is the button
Seat 2: woah_bud ($69.68 in chips)
Seat 4: Agrotait ($114.76 in chips)
woah_bud: posts small blind $1
Agrotait: posts big blind $3
*** HOLE CARDS ***
woah_bud: raises $3 to $6
Agrotait: folds
Uncalled bet ($3) returned to woah_bud
woah_bud collected $6 from pot
woah_bud: doesn't show hand
*** SUMMARY ***
Total pot $6 | Rake $0
Seat 2: woah_bud (button) (small blind) collected ($6)
Seat 4: Agrotait (big blind) folded before Flop


PokerStars Hand #176002932411:  Hold'em Limit ($3/$6 USD) - 2017/09/23 1:18:39 ET
Table 'Phryne' 6-max Seat #4 is the button
Seat 2: woah_bud ($72.68 in chips)
Seat 4: Agrotait ($111.76 in chips)
Agrotait: posts small blind $1
woah_bud: posts big blind $3
*** HOLE CARDS ***
Agrotait: raises $3 to $6
woah_bud: calls $3
*** FLOP *** [6c 5c 4d]
woah_bud: checks
Agrotait: bets $3
woah_bud: raises $3 to $6
Agrotait: calls $3
*** TURN *** [6c 5c 4d] [2h]
woah_bud: bets $6
Agrotait: raises $6 to $12
woah_bud: raises $6 to $18
Agrotait: calls $6
*** RIVER *** [6c 5c 4d 2h] [3s]
woah_bud: bets $6
Agrotait: calls $6
*** SHOW DOWN ***
woah_bud: shows [Kc 8c] (a straight, Deuce to Six)
Agrotait: shows [Qc 3c] (a straight, Deuce to Six)
woah_bud collected $35.75 from pot
Agrotait collected $35.75 from pot
*** SUMMARY ***
Total pot $72 | Rake $0.50
Board [6c 5c 4d 2h 3s]
Seat 2: woah_bud (big blind) showed [Kc 8c] and won ($35.75) with a straight, Deuce to Six
Seat 4: Agrotait (button) (small blind) showed [Qc 3c] and won ($35.75) with a straight, Deuce to Six


PokerStars Hand #176002944021:  Hold'em Limit ($3/$6 USD) - 2017/09/23 1:19:22 ET
Table 'Phryne' 6-max Seat #2 is the button
Seat 2: woah_bud ($72.43 in chips)
Seat 4: Agrotait ($111.51 in chips)
woah_bud: posts small blind $1
Agrotait: posts big blind $3
*** HOLE CARDS ***
woah_bud: raises $3 to $6
Agrotait: calls $3
*** FLOP *** [Ac 8d 4s]
Agrotait: checks
woah_bud: bets $3
Agrotait: folds
Uncalled bet ($3) returned to woah_bud
woah_bud collected $11.76 from pot
woah_bud: doesn't show hand
*** SUMMARY ***
Total pot $12 | Rake $0.24
Board [Ac 8d 4s]
Seat 2: woah_bud (button) (small blind) collected ($11.76)
Seat 4: Agrotait (big blind) folded on the Flop


PokerStars Hand #176002953073:  Hold'em Limit ($3/$6 USD) - 2017/09/23 1:19:57 ET
Table 'Phryne' 6-max Seat #4 is the button
Seat 2: woah_bud ($78.19 in chips)
Seat 4: Agrotait ($105.51 in chips)
Agrotait: posts small blind $1
woah_bud: posts big blind $3
*** HOLE CARDS ***
Agrotait: raises $3 to $6
woah_bud: raises $3 to $9
Agrotait: calls $3
*** FLOP *** [4s 6c 4h]
woah_bud: bets $3
Agrotait: calls $3
*** TURN *** [4s 6c 4h] [Js]
Brama Br joins the table at seat #6
woah_bud: bets $6
Agrotait: calls $6
*** RIVER *** [4s 6c 4h Js] [Qs]
woah_bud: checks
Agrotait: checks
*** SHOW DOWN ***
woah_bud: shows [Ad Kh] (a pair of Fours)
Agrotait: mucks hand
woah_bud collected $35.50 from pot
*** SUMMARY ***
Total pot $36 | Rake $0.50
Board [4s 6c 4h Js Qs]
Seat 2: woah_bud (big blind) showed [Ad Kh] and won ($35.50) with a pair of Fours
Seat 4: Agrotait (button) (small blind) mucked


PokerStars Hand #176002963685:  Hold'em Limit ($3/$6 USD) - 2017/09/23 1:20:36 ET
Table 'Phryne' 6-max Seat #2 is the button
Seat 2: woah_bud ($95.69 in chips)
Seat 4: Agrotait ($87.51 in chips)
woah_bud: posts small blind $1
Agrotait: posts big blind $3
*** HOLE CARDS ***
woah_bud: raises $3 to $6
Agrotait: calls $3
*** FLOP *** [4h 2h 7c]
Agrotait: checks
woah_bud: bets $3
Agrotait: calls $3
*** TURN *** [4h 2h 7c] [5s]
Agrotait: checks
woah_bud: checks
*** RIVER *** [4h 2h 7c 5s] [Kc]
Agrotait: bets $6
woah_bud: calls $6
*** SHOW DOWN ***
Agrotait: shows [Jh 5d] (a pair of Fives)
woah_bud: mucks hand
Agrotait collected $29.50 from pot
*** SUMMARY ***
Total pot $30 | Rake $0.50
Board [4h 2h 7c 5s Kc]
Seat 2: woah_bud (button) (small blind) mucked
Seat 4: Agrotait (big blind) showed [Jh 5d] and won ($29.50) with a pair of Fives


PokerStars Hand #176004106456:  Hold'em Limit ($3/$6 USD) - 2017/09/23 2:34:28 ET
Table 'Phryne' 6-max Seat #1 is the button
Seat 1: VolkovDmitri ($120 in chips)
Seat 6: Brama Br ($587.08 in chips)
VolkovDmitri: posts small blind $1
BunnyFizness: is sitting out
Brama Br: posts big blind $3
*** HOLE CARDS ***
BunnyFizness leaves the table
VolkovDmitri: raises $3 to $6
Brama Br: calls $3
*** FLOP *** [4d Kd Jd]
Brama Br: checks
VolkovDmitri: bets $3
Brama Br: folds
Uncalled bet ($3) returned to VolkovDmitri
VolkovDmitri collected $11.76 from pot
VolkovDmitri: doesn't show hand
*** SUMMARY ***
Total pot $12 | Rake $0.24
Board [4d Kd Jd]
Seat 1: VolkovDmitri (button) (small blind) collected ($11.76)
Seat 6: Brama Br (big blind) folded on the Flop


PokerStars Hand #176004114638:  Hold'em Limit ($3/$6 USD) - 2017/09/23 2:35:00 ET
Table 'Phryne' 6-max Seat #6 is the button
Seat 1: VolkovDmitri ($125.76 in chips)
Seat 6: Brama Br ($581.08 in chips)
Brama Br: posts small blind $1
VolkovDmitri: posts big blind $3
*** HOLE CARDS ***
Brama Br: raises $3 to $6
VolkovDmitri: calls $3
*** FLOP *** [6d 5d 7c]
VolkovDmitri: checks
Brama Br: bets $3
VolkovDmitri: raises $3 to $6
Brama Br: calls $3
*** TURN *** [6d 5d 7c] [Kc]
VolkovDmitri: bets $6
Brama Br: calls $6
*** RIVER *** [6d 5d 7c Kc] [3h]
VolkovDmitri: bets $6
Brama Br: calls $6
*** SHOW DOWN ***
VolkovDmitri: shows [Th 7s] (a pair of Sevens)
Brama Br: mucks hand
VolkovDmitri collected $47.50 from pot
*** SUMMARY ***
Total pot $48 | Rake $0.50
Board [6d 5d 7c Kc 3h]
Seat 1: VolkovDmitri (big blind) showed [Th 7s] and won ($47.50) with a pair of Sevens
Seat 6: Brama Br (button) (small blind) mucked


