PokerStars Hand #159717468829:  Hold'em Limit ($3/$6 USD) - 2016/10/09 19:42:22 ET
Table 'Phryne' 6-max Seat #3 is the button
Seat 3: cojo777 ($65.65 in chips)
Seat 6: mylifeluvsol ($29 in chips)
cojo777: posts small blind $1
mylifeluvsol: posts big blind $3
*** HOLE CARDS ***
cojo777: raises $3 to $6
mylifeluvsol: calls $3
*** FLOP *** [4c Kh 5c]
mylifeluvsol: checks
LolDnkaments joins the table at seat #1
cojo777: bets $3
mylifeluvsol: folds
Uncalled bet ($3) returned to cojo777
cojo777 collected $11.76 from pot
cojo777: doesn't show hand
*** SUMMARY ***
Total pot $12 | Rake $0.24
Board [4c Kh 5c]
Seat 3: cojo777 (button) (small blind) collected ($11.76)
Seat 6: mylifeluvsol (big blind) folded on the Flop


PokerStars Hand #159717915812:  Hold'em Limit ($3/$6 USD) - 2016/10/09 19:56:44 ET
Table 'Phryne' 6-max Seat #4 is the button
Seat 2: smellyrat777 ($97.25 in chips)
Seat 4: RaisemyNut$ ($158.11 in chips)
RaisemyNut$: posts small blind $1
smellyrat777: posts big blind $3
*** HOLE CARDS ***
LolDnkaments leaves the table
RaisemyNut$: folds
Uncalled bet ($2) returned to smellyrat777
smellyrat777 collected $2 from pot
smellyrat777: doesn't show hand
*** SUMMARY ***
Total pot $2 | Rake $0
Seat 2: smellyrat777 (big blind) collected ($2)
Seat 4: RaisemyNut$ (button) (small blind) folded before Flop


PokerStars Hand #159717919572:  Hold'em Limit ($3/$6 USD) - 2016/10/09 19:56:53 ET
Table 'Phryne' 6-max Seat #2 is the button
Seat 2: smellyrat777 ($98.25 in chips)
Seat 4: RaisemyNut$ ($157.11 in chips)
smellyrat777: posts small blind $1
RaisemyNut$: posts big blind $3
*** HOLE CARDS ***
smellyrat777: folds
Uncalled bet ($2) returned to RaisemyNut$
RaisemyNut$ collected $2 from pot
RaisemyNut$: doesn't show hand
*** SUMMARY ***
Total pot $2 | Rake $0
Seat 2: smellyrat777 (button) (small blind) folded before Flop
Seat 4: RaisemyNut$ (big blind) collected ($2)


PokerStars Hand #159717942526:  Hold'em Limit ($3/$6 USD) - 2016/10/09 19:57:49 ET
Table 'Phryne' 6-max Seat #4 is the button
Seat 4: RaisemyNut$ ($158.11 in chips)
Seat 6: mylifeluvsol ($86.82 in chips)
RaisemyNut$: posts small blind $1
mylifeluvsol: posts big blind $3
*** HOLE CARDS ***
RaisemyNut$: folds
Uncalled bet ($2) returned to mylifeluvsol
mylifeluvsol collected $2 from pot
mylifeluvsol: doesn't show hand
*** SUMMARY ***
Total pot $2 | Rake $0
Seat 4: RaisemyNut$ (button) (small blind) folded before Flop
Seat 6: mylifeluvsol (big blind) collected ($2)


PokerStars Hand #159717950210:  Hold'em Limit ($3/$6 USD) - 2016/10/09 19:58:08 ET
Table 'Phryne' 6-max Seat #4 is the button
Seat 4: RaisemyNut$ ($154.11 in chips)
Seat 6: mylifeluvsol ($90.82 in chips)
RaisemyNut$: posts small blind $1
mylifeluvsol: posts big blind $3
*** HOLE CARDS ***
RaisemyNut$: raises $3 to $6
mylifeluvsol: folds
Uncalled bet ($3) returned to RaisemyNut$
RaisemyNut$ collected $6 from pot
RaisemyNut$: doesn't show hand
*** SUMMARY ***
Total pot $6 | Rake $0
Seat 4: RaisemyNut$ (button) (small blind) collected ($6)
Seat 6: mylifeluvsol (big blind) folded before Flop


PokerStars Hand #159717947390:  Hold'em Limit ($3/$6 USD) - 2016/10/09 19:58:01 ET
Table 'Phryne' 6-max Seat #6 is the button
Seat 4: RaisemyNut$ ($157.11 in chips)
Seat 6: mylifeluvsol ($87.82 in chips)
mylifeluvsol: posts small blind $1
RaisemyNut$: posts big blind $3
*** HOLE CARDS ***
mylifeluvsol: raises $3 to $6
RaisemyNut$: folds
Uncalled bet ($3) returned to mylifeluvsol
mylifeluvsol collected $6 from pot
mylifeluvsol: doesn't show hand
*** SUMMARY ***
Total pot $6 | Rake $0
Seat 4: RaisemyNut$ (big blind) folded before Flop
Seat 6: mylifeluvsol (button) (small blind) collected ($6)


