PokerStars Hand #155645289891:  Hold'em Limit ($3/$6 USD) - 2016/07/06 15:21:37 ET
Table 'Phryne' 6-max Seat #5 is the button
Seat 5: poker111141 ($24 in chips)
Seat 6: kolaz03 ($77.76 in chips)
poker111141: posts small blind $1
kolaz03: posts big blind $3
*** HOLE CARDS ***
poker111141: folds
Uncalled bet ($2) returned to kolaz03
kolaz03 collected $2 from pot
kolaz03: doesn't show hand
*** SUMMARY ***
Total pot $2 | Rake $0
Seat 5: poker111141 (button) (small blind) folded before Flop
Seat 6: kolaz03 (big blind) collected ($2)


PokerStars Hand #155645293765:  Hold'em Limit ($3/$6 USD) - 2016/07/06 15:21:43 ET
Table 'Phryne' 6-max Seat #6 is the button
Seat 5: poker111141 ($23 in chips)
Seat 6: kolaz03 ($78.76 in chips)
kolaz03: posts small blind $1
poker111141: posts big blind $3
*** HOLE CARDS ***
kolaz03: raises $3 to $6
poker111141: raises $3 to $9
kolaz03: raises $3 to $12
Betting is capped
poker111141: calls $3
*** FLOP *** [Qc 6c 7d]
poker111141: checks
kolaz03: bets $3
poker111141: raises $3 to $6
kolaz03: raises $3 to $9
poker111141: raises $2 to $11 and is all-in
Betting is capped
kolaz03: calls $2
*** TURN *** [Qc 6c 7d] [9h]
*** RIVER *** [Qc 6c 7d 9h] [Ts]
*** SHOW DOWN ***
poker111141: shows [Kc Qh] (a pair of Queens)
kolaz03: shows [4c 4h] (a pair of Fours)
poker111141 collected $45.50 from pot
*** SUMMARY ***
Total pot $46 | Rake $0.50
Board [Qc 6c 7d 9h Ts]
Seat 5: poker111141 (big blind) showed [Kc Qh] and won ($45.50) with a pair of Queens
Seat 6: kolaz03 (button) (small blind) showed [4c 4h] and lost with a pair of Fours


PokerStars Hand #155645314981:  Hold'em Limit ($3/$6 USD) - 2016/07/06 15:22:13 ET
Table 'Phryne' 6-max Seat #5 is the button
Seat 5: poker111141 ($45.50 in chips)
Seat 6: kolaz03 ($72 in chips)
poker111141: posts small blind $1
kolaz03: posts big blind $3
*** HOLE CARDS ***
poker111141: folds
Uncalled bet ($2) returned to kolaz03
kolaz03 collected $2 from pot
kolaz03: doesn't show hand
*** SUMMARY ***
Total pot $2 | Rake $0
Seat 5: poker111141 (button) (small blind) folded before Flop
Seat 6: kolaz03 (big blind) collected ($2)


PokerStars Hand #155645320994:  Hold'em Limit ($3/$6 USD) - 2016/07/06 15:22:23 ET
Table 'Phryne' 6-max Seat #6 is the button
Seat 5: poker111141 ($44.50 in chips)
Seat 6: kolaz03 ($73 in chips)
kolaz03: posts small blind $1
poker111141: posts big blind $3
*** HOLE CARDS ***
Paulllchen joins the table at seat #3
kolaz03: raises $3 to $6
poker111141: raises $3 to $9
kolaz03: calls $3
*** FLOP *** [8s 8c Td]
poker111141: bets $3
kolaz03: calls $3
*** TURN *** [8s 8c Td] [8h]
poker111141: bets $6
kolaz03: calls $6
*** RIVER *** [8s 8c Td 8h] [Th]
poker111141: checks
kolaz03: checks
*** SHOW DOWN ***
poker111141: shows [Kh Qc] (a full house, Eights full of Tens)
kolaz03: shows [4c 4s] (a full house, Eights full of Tens)
poker111141 collected $17.75 from pot
kolaz03 collected $17.75 from pot
*** SUMMARY ***
Total pot $36 | Rake $0.50
Board [8s 8c Td 8h Th]
Seat 5: poker111141 (big blind) showed [Kh Qc] and won ($17.75) with a full house, Eights full of Tens
Seat 6: kolaz03 (button) (small blind) showed [4c 4s] and won ($17.75) with a full house, Eights full of Tens


PokerStars Hand #155645342058:  Hold'em Limit ($3/$6 USD) - 2016/07/06 15:22:53 ET
Table 'Phryne' 6-max Seat #5 is the button
Seat 5: poker111141 ($44.25 in chips)
Seat 6: kolaz03 ($72.75 in chips)
poker111141: posts small blind $1
kolaz03: posts big blind $3
*** HOLE CARDS ***
poker111141: raises $3 to $6
kolaz03: calls $3
*** FLOP *** [2h Ts Ks]
kolaz03: checks
poker111141: bets $3
Koraseg joins the table at seat #4
kolaz03: folds
Uncalled bet ($3) returned to poker111141
poker111141 collected $11.76 from pot
poker111141: doesn't show hand
*** SUMMARY ***
Total pot $12 | Rake $0.24
Board [2h Ts Ks]
Seat 5: poker111141 (button) (small blind) collected ($11.76)
Seat 6: kolaz03 (big blind) folded on the Flop


PokerStars Hand #155645698737:  Hold'em Limit ($3/$6 USD) - 2016/07/06 15:31:18 ET
Table 'Phryne' 6-max Seat #6 is the button
Seat 5: poker111141 ($57.34 in chips)
Seat 6: kolaz03 ($88.50 in chips)
kolaz03: posts small blind $1
poker111141: posts big blind $3
*** HOLE CARDS ***
kolaz03: folds
Uncalled bet ($2) returned to poker111141
poker111141 collected $2 from pot
poker111141: doesn't show hand
*** SUMMARY ***
Total pot $2 | Rake $0
Seat 5: poker111141 (big blind) collected ($2)
Seat 6: kolaz03 (button) (small blind) folded before Flop


PokerStars Hand #155645694844:  Hold'em Limit ($3/$6 USD) - 2016/07/06 15:31:13 ET
Table 'Phryne' 6-max Seat #5 is the button
Seat 5: poker111141 ($58.34 in chips)
Seat 6: kolaz03 ($87.50 in chips)
poker111141: posts small blind $1
kolaz03: posts big blind $3
*** HOLE CARDS ***
poker111141: folds
Uncalled bet ($2) returned to kolaz03
kolaz03 collected $2 from pot
kolaz03: doesn't show hand
*** SUMMARY ***
Total pot $2 | Rake $0
Seat 5: poker111141 (button) (small blind) folded before Flop
Seat 6: kolaz03 (big blind) collected ($2)


PokerStars Hand #155645684156:  Hold'em Limit ($3/$6 USD) - 2016/07/06 15:30:58 ET
Table 'Phryne' 6-max Seat #6 is the button
Seat 5: poker111141 ($73.34 in chips)
Seat 6: kolaz03 ($73 in chips)
kolaz03: posts small blind $1
poker111141: posts big blind $3
*** HOLE CARDS ***
kolaz03: raises $3 to $6
poker111141: calls $3
*** FLOP *** [Tc Kh 4h]
poker111141: checks
kolaz03: bets $3
poker111141: calls $3
*** TURN *** [Tc Kh 4h] [5c]
poker111141: checks
kolaz03: bets $6
poker111141: calls $6
*** RIVER *** [Tc Kh 4h 5c] [Jc]
poker111141: checks
kolaz03: checks
*** SHOW DOWN ***
poker111141: shows [3s Ac] (high card Ace)
kolaz03: shows [6h Ad] (high card Ace - King+Jack+Ten+Six kicker)
kolaz03 collected $29.50 from pot
*** SUMMARY ***
Total pot $30 | Rake $0.50
Board [Tc Kh 4h 5c Jc]
Seat 5: poker111141 (big blind) showed [3s Ac] and lost with high card Ace
Seat 6: kolaz03 (button) (small blind) showed [6h Ad] and won ($29.50) with high card Ace


PokerStars Hand #155645680484:  Hold'em Limit ($3/$6 USD) - 2016/07/06 15:30:52 ET
Table 'Phryne' 6-max Seat #5 is the button
Seat 5: poker111141 ($74.34 in chips)
Seat 6: kolaz03 ($72 in chips)
poker111141: posts small blind $1
kolaz03: posts big blind $3
*** HOLE CARDS ***
poker111141: folds
Uncalled bet ($2) returned to kolaz03
kolaz03 collected $2 from pot
kolaz03: doesn't show hand
*** SUMMARY ***
Total pot $2 | Rake $0
Seat 5: poker111141 (button) (small blind) folded before Flop
Seat 6: kolaz03 (big blind) collected ($2)


PokerStars Hand #155645661185:  Hold'em Limit ($3/$6 USD) - 2016/07/06 15:30:24 ET
Table 'Phryne' 6-max Seat #6 is the button
Seat 5: poker111141 ($65.70 in chips)
Seat 6: kolaz03 ($72 in chips)
kolaz03: posts small blind $1
Koraseg: is sitting out
poker111141: posts big blind $3
*** HOLE CARDS ***
Koraseg leaves the table
kolaz03: raises $3 to $6
poker111141: calls $3
*** FLOP *** [Kc Qh 3d]
poker111141: checks
kolaz03: bets $3
poker111141: calls $3
*** TURN *** [Kc Qh 3d] [Ks]
poker111141: checks
Paulllchen leaves the table
kolaz03: checks
*** RIVER *** [Kc Qh 3d Ks] [7h]
poker111141: bets $6
kolaz03: folds
Uncalled bet ($6) returned to poker111141
poker111141 collected $17.64 from pot
poker111141: doesn't show hand
*** SUMMARY ***
Total pot $18 | Rake $0.36
Board [Kc Qh 3d Ks 7h]
Seat 5: poker111141 (big blind) collected ($17.64)
Seat 6: kolaz03 (button) (small blind) folded on the River


PokerStars Hand #155645701629:  Hold'em Limit ($3/$6 USD) - 2016/07/06 15:31:23 ET
Table 'Phryne' 6-max Seat #5 is the button
Seat 5: poker111141 ($58.34 in chips)
Seat 6: kolaz03 ($87.50 in chips)
poker111141: posts small blind $1
kolaz03: posts big blind $3
*** HOLE CARDS ***
poker111141: raises $3 to $6
kolaz03: calls $3
*** FLOP *** [5c 8s Qh]
kolaz03: checks
poker111141: checks
*** TURN *** [5c 8s Qh] [Tc]
kolaz03: checks
poker111141: bets $6
kolaz03: folds
Uncalled bet ($6) returned to poker111141
poker111141 collected $11.76 from pot
poker111141: doesn't show hand
*** SUMMARY ***
Total pot $12 | Rake $0.24
Board [5c 8s Qh Tc]
Seat 5: poker111141 (button) (small blind) collected ($11.76)
Seat 6: kolaz03 (big blind) folded on the Turn


PokerStars Hand #155645729655:  Hold'em Limit ($3/$6 USD) - 2016/07/06 15:32:03 ET
Table 'Phryne' 6-max Seat #5 is the button
Seat 5: poker111141 ($102.60 in chips)
Seat 6: kolaz03 ($72 in chips)
poker111141: posts small blind $1
kolaz03: posts big blind $3
*** HOLE CARDS ***
poker111141: raises $3 to $6
kolaz03: raises $3 to $9
poker111141: raises $3 to $12
Betting is capped
kolaz03: calls $3
*** FLOP *** [9h 5d 5s]
kolaz03: checks
poker111141: bets $3
kolaz03: raises $3 to $6
poker111141: calls $3
*** TURN *** [9h 5d 5s] [Jd]
kolaz03: bets $6
poker111141: calls $6
*** RIVER *** [9h 5d 5s Jd] [7h]
kolaz03: bets $6
poker111141: calls $6
*** SHOW DOWN ***
kolaz03: shows [9s 9c] (a full house, Nines full of Fives)
poker111141: mucks hand
kolaz03 collected $59.50 from pot
*** SUMMARY ***
Total pot $60 | Rake $0.50
Board [9h 5d 5s Jd 7h]
Seat 5: poker111141 (button) (small blind) mucked
Seat 6: kolaz03 (big blind) showed [9s 9c] and won ($59.50) with a full house, Nines full of Fives


PokerStars Hand #155645710174:  Hold'em Limit ($3/$6 USD) - 2016/07/06 15:31:35 ET
Table 'Phryne' 6-max Seat #6 is the button
Seat 5: poker111141 ($64.10 in chips)
Seat 6: kolaz03 ($81.50 in chips)
kolaz03: posts small blind $1
poker111141: posts big blind $3
*** HOLE CARDS ***
kolaz03: raises $3 to $6
poker111141: calls $3
*** FLOP *** [3s Tc 5c]
poker111141: checks
kolaz03: bets $3
poker111141: calls $3
*** TURN *** [3s Tc 5c] [Kh]
poker111141: checks
kolaz03: bets $6
poker111141: raises $6 to $12
kolaz03: raises $6 to $18
poker111141: raises $6 to $24
Betting is capped
kolaz03: calls $6
*** RIVER *** [3s Tc 5c Kh] [8s]
poker111141: bets $6
kolaz03: calls $6
*** SHOW DOWN ***
poker111141: shows [Th 5s] (two pair, Tens and Fives)
kolaz03: mucks hand
poker111141 collected $77.50 from pot
*** SUMMARY ***
Total pot $78 | Rake $0.50
Board [3s Tc 5c Kh 8s]
Seat 5: poker111141 (big blind) showed [Th 5s] and won ($77.50) with two pair, Tens and Fives
Seat 6: kolaz03 (button) (small blind) mucked


PokerStars Hand #155645749576:  Hold'em Limit ($3/$6 USD) - 2016/07/06 15:32:32 ET
Table 'Phryne' 6-max Seat #5 is the button
Seat 5: poker111141 ($73.60 in chips)
Seat 6: kolaz03 ($100.50 in chips)
poker111141: posts small blind $1
kolaz03: posts big blind $3
*** HOLE CARDS ***
poker111141: folds
Uncalled bet ($2) returned to kolaz03
kolaz03 collected $2 from pot
kolaz03: doesn't show hand
*** SUMMARY ***
Total pot $2 | Rake $0
Seat 5: poker111141 (button) (small blind) folded before Flop
Seat 6: kolaz03 (big blind) collected ($2)


PokerStars Hand #155645745406:  Hold'em Limit ($3/$6 USD) - 2016/07/06 15:32:26 ET
Table 'Phryne' 6-max Seat #6 is the button
Seat 5: poker111141 ($72.60 in chips)
Seat 6: kolaz03 ($101.50 in chips)
kolaz03: posts small blind $1
poker111141: posts big blind $3
*** HOLE CARDS ***
kolaz03: folds
Uncalled bet ($2) returned to poker111141
poker111141 collected $2 from pot
poker111141: doesn't show hand
*** SUMMARY ***
Total pot $2 | Rake $0
Seat 5: poker111141 (big blind) collected ($2)
Seat 6: kolaz03 (button) (small blind) folded before Flop


PokerStars Hand #155645763392:  Hold'em Limit ($3/$6 USD) - 2016/07/06 15:32:52 ET
Table 'Phryne' 6-max Seat #6 is the button
Seat 5: poker111141 ($76.60 in chips)
Seat 6: kolaz03 ($97.50 in chips)
kolaz03: posts small blind $1
poker111141: posts big blind $3
*** HOLE CARDS ***
kolaz03: raises $3 to $6
poker111141: calls $3
*** FLOP *** [8d 7d 7s]
poker111141: checks
kolaz03: bets $3
poker111141: calls $3
*** TURN *** [8d 7d 7s] [8s]
poker111141: checks
kolaz03: bets $6
poker111141: folds
Uncalled bet ($6) returned to kolaz03
kolaz03 collected $17.64 from pot
kolaz03: doesn't show hand
*** SUMMARY ***
Total pot $18 | Rake $0.36
Board [8d 7d 7s 8s]
Seat 5: poker111141 (big blind) folded on the Turn
Seat 6: kolaz03 (button) (small blind) collected ($17.64)


PokerStars Hand #155645757551:  Hold'em Limit ($3/$6 USD) - 2016/07/06 15:32:44 ET
Table 'Phryne' 6-max Seat #5 is the button
Seat 5: poker111141 ($73.60 in chips)
Seat 6: kolaz03 ($100.50 in chips)
poker111141: posts small blind $1
kolaz03: posts big blind $3
*** HOLE CARDS ***
poker111141: raises $3 to $6
kolaz03: folds
Uncalled bet ($3) returned to poker111141
poker111141 collected $6 from pot
poker111141: doesn't show hand
*** SUMMARY ***
Total pot $6 | Rake $0
Seat 5: poker111141 (button) (small blind) collected ($6)
Seat 6: kolaz03 (big blind) folded before Flop


PokerStars Hand #155645753084:  Hold'em Limit ($3/$6 USD) - 2016/07/06 15:32:37 ET
Table 'Phryne' 6-max Seat #6 is the button
Seat 5: poker111141 ($72.60 in chips)
Seat 6: kolaz03 ($101.50 in chips)
kolaz03: posts small blind $1
poker111141: posts big blind $3
*** HOLE CARDS ***
kolaz03: folds
Uncalled bet ($2) returned to poker111141
poker111141 collected $2 from pot
poker111141: doesn't show hand
*** SUMMARY ***
Total pot $2 | Rake $0
Seat 5: poker111141 (big blind) collected ($2)
Seat 6: kolaz03 (button) (small blind) folded before Flop


PokerStars Hand #155645778362:  Hold'em Limit ($3/$6 USD) - 2016/07/06 15:33:14 ET
Table 'Phryne' 6-max Seat #5 is the button
Seat 5: poker111141 ($67.60 in chips)
Seat 6: kolaz03 ($106.14 in chips)
poker111141: posts small blind $1
kolaz03: posts big blind $3
*** HOLE CARDS ***
poker111141: raises $3 to $6
kolaz03: calls $3
*** FLOP *** [2d 8h 7s]
kolaz03: checks
poker111141: bets $3
kolaz03: calls $3
*** TURN *** [2d 8h 7s] [5c]
kolaz03: checks
poker111141: bets $6
kolaz03: calls $6
*** RIVER *** [2d 8h 7s 5c] [8c]
kolaz03: checks
poker111141: bets $6
kolaz03: calls $6
*** SHOW DOWN ***
poker111141: shows [Jc Js] (two pair, Jacks and Eights)
kolaz03: mucks hand
poker111141 collected $41.50 from pot
*** SUMMARY ***
Total pot $42 | Rake $0.50
Board [2d 8h 7s 5c 8c]
Seat 5: poker111141 (button) (small blind) showed [Jc Js] and won ($41.50) with two pair, Jacks and Eights
Seat 6: kolaz03 (big blind) mucked


PokerStars Hand #155645809585:  Hold'em Limit ($3/$6 USD) - 2016/07/06 15:33:59 ET
Table 'Phryne' 6-max Seat #5 is the button
Seat 5: poker111141 ($111.60 in chips)
Seat 6: kolaz03 ($72 in chips)
poker111141: posts small blind $1
kolaz03: posts big blind $3
*** HOLE CARDS ***
poker111141: calls $2
kolaz03: checks
*** FLOP *** [8h Ts 2h]
kolaz03: bets $3
poker111141: calls $3
*** TURN *** [8h Ts 2h] [3d]
kolaz03: bets $6
poker111141: calls $6
*** RIVER *** [8h Ts 2h 3d] [Kd]
kolaz03: bets $6
poker111141: folds
Uncalled bet ($6) returned to kolaz03
kolaz03 collected $23.52 from pot
kolaz03: doesn't show hand
*** SUMMARY ***
Total pot $24 | Rake $0.48
Board [8h Ts 2h 3d Kd]
Seat 5: poker111141 (button) (small blind) folded on the River
Seat 6: kolaz03 (big blind) collected ($23.52)


PokerStars Hand #155645790925:  Hold'em Limit ($3/$6 USD) - 2016/07/06 15:33:32 ET
Table 'Phryne' 6-max Seat #6 is the button
Seat 5: poker111141 ($88.10 in chips)
Seat 6: kolaz03 ($85.14 in chips)
kolaz03: posts small blind $1
poker111141: posts big blind $3
*** HOLE CARDS ***
kolaz03: raises $3 to $6
poker111141: raises $3 to $9
kolaz03: calls $3
*** FLOP *** [9h 7d 7s]
poker111141: bets $3
kolaz03: calls $3
*** TURN *** [9h 7d 7s] [Qd]
poker111141: bets $6
kolaz03: calls $6
*** RIVER *** [9h 7d 7s Qd] [5d]
poker111141: bets $6
kolaz03: calls $6
*** SHOW DOWN ***
poker111141: shows [Qh Td] (two pair, Queens and Sevens)
kolaz03: mucks hand
poker111141 collected $47.50 from pot
*** SUMMARY ***
Total pot $48 | Rake $0.50
Board [9h 7d 7s Qd 5d]
Seat 5: poker111141 (big blind) showed [Qh Td] and won ($47.50) with two pair, Queens and Sevens
Seat 6: kolaz03 (button) (small blind) mucked


PokerStars Hand #155645827798:  Hold'em Limit ($3/$6 USD) - 2016/07/06 15:34:25 ET
Table 'Phryne' 6-max Seat #6 is the button
Seat 5: poker111141 ($99.60 in chips)
Seat 6: kolaz03 ($83.52 in chips)
kolaz03: posts small blind $1
poker111141: posts big blind $3
*** HOLE CARDS ***
kolaz03: raises $3 to $6
poker111141: calls $3
*** FLOP *** [Kd 5h Qc]
poker111141: checks
kolaz03: bets $3
poker111141: calls $3
*** TURN *** [Kd 5h Qc] [3d]
poker111141: checks
kolaz03: bets $6
poker111141: calls $6
*** RIVER *** [Kd 5h Qc 3d] [Jd]
poker111141: checks
kolaz03: bets $6
poker111141: folds
Uncalled bet ($6) returned to kolaz03
kolaz03 collected $29.50 from pot
kolaz03: doesn't show hand
*** SUMMARY ***
Total pot $30 | Rake $0.50
Board [Kd 5h Qc 3d Jd]
Seat 5: poker111141 (big blind) folded on the River
Seat 6: kolaz03 (button) (small blind) collected ($29.50)


PokerStars Hand #155645854422:  Hold'em Limit ($3/$6 USD) - 2016/07/06 15:35:03 ET
Table 'Phryne' 6-max Seat #6 is the button
Seat 5: poker111141 ($75.60 in chips)
Seat 6: kolaz03 ($106.66 in chips)
kolaz03: posts small blind $1
poker111141: posts big blind $3
*** HOLE CARDS ***
kolaz03: raises $3 to $6
poker111141: calls $3
*** FLOP *** [Th 5c Td]
poker111141: checks
kolaz03: bets $3
poker111141: raises $3 to $6
kolaz03: calls $3
*** TURN *** [Th 5c Td] [3c]
poker111141: bets $6
kolaz03: calls $6
*** RIVER *** [Th 5c Td 3c] [7h]
poker111141: bets $6
kolaz03: calls $6
*** SHOW DOWN ***
poker111141: shows [5d 9c] (two pair, Tens and Fives)
kolaz03: mucks hand
poker111141 collected $47.50 from pot
*** SUMMARY ***
Total pot $48 | Rake $0.50
Board [Th 5c Td 3c 7h]
Seat 5: poker111141 (big blind) showed [5d 9c] and won ($47.50) with two pair, Tens and Fives
Seat 6: kolaz03 (button) (small blind) mucked


PokerStars Hand #155645844319:  Hold'em Limit ($3/$6 USD) - 2016/07/06 15:34:48 ET
Table 'Phryne' 6-max Seat #5 is the button
Seat 5: poker111141 ($84.60 in chips)
Seat 6: kolaz03 ($98.02 in chips)
poker111141: posts small blind $1
kolaz03: posts big blind $3
*** HOLE CARDS ***
poker111141: raises $3 to $6
kolaz03: calls $3
*** FLOP *** [7d Ad 5d]
kolaz03: checks
poker111141: bets $3
kolaz03: raises $3 to $6
poker111141: folds
Uncalled bet ($3) returned to kolaz03
kolaz03 collected $17.64 from pot
kolaz03: doesn't show hand
*** SUMMARY ***
Total pot $18 | Rake $0.36
Board [7d Ad 5d]
Seat 5: poker111141 (button) (small blind) folded on the Flop
Seat 6: kolaz03 (big blind) collected ($17.64)


PokerStars Hand #155645910662:  Hold'em Limit ($3/$6 USD) - 2016/07/06 15:36:23 ET
Table 'Phryne' 6-max Seat #5 is the button
Seat 5: poker111141 ($81.10 in chips)
Seat 6: kolaz03 ($99.94 in chips)
poker111141: posts small blind $1
kolaz03: posts big blind $3
*** HOLE CARDS ***
poker111141: raises $3 to $6
kolaz03: raises $3 to $9
poker111141: calls $3
*** FLOP *** [Ks 4c 2s]
kolaz03: bets $3
poker111141: calls $3
*** TURN *** [Ks 4c 2s] [3c]
kolaz03: bets $6
poker111141: folds
Uncalled bet ($6) returned to kolaz03
kolaz03 collected $23.52 from pot
kolaz03: doesn't show hand
*** SUMMARY ***
Total pot $24 | Rake $0.48
Board [Ks 4c 2s 3c]
Seat 5: poker111141 (button) (small blind) folded on the Turn
Seat 6: kolaz03 (big blind) collected ($23.52)


PokerStars Hand #155645894909:  Hold'em Limit ($3/$6 USD) - 2016/07/06 15:36:01 ET
Table 'Phryne' 6-max Seat #6 is the button
Seat 5: poker111141 ($87.10 in chips)
Seat 6: kolaz03 ($94.18 in chips)
kolaz03: posts small blind $1
poker111141: posts big blind $3
*** HOLE CARDS ***
kolaz03: raises $3 to $6
poker111141: calls $3
*** FLOP *** [Ks 6d 5d]
poker111141: checks
samurai.ru leaves the table
kolaz03: bets $3
poker111141: folds
Uncalled bet ($3) returned to kolaz03
kolaz03 collected $11.76 from pot
kolaz03: doesn't show hand
*** SUMMARY ***
Total pot $12 | Rake $0.24
Board [Ks 6d 5d]
Seat 5: poker111141 (big blind) folded on the Flop
Seat 6: kolaz03 (button) (small blind) collected ($11.76)


PokerStars Hand #155645871786:  Hold'em Limit ($3/$6 USD) - 2016/07/06 15:35:28 ET
Table 'Phryne' 6-max Seat #5 is the button
Seat 5: poker111141 ($99.10 in chips)
Seat 6: kolaz03 ($82.66 in chips)
poker111141: posts small blind $1
kolaz03: posts big blind $3
*** HOLE CARDS ***
poker111141: raises $3 to $6
kolaz03: calls $3
*** FLOP *** [Ac 9c 3d]
kolaz03: checks
poker111141: checks
*** TURN *** [Ac 9c 3d] [Jh]
kolaz03: checks
poker111141: bets $6
kolaz03: calls $6
*** RIVER *** [Ac 9c 3d Jh] [6h]
kolaz03: checks
poker111141: checks
*** SHOW DOWN ***
kolaz03: shows [9h 5s] (a pair of Nines)
poker111141: mucks hand
kolaz03 collected $23.52 from pot
*** SUMMARY ***
Total pot $24 | Rake $0.48
Board [Ac 9c 3d Jh 6h]
Seat 5: poker111141 (button) (small blind) mucked
Seat 6: kolaz03 (big blind) showed [9h 5s] and won ($23.52) with a pair of Nines


PokerStars Hand #155645959189:  Hold'em Limit ($3/$6 USD) - 2016/07/06 15:37:33 ET
Table 'Phryne' 6-max Seat #5 is the button
Seat 5: poker111141 ($87.60 in chips)
Seat 6: kolaz03 ($92.46 in chips)
poker111141: posts small blind $1
kolaz03: posts big blind $3
*** HOLE CARDS ***
poker111141: folds
Uncalled bet ($2) returned to kolaz03
kolaz03 collected $2 from pot
kolaz03: doesn't show hand
*** SUMMARY ***
Total pot $2 | Rake $0
Seat 5: poker111141 (button) (small blind) folded before Flop
Seat 6: kolaz03 (big blind) collected ($2)


PokerStars Hand #155645952985:  Hold'em Limit ($3/$6 USD) - 2016/07/06 15:37:24 ET
Table 'Phryne' 6-max Seat #6 is the button
Seat 5: poker111141 ($86.60 in chips)
Seat 6: kolaz03 ($93.46 in chips)
kolaz03: posts small blind $1
poker111141: posts big blind $3
*** HOLE CARDS ***
kolaz03: folds
Uncalled bet ($2) returned to poker111141
poker111141 collected $2 from pot
poker111141: doesn't show hand
*** SUMMARY ***
Total pot $2 | Rake $0
Seat 5: poker111141 (big blind) collected ($2)
Seat 6: kolaz03 (button) (small blind) folded before Flop


PokerStars Hand #155645946299:  Hold'em Limit ($3/$6 USD) - 2016/07/06 15:37:14 ET
Table 'Phryne' 6-max Seat #5 is the button
Seat 5: poker111141 ($83.60 in chips)
Seat 6: kolaz03 ($96.46 in chips)
poker111141: posts small blind $1
kolaz03: posts big blind $3
*** HOLE CARDS ***
poker111141: raises $3 to $6
kolaz03: folds
Uncalled bet ($3) returned to poker111141
poker111141 collected $6 from pot
poker111141: doesn't show hand
*** SUMMARY ***
Total pot $6 | Rake $0
Seat 5: poker111141 (button) (small blind) collected ($6)
Seat 6: kolaz03 (big blind) folded before Flop


PokerStars Hand #155645920479:  Hold'em Limit ($3/$6 USD) - 2016/07/06 15:36:37 ET
Table 'Phryne' 6-max Seat #6 is the button
Seat 5: poker111141 ($69.10 in chips)
Seat 6: kolaz03 ($111.46 in chips)
kolaz03: posts small blind $1
poker111141: posts big blind $3
*** HOLE CARDS ***
kolaz03: raises $3 to $6
poker111141: calls $3
*** FLOP *** [4s 2c Qd]
poker111141: checks
kolaz03: bets $3
poker111141: calls $3
*** TURN *** [4s 2c Qd] [Qh]
poker111141: checks
kolaz03: bets $6
poker111141: calls $6
*** RIVER *** [4s 2c Qd Qh] [3h]
poker111141: checks
kolaz03: checks
*** SHOW DOWN ***
poker111141: shows [Jc Ts] (a pair of Queens)
kolaz03: mucks hand
poker111141 collected $29.50 from pot
*** SUMMARY ***
Total pot $30 | Rake $0.50
Board [4s 2c Qd Qh 3h]
Seat 5: poker111141 (big blind) showed [Jc Ts] and won ($29.50) with a pair of Queens
Seat 6: kolaz03 (button) (small blind) mucked


PokerStars Hand #155645962775:  Hold'em Limit ($3/$6 USD) - 2016/07/06 15:37:38 ET
Table 'Phryne' 6-max Seat #6 is the button
Seat 5: poker111141 ($86.60 in chips)
Seat 6: kolaz03 ($93.46 in chips)
kolaz03: posts small blind $1
poker111141: posts big blind $3
*** HOLE CARDS ***
kolaz03: raises $3 to $6
Murrrr_@T joins the table at seat #1
poker111141: calls $3
*** FLOP *** [Ah 2d 9c]
poker111141: checks
kolaz03: bets $3
poker111141: calls $3
*** TURN *** [Ah 2d 9c] [6s]
poker111141: checks
kolaz03: checks
*** RIVER *** [Ah 2d 9c 6s] [6d]
poker111141: bets $6
kolaz03: calls $6
*** SHOW DOWN ***
poker111141: shows [3c As] (two pair, Aces and Sixes)
kolaz03: mucks hand
poker111141 collected $29.50 from pot
*** SUMMARY ***
Total pot $30 | Rake $0.50
Board [Ah 2d 9c 6s 6d]
Seat 5: poker111141 (big blind) showed [3c As] and won ($29.50) with two pair, Aces and Sixes
Seat 6: kolaz03 (button) (small blind) mucked


PokerStars Hand #155645998653:  Hold'em Limit ($3/$6 USD) - 2016/07/06 15:38:30 ET
Table 'Phryne' 6-max Seat #5 is the button
Seat 5: poker111141 ($101.10 in chips)
Seat 6: kolaz03 ($78.46 in chips)
poker111141: posts small blind $1
kolaz03: posts big blind $3
*** HOLE CARDS ***
poker111141: raises $3 to $6
kolaz03: calls $3
*** FLOP *** [Td 8h Th]
kolaz03: checks
poker111141: bets $3
kolaz03: folds
Uncalled bet ($3) returned to poker111141
poker111141 collected $11.76 from pot
poker111141: doesn't show hand
*** SUMMARY ***
Total pot $12 | Rake $0.24
Board [Td 8h Th]
Seat 5: poker111141 (button) (small blind) collected ($11.76)
Seat 6: kolaz03 (big blind) folded on the Flop


PokerStars Hand #155647609764:  Hold'em Limit ($3/$6 USD) - 2016/07/06 16:16:50 ET
Table 'Phryne' 6-max Seat #4 is the button
Seat 1: Murrrr_@T ($110.50 in chips)
Seat 4: BuzovaPro ($145.32 in chips)
BuzovaPro: posts small blind $1
Murrrr_@T: posts big blind $3
*** HOLE CARDS ***
BuzovaPro: raises $3 to $6
Murrrr_@T: calls $3
*** FLOP *** [8h 8s 9s]
Murrrr_@T: checks
BuzovaPro: checks
*** TURN *** [8h 8s 9s] [8d]
Murrrr_@T: checks
BuzovaPro: bets $6
Murrrr_@T: calls $6
*** RIVER *** [8h 8s 9s 8d] [Qh]
Murrrr_@T: checks
BuzovaPro: checks
*** SHOW DOWN ***
Murrrr_@T: shows [2c Kc] (three of a kind, Eights)
BuzovaPro: shows [Ah 6d] (three of a kind, Eights - Ace kicker)
BuzovaPro collected $23.52 from pot
*** SUMMARY ***
Total pot $24 | Rake $0.48
Board [8h 8s 9s 8d Qh]
Seat 1: Murrrr_@T (big blind) showed [2c Kc] and lost with three of a kind, Eights
Seat 4: BuzovaPro (button) (small blind) showed [Ah 6d] and won ($23.52) with three of a kind, Eights


