PokerStars Hand #149447912787:  Hold'em Limit ($3/$6 USD) - 2016/02/26 11:58:46 ET
Table 'Phthia' 10-max Seat #7 is the button
Seat 6: Kosova1968 ($79.57 in chips)
Seat 7: Azrarn ($146.50 in chips)
Azrarn: posts small blind $1
Kosova1968: posts big blind $3
*** HOLE CARDS ***
Azrarn: raises $3 to $6
Kosova1968: calls $3
*** FLOP *** [Kd 7c Ts]
Kosova1968: checks
Azrarn: bets $3
Kosova1968: raises $3 to $6
Azrarn: calls $3
*** TURN *** [Kd 7c Ts] [2c]
Kosova1968: checks
Azrarn: bets $6
Kosova1968: calls $6
*** RIVER *** [Kd 7c Ts 2c] [2s]
Kosova1968: checks
Azrarn: bets $6
Kosova1968: calls $6
*** SHOW DOWN ***
Azrarn: shows [Ks Tc] (two pair, Kings and Tens)
Kosova1968: mucks hand
Azrarn collected $47.50 from pot
*** SUMMARY ***
Total pot $48 | Rake $0.50
Board [Kd 7c Ts 2c 2s]
Seat 6: Kosova1968 (big blind) mucked
Seat 7: Azrarn (button) (small blind) showed [Ks Tc] and won ($47.50) with two pair, Kings and Tens


PokerStars Hand #149447943450:  Hold'em Limit ($3/$6 USD) - 2016/02/26 11:59:27 ET
Table 'Phthia' 10-max Seat #6 is the button
Seat 6: Kosova1968 ($55.57 in chips)
Seat 7: Azrarn ($170 in chips)
Kosova1968: posts small blind $1
Azrarn: posts big blind $3
*** HOLE CARDS ***
Kosova1968: raises $3 to $6
Azrarn: folds
Uncalled bet ($3) returned to Kosova1968
Kosova1968 collected $6 from pot
*** SUMMARY ***
Total pot $6 | Rake $0
Seat 6: Kosova1968 (button) (small blind) collected ($6)
Seat 7: Azrarn (big blind) folded before Flop


PokerStars Hand #149448020979:  Hold'em Limit ($3/$6 USD) - 2016/02/26 12:01:05 ET
Table 'Phthia' 10-max Seat #7 is the button
Seat 6: Kosova1968 ($13.57 in chips)
Seat 7: Azrarn ($211 in chips)
Azrarn: posts small blind $1
Kosova1968: posts big blind $3
*** HOLE CARDS ***
Azrarn: raises $3 to $6
Kosova1968: raises $3 to $9
Azrarn: calls $3
*** FLOP *** [Ac Js 9d]
Kosova1968: bets $3
Azrarn: raises $3 to $6
Kosova1968: calls $1.57 and is all-in
Uncalled bet ($1.43) returned to Azrarn
*** TURN *** [Ac Js 9d] [Tc]
*** RIVER *** [Ac Js 9d Tc] [Qh]
*** SHOW DOWN ***
Kosova1968: shows [2s 2h] (a pair of Deuces)
Azrarn: shows [Ah 3c] (a pair of Aces)
Azrarn collected $26.64 from pot
*** SUMMARY ***
Total pot $27.14 | Rake $0.50
Board [Ac Js 9d Tc Qh]
Seat 6: Kosova1968 (big blind) showed [2s 2h] and lost with a pair of Deuces
Seat 7: Azrarn (button) (small blind) showed [Ah 3c] and won ($26.64) with a pair of Aces


PokerStars Hand #149447997828:  Hold'em Limit ($3/$6 USD) - 2016/02/26 12:00:35 ET
Table 'Phthia' 10-max Seat #6 is the button
Seat 6: Kosova1968 ($34.57 in chips)
Seat 7: Azrarn ($190.50 in chips)
Kosova1968: posts small blind $1
Azrarn: posts big blind $3
*** HOLE CARDS ***
Kosova1968: raises $3 to $6
Azrarn: calls $3
*** FLOP *** [Tc 6d 9h]
Azrarn: checks
Kosova1968: bets $3
Azrarn: calls $3
*** TURN *** [Tc 6d 9h] [9c]
Azrarn: checks
Kosova1968: bets $6
Azrarn: calls $6
*** RIVER *** [Tc 6d 9h 9c] [Kh]
Azrarn: checks
Kosova1968: bets $6
Azrarn: calls $6
*** SHOW DOWN ***
Kosova1968: shows [3d Ah] (a pair of Nines)
Azrarn: shows [Ks 7s] (two pair, Kings and Nines)
Azrarn collected $41.50 from pot
*** SUMMARY ***
Total pot $42 | Rake $0.50
Board [Tc 6d 9h 9c Kh]
Seat 6: Kosova1968 (button) (small blind) showed [3d Ah] and lost with a pair of Nines
Seat 7: Azrarn (big blind) showed [Ks 7s] and won ($41.50) with two pair, Kings and Nines


PokerStars Hand #149447953690:  Hold'em Limit ($3/$6 USD) - 2016/02/26 11:59:39 ET
Table 'Phthia' 10-max Seat #7 is the button
Seat 6: Kosova1968 ($58.57 in chips)
Seat 7: Azrarn ($167 in chips)
Azrarn: posts small blind $1
Kosova1968: posts big blind $3
*** HOLE CARDS ***
Azrarn: raises $3 to $6
Kosova1968: raises $3 to $9
Azrarn: calls $3
*** FLOP *** [7d 5c 2h]
Kosova1968: checks
Azrarn: bets $3
Kosova1968: calls $3
*** TURN *** [7d 5c 2h] [Kh]
Kosova1968: checks
Azrarn: bets $6
Kosova1968: raises $6 to $12
Azrarn: calls $6
*** RIVER *** [7d 5c 2h Kh] [As]
Kosova1968: checks
Azrarn: checks
*** SHOW DOWN ***
Kosova1968: shows [Jd Qh] (high card Ace)
Azrarn: shows [Qs 7c] (a pair of Sevens)
Azrarn collected $47.50 from pot
*** SUMMARY ***
Total pot $48 | Rake $0.50
Board [7d 5c 2h Kh As]
Seat 6: Kosova1968 (big blind) showed [Jd Qh] and lost with high card Ace
Seat 7: Azrarn (button) (small blind) showed [Qs 7c] and won ($47.50) with a pair of Sevens


PokerStars Hand #149453326447:  Hold'em Limit ($3/$6 USD) - 2016/02/26 13:43:08 ET
Table 'Phthia' 10-max Seat #2 is the button
Seat 1: roxy1362 ($100.14 in chips)
Seat 2: benji67play ($992.83 in chips)
benji67play: posts small blind $1
roxy1362: posts big blind $3
*** HOLE CARDS ***
benji67play: folds
Uncalled bet ($2) returned to roxy1362
roxy1362 collected $2 from pot
*** SUMMARY ***
Total pot $2 | Rake $0
Seat 1: roxy1362 (big blind) collected ($2)
Seat 2: benji67play (button) (small blind) folded before Flop


