PokerStars Hand #158890426771:  Hold'em Limit ($3/$6 USD) - 2016/09/21 5:37:47 ET
Table 'Phthia II' 6-max Seat #1 is the button
Seat 1: Ag3r0n ($72 in chips)
Seat 4: caddymansts ($30 in chips)
Ag3r0n: posts small blind $1
caddymansts: posts big blind $3
*** HOLE CARDS ***
Ag3r0n: raises $3 to $6
caddymansts: folds
Uncalled bet ($3) returned to Ag3r0n
Ag3r0n collected $6 from pot
*** SUMMARY ***
Total pot $6 | Rake $0
Seat 1: Ag3r0n (button) (small blind) collected ($6)
Seat 4: caddymansts (big blind) folded before Flop


PokerStars Hand #158890445251:  Hold'em Limit ($3/$6 USD) - 2016/09/21 5:38:38 ET
Table 'Phthia II' 6-max Seat #1 is the button
Seat 1: Ag3r0n ($72 in chips)
Seat 4: caddymansts ($35.64 in chips)
Ag3r0n: posts small blind $1
caddymansts: posts big blind $3
*** HOLE CARDS ***
Ag3r0n: raises $3 to $6
caddymansts: folds
Uncalled bet ($3) returned to Ag3r0n
Ag3r0n collected $6 from pot
*** SUMMARY ***
Total pot $6 | Rake $0
Seat 1: Ag3r0n (button) (small blind) collected ($6)
Seat 4: caddymansts (big blind) folded before Flop


PokerStars Hand #158890435438:  Hold'em Limit ($3/$6 USD) - 2016/09/21 5:38:11 ET
Table 'Phthia II' 6-max Seat #4 is the button
Seat 1: Ag3r0n ($75 in chips)
Seat 4: caddymansts ($27 in chips)
caddymansts: posts small blind $1
Ag3r0n: posts big blind $3
*** HOLE CARDS ***
caddymansts: calls $2
Ag3r0n: raises $3 to $6
caddymansts: calls $3
*** FLOP *** [Qc Qd 7h]
Ag3r0n: bets $3
caddymansts: calls $3
*** TURN *** [Qc Qd 7h] [5h]
Ag3r0n: checks
caddymansts: bets $6
Ag3r0n: folds
Uncalled bet ($6) returned to caddymansts
caddymansts collected $17.64 from pot
caddymansts: doesn't show hand
*** SUMMARY ***
Total pot $18 | Rake $0.36
Board [Qc Qd 7h 5h]
Seat 1: Ag3r0n (big blind) folded on the Turn
Seat 4: caddymansts (button) (small blind) collected ($17.64)


PokerStars Hand #158890452178:  Hold'em Limit ($3/$6 USD) - 2016/09/21 5:38:57 ET
Table 'Phthia II' 6-max Seat #1 is the button
Seat 1: Ag3r0n ($83.64 in chips)
Seat 4: caddymansts ($23.64 in chips)
Ag3r0n: posts small blind $1
caddymansts: posts big blind $3
*** HOLE CARDS ***
Ag3r0n: raises $3 to $6
caddymansts: folds
Uncalled bet ($3) returned to Ag3r0n
Ag3r0n collected $6 from pot
*** SUMMARY ***
Total pot $6 | Rake $0
Seat 1: Ag3r0n (button) (small blind) collected ($6)
Seat 4: caddymansts (big blind) folded before Flop


PokerStars Hand #158890447712:  Hold'em Limit ($3/$6 USD) - 2016/09/21 5:38:45 ET
Table 'Phthia II' 6-max Seat #4 is the button
Seat 1: Ag3r0n ($75 in chips)
Seat 4: caddymansts ($32.64 in chips)
caddymansts: posts small blind $1
Ag3r0n: posts big blind $3
*** HOLE CARDS ***
caddymansts: raises $3 to $6
Ag3r0n: raises $3 to $9
caddymansts: calls $3
*** FLOP *** [9c 6h Kc]
Ag3r0n: bets $3
caddymansts: folds
Uncalled bet ($3) returned to Ag3r0n
Ag3r0n collected $17.64 from pot
*** SUMMARY ***
Total pot $18 | Rake $0.36
Board [9c 6h Kc]
Seat 1: Ag3r0n (big blind) collected ($17.64)
Seat 4: caddymansts (button) (small blind) folded on the Flop


PokerStars Hand #158890455548:  Hold'em Limit ($3/$6 USD) - 2016/09/21 5:39:07 ET
Table 'Phthia II' 6-max Seat #4 is the button
Seat 1: Ag3r0n ($86.64 in chips)
Seat 4: caddymansts ($20.64 in chips)
caddymansts: posts small blind $1
Ag3r0n: posts big blind $3
*** HOLE CARDS ***
caddymansts: calls $2
Ag3r0n: checks
*** FLOP *** [Qs Kh Jc]
Ag3r0n: checks
caddymansts: bets $3
Ag3r0n: folds
Uncalled bet ($3) returned to caddymansts
caddymansts collected $5.88 from pot
caddymansts: doesn't show hand
*** SUMMARY ***
Total pot $6 | Rake $0.12
Board [Qs Kh Jc]
Seat 1: Ag3r0n (big blind) folded on the Flop
Seat 4: caddymansts (button) (small blind) collected ($5.88)


PokerStars Hand #158890467655:  Hold'em Limit ($3/$6 USD) - 2016/09/21 5:39:40 ET
Table 'Phthia II' 6-max Seat #4 is the button
Seat 1: Ag3r0n ($92.28 in chips)
Seat 4: caddymansts ($14.52 in chips)
caddymansts: posts small blind $1
Ag3r0n: posts big blind $3
*** HOLE CARDS ***
caddymansts: folds
Uncalled bet ($2) returned to Ag3r0n
Ag3r0n collected $2 from pot
*** SUMMARY ***
Total pot $2 | Rake $0
Seat 1: Ag3r0n (big blind) collected ($2)
Seat 4: caddymansts (button) (small blind) folded before Flop


PokerStars Hand #158890459332:  Hold'em Limit ($3/$6 USD) - 2016/09/21 5:39:17 ET
Table 'Phthia II' 6-max Seat #1 is the button
Seat 1: Ag3r0n ($83.64 in chips)
Seat 4: caddymansts ($23.52 in chips)
Ag3r0n: posts small blind $1
caddymansts: posts big blind $3
*** HOLE CARDS ***
Ag3r0n: raises $3 to $6
caddymansts: calls $3
*** FLOP *** [Jh Th Qs]
caddymansts: bets $3
Ag3r0n: calls $3
*** TURN *** [Jh Th Qs] [9d]
caddymansts: checks
Ag3r0n: bets $6
caddymansts: folds
Uncalled bet ($6) returned to Ag3r0n
Ag3r0n collected $17.64 from pot
*** SUMMARY ***
Total pot $18 | Rake $0.36
Board [Jh Th Qs 9d]
Seat 1: Ag3r0n (button) (small blind) collected ($17.64)
Seat 4: caddymansts (big blind) folded on the Turn


PokerStars Hand #158890478023:  Hold'em Limit ($3/$6 USD) - 2016/09/21 5:40:09 ET
Table 'Phthia II' 6-max Seat #1 is the button
Seat 1: Ag3r0n ($97.28 in chips)
Seat 4: caddymansts ($9.52 in chips)
Ag3r0n: posts small blind $1
caddymansts: posts big blind $3
*** HOLE CARDS ***
Ag3r0n: folds
Uncalled bet ($2) returned to caddymansts
caddymansts collected $2 from pot
caddymansts: doesn't show hand
*** SUMMARY ***
Total pot $2 | Rake $0
Seat 1: Ag3r0n (button) (small blind) folded before Flop
Seat 4: caddymansts (big blind) collected ($2)


PokerStars Hand #158890475822:  Hold'em Limit ($3/$6 USD) - 2016/09/21 5:40:03 ET
Table 'Phthia II' 6-max Seat #4 is the button
Seat 1: Ag3r0n ($96.28 in chips)
Seat 4: caddymansts ($10.52 in chips)
caddymansts: posts small blind $1
Ag3r0n: posts big blind $3
*** HOLE CARDS ***
caddymansts: folds
Uncalled bet ($2) returned to Ag3r0n
Ag3r0n collected $2 from pot
*** SUMMARY ***
Total pot $2 | Rake $0
Seat 1: Ag3r0n (big blind) collected ($2)
Seat 4: caddymansts (button) (small blind) folded before Flop


PokerStars Hand #158890473660:  Hold'em Limit ($3/$6 USD) - 2016/09/21 5:39:57 ET
Table 'Phthia II' 6-max Seat #1 is the button
Seat 1: Ag3r0n ($93.28 in chips)
Seat 4: caddymansts ($13.52 in chips)
Ag3r0n: posts small blind $1
caddymansts: posts big blind $3
*** HOLE CARDS ***
Ag3r0n: raises $3 to $6
caddymansts: folds
Uncalled bet ($3) returned to Ag3r0n
Ag3r0n collected $6 from pot
*** SUMMARY ***
Total pot $6 | Rake $0
Seat 1: Ag3r0n (button) (small blind) collected ($6)
Seat 4: caddymansts (big blind) folded before Flop


PokerStars Hand #158890471407:  Hold'em Limit ($3/$6 USD) - 2016/09/21 5:39:50 ET
Table 'Phthia II' 6-max Seat #4 is the button
Seat 1: Ag3r0n ($92.28 in chips)
Seat 4: caddymansts ($14.52 in chips)
caddymansts: posts small blind $1
Ag3r0n: posts big blind $3
*** HOLE CARDS ***
caddymansts: folds
Uncalled bet ($2) returned to Ag3r0n
Ag3r0n collected $2 from pot
*** SUMMARY ***
Total pot $2 | Rake $0
Seat 1: Ag3r0n (big blind) collected ($2)
Seat 4: caddymansts (button) (small blind) folded before Flop


PokerStars Hand #158890469683:  Hold'em Limit ($3/$6 USD) - 2016/09/21 5:39:45 ET
Table 'Phthia II' 6-max Seat #1 is the button
Seat 1: Ag3r0n ($93.28 in chips)
Seat 4: caddymansts ($13.52 in chips)
Ag3r0n: posts small blind $1
caddymansts: posts big blind $3
*** HOLE CARDS ***
Ag3r0n: folds
Uncalled bet ($2) returned to caddymansts
caddymansts collected $2 from pot
caddymansts: doesn't show hand
*** SUMMARY ***
Total pot $2 | Rake $0
Seat 1: Ag3r0n (button) (small blind) folded before Flop
Seat 4: caddymansts (big blind) collected ($2)


PokerStars Hand #158890479604:  Hold'em Limit ($3/$6 USD) - 2016/09/21 5:40:13 ET
Table 'Phthia II' 6-max Seat #4 is the button
Seat 1: Ag3r0n ($96.28 in chips)
Seat 4: caddymansts ($10.52 in chips)
caddymansts: posts small blind $1
Ag3r0n: posts big blind $3
*** HOLE CARDS ***
caddymansts: calls $2
Ag3r0n: checks
*** FLOP *** [Td Js 6h]
Ag3r0n: bets $3
caddymansts: folds
Uncalled bet ($3) returned to Ag3r0n
Ag3r0n collected $5.88 from pot
*** SUMMARY ***
Total pot $6 | Rake $0.12
Board [Td Js 6h]
Seat 1: Ag3r0n (big blind) collected ($5.88)
Seat 4: caddymansts (button) (small blind) folded on the Flop


PokerStars Hand #158890485192:  Hold'em Limit ($3/$6 USD) - 2016/09/21 5:40:28 ET
Table 'Phthia II' 6-max Seat #4 is the button
Seat 1: Ag3r0n ($98.16 in chips)
Seat 4: caddymansts ($8.52 in chips)
caddymansts: posts small blind $1
Ag3r0n: posts big blind $3
*** HOLE CARDS ***
caddymansts: calls $2
Ag3r0n: checks
*** FLOP *** [2c 5c 6d]
Ag3r0n: bets $3
caddymansts: raises $2.52 to $5.52 and is all-in
Ag3r0n: calls $2.52
*** TURN *** [2c 5c 6d] [9h]
*** RIVER *** [2c 5c 6d 9h] [5s]
*** SHOW DOWN ***
Ag3r0n: shows [Kc 6h] (two pair, Sixes and Fives)
caddymansts: shows [Kd 4s] (a pair of Fives)
Ag3r0n collected $16.70 from pot
*** SUMMARY ***
Total pot $17.04 | Rake $0.34
Board [2c 5c 6d 9h 5s]
Seat 1: Ag3r0n (big blind) showed [Kc 6h] and won ($16.70) with two pair, Sixes and Fives
Seat 4: caddymansts (button) (small blind) showed [Kd 4s] and lost with a pair of Fives


PokerStars Hand #158890483504:  Hold'em Limit ($3/$6 USD) - 2016/09/21 5:40:24 ET
Table 'Phthia II' 6-max Seat #1 is the button
Seat 1: Ag3r0n ($99.16 in chips)
Seat 4: caddymansts ($7.52 in chips)
Ag3r0n: posts small blind $1
caddymansts: posts big blind $3
*** HOLE CARDS ***
Ag3r0n: folds
Uncalled bet ($2) returned to caddymansts
caddymansts collected $2 from pot
caddymansts: doesn't show hand
*** SUMMARY ***
Total pot $2 | Rake $0
Seat 1: Ag3r0n (button) (small blind) folded before Flop
Seat 4: caddymansts (big blind) collected ($2)


