PokerStars Hand #156988328211:  Hold'em Limit ($3/$6 USD) - 2016/08/07 14:58:00 ET
Table 'Phthia' 6-max Seat #4 is the button
Seat 3: Arsenavet ($69.28 in chips)
Seat 4: AzureCaper ($72 in chips)
AzureCaper: posts small blind $1
Arsenavet: posts big blind $3
*** HOLE CARDS ***
AzureCaper: raises $3 to $6
Arsenavet: calls $3
*** FLOP *** [6c 2d Qh]
Arsenavet: checks
AzureCaper: bets $3
Arsenavet: calls $3
*** TURN *** [6c 2d Qh] [As]
Arsenavet: checks
AzureCaper: checks
*** RIVER *** [6c 2d Qh As] [Kc]
Arsenavet: bets $6
AzureCaper: folds
Uncalled bet ($6) returned to Arsenavet
Arsenavet collected $17.64 from pot
Arsenavet: doesn't show hand
*** SUMMARY ***
Total pot $18 | Rake $0.36
Board [6c 2d Qh As Kc]
Seat 3: Arsenavet (big blind) collected ($17.64)
Seat 4: AzureCaper (button) (small blind) folded on the River


PokerStars Hand #156988313227:  Hold'em Limit ($3/$6 USD) - 2016/08/07 14:57:34 ET
Table 'Phthia' 6-max Seat #3 is the button
Seat 3: Arsenavet ($66.40 in chips)
Seat 4: AzureCaper ($72 in chips)
Arsenavet: posts small blind $1
AzureCaper: posts big blind $3
*** HOLE CARDS ***
Arsenavet: calls $2
AzureCaper: checks
*** FLOP *** [Kh Ts Jc]
AzureCaper: checks
Arsenavet: bets $3
AzureCaper: folds
Uncalled bet ($3) returned to Arsenavet
Arsenavet collected $5.88 from pot
Arsenavet: doesn't show hand
*** SUMMARY ***
Total pot $6 | Rake $0.12
Board [Kh Ts Jc]
Seat 3: Arsenavet (button) (small blind) collected ($5.88)
Seat 4: AzureCaper (big blind) folded on the Flop


PokerStars Hand #156988347876:  Hold'em Limit ($3/$6 USD) - 2016/08/07 14:58:34 ET
Table 'Phthia' 6-max Seat #3 is the button
Seat 3: Arsenavet ($77.92 in chips)
Seat 4: AzureCaper ($72 in chips)
Arsenavet: posts small blind $1
AzureCaper: posts big blind $3
*** HOLE CARDS ***
Arsenavet: folds
Uncalled bet ($2) returned to AzureCaper
AzureCaper collected $2 from pot
AzureCaper: doesn't show hand
*** SUMMARY ***
Total pot $2 | Rake $0
Seat 3: Arsenavet (button) (small blind) folded before Flop
Seat 4: AzureCaper (big blind) collected ($2)


PokerStars Hand #156988344183:  Hold'em Limit ($3/$6 USD) - 2016/08/07 14:58:28 ET
Table 'Phthia' 6-max Seat #4 is the button
Seat 3: Arsenavet ($76.92 in chips)
Seat 4: AzureCaper ($73 in chips)
AzureCaper: posts small blind $1
Arsenavet: posts big blind $3
*** HOLE CARDS ***
a-all-in-l joins the table at seat #1
AzureCaper: folds
Uncalled bet ($2) returned to Arsenavet
Arsenavet collected $2 from pot
Arsenavet: doesn't show hand
*** SUMMARY ***
Total pot $2 | Rake $0
Seat 3: Arsenavet (big blind) collected ($2)
Seat 4: AzureCaper (button) (small blind) folded before Flop


PokerStars Hand #156988341397:  Hold'em Limit ($3/$6 USD) - 2016/08/07 14:58:23 ET
Table 'Phthia' 6-max Seat #3 is the button
Seat 3: Arsenavet ($77.92 in chips)
Seat 4: AzureCaper ($72 in chips)
Arsenavet: posts small blind $1
AzureCaper: posts big blind $3
*** HOLE CARDS ***
Arsenavet: folds
Uncalled bet ($2) returned to AzureCaper
AzureCaper collected $2 from pot
AzureCaper: doesn't show hand
*** SUMMARY ***
Total pot $2 | Rake $0
Seat 3: Arsenavet (button) (small blind) folded before Flop
Seat 4: AzureCaper (big blind) collected ($2)


PokerStars Hand #156989276808:  Hold'em Limit ($3/$6 USD) - 2016/08/07 15:17:23 ET
Table 'Phthia' 6-max Seat #5 is the button
Seat 5: Jannuh ($176.09 in chips)
Seat 6: Hannibal2211 ($76.75 in chips)
Jannuh: posts small blind $1
Hannibal2211: posts big blind $3
*** HOLE CARDS ***
Jannuh: folds
Uncalled bet ($2) returned to Hannibal2211
Hannibal2211 collected $2 from pot
*** SUMMARY ***
Total pot $2 | Rake $0
Seat 5: Jannuh (button) (small blind) folded before Flop
Seat 6: Hannibal2211 (big blind) collected ($2)


PokerStars Hand #156989258720:  Hold'em Limit ($3/$6 USD) - 2016/08/07 15:17:02 ET
Table 'Phthia' 6-max Seat #6 is the button
Seat 5: Jannuh ($176.34 in chips)
Seat 6: Hannibal2211 ($77 in chips)
Hannibal2211: posts small blind $1
chodzewXXL: is sitting out
Jannuh: posts big blind $3
*** HOLE CARDS ***
Hannibal2211: raises $3 to $6
Jannuh: calls $3
*** FLOP *** [3d 8h 5c]
Jannuh: checks
Basi_001 joins the table at seat #2
Hannibal2211: bets $3
chodzewXXL leaves the table
Jannuh: calls $3
*** TURN *** [3d 8h 5c] [Ac]
Jannuh: checks
Hannibal2211: bets $6
Jannuh: calls $6
*** RIVER *** [3d 8h 5c Ac] [Jh]
Jannuh: checks
Hannibal2211: checks
*** SHOW DOWN ***
Jannuh: shows [Ks 4c] (high card Ace)
Hannibal2211: shows [Kd 2d] (high card Ace)
Jannuh collected $14.75 from pot
Hannibal2211 collected $14.75 from pot
*** SUMMARY ***
Total pot $30 | Rake $0.50
Board [3d 8h 5c Ac Jh]
Seat 5: Jannuh (big blind) showed [Ks 4c] and won ($14.75) with high card Ace
Seat 6: Hannibal2211 (button) (small blind) showed [Kd 2d] and won ($14.75) with high card Ace


PokerStars Hand #156997319508:  Hold'em Limit ($3/$6 USD) - 2016/08/07 18:02:48 ET
Table 'Phthia' 6-max Seat #4 is the button
Seat 2: carina289 ($199.31 in chips)
Seat 4: RaisemyNut$ ($273.03 in chips)
RaisemyNut$: posts small blind $1
Hannibal2211: is sitting out
carina289: posts big blind $3
*** HOLE CARDS ***
Hannibal2211 leaves the table
vestimokrec joins the table at seat #3
Hannibal2211 joins the table at seat #5
RaisemyNut$: folds
Uncalled bet ($2) returned to carina289
carina289 collected $2 from pot
*** SUMMARY ***
Total pot $2 | Rake $0
Seat 2: carina289 (big blind) collected ($2)
Seat 4: RaisemyNut$ (button) (small blind) folded before Flop


