PokerStars Hand #175938647291:  Hold'em Limit ($3/$6 USD) - 2017/09/21 13:51:24 ET
Table 'Phthia II' 6-max Seat #3 is the button
Seat 2: patricia7676 ($77.10 in chips)
Seat 3: Ag3r0n ($72 in chips)
Ag3r0n: posts small blind $1
patricia7676: posts big blind $3
*** HOLE CARDS ***
Ag3r0n: raises $3 to $6
patricia7676: calls $3
*** FLOP *** [5h 2h 9h]
patricia7676: checks
Ag3r0n: checks
*** TURN *** [5h 2h 9h] [2s]
patricia7676: bets $6
Ag3r0n: calls $6
*** RIVER *** [5h 2h 9h 2s] [Jd]
patricia7676: bets $6
Ag3r0n: calls $6
*** SHOW DOWN ***
patricia7676: shows [5s 6d] (two pair, Fives and Deuces)
Ag3r0n: mucks hand
patricia7676 collected $35.50 from pot
*** SUMMARY ***
Total pot $36 | Rake $0.50
Board [5h 2h 9h 2s Jd]
Seat 2: patricia7676 (big blind) showed [5s 6d] and won ($35.50) with two pair, Fives and Deuces
Seat 3: Ag3r0n (button) (small blind) mucked


PokerStars Hand #175938702227:  Hold'em Limit ($3/$6 USD) - 2017/09/21 13:52:37 ET
Table 'Phthia II' 6-max Seat #3 is the button
Seat 2: patricia7676 ($108.76 in chips)
Seat 3: Ag3r0n ($72 in chips)
Ag3r0n: posts small blind $1
patricia7676: posts big blind $3
*** HOLE CARDS ***
Ag3r0n: folds
Uncalled bet ($2) returned to patricia7676
patricia7676 collected $2 from pot
patricia7676: doesn't show hand
*** SUMMARY ***
Total pot $2 | Rake $0
Seat 2: patricia7676 (big blind) collected ($2)
Seat 3: Ag3r0n (button) (small blind) folded before Flop


PokerStars Hand #175938687372:  Hold'em Limit ($3/$6 USD) - 2017/09/21 13:52:18 ET
Table 'Phthia II' 6-max Seat #2 is the button
Seat 2: patricia7676 ($100.12 in chips)
Seat 3: Ag3r0n ($72 in chips)
patricia7676: posts small blind $1
Ag3r0n: posts big blind $3
*** HOLE CARDS ***
patricia7676: calls $2
Ag3r0n: raises $3 to $6
patricia7676: calls $3
*** FLOP *** [6h Ts Td]
Ag3r0n: bets $3
patricia7676: calls $3
*** TURN *** [6h Ts Td] [Jh]
Ag3r0n: checks
patricia7676: bets $6
Ag3r0n: folds
Uncalled bet ($6) returned to patricia7676
patricia7676 collected $17.64 from pot
patricia7676: doesn't show hand
*** SUMMARY ***
Total pot $18 | Rake $0.36
Board [6h Ts Td Jh]
Seat 2: patricia7676 (button) (small blind) collected ($17.64)
Seat 3: Ag3r0n (big blind) folded on the Turn


PokerStars Hand #175938670456:  Hold'em Limit ($3/$6 USD) - 2017/09/21 13:51:55 ET
Table 'Phthia II' 6-max Seat #3 is the button
Seat 2: patricia7676 ($88.60 in chips)
Seat 3: Ag3r0n ($77.76 in chips)
Ag3r0n: posts small blind $1
patricia7676: posts big blind $3
*** HOLE CARDS ***
Ag3r0n: raises $3 to $6
patricia7676: calls $3
*** FLOP *** [9c 6d 2c]
patricia7676: checks
Ag3r0n: checks
*** TURN *** [9c 6d 2c] [3d]
patricia7676: bets $6
Ag3r0n: calls $6
*** RIVER *** [9c 6d 2c 3d] [Tc]
patricia7676: bets $6
Ag3r0n: folds
Uncalled bet ($6) returned to patricia7676
patricia7676 collected $23.52 from pot
patricia7676: doesn't show hand
*** SUMMARY ***
Total pot $24 | Rake $0.48
Board [9c 6d 2c 3d Tc]
Seat 2: patricia7676 (big blind) collected ($23.52)
Seat 3: Ag3r0n (button) (small blind) folded on the River


PokerStars Hand #175938659506:  Hold'em Limit ($3/$6 USD) - 2017/09/21 13:51:40 ET
Table 'Phthia II' 6-max Seat #2 is the button
Seat 2: patricia7676 ($94.60 in chips)
Seat 3: Ag3r0n ($72 in chips)
patricia7676: posts small blind $1
Ag3r0n: posts big blind $3
*** HOLE CARDS ***
patricia7676: raises $3 to $6
Ag3r0n: calls $3
*** FLOP *** [Ks Js 2c]
Ag3r0n: checks
patricia7676: checks
*** TURN *** [Ks Js 2c] [9h]
Ag3r0n: bets $6
patricia7676: folds
Uncalled bet ($6) returned to Ag3r0n
Ag3r0n collected $11.76 from pot
Ag3r0n: doesn't show hand
*** SUMMARY ***
Total pot $12 | Rake $0.24
Board [Ks Js 2c 9h]
Seat 2: patricia7676 (button) (small blind) folded on the Turn
Seat 3: Ag3r0n (big blind) collected ($11.76)


PokerStars Hand #175938723373:  Hold'em Limit ($3/$6 USD) - 2017/09/21 13:53:05 ET
Table 'Phthia II' 6-max Seat #3 is the button
Seat 2: patricia7676 ($101.76 in chips)
Seat 3: Ag3r0n ($79.76 in chips)
Ag3r0n: posts small blind $1
patricia7676: posts big blind $3
*** HOLE CARDS ***
Ag3r0n: raises $3 to $6
patricia7676: calls $3
*** FLOP *** [Td Qc 5h]
patricia7676: checks
Ag3r0n: checks
*** TURN *** [Td Qc 5h] [5d]
patricia7676: bets $6
Ag3r0n: folds
Uncalled bet ($6) returned to patricia7676
patricia7676 collected $11.76 from pot
patricia7676: doesn't show hand
*** SUMMARY ***
Total pot $12 | Rake $0.24
Board [Td Qc 5h 5d]
Seat 2: patricia7676 (big blind) collected ($11.76)
Seat 3: Ag3r0n (button) (small blind) folded on the Turn


PokerStars Hand #175938719609:  Hold'em Limit ($3/$6 USD) - 2017/09/21 13:53:00 ET
Table 'Phthia II' 6-max Seat #2 is the button
Seat 2: patricia7676 ($102.76 in chips)
Seat 3: Ag3r0n ($78.76 in chips)
patricia7676: posts small blind $1
Ag3r0n: posts big blind $3
*** HOLE CARDS ***
patricia7676: folds
Uncalled bet ($2) returned to Ag3r0n
Ag3r0n collected $2 from pot
Ag3r0n: doesn't show hand
*** SUMMARY ***
Total pot $2 | Rake $0
Seat 2: patricia7676 (button) (small blind) folded before Flop
Seat 3: Ag3r0n (big blind) collected ($2)


PokerStars Hand #175938710987:  Hold'em Limit ($3/$6 USD) - 2017/09/21 13:52:49 ET
Table 'Phthia II' 6-max Seat #3 is the button
Seat 2: patricia7676 ($108.76 in chips)
Seat 3: Ag3r0n ($73 in chips)
Ag3r0n: posts small blind $1
patricia7676: posts big blind $3
*** HOLE CARDS ***
Ag3r0n: raises $3 to $6
patricia7676: calls $3
*** FLOP *** [As 5c 2h]
patricia7676: checks
Ag3r0n: bets $3
patricia7676: folds
Uncalled bet ($3) returned to Ag3r0n
Ag3r0n collected $11.76 from pot
Ag3r0n: doesn't show hand
*** SUMMARY ***
Total pot $12 | Rake $0.24
Board [As 5c 2h]
Seat 2: patricia7676 (big blind) folded on the Flop
Seat 3: Ag3r0n (button) (small blind) collected ($11.76)


PokerStars Hand #175938705893:  Hold'em Limit ($3/$6 USD) - 2017/09/21 13:52:42 ET
Table 'Phthia II' 6-max Seat #2 is the button
Seat 2: patricia7676 ($109.76 in chips)
Seat 3: Ag3r0n ($72 in chips)
patricia7676: posts small blind $1
Ag3r0n: posts big blind $3
*** HOLE CARDS ***
patricia7676: folds
Uncalled bet ($2) returned to Ag3r0n
Ag3r0n collected $2 from pot
Ag3r0n: doesn't show hand
*** SUMMARY ***
Total pot $2 | Rake $0
Seat 2: patricia7676 (button) (small blind) folded before Flop
Seat 3: Ag3r0n (big blind) collected ($2)


PokerStars Hand #175938781821:  Hold'em Limit ($3/$6 USD) - 2017/09/21 13:54:24 ET
Table 'Phthia II' 6-max Seat #2 is the button
Seat 2: patricia7676 ($92.52 in chips)
Seat 3: Ag3r0n ($88.28 in chips)
patricia7676: posts small blind $1
Ag3r0n: posts big blind $3
*** HOLE CARDS ***
patricia7676: folds
Uncalled bet ($2) returned to Ag3r0n
Ag3r0n collected $2 from pot
Ag3r0n: doesn't show hand
*** SUMMARY ***
Total pot $2 | Rake $0
Seat 2: patricia7676 (button) (small blind) folded before Flop
Seat 3: Ag3r0n (big blind) collected ($2)


PokerStars Hand #175938777530:  Hold'em Limit ($3/$6 USD) - 2017/09/21 13:54:18 ET
Table 'Phthia II' 6-max Seat #3 is the button
Seat 2: patricia7676 ($95.52 in chips)
Seat 3: Ag3r0n ($85.28 in chips)
Ag3r0n: posts small blind $1
patricia7676: posts big blind $3
*** HOLE CARDS ***
Ag3r0n: raises $3 to $6
patricia7676: folds
Uncalled bet ($3) returned to Ag3r0n
Ag3r0n collected $6 from pot
Ag3r0n: doesn't show hand
*** SUMMARY ***
Total pot $6 | Rake $0
Seat 2: patricia7676 (big blind) folded before Flop
Seat 3: Ag3r0n (button) (small blind) collected ($6)


PokerStars Hand #175938772090:  Hold'em Limit ($3/$6 USD) - 2017/09/21 13:54:11 ET
Table 'Phthia II' 6-max Seat #2 is the button
Seat 2: patricia7676 ($92.52 in chips)
Seat 3: Ag3r0n ($88.28 in chips)
patricia7676: posts small blind $1
Ag3r0n: posts big blind $3
*** HOLE CARDS ***
patricia7676: raises $3 to $6
Ag3r0n: folds
Uncalled bet ($3) returned to patricia7676
patricia7676 collected $6 from pot
patricia7676: doesn't show hand
*** SUMMARY ***
Total pot $6 | Rake $0
Seat 2: patricia7676 (button) (small blind) collected ($6)
Seat 3: Ag3r0n (big blind) folded before Flop


PokerStars Hand #175938768047:  Hold'em Limit ($3/$6 USD) - 2017/09/21 13:54:05 ET
Table 'Phthia II' 6-max Seat #3 is the button
Seat 2: patricia7676 ($95.52 in chips)
Seat 3: Ag3r0n ($85.28 in chips)
Ag3r0n: posts small blind $1
patricia7676: posts big blind $3
*** HOLE CARDS ***
Ag3r0n: raises $3 to $6
patricia7676: folds
Uncalled bet ($3) returned to Ag3r0n
Ag3r0n collected $6 from pot
Ag3r0n: doesn't show hand
*** SUMMARY ***
Total pot $6 | Rake $0
Seat 2: patricia7676 (big blind) folded before Flop
Seat 3: Ag3r0n (button) (small blind) collected ($6)


PokerStars Hand #175938764206:  Hold'em Limit ($3/$6 USD) - 2017/09/21 13:54:00 ET
Table 'Phthia II' 6-max Seat #2 is the button
Seat 2: patricia7676 ($96.52 in chips)
Seat 3: Ag3r0n ($84.28 in chips)
patricia7676: posts small blind $1
Ag3r0n: posts big blind $3
*** HOLE CARDS ***
patricia7676: folds
Uncalled bet ($2) returned to Ag3r0n
Ag3r0n collected $2 from pot
Ag3r0n: doesn't show hand
*** SUMMARY ***
Total pot $2 | Rake $0
Seat 2: patricia7676 (button) (small blind) folded before Flop
Seat 3: Ag3r0n (big blind) collected ($2)


PokerStars Hand #175938760388:  Hold'em Limit ($3/$6 USD) - 2017/09/21 13:53:55 ET
Table 'Phthia II' 6-max Seat #3 is the button
Seat 2: patricia7676 ($95.52 in chips)
Seat 3: Ag3r0n ($85.28 in chips)
Ag3r0n: posts small blind $1
patricia7676: posts big blind $3
*** HOLE CARDS ***
Ag3r0n: folds
Uncalled bet ($2) returned to patricia7676
patricia7676 collected $2 from pot
patricia7676: doesn't show hand
*** SUMMARY ***
Total pot $2 | Rake $0
Seat 2: patricia7676 (big blind) collected ($2)
Seat 3: Ag3r0n (button) (small blind) folded before Flop


PokerStars Hand #175938756357:  Hold'em Limit ($3/$6 USD) - 2017/09/21 13:53:50 ET
Table 'Phthia II' 6-max Seat #2 is the button
Seat 2: patricia7676 ($96.52 in chips)
Seat 3: Ag3r0n ($84.28 in chips)
patricia7676: posts small blind $1
Ag3r0n: posts big blind $3
*** HOLE CARDS ***
patricia7676: folds
Uncalled bet ($2) returned to Ag3r0n
Ag3r0n collected $2 from pot
Ag3r0n: doesn't show hand
*** SUMMARY ***
Total pot $2 | Rake $0
Seat 2: patricia7676 (button) (small blind) folded before Flop
Seat 3: Ag3r0n (big blind) collected ($2)


PokerStars Hand #175938752437:  Hold'em Limit ($3/$6 USD) - 2017/09/21 13:53:45 ET
Table 'Phthia II' 6-max Seat #3 is the button
Seat 2: patricia7676 ($95.52 in chips)
Seat 3: Ag3r0n ($85.28 in chips)
Ag3r0n: posts small blind $1
patricia7676: posts big blind $3
*** HOLE CARDS ***
Ag3r0n: folds
Uncalled bet ($2) returned to patricia7676
patricia7676 collected $2 from pot
patricia7676: doesn't show hand
*** SUMMARY ***
Total pot $2 | Rake $0
Seat 2: patricia7676 (big blind) collected ($2)
Seat 3: Ag3r0n (button) (small blind) folded before Flop


PokerStars Hand #175938734062:  Hold'em Limit ($3/$6 USD) - 2017/09/21 13:53:20 ET
Table 'Phthia II' 6-max Seat #2 is the button
Seat 2: patricia7676 ($107.52 in chips)
Seat 3: Ag3r0n ($73.76 in chips)
patricia7676: posts small blind $1
Ag3r0n: posts big blind $3
*** HOLE CARDS ***
patricia7676: raises $3 to $6
Ag3r0n: raises $3 to $9
patricia7676: calls $3
*** FLOP *** [Th As 8d]
Ag3r0n: bets $3
patricia7676: calls $3
*** TURN *** [Th As 8d] [3s]
Ag3r0n: bets $6
patricia7676: folds
Uncalled bet ($6) returned to Ag3r0n
Ag3r0n collected $23.52 from pot
Ag3r0n: doesn't show hand
*** SUMMARY ***
Total pot $24 | Rake $0.48
Board [Th As 8d 3s]
Seat 2: patricia7676 (button) (small blind) folded on the Turn
Seat 3: Ag3r0n (big blind) collected ($23.52)


PokerStars Hand #175938825812:  Hold'em Limit ($3/$6 USD) - 2017/09/21 13:55:30 ET
Table 'Phthia II' 6-max Seat #3 is the button
Seat 2: patricia7676 ($117.78 in chips)
Seat 3: Ag3r0n ($72 in chips)
Ag3r0n: posts small blind $1
patricia7676: posts big blind $3
*** HOLE CARDS ***
vestimokrec joins the table at seat #4
Ag3r0n: raises $3 to $6
patricia7676: calls $3
*** FLOP *** [3c 3s Js]
patricia7676: checks
Ag3r0n: bets $3
patricia7676: raises $3 to $6
Ag3r0n: folds
Uncalled bet ($3) returned to patricia7676
patricia7676 collected $17.64 from pot
patricia7676: doesn't show hand
*** SUMMARY ***
Total pot $18 | Rake $0.36
Board [3c 3s Js]
Seat 2: patricia7676 (big blind) collected ($17.64)
Seat 3: Ag3r0n (button) (small blind) folded on the Flop


PokerStars Hand #175938820660:  Hold'em Limit ($3/$6 USD) - 2017/09/21 13:55:20 ET
Table 'Phthia II' 6-max Seat #2 is the button
Seat 2: patricia7676 ($114.78 in chips)
Seat 3: Ag3r0n ($75 in chips)
patricia7676: posts small blind $1
Ag3r0n: posts big blind $3
*** HOLE CARDS ***
patricia7676: raises $3 to $6
Ag3r0n: folds
Uncalled bet ($3) returned to patricia7676
patricia7676 collected $6 from pot
patricia7676: doesn't show hand
*** SUMMARY ***
Total pot $6 | Rake $0
Seat 2: patricia7676 (button) (small blind) collected ($6)
Seat 3: Ag3r0n (big blind) folded before Flop


PokerStars Hand #175938816741:  Hold'em Limit ($3/$6 USD) - 2017/09/21 13:55:14 ET
Table 'Phthia II' 6-max Seat #3 is the button
Seat 2: patricia7676 ($117.78 in chips)
Seat 3: Ag3r0n ($72 in chips)
Ag3r0n: posts small blind $1
patricia7676: posts big blind $3
*** HOLE CARDS ***
Ag3r0n: raises $3 to $6
patricia7676: folds
Uncalled bet ($3) returned to Ag3r0n
Ag3r0n collected $6 from pot
Ag3r0n: doesn't show hand
*** SUMMARY ***
Total pot $6 | Rake $0
Seat 2: patricia7676 (big blind) folded before Flop
Seat 3: Ag3r0n (button) (small blind) collected ($6)


PokerStars Hand #175938808333:  Hold'em Limit ($3/$6 USD) - 2017/09/21 13:55:00 ET
Table 'Phthia II' 6-max Seat #2 is the button
Seat 2: patricia7676 ($112.02 in chips)
Seat 3: Ag3r0n ($72 in chips)
patricia7676: posts small blind $1
Ag3r0n: posts big blind $3
*** HOLE CARDS ***
patricia7676: raises $3 to $6
Ag3r0n: calls $3
*** FLOP *** [7d 9h 5s]
Ag3r0n: checks
patricia7676: checks
*** TURN *** [7d 9h 5s] [Ah]
Ag3r0n: checks
patricia7676: bets $6
Ag3r0n: folds
Uncalled bet ($6) returned to patricia7676
patricia7676 collected $11.76 from pot
patricia7676: doesn't show hand
*** SUMMARY ***
Total pot $12 | Rake $0.24
Board [7d 9h 5s Ah]
Seat 2: patricia7676 (button) (small blind) collected ($11.76)
Seat 3: Ag3r0n (big blind) folded on the Turn


PokerStars Hand #175938785947:  Hold'em Limit ($3/$6 USD) - 2017/09/21 13:54:29 ET
Table 'Phthia II' 6-max Seat #3 is the button
Seat 2: patricia7676 ($91.52 in chips)
Seat 3: Ag3r0n ($89.28 in chips)
Ag3r0n: posts small blind $1
patricia7676: posts big blind $3
*** HOLE CARDS ***
Ag3r0n: raises $3 to $6
patricia7676: raises $3 to $9
Ag3r0n: calls $3
*** FLOP *** [Qc Jd 7c]
patricia7676: checks
Ag3r0n: bets $3
patricia7676: raises $3 to $6
Ag3r0n: calls $3
*** TURN *** [Qc Jd 7c] [Jc]
patricia7676: bets $6
Ag3r0n: calls $6
*** RIVER *** [Qc Jd 7c Jc] [5h]
patricia7676: bets $6
Ag3r0n: folds
Uncalled bet ($6) returned to patricia7676
patricia7676 collected $41.50 from pot
patricia7676: doesn't show hand
*** SUMMARY ***
Total pot $42 | Rake $0.50
Board [Qc Jd 7c Jc 5h]
Seat 2: patricia7676 (big blind) collected ($41.50)
Seat 3: Ag3r0n (button) (small blind) folded on the River


PokerStars Hand #175938833309:  Hold'em Limit ($3/$6 USD) - 2017/09/21 13:55:43 ET
Table 'Phthia II' 6-max Seat #2 is the button
Seat 2: patricia7676 ($126.42 in chips)
Seat 3: Ag3r0n ($72 in chips)
patricia7676: posts small blind $1
Ag3r0n: posts big blind $3
*** HOLE CARDS ***
patricia7676: folds
Uncalled bet ($2) returned to Ag3r0n
Ag3r0n collected $2 from pot
Ag3r0n: doesn't show hand
*** SUMMARY ***
Total pot $2 | Rake $0
Seat 2: patricia7676 (button) (small blind) folded before Flop
Seat 3: Ag3r0n (big blind) collected ($2)


PokerStars Hand #175938949116:  Hold'em Limit ($3/$6 USD) - 2017/09/21 13:59:04 ET
Table 'Phthia II' 6-max Seat #2 is the button
Seat 2: patricia7676 ($202.59 in chips)
Seat 3: Ag3r0n ($72 in chips)
patricia7676: posts small blind $1
Ag3r0n: posts big blind $3
*** HOLE CARDS ***
patricia7676: raises $3 to $6
Ag3r0n: raises $3 to $9
patricia7676: raises $3 to $12
Betting is capped
Ag3r0n: calls $3
*** FLOP *** [5c 2s 2c]
Ag3r0n: checks
patricia7676: bets $3
Ag3r0n: calls $3
*** TURN *** [5c 2s 2c] [Ac]
Ag3r0n: checks
patricia7676: checks
*** RIVER *** [5c 2s 2c Ac] [Jd]
Ag3r0n: checks
patricia7676: bets $6
Ag3r0n: folds
Uncalled bet ($6) returned to patricia7676
patricia7676 collected $29.50 from pot
patricia7676: doesn't show hand
*** SUMMARY ***
Total pot $30 | Rake $0.50
Board [5c 2s 2c Ac Jd]
Seat 2: patricia7676 (button) (small blind) collected ($29.50)
Seat 3: Ag3r0n (big blind) folded on the River


PokerStars Hand #175938946063:  Hold'em Limit ($3/$6 USD) - 2017/09/21 13:58:58 ET
Table 'Phthia II' 6-max Seat #3 is the button
Seat 2: patricia7676 ($201.59 in chips)
Seat 3: Ag3r0n ($72 in chips)
Ag3r0n: posts small blind $1
vestimokrec: is sitting out
happyshine88: is sitting out
patricia7676: posts big blind $3
*** HOLE CARDS ***
Ag3r0n: folds
Uncalled bet ($2) returned to patricia7676
patricia7676 collected $2 from pot
patricia7676: doesn't show hand
*** SUMMARY ***
Total pot $2 | Rake $0
Seat 2: patricia7676 (big blind) collected ($2)
Seat 3: Ag3r0n (button) (small blind) folded before Flop


