PokerStars Hand #155791390666:  Hold'em Limit ($3/$6 USD) - 2016/07/10 8:53:13 ET
Table 'Phthia' 10-max Seat #6 is the button
Seat 6: Agrotait ($76.53 in chips)
Seat 9: holdfast73 ($49.48 in chips)
Agrotait: posts small blind $1
holdfast73: posts big blind $3
*** HOLE CARDS ***
Agrotait: raises $3 to $6
holdfast73: raises $3 to $9
Agrotait: calls $3
*** FLOP *** [5s Ac 6d]
holdfast73: bets $3
Agrotait: folds
Uncalled bet ($3) returned to holdfast73
holdfast73 collected $17.64 from pot
holdfast73: doesn't show hand
*** SUMMARY ***
Total pot $18 | Rake $0.36
Board [5s Ac 6d]
Seat 6: Agrotait (button) (small blind) folded on the Flop
Seat 9: holdfast73 (big blind) collected ($17.64)


PokerStars Hand #155791388206:  Hold'em Limit ($3/$6 USD) - 2016/07/10 8:53:08 ET
Table 'Phthia' 10-max Seat #9 is the button
Seat 6: Agrotait ($75.53 in chips)
Seat 9: holdfast73 ($50.48 in chips)
holdfast73: posts small blind $1
Agrotait: posts big blind $3
*** HOLE CARDS ***
holdfast73: folds
Uncalled bet ($2) returned to Agrotait
Agrotait collected $2 from pot
Agrotait: doesn't show hand
*** SUMMARY ***
Total pot $2 | Rake $0
Seat 6: Agrotait (big blind) collected ($2)
Seat 9: holdfast73 (button) (small blind) folded before Flop


PokerStars Hand #155791381959:  Hold'em Limit ($3/$6 USD) - 2016/07/10 8:52:56 ET
Table 'Phthia' 10-max Seat #6 is the button
Seat 6: Agrotait ($72.53 in chips)
Seat 9: holdfast73 ($53.48 in chips)
Agrotait: posts small blind $1
holdfast73: posts big blind $3
*** HOLE CARDS ***
Agrotait: raises $3 to $6
holdfast73: folds
Uncalled bet ($3) returned to Agrotait
Agrotait collected $6 from pot
Agrotait: doesn't show hand
*** SUMMARY ***
Total pot $6 | Rake $0
Seat 6: Agrotait (button) (small blind) collected ($6)
Seat 9: holdfast73 (big blind) folded before Flop


PokerStars Hand #155791376591:  Hold'em Limit ($3/$6 USD) - 2016/07/10 8:52:46 ET
Table 'Phthia' 10-max Seat #9 is the button
Seat 6: Agrotait ($75.53 in chips)
Seat 9: holdfast73 ($50.48 in chips)
holdfast73: posts small blind $1
Agrotait: posts big blind $3
*** HOLE CARDS ***
holdfast73: raises $3 to $6
Agrotait: folds
Uncalled bet ($3) returned to holdfast73
holdfast73 collected $6 from pot
holdfast73: doesn't show hand
*** SUMMARY ***
Total pot $6 | Rake $0
Seat 6: Agrotait (big blind) folded before Flop
Seat 9: holdfast73 (button) (small blind) collected ($6)


PokerStars Hand #155791368605:  Hold'em Limit ($3/$6 USD) - 2016/07/10 8:52:31 ET
Table 'Phthia' 10-max Seat #6 is the button
Seat 6: Agrotait ($69.77 in chips)
Seat 9: holdfast73 ($56.48 in chips)
Agrotait: posts small blind $1
holdfast73: posts big blind $3
*** HOLE CARDS ***
Agrotait: raises $3 to $6
holdfast73: calls $3
*** FLOP *** [Qd 4c 6s]
holdfast73: checks
Agrotait: bets $3
holdfast73: folds
Uncalled bet ($3) returned to Agrotait
Agrotait collected $11.76 from pot
Agrotait: doesn't show hand
*** SUMMARY ***
Total pot $12 | Rake $0.24
Board [Qd 4c 6s]
Seat 6: Agrotait (button) (small blind) collected ($11.76)
Seat 9: holdfast73 (big blind) folded on the Flop


PokerStars Hand #155791425190:  Hold'em Limit ($3/$6 USD) - 2016/07/10 8:54:18 ET
Table 'Phthia' 10-max Seat #9 is the button
Seat 6: Agrotait ($72 in chips)
Seat 9: holdfast73 ($83.62 in chips)
holdfast73: posts small blind $1
Agrotait: posts big blind $3
*** HOLE CARDS ***
holdfast73: raises $3 to $6
Agrotait: calls $3
*** FLOP *** [Ah Jc Th]
Agrotait: checks
holdfast73: bets $3
Agrotait: raises $3 to $6
holdfast73: folds
Uncalled bet ($3) returned to Agrotait
Agrotait collected $17.64 from pot
Agrotait: doesn't show hand
*** SUMMARY ***
Total pot $18 | Rake $0.36
Board [Ah Jc Th]
Seat 6: Agrotait (big blind) collected ($17.64)
Seat 9: holdfast73 (button) (small blind) folded on the Flop


PokerStars Hand #155791406648:  Hold'em Limit ($3/$6 USD) - 2016/07/10 8:53:43 ET
Table 'Phthia' 10-max Seat #6 is the button
Seat 6: Agrotait ($68.53 in chips)
Seat 9: holdfast73 ($57.12 in chips)
Agrotait: posts small blind $1
holdfast73: posts big blind $3
*** HOLE CARDS ***
Agrotait: raises $3 to $6
holdfast73: raises $3 to $9
Agrotait: calls $3
*** FLOP *** [Qh 3h 5d]
holdfast73: bets $3
Agrotait: raises $3 to $6
holdfast73: calls $3
*** TURN *** [Qh 3h 5d] [Kd]
holdfast73: checks
Agrotait: bets $6
holdfast73: calls $6
*** RIVER *** [Qh 3h 5d Kd] [Qs]
holdfast73: checks
Agrotait: bets $6
holdfast73: calls $6
*** SHOW DOWN ***
Agrotait: shows [6s 4d] (a pair of Queens)
holdfast73: shows [Ah 4s] (a pair of Queens - Ace kicker)
holdfast73 collected $53.50 from pot
*** SUMMARY ***
Total pot $54 | Rake $0.50
Board [Qh 3h 5d Kd Qs]
Seat 6: Agrotait (button) (small blind) showed [6s 4d] and lost with a pair of Queens
Seat 9: holdfast73 (big blind) showed [Ah 4s] and won ($53.50) with a pair of Queens


PokerStars Hand #155791402745:  Hold'em Limit ($3/$6 USD) - 2016/07/10 8:53:36 ET
Table 'Phthia' 10-max Seat #9 is the button
Seat 6: Agrotait ($67.53 in chips)
Seat 9: holdfast73 ($58.12 in chips)
holdfast73: posts small blind $1
Agrotait: posts big blind $3
*** HOLE CARDS ***
holdfast73: folds
Uncalled bet ($2) returned to Agrotait
Agrotait collected $2 from pot
Agrotait: doesn't show hand
*** SUMMARY ***
Total pot $2 | Rake $0
Seat 6: Agrotait (big blind) collected ($2)
Seat 9: holdfast73 (button) (small blind) folded before Flop


PokerStars Hand #155791437592:  Hold'em Limit ($3/$6 USD) - 2016/07/10 8:54:42 ET
Table 'Phthia' 10-max Seat #6 is the button
Seat 6: Agrotait ($80.64 in chips)
Seat 9: holdfast73 ($74.62 in chips)
Agrotait: posts small blind $1
holdfast73: posts big blind $3
*** HOLE CARDS ***
Agrotait: folds
Uncalled bet ($2) returned to holdfast73
holdfast73 collected $2 from pot
holdfast73: doesn't show hand
*** SUMMARY ***
Total pot $2 | Rake $0
Seat 6: Agrotait (button) (small blind) folded before Flop
Seat 9: holdfast73 (big blind) collected ($2)


PokerStars Hand #155798342490:  Hold'em Limit ($3/$6 USD) - 2016/07/10 12:05:24 ET
Table 'Phthia' 10-max Seat #7 is the button
Seat 7: VolkovDmitri ($120 in chips)
Seat 8: JabsDD ($100 in chips)
VolkovDmitri: posts small blind $1
JabsDD: posts big blind $3
*** HOLE CARDS ***
VolkovDmitri: raises $3 to $6
JabsDD: calls $3
*** FLOP *** [9d 5h Kc]
JabsDD: checks
VolkovDmitri: bets $3
JabsDD: calls $3
*** TURN *** [9d 5h Kc] [Js]
JabsDD: checks
VolkovDmitri: checks
*** RIVER *** [9d 5h Kc Js] [Qc]
JabsDD: checks
VolkovDmitri: bets $6
JabsDD: calls $6
*** SHOW DOWN ***
VolkovDmitri: shows [6c Ts] (a straight, Nine to King)
JabsDD: mucks hand
VolkovDmitri collected $29.50 from pot
*** SUMMARY ***
Total pot $30 | Rake $0.50
Board [9d 5h Kc Js Qc]
Seat 7: VolkovDmitri (button) (small blind) showed [6c Ts] and won ($29.50) with a straight, Nine to King
Seat 8: JabsDD (big blind) mucked


PokerStars Hand #155798401170:  Hold'em Limit ($3/$6 USD) - 2016/07/10 12:06:50 ET
Table 'Phthia' 10-max Seat #7 is the button
Seat 7: VolkovDmitri ($120 in chips)
Seat 8: JabsDD ($102.50 in chips)
VolkovDmitri: posts small blind $1
JabsDD: posts big blind $3
*** HOLE CARDS ***
VolkovDmitri: raises $3 to $6
JabsDD: calls $3
*** FLOP *** [8d 5s 6c]
JabsDD: checks
VolkovDmitri: checks
*** TURN *** [8d 5s 6c] [2s]
JabsDD: bets $6
VolkovDmitri: calls $6
*** RIVER *** [8d 5s 6c 2s] [6d]
JabsDD: checks
VolkovDmitri: checks
*** SHOW DOWN ***
JabsDD: shows [Td 7d] (a pair of Sixes)
VolkovDmitri: shows [2d Ks] (two pair, Sixes and Deuces)
VolkovDmitri collected $23.52 from pot
*** SUMMARY ***
Total pot $24 | Rake $0.48
Board [8d 5s 6c 2s 6d]
Seat 7: VolkovDmitri (button) (small blind) showed [2d Ks] and won ($23.52) with two pair, Sixes and Deuces
Seat 8: JabsDD (big blind) showed [Td 7d] and lost with a pair of Sixes


PokerStars Hand #155798376666:  Hold'em Limit ($3/$6 USD) - 2016/07/10 12:06:14 ET
Table 'Phthia' 10-max Seat #8 is the button
Seat 7: VolkovDmitri ($134.50 in chips)
Seat 8: JabsDD ($85 in chips)
JabsDD: posts small blind $1
VolkovDmitri: posts big blind $3
*** HOLE CARDS ***
JabsDD: calls $2
VolkovDmitri: raises $3 to $6
JabsDD: calls $3
*** FLOP *** [2c Jc Jh]
VolkovDmitri: bets $3
JabsDD: raises $3 to $6
VolkovDmitri: calls $3
*** TURN *** [2c Jc Jh] [Qd]
VolkovDmitri: checks
JabsDD: bets $6
VolkovDmitri: calls $6
*** RIVER *** [2c Jc Jh Qd] [6s]
VolkovDmitri: checks
JabsDD: bets $6
VolkovDmitri: folds
Uncalled bet ($6) returned to JabsDD
JabsDD collected $35.50 from pot
JabsDD: doesn't show hand
*** SUMMARY ***
Total pot $36 | Rake $0.50
Board [2c Jc Jh Qd 6s]
Seat 7: VolkovDmitri (big blind) folded on the River
Seat 8: JabsDD (button) (small blind) collected ($35.50)


PokerStars Hand #155798447960:  Hold'em Limit ($3/$6 USD) - 2016/07/10 12:07:58 ET
Table 'Phthia' 10-max Seat #7 is the button
Seat 7: VolkovDmitri ($134.28 in chips)
Seat 8: JabsDD ($87.26 in chips)
VolkovDmitri: posts small blind $1
JabsDD: posts big blind $3
*** HOLE CARDS ***
VolkovDmitri: folds
Uncalled bet ($2) returned to JabsDD
JabsDD collected $2 from pot
JabsDD: doesn't show hand
*** SUMMARY ***
Total pot $2 | Rake $0
Seat 7: VolkovDmitri (button) (small blind) folded before Flop
Seat 8: JabsDD (big blind) collected ($2)


PokerStars Hand #155798434028:  Hold'em Limit ($3/$6 USD) - 2016/07/10 12:07:38 ET
Table 'Phthia' 10-max Seat #8 is the button
Seat 7: VolkovDmitri ($140.28 in chips)
Seat 8: JabsDD ($81.50 in chips)
JabsDD: posts small blind $1
VolkovDmitri: posts big blind $3
*** HOLE CARDS ***
JabsDD: raises $3 to $6
VolkovDmitri: calls $3
*** FLOP *** [7s Jd 7d]
VolkovDmitri: checks
vestimokrec joins the table at seat #9
JabsDD: bets $3
VolkovDmitri: folds
Uncalled bet ($3) returned to JabsDD
JabsDD collected $11.76 from pot
JabsDD: doesn't show hand
*** SUMMARY ***
Total pot $12 | Rake $0.24
Board [7s Jd 7d]
Seat 7: VolkovDmitri (big blind) folded on the Flop
Seat 8: JabsDD (button) (small blind) collected ($11.76)


PokerStars Hand #155798427493:  Hold'em Limit ($3/$6 USD) - 2016/07/10 12:07:28 ET
Table 'Phthia' 10-max Seat #7 is the button
Seat 7: VolkovDmitri ($137.28 in chips)
Seat 8: JabsDD ($84.50 in chips)
VolkovDmitri: posts small blind $1
JabsDD: posts big blind $3
*** HOLE CARDS ***
VolkovDmitri: raises $3 to $6
JabsDD: folds
Uncalled bet ($3) returned to VolkovDmitri
VolkovDmitri collected $6 from pot
VolkovDmitri: doesn't show hand
*** SUMMARY ***
Total pot $6 | Rake $0
Seat 7: VolkovDmitri (button) (small blind) collected ($6)
Seat 8: JabsDD (big blind) folded before Flop


PokerStars Hand #155798415701:  Hold'em Limit ($3/$6 USD) - 2016/07/10 12:07:11 ET
Table 'Phthia' 10-max Seat #8 is the button
Seat 7: VolkovDmitri ($131.52 in chips)
Seat 8: JabsDD ($90.50 in chips)
JabsDD: posts small blind $1
VolkovDmitri: posts big blind $3
*** HOLE CARDS ***
JabsDD: calls $2
VolkovDmitri: raises $3 to $6
JabsDD: calls $3
*** FLOP *** [Th 3h 3s]
VolkovDmitri: bets $3
JabsDD: folds
Uncalled bet ($3) returned to VolkovDmitri
VolkovDmitri collected $11.76 from pot
VolkovDmitri: doesn't show hand
*** SUMMARY ***
Total pot $12 | Rake $0.24
Board [Th 3h 3s]
Seat 7: VolkovDmitri (big blind) collected ($11.76)
Seat 8: JabsDD (button) (small blind) folded on the Flop


PokerStars Hand #155798688645:  Hold'em Limit ($3/$6 USD) - 2016/07/10 12:13:49 ET
Table 'Phthia' 10-max Seat #8 is the button
Seat 7: VolkovDmitri ($125.23 in chips)
Seat 8: JabsDD ($97.47 in chips)
JabsDD: posts small blind $1
VolkovDmitri: posts big blind $3
*** HOLE CARDS ***
JabsDD: raises $3 to $6
VolkovDmitri: raises $3 to $9
JabsDD: calls $3
*** FLOP *** [8c Qs 4d]
VolkovDmitri: bets $3
JabsDD: folds
Uncalled bet ($3) returned to VolkovDmitri
VolkovDmitri collected $17.64 from pot
VolkovDmitri: doesn't show hand
*** SUMMARY ***
Total pot $18 | Rake $0.36
Board [8c Qs 4d]
Seat 7: VolkovDmitri (big blind) collected ($17.64)
Seat 8: JabsDD (button) (small blind) folded on the Flop


PokerStars Hand #155798682483:  Hold'em Limit ($3/$6 USD) - 2016/07/10 12:13:40 ET
Table 'Phthia' 10-max Seat #7 is the button
Seat 7: VolkovDmitri ($126.23 in chips)
Seat 8: JabsDD ($96.47 in chips)
VolkovDmitri: posts small blind $1
JabsDD: posts big blind $3
*** HOLE CARDS ***
VolkovDmitri: folds
Uncalled bet ($2) returned to JabsDD
JabsDD collected $2 from pot
JabsDD: doesn't show hand
*** SUMMARY ***
Total pot $2 | Rake $0
Seat 7: VolkovDmitri (button) (small blind) folded before Flop
Seat 8: JabsDD (big blind) collected ($2)


PokerStars Hand #155798664978:  Hold'em Limit ($3/$6 USD) - 2016/07/10 12:13:15 ET
Table 'Phthia' 10-max Seat #8 is the button
Seat 7: VolkovDmitri ($120.47 in chips)
Seat 8: JabsDD ($102.47 in chips)
JabsDD: posts small blind $1
vestimokrec: is sitting out
VolkovDmitri: posts big blind $3
*** HOLE CARDS ***
JabsDD: raises $3 to $6
VolkovDmitri: calls $3
*** FLOP *** [9c 2c 3s]
VolkovDmitri: checks
JabsDD: checks
*** TURN *** [9c 2c 3s] [6d]
vestimokrec leaves the table
VolkovDmitri: checks
JabsDD: checks
*** RIVER *** [9c 2c 3s 6d] [Kh]
VolkovDmitri: bets $6
JabsDD: folds
Uncalled bet ($6) returned to VolkovDmitri
VolkovDmitri collected $11.76 from pot
VolkovDmitri: doesn't show hand
*** SUMMARY ***
Total pot $12 | Rake $0.24
Board [9c 2c 3s 6d Kh]
Seat 7: VolkovDmitri (big blind) collected ($11.76)
Seat 8: JabsDD (button) (small blind) folded on the River


PokerStars Hand #155798720891:  Hold'em Limit ($3/$6 USD) - 2016/07/10 12:14:36 ET
Table 'Phthia' 10-max Seat #7 is the button
Seat 7: VolkovDmitri ($121.87 in chips)
Seat 8: JabsDD ($100.11 in chips)
VolkovDmitri: posts small blind $1
JabsDD: posts big blind $3
*** HOLE CARDS ***
VolkovDmitri: raises $3 to $6
JabsDD: calls $3
*** FLOP *** [8h Qh 6d]
JabsDD: checks
VolkovDmitri: bets $3
JabsDD: raises $3 to $6
VolkovDmitri: folds
Uncalled bet ($3) returned to JabsDD
JabsDD collected $17.64 from pot
JabsDD: doesn't show hand
*** SUMMARY ***
Total pot $18 | Rake $0.36
Board [8h Qh 6d]
Seat 7: VolkovDmitri (button) (small blind) folded on the Flop
Seat 8: JabsDD (big blind) collected ($17.64)


PokerStars Hand #155798715578:  Hold'em Limit ($3/$6 USD) - 2016/07/10 12:14:28 ET
Table 'Phthia' 10-max Seat #8 is the button
Seat 7: VolkovDmitri ($124.87 in chips)
Seat 8: JabsDD ($97.11 in chips)
JabsDD: posts small blind $1
VolkovDmitri: posts big blind $3
*** HOLE CARDS ***
JabsDD: raises $3 to $6
VolkovDmitri: folds
Uncalled bet ($3) returned to JabsDD
JabsDD collected $6 from pot
JabsDD: doesn't show hand
*** SUMMARY ***
Total pot $6 | Rake $0
Seat 7: VolkovDmitri (big blind) folded before Flop
Seat 8: JabsDD (button) (small blind) collected ($6)


PokerStars Hand #155798699062:  Hold'em Limit ($3/$6 USD) - 2016/07/10 12:14:04 ET
Table 'Phthia' 10-max Seat #7 is the button
Seat 7: VolkovDmitri ($133.87 in chips)
Seat 8: JabsDD ($88.47 in chips)
VolkovDmitri: posts small blind $1
JabsDD: posts big blind $3
*** HOLE CARDS ***
VolkovDmitri: raises $3 to $6
JabsDD: raises $3 to $9
VolkovDmitri: calls $3
*** FLOP *** [Jh As Jc]
JabsDD: checks
VolkovDmitri: checks
*** TURN *** [Jh As Jc] [3c]
JabsDD: bets $6
VolkovDmitri: folds
Uncalled bet ($6) returned to JabsDD
JabsDD collected $17.64 from pot
JabsDD: doesn't show hand
*** SUMMARY ***
Total pot $18 | Rake $0.36
Board [Jh As Jc 3c]
Seat 7: VolkovDmitri (button) (small blind) folded on the Turn
Seat 8: JabsDD (big blind) collected ($17.64)


PokerStars Hand #155798767665:  Hold'em Limit ($3/$6 USD) - 2016/07/10 12:15:41 ET
Table 'Phthia' 10-max Seat #8 is the button
Seat 7: VolkovDmitri ($120 in chips)
Seat 8: JabsDD ($140.75 in chips)
JabsDD: posts small blind $1
VolkovDmitri: posts big blind $3
*** HOLE CARDS ***
JabsDD: raises $3 to $6
VolkovDmitri: calls $3
*** FLOP *** [3h 9c 4h]
VolkovDmitri: checks
JabsDD: checks
*** TURN *** [3h 9c 4h] [Ah]
VolkovDmitri: bets $6
JabsDD: folds
Uncalled bet ($6) returned to VolkovDmitri
VolkovDmitri collected $11.76 from pot
VolkovDmitri: doesn't show hand
*** SUMMARY ***
Total pot $12 | Rake $0.24
Board [3h 9c 4h Ah]
Seat 7: VolkovDmitri (big blind) collected ($11.76)
Seat 8: JabsDD (button) (small blind) folded on the Turn


PokerStars Hand #155798752391:  Hold'em Limit ($3/$6 USD) - 2016/07/10 12:15:19 ET
Table 'Phthia' 10-max Seat #7 is the button
Seat 7: VolkovDmitri ($120 in chips)
Seat 8: JabsDD ($123.25 in chips)
VolkovDmitri: posts small blind $1
JabsDD: posts big blind $3
*** HOLE CARDS ***
VolkovDmitri: raises $3 to $6
JabsDD: raises $3 to $9
VolkovDmitri: calls $3
*** FLOP *** [Tc 2d 8c]
JabsDD: bets $3
VolkovDmitri: calls $3
*** TURN *** [Tc 2d 8c] [4h]
JabsDD: bets $6
VolkovDmitri: calls $6
*** RIVER *** [Tc 2d 8c 4h] [7d]
JabsDD: bets $6
VolkovDmitri: folds
Uncalled bet ($6) returned to JabsDD
JabsDD collected $35.50 from pot
JabsDD: doesn't show hand
*** SUMMARY ***
Total pot $36 | Rake $0.50
Board [Tc 2d 8c 4h 7d]
Seat 7: VolkovDmitri (button) (small blind) folded on the River
Seat 8: JabsDD (big blind) collected ($35.50)


PokerStars Hand #155798734187:  Hold'em Limit ($3/$6 USD) - 2016/07/10 12:14:55 ET
Table 'Phthia' 10-max Seat #8 is the button
Seat 7: VolkovDmitri ($120 in chips)
Seat 8: JabsDD ($108.75 in chips)
JabsDD: posts small blind $1
VolkovDmitri: posts big blind $3
*** HOLE CARDS ***
JabsDD: raises $3 to $6
VolkovDmitri: raises $3 to $9
JabsDD: raises $3 to $12
Betting is capped
VolkovDmitri: calls $3
*** FLOP *** [8d 9h 9s]
VolkovDmitri: checks
JabsDD: bets $3
VolkovDmitri: calls $3
*** TURN *** [8d 9h 9s] [Jd]
VolkovDmitri: checks
JabsDD: bets $6
VolkovDmitri: folds
Uncalled bet ($6) returned to JabsDD
JabsDD collected $29.50 from pot
JabsDD: doesn't show hand
*** SUMMARY ***
Total pot $30 | Rake $0.50
Board [8d 9h 9s Jd]
Seat 7: VolkovDmitri (big blind) folded on the Turn
Seat 8: JabsDD (button) (small blind) collected ($29.50)


PokerStars Hand #155798812475:  Hold'em Limit ($3/$6 USD) - 2016/07/10 12:16:46 ET
Table 'Phthia' 10-max Seat #7 is the button
Seat 7: VolkovDmitri ($157.02 in chips)
Seat 8: JabsDD ($102.75 in chips)
VolkovDmitri: posts small blind $1
JabsDD: posts big blind $3
*** HOLE CARDS ***
VolkovDmitri: raises $3 to $6
JabsDD: raises $3 to $9
VolkovDmitri: raises $3 to $12
Betting is capped
JabsDD: calls $3
*** FLOP *** [7c 8d Tc]
JabsDD: checks
VolkovDmitri: bets $3
JabsDD: calls $3
*** TURN *** [7c 8d Tc] [Js]
JabsDD: checks
VolkovDmitri: checks
*** RIVER *** [7c 8d Tc Js] [9c]
JabsDD: checks
VolkovDmitri: checks
*** SHOW DOWN ***
JabsDD: shows [Ks Jc] (a straight, Seven to Jack)
VolkovDmitri: shows [5h 5c] (a straight, Seven to Jack)
JabsDD collected $14.75 from pot
VolkovDmitri collected $14.75 from pot
*** SUMMARY ***
Total pot $30 | Rake $0.50
Board [7c 8d Tc Js 9c]
Seat 7: VolkovDmitri (button) (small blind) showed [5h 5c] and won ($14.75) with a straight, Seven to Jack
Seat 8: JabsDD (big blind) showed [Ks Jc] and won ($14.75) with a straight, Seven to Jack


PokerStars Hand #155798808897:  Hold'em Limit ($3/$6 USD) - 2016/07/10 12:16:41 ET
Table 'Phthia' 10-max Seat #8 is the button
Seat 7: VolkovDmitri ($156.02 in chips)
Seat 8: JabsDD ($103.75 in chips)
JabsDD: posts small blind $1
VolkovDmitri: posts big blind $3
*** HOLE CARDS ***
JabsDD: folds
Uncalled bet ($2) returned to VolkovDmitri
VolkovDmitri collected $2 from pot
VolkovDmitri: doesn't show hand
*** SUMMARY ***
Total pot $2 | Rake $0
Seat 7: VolkovDmitri (big blind) collected ($2)
Seat 8: JabsDD (button) (small blind) folded before Flop


PokerStars Hand #155798801599:  Hold'em Limit ($3/$6 USD) - 2016/07/10 12:16:31 ET
Table 'Phthia' 10-max Seat #7 is the button
Seat 7: VolkovDmitri ($150.26 in chips)
Seat 8: JabsDD ($109.75 in chips)
VolkovDmitri: posts small blind $1
JabsDD: posts big blind $3
*** HOLE CARDS ***
VolkovDmitri: raises $3 to $6
JabsDD: calls $3
*** FLOP *** [3s 4s 7d]
JabsDD: checks
VolkovDmitri: bets $3
JabsDD: folds
Uncalled bet ($3) returned to VolkovDmitri
VolkovDmitri collected $11.76 from pot
VolkovDmitri: doesn't show hand
*** SUMMARY ***
Total pot $12 | Rake $0.24
Board [3s 4s 7d]
Seat 7: VolkovDmitri (button) (small blind) collected ($11.76)
Seat 8: JabsDD (big blind) folded on the Flop


PokerStars Hand #155798798185:  Hold'em Limit ($3/$6 USD) - 2016/07/10 12:16:26 ET
Table 'Phthia' 10-max Seat #8 is the button
Seat 7: VolkovDmitri ($149.26 in chips)
Seat 8: JabsDD ($110.75 in chips)
JabsDD: posts small blind $1
VolkovDmitri: posts big blind $3
*** HOLE CARDS ***
JabsDD: folds
Uncalled bet ($2) returned to VolkovDmitri
VolkovDmitri collected $2 from pot
VolkovDmitri: doesn't show hand
*** SUMMARY ***
Total pot $2 | Rake $0
Seat 7: VolkovDmitri (big blind) collected ($2)
Seat 8: JabsDD (button) (small blind) folded before Flop


PokerStars Hand #155798777261:  Hold'em Limit ($3/$6 USD) - 2016/07/10 12:15:55 ET
Table 'Phthia' 10-max Seat #7 is the button
Seat 7: VolkovDmitri ($125.76 in chips)
Seat 8: JabsDD ($134.75 in chips)
VolkovDmitri: posts small blind $1
JabsDD: posts big blind $3
*** HOLE CARDS ***
VolkovDmitri: raises $3 to $6
JabsDD: raises $3 to $9
VolkovDmitri: calls $3
*** FLOP *** [3h 3c Qd]
JabsDD: bets $3
VolkovDmitri: calls $3
*** TURN *** [3h 3c Qd] [8d]
JabsDD: checks
VolkovDmitri: bets $6
JabsDD: calls $6
*** RIVER *** [3h 3c Qd 8d] [5c]
JabsDD: checks
VolkovDmitri: bets $6
JabsDD: calls $6
*** SHOW DOWN ***
VolkovDmitri: shows [Qs 7h] (two pair, Queens and Threes)
JabsDD: mucks hand
VolkovDmitri collected $47.50 from pot
*** SUMMARY ***
Total pot $48 | Rake $0.50
Board [3h 3c Qd 8d 5c]
Seat 7: VolkovDmitri (button) (small blind) showed [Qs 7h] and won ($47.50) with two pair, Queens and Threes
Seat 8: JabsDD (big blind) mucked


PokerStars Hand #155798857727:  Hold'em Limit ($3/$6 USD) - 2016/07/10 12:17:52 ET
Table 'Phthia' 10-max Seat #8 is the button
Seat 7: VolkovDmitri ($165.53 in chips)
Seat 8: JabsDD ($93.50 in chips)
JabsDD: posts small blind $1
VolkovDmitri: posts big blind $3
*** HOLE CARDS ***
JabsDD: raises $3 to $6
VolkovDmitri: calls $3
*** FLOP *** [2c Js 7s]
VolkovDmitri: checks
JabsDD: bets $3
VolkovDmitri: folds
Uncalled bet ($3) returned to JabsDD
JabsDD collected $11.76 from pot
JabsDD: doesn't show hand
*** SUMMARY ***
Total pot $12 | Rake $0.24
Board [2c Js 7s]
Seat 7: VolkovDmitri (big blind) folded on the Flop
Seat 8: JabsDD (button) (small blind) collected ($11.76)


PokerStars Hand #155798854177:  Hold'em Limit ($3/$6 USD) - 2016/07/10 12:17:46 ET
Table 'Phthia' 10-max Seat #7 is the button
Seat 7: VolkovDmitri ($162.53 in chips)
Seat 8: JabsDD ($96.50 in chips)
VolkovDmitri: posts small blind $1
JabsDD: posts big blind $3
*** HOLE CARDS ***
VolkovDmitri: raises $3 to $6
JabsDD: folds
Uncalled bet ($3) returned to VolkovDmitri
VolkovDmitri collected $6 from pot
VolkovDmitri: doesn't show hand
*** SUMMARY ***
Total pot $6 | Rake $0
Seat 7: VolkovDmitri (button) (small blind) collected ($6)
Seat 8: JabsDD (big blind) folded before Flop


PokerStars Hand #155798850066:  Hold'em Limit ($3/$6 USD) - 2016/07/10 12:17:41 ET
Table 'Phthia' 10-max Seat #8 is the button
Seat 7: VolkovDmitri ($165.53 in chips)
Seat 8: JabsDD ($93.50 in chips)
JabsDD: posts small blind $1
VolkovDmitri: posts big blind $3
*** HOLE CARDS ***
JabsDD: raises $3 to $6
VolkovDmitri: folds
Uncalled bet ($3) returned to JabsDD
JabsDD collected $6 from pot
JabsDD: doesn't show hand
*** SUMMARY ***
Total pot $6 | Rake $0
Seat 7: VolkovDmitri (big blind) folded before Flop
Seat 8: JabsDD (button) (small blind) collected ($6)


PokerStars Hand #155798843789:  Hold'em Limit ($3/$6 USD) - 2016/07/10 12:17:31 ET
Table 'Phthia' 10-max Seat #7 is the button
Seat 7: VolkovDmitri ($162.53 in chips)
Seat 8: JabsDD ($96.50 in chips)
VolkovDmitri: posts small blind $1
JabsDD: posts big blind $3
*** HOLE CARDS ***
VolkovDmitri: raises $3 to $6
JabsDD: folds
Uncalled bet ($3) returned to VolkovDmitri
VolkovDmitri collected $6 from pot
VolkovDmitri: doesn't show hand
*** SUMMARY ***
Total pot $6 | Rake $0
Seat 7: VolkovDmitri (button) (small blind) collected ($6)
Seat 8: JabsDD (big blind) folded before Flop


PokerStars Hand #155798839886:  Hold'em Limit ($3/$6 USD) - 2016/07/10 12:17:26 ET
Table 'Phthia' 10-max Seat #8 is the button
Seat 7: VolkovDmitri ($161.53 in chips)
Seat 8: JabsDD ($97.50 in chips)
JabsDD: posts small blind $1
VolkovDmitri: posts big blind $3
*** HOLE CARDS ***
JabsDD: folds
Uncalled bet ($2) returned to VolkovDmitri
VolkovDmitri collected $2 from pot
VolkovDmitri: doesn't show hand
*** SUMMARY ***
Total pot $2 | Rake $0
Seat 7: VolkovDmitri (big blind) collected ($2)
Seat 8: JabsDD (button) (small blind) folded before Flop


PokerStars Hand #155798836610:  Hold'em Limit ($3/$6 USD) - 2016/07/10 12:17:21 ET
Table 'Phthia' 10-max Seat #7 is the button
Seat 7: VolkovDmitri ($162.53 in chips)
Seat 8: JabsDD ($96.50 in chips)
VolkovDmitri: posts small blind $1
JabsDD: posts big blind $3
*** HOLE CARDS ***
VolkovDmitri: folds
Uncalled bet ($2) returned to JabsDD
JabsDD collected $2 from pot
JabsDD: doesn't show hand
*** SUMMARY ***
Total pot $2 | Rake $0
Seat 7: VolkovDmitri (button) (small blind) folded before Flop
Seat 8: JabsDD (big blind) collected ($2)


PokerStars Hand #155798829645:  Hold'em Limit ($3/$6 USD) - 2016/07/10 12:17:11 ET
Table 'Phthia' 10-max Seat #8 is the button
Seat 7: VolkovDmitri ($156.77 in chips)
Seat 8: JabsDD ($102.50 in chips)
JabsDD: posts small blind $1
VolkovDmitri: posts big blind $3
*** HOLE CARDS ***
JabsDD: raises $3 to $6
VolkovDmitri: calls $3
*** FLOP *** [8s Jc 7d]
VolkovDmitri: bets $3
JabsDD: folds
Uncalled bet ($3) returned to VolkovDmitri
VolkovDmitri collected $11.76 from pot
VolkovDmitri: doesn't show hand
*** SUMMARY ***
Total pot $12 | Rake $0.24
Board [8s Jc 7d]
Seat 7: VolkovDmitri (big blind) collected ($11.76)
Seat 8: JabsDD (button) (small blind) folded on the Flop


PokerStars Hand #155798882836:  Hold'em Limit ($3/$6 USD) - 2016/07/10 12:18:28 ET
Table 'Phthia' 10-max Seat #7 is the button
Seat 7: VolkovDmitri ($169.17 in chips)
Seat 8: JabsDD ($89.26 in chips)
VolkovDmitri: posts small blind $1
JabsDD: posts big blind $3
*** HOLE CARDS ***
VolkovDmitri: raises $3 to $6
JabsDD: calls $3
*** FLOP *** [8s As 3c]
JabsDD: checks
VolkovDmitri: bets $3
JabsDD: raises $3 to $6
VolkovDmitri: calls $3
*** TURN *** [8s As 3c] [9s]
JabsDD: bets $6
VolkovDmitri: calls $6
*** RIVER *** [8s As 3c 9s] [Ts]
JabsDD: bets $6
VolkovDmitri: calls $6
*** SHOW DOWN ***
JabsDD: shows [8d 2d] (a pair of Eights)
VolkovDmitri: shows [7d Ah] (a pair of Aces)
VolkovDmitri collected $47.50 from pot
*** SUMMARY ***
Total pot $48 | Rake $0.50
Board [8s As 3c 9s Ts]
Seat 7: VolkovDmitri (button) (small blind) showed [7d Ah] and won ($47.50) with a pair of Aces
Seat 8: JabsDD (big blind) showed [8d 2d] and lost with a pair of Eights


PokerStars Hand #155798879670:  Hold'em Limit ($3/$6 USD) - 2016/07/10 12:18:23 ET
Table 'Phthia' 10-max Seat #8 is the button
Seat 7: VolkovDmitri ($168.17 in chips)
Seat 8: JabsDD ($90.26 in chips)
JabsDD: posts small blind $1
VolkovDmitri: posts big blind $3
*** HOLE CARDS ***
JabsDD: folds
Uncalled bet ($2) returned to VolkovDmitri
VolkovDmitri collected $2 from pot
VolkovDmitri: doesn't show hand
*** SUMMARY ***
Total pot $2 | Rake $0
Seat 7: VolkovDmitri (big blind) collected ($2)
Seat 8: JabsDD (button) (small blind) folded before Flop


PokerStars Hand #155798866652:  Hold'em Limit ($3/$6 USD) - 2016/07/10 12:18:05 ET
Table 'Phthia' 10-max Seat #7 is the button
Seat 7: VolkovDmitri ($159.53 in chips)
Seat 8: JabsDD ($99.26 in chips)
VolkovDmitri: posts small blind $1
JabsDD: posts big blind $3
*** HOLE CARDS ***
VolkovDmitri: raises $3 to $6
JabsDD: calls $3
*** FLOP *** [Th Js 4s]
JabsDD: checks
VolkovDmitri: bets $3
JabsDD: calls $3
*** TURN *** [Th Js 4s] [2c]
JabsDD: checks
VolkovDmitri: bets $6
JabsDD: folds
Uncalled bet ($6) returned to VolkovDmitri
VolkovDmitri collected $17.64 from pot
VolkovDmitri: doesn't show hand
*** SUMMARY ***
Total pot $18 | Rake $0.36
Board [Th Js 4s 2c]
Seat 7: VolkovDmitri (button) (small blind) collected ($17.64)
Seat 8: JabsDD (big blind) folded on the Turn


PokerStars Hand #155798947314:  Hold'em Limit ($3/$6 USD) - 2016/07/10 12:20:00 ET
Table 'Phthia' 10-max Seat #8 is the button
Seat 7: VolkovDmitri ($180.31 in chips)
Seat 8: JabsDD ($76.76 in chips)
JabsDD: posts small blind $1
VolkovDmitri: posts big blind $3
*** HOLE CARDS ***
JabsDD: raises $3 to $6
VolkovDmitri: raises $3 to $9
JabsDD: calls $3
*** FLOP *** [Ad 7d Jh]
VolkovDmitri: bets $3
JabsDD: folds
Uncalled bet ($3) returned to VolkovDmitri
VolkovDmitri collected $17.64 from pot
VolkovDmitri: doesn't show hand
*** SUMMARY ***
Total pot $18 | Rake $0.36
Board [Ad 7d Jh]
Seat 7: VolkovDmitri (big blind) collected ($17.64)
Seat 8: JabsDD (button) (small blind) folded on the Flop


PokerStars Hand #155798931566:  Hold'em Limit ($3/$6 USD) - 2016/07/10 12:19:37 ET
Table 'Phthia' 10-max Seat #7 is the button
Seat 7: VolkovDmitri ($171.67 in chips)
Seat 8: JabsDD ($85.76 in chips)
VolkovDmitri: posts small blind $1
JabsDD: posts big blind $3
*** HOLE CARDS ***
VolkovDmitri: raises $3 to $6
JabsDD: calls $3
*** FLOP *** [Th Qh Jc]
JabsDD: bets $3
VolkovDmitri: raises $3 to $6
JabsDD: folds
Uncalled bet ($3) returned to VolkovDmitri
VolkovDmitri collected $17.64 from pot
VolkovDmitri: doesn't show hand
*** SUMMARY ***
Total pot $18 | Rake $0.36
Board [Th Qh Jc]
Seat 7: VolkovDmitri (button) (small blind) collected ($17.64)
Seat 8: JabsDD (big blind) folded on the Flop


PokerStars Hand #155798902360:  Hold'em Limit ($3/$6 USD) - 2016/07/10 12:18:56 ET
Table 'Phthia' 10-max Seat #8 is the button
Seat 7: VolkovDmitri ($192.67 in chips)
Seat 8: JabsDD ($65.26 in chips)
JabsDD: posts small blind $1
VolkovDmitri: posts big blind $3
*** HOLE CARDS ***
JabsDD: raises $3 to $6
VolkovDmitri: raises $3 to $9
JabsDD: raises $3 to $12
Betting is capped
VolkovDmitri: calls $3
*** FLOP *** [3c 9c 9s]
VolkovDmitri: checks
JabsDD: bets $3
VolkovDmitri: calls $3
*** TURN *** [3c 9c 9s] [2s]
VolkovDmitri: checks
JabsDD: bets $6
VolkovDmitri: calls $6
*** RIVER *** [3c 9c 9s 2s] [Jh]
VolkovDmitri: checks
JabsDD: bets $6
VolkovDmitri: folds
Uncalled bet ($6) returned to JabsDD
JabsDD collected $41.50 from pot
JabsDD: doesn't show hand
*** SUMMARY ***
Total pot $42 | Rake $0.50
Board [3c 9c 9s 2s Jh]
Seat 7: VolkovDmitri (big blind) folded on the River
Seat 8: JabsDD (button) (small blind) collected ($41.50)


PokerStars Hand #155798958120:  Hold'em Limit ($3/$6 USD) - 2016/07/10 12:20:16 ET
Table 'Phthia' 10-max Seat #7 is the button
Seat 7: VolkovDmitri ($188.95 in chips)
Seat 8: JabsDD ($67.76 in chips)
VolkovDmitri: posts small blind $1
JabsDD: posts big blind $3
*** HOLE CARDS ***
VolkovDmitri: raises $3 to $6
JabsDD: calls $3
*** FLOP *** [2h Jc Kd]
JabsDD: bets $3
VolkovDmitri: raises $3 to $6
JabsDD: raises $3 to $9
VolkovDmitri: folds
Uncalled bet ($3) returned to JabsDD
JabsDD collected $23.52 from pot
JabsDD: doesn't show hand
*** SUMMARY ***
Total pot $24 | Rake $0.48
Board [2h Jc Kd]
Seat 7: VolkovDmitri (button) (small blind) folded on the Flop
Seat 8: JabsDD (big blind) collected ($23.52)


PokerStars Hand #155798971963:  Hold'em Limit ($3/$6 USD) - 2016/07/10 12:20:36 ET
Table 'Phthia' 10-max Seat #8 is the button
Seat 7: VolkovDmitri ($176.95 in chips)
Seat 8: JabsDD ($79.28 in chips)
JabsDD: posts small blind $1
VolkovDmitri: posts big blind $3
*** HOLE CARDS ***
JabsDD: folds
Uncalled bet ($2) returned to VolkovDmitri
VolkovDmitri collected $2 from pot
VolkovDmitri: doesn't show hand
*** SUMMARY ***
Total pot $2 | Rake $0
Seat 7: VolkovDmitri (big blind) collected ($2)
Seat 8: JabsDD (button) (small blind) folded before Flop


PokerStars Hand #155798975588:  Hold'em Limit ($3/$6 USD) - 2016/07/10 12:20:41 ET
Table 'Phthia' 10-max Seat #7 is the button
Seat 7: VolkovDmitri ($177.95 in chips)
Seat 8: JabsDD ($78.28 in chips)
VolkovDmitri: posts small blind $1
JabsDD: posts big blind $3
*** HOLE CARDS ***
VolkovDmitri: raises $3 to $6
JabsDD: folds
Uncalled bet ($3) returned to VolkovDmitri
VolkovDmitri collected $6 from pot
VolkovDmitri: doesn't show hand
*** SUMMARY ***
Total pot $6 | Rake $0
Seat 7: VolkovDmitri (button) (small blind) collected ($6)
Seat 8: JabsDD (big blind) folded before Flop


PokerStars Hand #155799007541:  Hold'em Limit ($3/$6 USD) - 2016/07/10 12:21:28 ET
Table 'Phthia' 10-max Seat #7 is the button
Seat 7: VolkovDmitri ($216.45 in chips)
Seat 8: JabsDD ($39.28 in chips)
VolkovDmitri: posts small blind $1
JabsDD: posts big blind $3
*** HOLE CARDS ***
VolkovDmitri: raises $3 to $6
JabsDD: calls $3
*** FLOP *** [2c 9s Qh]
JabsDD: checks
VolkovDmitri: bets $3
JabsDD: raises $3 to $6
VolkovDmitri: calls $3
*** TURN *** [2c 9s Qh] [4d]
JabsDD: bets $6
VolkovDmitri: calls $6
*** RIVER *** [2c 9s Qh 4d] [Qc]
JabsDD: bets $6
VolkovDmitri: folds
Uncalled bet ($6) returned to JabsDD
JabsDD collected $35.50 from pot
*** SUMMARY ***
Total pot $36 | Rake $0.50
Board [2c 9s Qh 4d Qc]
Seat 7: VolkovDmitri (button) (small blind) folded on the River
Seat 8: JabsDD (big blind) collected ($35.50)


PokerStars Hand #155798979772:  Hold'em Limit ($3/$6 USD) - 2016/07/10 12:20:47 ET
Table 'Phthia' 10-max Seat #8 is the button
Seat 7: VolkovDmitri ($180.95 in chips)
Seat 8: JabsDD ($75.28 in chips)
JabsDD: posts small blind $1
VolkovDmitri: posts big blind $3
*** HOLE CARDS ***
JabsDD: raises $3 to $6
VolkovDmitri: calls $3
*** FLOP *** [2d 8d 6s]
VolkovDmitri: bets $3
JabsDD: raises $3 to $6
VolkovDmitri: raises $3 to $9
JabsDD: raises $3 to $12
Betting is capped
VolkovDmitri: calls $3
*** TURN *** [2d 8d 6s] [8s]
VolkovDmitri: checks
JabsDD: bets $6
VolkovDmitri: calls $6
*** RIVER *** [2d 8d 6s 8s] [Td]
VolkovDmitri: checks
JabsDD: bets $6
VolkovDmitri: raises $6 to $12
JabsDD: calls $6
*** SHOW DOWN ***
VolkovDmitri: shows [6d 7d] (a flush, Ten high)
JabsDD: mucks hand
VolkovDmitri collected $71.50 from pot
*** SUMMARY ***
Total pot $72 | Rake $0.50
Board [2d 8d 6s 8s Td]
Seat 7: VolkovDmitri (big blind) showed [6d 7d] and won ($71.50) with a flush, Ten high
Seat 8: JabsDD (button) (small blind) mucked


PokerStars Hand #155799066285:  Hold'em Limit ($3/$6 USD) - 2016/07/10 12:22:52 ET
Table 'Phthia' 10-max Seat #7 is the button
Seat 7: VolkovDmitri ($239.59 in chips)
Seat 8: JabsDD ($14.78 in chips)
VolkovDmitri: posts small blind $1
JabsDD: posts big blind $3
*** HOLE CARDS ***
VolkovDmitri: raises $3 to $6
JabsDD: raises $3 to $9
VolkovDmitri: calls $3
*** FLOP *** [9c As Kd]
JabsDD: bets $3
VolkovDmitri: calls $3
*** TURN *** [9c As Kd] [Qh]
JabsDD: bets $2.78 and is all-in
VolkovDmitri: calls $2.78
*** RIVER *** [9c As Kd Qh] [Jh]
*** SHOW DOWN ***
JabsDD: shows [6d Qd] (a pair of Queens)
VolkovDmitri: shows [Ks 2s] (a pair of Kings)
VolkovDmitri collected $29.06 from pot
*** SUMMARY ***
Total pot $29.56 | Rake $0.50
Board [9c As Kd Qh Jh]
Seat 7: VolkovDmitri (button) (small blind) showed [Ks 2s] and won ($29.06) with a pair of Kings
Seat 8: JabsDD (big blind) showed [6d Qd] and lost with a pair of Queens


PokerStars Hand #155799049221:  Hold'em Limit ($3/$6 USD) - 2016/07/10 12:22:28 ET
Table 'Phthia' 10-max Seat #7 is the button
Seat 7: VolkovDmitri ($227.95 in chips)
Seat 8: JabsDD ($26.78 in chips)
VolkovDmitri: posts small blind $1
JabsDD: posts big blind $3
*** HOLE CARDS ***
VolkovDmitri: raises $3 to $6
JabsDD: folds
Uncalled bet ($3) returned to VolkovDmitri
VolkovDmitri collected $6 from pot
VolkovDmitri: doesn't show hand
*** SUMMARY ***
Total pot $6 | Rake $0
Seat 7: VolkovDmitri (button) (small blind) collected ($6)
Seat 8: JabsDD (big blind) folded before Flop


PokerStars Hand #155799027975:  Hold'em Limit ($3/$6 USD) - 2016/07/10 12:21:57 ET
Table 'Phthia' 10-max Seat #8 is the button
Seat 7: VolkovDmitri ($198.45 in chips)
Seat 8: JabsDD ($56.78 in chips)
JabsDD: posts small blind $1
VolkovDmitri: posts big blind $3
*** HOLE CARDS ***
JabsDD: raises $3 to $6
VolkovDmitri: calls $3
*** FLOP *** [Ts 2s 3h]
VolkovDmitri: checks
JabsDD: checks
*** TURN *** [Ts 2s 3h] [As]
VolkovDmitri: bets $6
JabsDD: calls $6
*** RIVER *** [Ts 2s 3h As] [Ah]
VolkovDmitri: bets $6
JabsDD: raises $6 to $12
VolkovDmitri: raises $6 to $18
JabsDD: calls $6
*** SHOW DOWN ***
VolkovDmitri: shows [2d Ac] (a full house, Aces full of Deuces)
JabsDD: mucks hand
VolkovDmitri collected $59.50 from pot
*** SUMMARY ***
Total pot $60 | Rake $0.50
Board [Ts 2s 3h As Ah]
Seat 7: VolkovDmitri (big blind) showed [2d Ac] and won ($59.50) with a full house, Aces full of Deuces
Seat 8: JabsDD (button) (small blind) mucked


PokerStars Hand #155799127442:  Hold'em Limit ($3/$6 USD) - 2016/07/10 12:24:05 ET
Table 'Phthia' 10-max Seat #7 is the button
Seat 7: VolkovDmitri ($253.62 in chips)
Seat 8: JabsDD ($57.26 in chips)
VolkovDmitri: posts small blind $1
JabsDD: posts big blind $3
*** HOLE CARDS ***
VolkovDmitri: raises $3 to $6
JabsDD: calls $3
*** FLOP *** [Qd 9s 6d]
JabsDD: checks
VolkovDmitri: bets $3
JabsDD: calls $3
*** TURN *** [Qd 9s 6d] [2c]
JabsDD: checks
VolkovDmitri: checks
*** RIVER *** [Qd 9s 6d 2c] [2s]
JabsDD: bets $6
VolkovDmitri: calls $6
*** SHOW DOWN ***
JabsDD: shows [5c 8c] (a pair of Deuces)
VolkovDmitri: shows [Th Jc] (a pair of Deuces - Queen+Jack kicker)
VolkovDmitri collected $29.50 from pot
*** SUMMARY ***
Total pot $30 | Rake $0.50
Board [Qd 9s 6d 2c 2s]
Seat 7: VolkovDmitri (button) (small blind) showed [Th Jc] and won ($29.50) with a pair of Deuces
Seat 8: JabsDD (big blind) showed [5c 8c] and lost with a pair of Deuces


PokerStars Hand #155799434182:  Hold'em Limit ($3/$6 USD) - 2016/07/10 12:31:21 ET
Table 'Phthia' 10-max Seat #1 is the button
Seat 1: vestimokrec ($116.10 in chips)
Seat 10: Vincenzo Vs ($170.17 in chips)
vestimokrec: posts small blind $1
Perumov: is sitting out
Vincenzo Vs: posts big blind $3
*** HOLE CARDS ***
Perumov leaves the table
vestimokrec: raises $3 to $6
JabsDD leaves the table
Vincenzo Vs: calls $3
*** FLOP *** [9s 8h 5h]
Vincenzo Vs: checks
vestimokrec: checks
*** TURN *** [9s 8h 5h] [6c]
Vincenzo Vs: checks
vestimokrec: checks
*** RIVER *** [9s 8h 5h 6c] [4s]
Vincenzo Vs: bets $6
vestimokrec: calls $6
*** SHOW DOWN ***
Vincenzo Vs: shows [7d Ah] (a straight, Five to Nine)
vestimokrec: mucks hand
Vincenzo Vs collected $23.52 from pot
*** SUMMARY ***
Total pot $24 | Rake $0.48
Board [9s 8h 5h 6c 4s]
Seat 1: vestimokrec (button) (small blind) mucked
Seat 10: Vincenzo Vs (big blind) showed [7d Ah] and won ($23.52) with a straight, Five to Nine


PokerStars Hand #155799486800:  Hold'em Limit ($3/$6 USD) - 2016/07/10 12:32:35 ET
Table 'Phthia' 10-max Seat #10 is the button
Seat 1: vestimokrec ($104.10 in chips)
Seat 10: Vincenzo Vs ($181.69 in chips)
Vincenzo Vs: posts small blind $1
vestimokrec: posts big blind $3
*** HOLE CARDS ***
Vincenzo Vs: calls $2
vestimokrec: raises $3 to $6
Vincenzo Vs: calls $3
*** FLOP *** [Js Qc 8h]
vestimokrec: bets $3
Vincenzo Vs: folds
Uncalled bet ($3) returned to vestimokrec
vestimokrec collected $11.76 from pot
vestimokrec: doesn't show hand
*** SUMMARY ***
Total pot $12 | Rake $0.24
Board [Js Qc 8h]
Seat 1: vestimokrec (big blind) collected ($11.76)
Seat 10: Vincenzo Vs (button) (small blind) folded on the Flop


