PokerStars Hand #152499436556:  Hold'em Limit ($3/$6 USD) - 2016/04/26 20:31:42 ET
Table 'Phyleus' 6-max Seat #1 is the button
Seat 1: Zubasa07 ($500 in chips)
Seat 2: hairy1961 ($60 in chips)
Zubasa07: posts small blind $1
hairy1961: posts big blind $3
*** HOLE CARDS ***
Zubasa07: raises $3 to $6
hairy1961: calls $3
*** FLOP *** [Jc 9s Kh]
hairy1961: checks
Zubasa07: bets $3
hairy1961: raises $3 to $6
Zubasa07: calls $3
*** TURN *** [Jc 9s Kh] [Qh]
hairy1961: bets $6
Zubasa07: folds
Uncalled bet ($6) returned to hairy1961
hairy1961 collected $23.52 from pot
*** SUMMARY ***
Total pot $24 | Rake $0.48
Board [Jc 9s Kh Qh]
Seat 1: Zubasa07 (button) (small blind) folded on the Turn
Seat 2: hairy1961 (big blind) collected ($23.52)


PokerStars Hand #152499479804:  Hold'em Limit ($3/$6 USD) - 2016/04/26 20:33:17 ET
Table 'Phyleus' 6-max Seat #2 is the button
Seat 1: Zubasa07 ($518.50 in chips)
Seat 2: hairy1961 ($40.52 in chips)
hairy1961: posts small blind $1
Zubasa07: posts big blind $3
*** HOLE CARDS ***
hairy1961: raises $3 to $6
Zubasa07: raises $3 to $9
hairy1961: calls $3
*** FLOP *** [Ad 2h Qd]
Zubasa07: bets $3
hairy1961: calls $3
*** TURN *** [Ad 2h Qd] [Td]
Zubasa07: checks
hairy1961: checks
*** RIVER *** [Ad 2h Qd Td] [9s]
Zubasa07: checks
hairy1961: checks
*** SHOW DOWN ***
Zubasa07: shows [5h 9h] (a pair of Nines)
hairy1961: mucks hand
Zubasa07 collected $23.52 from pot
*** SUMMARY ***
Total pot $24 | Rake $0.48
Board [Ad 2h Qd Td 9s]
Seat 1: Zubasa07 (big blind) showed [5h 9h] and won ($23.52) with a pair of Nines
Seat 2: hairy1961 (button) (small blind) mucked


PokerStars Hand #152499525309:  Hold'em Limit ($3/$6 USD) - 2016/04/26 20:34:56 ET
Table 'Phyleus' 6-max Seat #1 is the button
Seat 1: Zubasa07 ($545.52 in chips)
Seat 2: hairy1961 ($12.52 in chips)
Zubasa07: posts small blind $1
hairy1961: posts big blind $3
*** HOLE CARDS ***
Zubasa07: folds
Uncalled bet ($2) returned to hairy1961
hairy1961 collected $2 from pot
*** SUMMARY ***
Total pot $2 | Rake $0
Seat 1: Zubasa07 (button) (small blind) folded before Flop
Seat 2: hairy1961 (big blind) collected ($2)


PokerStars Hand #152499522720:  Hold'em Limit ($3/$6 USD) - 2016/04/26 20:34:51 ET
Table 'Phyleus' 6-max Seat #2 is the button
Seat 1: Zubasa07 ($544.52 in chips)
Seat 2: hairy1961 ($13.52 in chips)
hairy1961: posts small blind $1
Zubasa07: posts big blind $3
*** HOLE CARDS ***
hairy1961: folds
Uncalled bet ($2) returned to Zubasa07
Zubasa07 collected $2 from pot
Zubasa07: doesn't show hand
*** SUMMARY ***
Total pot $2 | Rake $0
Seat 1: Zubasa07 (big blind) collected ($2)
Seat 2: hairy1961 (button) (small blind) folded before Flop


PokerStars Hand #152499499639:  Hold'em Limit ($3/$6 USD) - 2016/04/26 20:34:00 ET
Table 'Phyleus' 6-max Seat #1 is the button
Seat 1: Zubasa07 ($530.02 in chips)
Seat 2: hairy1961 ($28.52 in chips)
Zubasa07: posts small blind $1
hairy1961: posts big blind $3
*** HOLE CARDS ***
Zubasa07: raises $3 to $6
hairy1961: calls $3
*** FLOP *** [6d Td 9d]
hairy1961: checks
Zubasa07: bets $3
hairy1961: calls $3
*** TURN *** [6d Td 9d] [9s]
hairy1961: checks
Zubasa07: bets $6
hairy1961: calls $6
*** RIVER *** [6d Td 9d 9s] [6h]
hairy1961: checks
Zubasa07: bets $6
hairy1961: folds
Uncalled bet ($6) returned to Zubasa07
Zubasa07 collected $29.50 from pot
Zubasa07: doesn't show hand
*** SUMMARY ***
Total pot $30 | Rake $0.50
Board [6d Td 9d 9s 6h]
Seat 1: Zubasa07 (button) (small blind) collected ($29.50)
Seat 2: hairy1961 (big blind) folded on the River


PokerStars Hand #152499988576:  Hold'em Limit ($3/$6 USD) - 2016/04/26 20:52:11 ET
Table 'Phyleus' 6-max Seat #3 is the button
Seat 3: Zubasa07 ($500 in chips)
Seat 4: fabricio004 ($167.06 in chips)
Zubasa07: posts small blind $1
fabricio004: posts big blind $3
*** HOLE CARDS ***
Zubasa07: raises $3 to $6
fabricio004: folds
Uncalled bet ($3) returned to Zubasa07
Zubasa07 collected $6 from pot
Zubasa07: doesn't show hand
*** SUMMARY ***
Total pot $6 | Rake $0
Seat 3: Zubasa07 (button) (small blind) collected ($6)
Seat 4: fabricio004 (big blind) folded before Flop


PokerStars Hand #152499985940:  Hold'em Limit ($3/$6 USD) - 2016/04/26 20:52:05 ET
Table 'Phyleus' 6-max Seat #4 is the button
Seat 3: Zubasa07 ($499 in chips)
Seat 4: fabricio004 ($168.06 in chips)
fabricio004: posts small blind $1
Zubasa07: posts big blind $3
*** HOLE CARDS ***
fabricio004: folds
Uncalled bet ($2) returned to Zubasa07
Zubasa07 collected $2 from pot
Zubasa07: doesn't show hand
*** SUMMARY ***
Total pot $2 | Rake $0
Seat 3: Zubasa07 (big blind) collected ($2)
Seat 4: fabricio004 (button) (small blind) folded before Flop


PokerStars Hand #152499975026:  Hold'em Limit ($3/$6 USD) - 2016/04/26 20:51:39 ET
Table 'Phyleus' 6-max Seat #3 is the button
Seat 3: Zubasa07 ($500 in chips)
Seat 4: fabricio004 ($167.06 in chips)
Zubasa07: posts small blind $1
fabricio004: posts big blind $3
*** HOLE CARDS ***
Zubasa07: folds
Uncalled bet ($2) returned to fabricio004
fabricio004 collected $2 from pot
fabricio004: doesn't show hand
*** SUMMARY ***
Total pot $2 | Rake $0
Seat 3: Zubasa07 (button) (small blind) folded before Flop
Seat 4: fabricio004 (big blind) collected ($2)


PokerStars Hand #152500007852:  Hold'em Limit ($3/$6 USD) - 2016/04/26 20:52:57 ET
Table 'Phyleus' 6-max Seat #3 is the button
Seat 3: Zubasa07 ($514.52 in chips)
Seat 4: fabricio004 ($152.06 in chips)
Zubasa07: posts small blind $1
fabricio004: posts big blind $3
*** HOLE CARDS ***
Zubasa07: raises $3 to $6
fabricio004: folds
Uncalled bet ($3) returned to Zubasa07
Zubasa07 collected $6 from pot
Zubasa07: doesn't show hand
*** SUMMARY ***
Total pot $6 | Rake $0
Seat 3: Zubasa07 (button) (small blind) collected ($6)
Seat 4: fabricio004 (big blind) folded before Flop


PokerStars Hand #152499992462:  Hold'em Limit ($3/$6 USD) - 2016/04/26 20:52:21 ET
Table 'Phyleus' 6-max Seat #4 is the button
Seat 3: Zubasa07 ($503 in chips)
Seat 4: fabricio004 ($164.06 in chips)
fabricio004: posts small blind $1
Zubasa07: posts big blind $3
*** HOLE CARDS ***
fabricio004: raises $3 to $6
Zubasa07: calls $3
*** FLOP *** [2c 8d Kh]
Zubasa07: checks
fabricio004: bets $3
Zubasa07: raises $3 to $6
fabricio004: calls $3
*** TURN *** [2c 8d Kh] [6s]
Zubasa07: bets $6
fabricio004: folds
Uncalled bet ($6) returned to Zubasa07
Zubasa07 collected $23.52 from pot
Zubasa07: doesn't show hand
GarryMcCoy joins the table at seat #5
*** SUMMARY ***
Total pot $24 | Rake $0.48
Board [2c 8d Kh 6s]
Seat 3: Zubasa07 (big blind) collected ($23.52)
Seat 4: fabricio004 (button) (small blind) folded on the Turn


PokerStars Hand #152500123753:  Hold'em Limit ($3/$6 USD) - 2016/04/26 20:57:46 ET
Table 'Phyleus' 6-max Seat #5 is the button
Seat 4: fabricio004 ($197.10 in chips)
Seat 5: GarryMcCoy ($87.07 in chips)
GarryMcCoy: posts small blind $1
fabricio004: posts big blind $3
*** HOLE CARDS ***
GarryMcCoy: raises $3 to $6
fabricio004: calls $3
*** FLOP *** [8c Th 8d]
fabricio004: checks
GarryMcCoy: bets $3
fabricio004: calls $3
*** TURN *** [8c Th 8d] [Kd]
fabricio004: checks
GarryMcCoy: bets $6
fabricio004: calls $6
*** RIVER *** [8c Th 8d Kd] [3d]
fabricio004: checks
GarryMcCoy: checks
*** SHOW DOWN ***
fabricio004: shows [Td 6d] (a flush, King high)
GarryMcCoy: mucks hand
fabricio004 collected $29.50 from pot
*** SUMMARY ***
Total pot $30 | Rake $0.50
Board [8c Th 8d Kd 3d]
Seat 4: fabricio004 (big blind) showed [Td 6d] and won ($29.50) with a flush, King high
Seat 5: GarryMcCoy (button) (small blind) mucked


PokerStars Hand #152500120778:  Hold'em Limit ($3/$6 USD) - 2016/04/26 20:57:37 ET
Table 'Phyleus' 6-max Seat #4 is the button
Seat 4: fabricio004 ($198.10 in chips)
Seat 5: GarryMcCoy ($86.07 in chips)
fabricio004: posts small blind $1
GarryMcCoy: posts big blind $3
*** HOLE CARDS ***
fabricio004: folds
Uncalled bet ($2) returned to GarryMcCoy
GarryMcCoy collected $2 from pot
GarryMcCoy: doesn't show hand
*** SUMMARY ***
Total pot $2 | Rake $0
Seat 4: fabricio004 (button) (small blind) folded before Flop
Seat 5: GarryMcCoy (big blind) collected ($2)


PokerStars Hand #152500109341:  Hold'em Limit ($3/$6 USD) - 2016/04/26 20:57:16 ET
Table 'Phyleus' 6-max Seat #5 is the button
Seat 4: fabricio004 ($180.60 in chips)
Seat 5: GarryMcCoy ($104.07 in chips)
GarryMcCoy: posts small blind $1
Zubasa07: is sitting out
fabricio004: posts big blind $3
*** HOLE CARDS ***
GarryMcCoy: raises $3 to $6
Zubasa07 leaves the table
fabricio004: calls $3
*** FLOP *** [5h 6d 4c]
fabricio004: checks
GarryMcCoy: checks
*** TURN *** [5h 6d 4c] [Qc]
fabricio004: checks
GarryMcCoy: bets $6
fabricio004: calls $6
*** RIVER *** [5h 6d 4c Qc] [8d]
fabricio004: bets $6
GarryMcCoy: calls $6
*** SHOW DOWN ***
fabricio004: shows [7s Kd] (a straight, Four to Eight)
GarryMcCoy: mucks hand
fabricio004 collected $35.50 from pot
*** SUMMARY ***
Total pot $36 | Rake $0.50
Board [5h 6d 4c Qc 8d]
Seat 4: fabricio004 (big blind) showed [7s Kd] and won ($35.50) with a straight, Four to Eight
Seat 5: GarryMcCoy (button) (small blind) mucked


PokerStars Hand #152500152210:  Hold'em Limit ($3/$6 USD) - 2016/04/26 20:59:05 ET
Table 'Phyleus' 6-max Seat #4 is the button
Seat 4: fabricio004 ($160.60 in chips)
Seat 5: GarryMcCoy ($122.07 in chips)
fabricio004: posts small blind $1
GarryMcCoy: posts big blind $3
*** HOLE CARDS ***
fabricio004: raises $3 to $6
GarryMcCoy: raises $3 to $9
fabricio004: calls $3
*** FLOP *** [6h Ah 6d]
GarryMcCoy: bets $3
fabricio004: folds
Uncalled bet ($3) returned to GarryMcCoy
GarryMcCoy collected $17.64 from pot
GarryMcCoy: doesn't show hand
*** SUMMARY ***
Total pot $18 | Rake $0.36
Board [6h Ah 6d]
Seat 4: fabricio004 (button) (small blind) folded on the Flop
Seat 5: GarryMcCoy (big blind) collected ($17.64)


PokerStars Hand #152500143782:  Hold'em Limit ($3/$6 USD) - 2016/04/26 20:58:41 ET
Table 'Phyleus' 6-max Seat #5 is the button
Seat 4: fabricio004 ($190.60 in chips)
Seat 5: GarryMcCoy ($92.57 in chips)
GarryMcCoy: posts small blind $1
fabricio004: posts big blind $3
*** HOLE CARDS ***
GarryMcCoy: raises $3 to $6
fabricio004: raises $3 to $9
GarryMcCoy: calls $3
*** FLOP *** [2h Js Ts]
fabricio004: bets $3
GarryMcCoy: raises $3 to $6
fabricio004: raises $3 to $9
GarryMcCoy: calls $3
*** TURN *** [2h Js Ts] [2c]
fabricio004: checks
GarryMcCoy: bets $6
fabricio004: calls $6
*** RIVER *** [2h Js Ts 2c] [6c]
fabricio004: checks
GarryMcCoy: bets $6
fabricio004: calls $6
*** SHOW DOWN ***
GarryMcCoy: shows [Jh Ks] (two pair, Jacks and Deuces)
fabricio004: mucks hand
GarryMcCoy collected $59.50 from pot
*** SUMMARY ***
Total pot $60 | Rake $0.50
Board [2h Js Ts 2c 6c]
Seat 4: fabricio004 (big blind) mucked
Seat 5: GarryMcCoy (button) (small blind) showed [Jh Ks] and won ($59.50) with two pair, Jacks and Deuces


PokerStars Hand #152500132385:  Hold'em Limit ($3/$6 USD) - 2016/04/26 20:58:10 ET
Table 'Phyleus' 6-max Seat #4 is the button
Seat 4: fabricio004 ($211.60 in chips)
Seat 5: GarryMcCoy ($72.07 in chips)
fabricio004: posts small blind $1
GarryMcCoy: posts big blind $3
*** HOLE CARDS ***
fabricio004: calls $2
GarryMcCoy: raises $3 to $6
fabricio004: calls $3
*** FLOP *** [Td Kh Jd]
GarryMcCoy: bets $3
fabricio004: calls $3
*** TURN *** [Td Kh Jd] [4c]
GarryMcCoy: bets $6
fabricio004: calls $6
*** RIVER *** [Td Kh Jd 4c] [6c]
GarryMcCoy: bets $6
fabricio004: calls $6
*** SHOW DOWN ***
GarryMcCoy: shows [9c Qc] (a straight, Nine to King)
fabricio004: mucks hand
GarryMcCoy collected $41.50 from pot
*** SUMMARY ***
Total pot $42 | Rake $0.50
Board [Td Kh Jd 4c 6c]
Seat 4: fabricio004 (button) (small blind) mucked
Seat 5: GarryMcCoy (big blind) showed [9c Qc] and won ($41.50) with a straight, Nine to King


PokerStars Hand #152500170105:  Hold'em Limit ($3/$6 USD) - 2016/04/26 20:59:54 ET
Table 'Phyleus' 6-max Seat #5 is the button
Seat 4: fabricio004 ($145.10 in chips)
Seat 5: GarryMcCoy ($136.21 in chips)
GarryMcCoy: posts small blind $1
fabricio004: posts big blind $3
*** HOLE CARDS ***
GarryMcCoy: raises $3 to $6
fabricio004: calls $3
*** FLOP *** [Kh 8s 6h]
fabricio004: checks
GarryMcCoy: bets $3
fabricio004: calls $3
*** TURN *** [Kh 8s 6h] [Ad]
fabricio004: bets $6
GarryMcCoy: calls $6
*** RIVER *** [Kh 8s 6h Ad] [Tc]
fabricio004: bets $6
GarryMcCoy: calls $6
*** SHOW DOWN ***
fabricio004: shows [4c 8d] (a pair of Eights)
GarryMcCoy: shows [Qd Kc] (a pair of Kings)
GarryMcCoy collected $41.50 from pot
*** SUMMARY ***
Total pot $42 | Rake $0.50
Board [Kh 8s 6h Ad Tc]
Seat 4: fabricio004 (big blind) showed [4c 8d] and lost with a pair of Eights
Seat 5: GarryMcCoy (button) (small blind) showed [Qd Kc] and won ($41.50) with a pair of Kings


PokerStars Hand #152500164566:  Hold'em Limit ($3/$6 USD) - 2016/04/26 20:59:39 ET
Table 'Phyleus' 6-max Seat #4 is the button
Seat 4: fabricio004 ($124.60 in chips)
Seat 5: GarryMcCoy ($157.21 in chips)
fabricio004: posts small blind $1
GarryMcCoy: posts big blind $3
*** HOLE CARDS ***
fabricio004: calls $2
GarryMcCoy: raises $3 to $6
fabricio004: calls $3
*** FLOP *** [3c 3h 4c]
GarryMcCoy: bets $3
fabricio004: calls $3
*** TURN *** [3c 3h 4c] [2d]
GarryMcCoy: bets $6
fabricio004: calls $6
*** RIVER *** [3c 3h 4c 2d] [Kh]
GarryMcCoy: checks
fabricio004: bets $6
GarryMcCoy: calls $6
*** SHOW DOWN ***
fabricio004: shows [8h Kd] (two pair, Kings and Threes)
GarryMcCoy: mucks hand
fabricio004 collected $41.50 from pot
*** SUMMARY ***
Total pot $42 | Rake $0.50
Board [3c 3h 4c 2d Kh]
Seat 4: fabricio004 (button) (small blind) showed [8h Kd] and won ($41.50) with two pair, Kings and Threes
Seat 5: GarryMcCoy (big blind) mucked


PokerStars Hand #152500156853:  Hold'em Limit ($3/$6 USD) - 2016/04/26 20:59:17 ET
Table 'Phyleus' 6-max Seat #5 is the button
Seat 4: fabricio004 ($151.60 in chips)
Seat 5: GarryMcCoy ($130.71 in chips)
GarryMcCoy: posts small blind $1
fabricio004: posts big blind $3
*** HOLE CARDS ***
GarryMcCoy: raises $3 to $6
fabricio004: raises $3 to $9
GarryMcCoy: calls $3
*** FLOP *** [Td 8d 2d]
fabricio004: bets $3
GarryMcCoy: raises $3 to $6
fabricio004: calls $3
*** TURN *** [Td 8d 2d] [6d]
fabricio004: checks
GarryMcCoy: bets $6
fabricio004: calls $6
*** RIVER *** [Td 8d 2d 6d] [4s]
fabricio004: checks
GarryMcCoy: bets $6
fabricio004: calls $6
*** SHOW DOWN ***
GarryMcCoy: shows [Ad Jh] (a flush, Ace high)
fabricio004: mucks hand
GarryMcCoy collected $53.50 from pot
*** SUMMARY ***
Total pot $54 | Rake $0.50
Board [Td 8d 2d 6d 4s]
Seat 4: fabricio004 (big blind) mucked
Seat 5: GarryMcCoy (button) (small blind) showed [Ad Jh] and won ($53.50) with a flush, Ace high


PokerStars Hand #152500205070:  Hold'em Limit ($3/$6 USD) - 2016/04/26 21:01:25 ET
Table 'Phyleus' 6-max Seat #4 is the button
Seat 4: fabricio004 ($120.38 in chips)
Seat 5: GarryMcCoy ($159.21 in chips)
fabricio004: posts small blind $1
GarryMcCoy: posts big blind $3
*** HOLE CARDS ***
fabricio004: raises $3 to $6
GarryMcCoy: folds
Uncalled bet ($3) returned to fabricio004
fabricio004 collected $6 from pot
fabricio004: doesn't show hand
*** SUMMARY ***
Total pot $6 | Rake $0
Seat 4: fabricio004 (button) (small blind) collected ($6)
Seat 5: GarryMcCoy (big blind) folded before Flop


PokerStars Hand #152500192666:  Hold'em Limit ($3/$6 USD) - 2016/04/26 21:00:54 ET
Table 'Phyleus' 6-max Seat #5 is the button
Seat 4: fabricio004 ($144.38 in chips)
Seat 5: GarryMcCoy ($135.71 in chips)
GarryMcCoy: posts small blind $1
fabricio004: posts big blind $3
*** HOLE CARDS ***
GarryMcCoy: raises $3 to $6
fabricio004: raises $3 to $9
GarryMcCoy: calls $3
*** FLOP *** [9h 6h 6d]
fabricio004: checks
GarryMcCoy: bets $3
fabricio004: calls $3
*** TURN *** [9h 6h 6d] [4h]
fabricio004: checks
GarryMcCoy: bets $6
fabricio004: calls $6
*** RIVER *** [9h 6h 6d 4h] [Ah]
fabricio004: bets $6
GarryMcCoy: calls $6
*** SHOW DOWN ***
fabricio004: shows [Jd Qs] (a pair of Sixes)
GarryMcCoy: shows [7d 8h] (a flush, Ace high)
GarryMcCoy collected $47.50 from pot
*** SUMMARY ***
Total pot $48 | Rake $0.50
Board [9h 6h 6d 4h Ah]
Seat 4: fabricio004 (big blind) showed [Jd Qs] and lost with a pair of Sixes
Seat 5: GarryMcCoy (button) (small blind) showed [7d 8h] and won ($47.50) with a flush, Ace high


PokerStars Hand #152500178072:  Hold'em Limit ($3/$6 USD) - 2016/04/26 21:00:16 ET
Table 'Phyleus' 6-max Seat #4 is the button
Seat 4: fabricio004 ($124.10 in chips)
Seat 5: GarryMcCoy ($156.71 in chips)
fabricio004: posts small blind $1
GarryMcCoy: posts big blind $3
*** HOLE CARDS ***
fabricio004: raises $3 to $6
GarryMcCoy: raises $3 to $9
fabricio004: raises $3 to $12
Betting is capped
GarryMcCoy: calls $3
*** FLOP *** [4h 2h Td]
GarryMcCoy: checks
fabricio004: checks
*** TURN *** [4h 2h Td] [9c]
GarryMcCoy: checks
fabricio004: checks
*** RIVER *** [4h 2h Td 9c] [8d]
GarryMcCoy: checks
fabricio004: checks
*** SHOW DOWN ***
GarryMcCoy: shows [Qc 6c] (high card Queen)
fabricio004: shows [Kc Jd] (high card King)
fabricio004 collected $23.52 from pot
*** SUMMARY ***
Total pot $24 | Rake $0.48
Board [4h 2h Td 9c 8d]
Seat 4: fabricio004 (button) (small blind) showed [Kc Jd] and won ($23.52) with high card King
Seat 5: GarryMcCoy (big blind) showed [Qc 6c] and lost with high card Queen


PokerStars Hand #152500185570:  Hold'em Limit ($3/$6 USD) - 2016/04/26 21:00:36 ET
Table 'Phyleus' 6-max Seat #5 is the button
Seat 4: fabricio004 ($135.62 in chips)
Seat 5: GarryMcCoy ($144.71 in chips)
GarryMcCoy: posts small blind $1
fabricio004: posts big blind $3
*** HOLE CARDS ***
GarryMcCoy: raises $3 to $6
fabricio004: calls $3
*** FLOP *** [8c Js Qs]
fabricio004: bets $3
GarryMcCoy: folds
Uncalled bet ($3) returned to fabricio004
fabricio004 collected $11.76 from pot
fabricio004: doesn't show hand
*** SUMMARY ***
Total pot $12 | Rake $0.24
Board [8c Js Qs]
Seat 4: fabricio004 (big blind) collected ($11.76)
Seat 5: GarryMcCoy (button) (small blind) folded on the Flop


PokerStars Hand #152500189467:  Hold'em Limit ($3/$6 USD) - 2016/04/26 21:00:46 ET
Table 'Phyleus' 6-max Seat #4 is the button
Seat 4: fabricio004 ($141.38 in chips)
Seat 5: GarryMcCoy ($138.71 in chips)
fabricio004: posts small blind $1
GarryMcCoy: posts big blind $3
*** HOLE CARDS ***
fabricio004: raises $3 to $6
GarryMcCoy: folds
Uncalled bet ($3) returned to fabricio004
fabricio004 collected $6 from pot
fabricio004: doesn't show hand
*** SUMMARY ***
Total pot $6 | Rake $0
Seat 4: fabricio004 (button) (small blind) collected ($6)
Seat 5: GarryMcCoy (big blind) folded before Flop


PokerStars Hand #152500207540:  Hold'em Limit ($3/$6 USD) - 2016/04/26 21:01:32 ET
Table 'Phyleus' 6-max Seat #5 is the button
Seat 4: fabricio004 ($123.38 in chips)
Seat 5: GarryMcCoy ($156.21 in chips)
GarryMcCoy: posts small blind $1
fabricio004: posts big blind $3
*** HOLE CARDS ***
GarryMcCoy: folds
Uncalled bet ($2) returned to fabricio004
fabricio004 collected $2 from pot
fabricio004: doesn't show hand
*** SUMMARY ***
Total pot $2 | Rake $0
Seat 4: fabricio004 (big blind) collected ($2)
Seat 5: GarryMcCoy (button) (small blind) folded before Flop


PokerStars Hand #152500209538:  Hold'em Limit ($3/$6 USD) - 2016/04/26 21:01:36 ET
Table 'Phyleus' 6-max Seat #4 is the button
Seat 4: fabricio004 ($124.38 in chips)
Seat 5: GarryMcCoy ($155.21 in chips)
fabricio004: posts small blind $1
GarryMcCoy: posts big blind $3
*** HOLE CARDS ***
fabricio004: folds
Uncalled bet ($2) returned to GarryMcCoy
GarryMcCoy collected $2 from pot
GarryMcCoy: doesn't show hand
*** SUMMARY ***
Total pot $2 | Rake $0
Seat 4: fabricio004 (button) (small blind) folded before Flop
Seat 5: GarryMcCoy (big blind) collected ($2)


PokerStars Hand #152500212206:  Hold'em Limit ($3/$6 USD) - 2016/04/26 21:01:42 ET
Table 'Phyleus' 6-max Seat #5 is the button
Seat 4: fabricio004 ($123.38 in chips)
Seat 5: GarryMcCoy ($156.21 in chips)
GarryMcCoy: posts small blind $1
fabricio004: posts big blind $3
*** HOLE CARDS ***
GarryMcCoy: raises $3 to $6
fabricio004: raises $3 to $9
GarryMcCoy: calls $3
*** FLOP *** [Kd 7d 7c]
fabricio004: bets $3
GarryMcCoy: calls $3
*** TURN *** [Kd 7d 7c] [Kc]
fabricio004: bets $6
GarryMcCoy: calls $6
*** RIVER *** [Kd 7d 7c Kc] [As]
fabricio004: bets $6
GarryMcCoy: calls $6
*** SHOW DOWN ***
fabricio004: shows [Ad Qh] (two pair, Aces and Kings)
GarryMcCoy: shows [7s 6h] (a full house, Sevens full of Kings)
GarryMcCoy collected $47.50 from pot
*** SUMMARY ***
Total pot $48 | Rake $0.50
Board [Kd 7d 7c Kc As]
Seat 4: fabricio004 (big blind) showed [Ad Qh] and lost with two pair, Aces and Kings
Seat 5: GarryMcCoy (button) (small blind) showed [7s 6h] and won ($47.50) with a full house, Sevens full of Kings


PokerStars Hand #152500221631:  Hold'em Limit ($3/$6 USD) - 2016/04/26 21:02:06 ET
Table 'Phyleus' 6-max Seat #5 is the button
Seat 4: fabricio004 ($102.38 in chips)
Seat 5: GarryMcCoy ($176.71 in chips)
GarryMcCoy: posts small blind $1
fabricio004: posts big blind $3
*** HOLE CARDS ***
GarryMcCoy: folds
Uncalled bet ($2) returned to fabricio004
fabricio004 collected $2 from pot
fabricio004: doesn't show hand
*** SUMMARY ***
Total pot $2 | Rake $0
Seat 4: fabricio004 (big blind) collected ($2)
Seat 5: GarryMcCoy (button) (small blind) folded before Flop


PokerStars Hand #152500218536:  Hold'em Limit ($3/$6 USD) - 2016/04/26 21:01:59 ET
Table 'Phyleus' 6-max Seat #4 is the button
Seat 4: fabricio004 ($99.38 in chips)
Seat 5: GarryMcCoy ($179.71 in chips)
fabricio004: posts small blind $1
GarryMcCoy: posts big blind $3
*** HOLE CARDS ***
fabricio004: raises $3 to $6
GarryMcCoy: folds
Uncalled bet ($3) returned to fabricio004
fabricio004 collected $6 from pot
fabricio004: doesn't show hand
*** SUMMARY ***
Total pot $6 | Rake $0
Seat 4: fabricio004 (button) (small blind) collected ($6)
Seat 5: GarryMcCoy (big blind) folded before Flop


PokerStars Hand #152500225972:  Hold'em Limit ($3/$6 USD) - 2016/04/26 21:02:16 ET
Table 'Phyleus' 6-max Seat #5 is the button
Seat 4: fabricio004 ($102.38 in chips)
Seat 5: GarryMcCoy ($176.71 in chips)
GarryMcCoy: posts small blind $1
fabricio004: posts big blind $3
*** HOLE CARDS ***
GarryMcCoy: raises $3 to $6
fabricio004: folds
Uncalled bet ($3) returned to GarryMcCoy
GarryMcCoy collected $6 from pot
GarryMcCoy: doesn't show hand
*** SUMMARY ***
Total pot $6 | Rake $0
Seat 4: fabricio004 (big blind) folded before Flop
Seat 5: GarryMcCoy (button) (small blind) collected ($6)


PokerStars Hand #152500223502:  Hold'em Limit ($3/$6 USD) - 2016/04/26 21:02:11 ET
Table 'Phyleus' 6-max Seat #4 is the button
Seat 4: fabricio004 ($103.38 in chips)
Seat 5: GarryMcCoy ($175.71 in chips)
fabricio004: posts small blind $1
GarryMcCoy: posts big blind $3
*** HOLE CARDS ***
fabricio004: folds
Uncalled bet ($2) returned to GarryMcCoy
GarryMcCoy collected $2 from pot
GarryMcCoy: doesn't show hand
*** SUMMARY ***
Total pot $2 | Rake $0
Seat 4: fabricio004 (button) (small blind) folded before Flop
Seat 5: GarryMcCoy (big blind) collected ($2)


PokerStars Hand #152500230329:  Hold'em Limit ($3/$6 USD) - 2016/04/26 21:02:27 ET
Table 'Phyleus' 6-max Seat #5 is the button
Seat 4: fabricio004 ($98.38 in chips)
Seat 5: GarryMcCoy ($180.71 in chips)
GarryMcCoy: posts small blind $1
fabricio004: posts big blind $3
*** HOLE CARDS ***
GarryMcCoy: folds
Uncalled bet ($2) returned to fabricio004
fabricio004 collected $2 from pot
fabricio004: doesn't show hand
*** SUMMARY ***
Total pot $2 | Rake $0
Seat 4: fabricio004 (big blind) collected ($2)
Seat 5: GarryMcCoy (button) (small blind) folded before Flop


PokerStars Hand #152500228239:  Hold'em Limit ($3/$6 USD) - 2016/04/26 21:02:21 ET
Table 'Phyleus' 6-max Seat #4 is the button
Seat 4: fabricio004 ($99.38 in chips)
Seat 5: GarryMcCoy ($179.71 in chips)
fabricio004: posts small blind $1
GarryMcCoy: posts big blind $3
*** HOLE CARDS ***
fabricio004: folds
Uncalled bet ($2) returned to GarryMcCoy
GarryMcCoy collected $2 from pot
GarryMcCoy: doesn't show hand
*** SUMMARY ***
Total pot $2 | Rake $0
Seat 4: fabricio004 (button) (small blind) folded before Flop
Seat 5: GarryMcCoy (big blind) collected ($2)


PokerStars Hand #152500232202:  Hold'em Limit ($3/$6 USD) - 2016/04/26 21:02:31 ET
Table 'Phyleus' 6-max Seat #4 is the button
Seat 4: fabricio004 ($99.38 in chips)
Seat 5: GarryMcCoy ($179.71 in chips)
fabricio004: posts small blind $1
GarryMcCoy: posts big blind $3
*** HOLE CARDS ***
fabricio004: raises $3 to $6
GarryMcCoy: calls $3
*** FLOP *** [5s 7c 6d]
GarryMcCoy: checks
fabricio004: bets $3
GarryMcCoy: calls $3
*** TURN *** [5s 7c 6d] [2c]
GarryMcCoy: checks
fabricio004: bets $6
GarryMcCoy: calls $6
*** RIVER *** [5s 7c 6d 2c] [2h]
GarryMcCoy: checks
fabricio004: bets $6
GarryMcCoy: calls $6
*** SHOW DOWN ***
fabricio004: shows [Qc Qs] (two pair, Queens and Deuces)
GarryMcCoy: mucks hand
fabricio004 collected $41.50 from pot
*** SUMMARY ***
Total pot $42 | Rake $0.50
Board [5s 7c 6d 2c 2h]
Seat 4: fabricio004 (button) (small blind) showed [Qc Qs] and won ($41.50) with two pair, Queens and Deuces
Seat 5: GarryMcCoy (big blind) mucked


PokerStars Hand #152500246356:  Hold'em Limit ($3/$6 USD) - 2016/04/26 21:03:06 ET
Table 'Phyleus' 6-max Seat #5 is the button
Seat 4: fabricio004 ($119.88 in chips)
Seat 5: GarryMcCoy ($158.71 in chips)
GarryMcCoy: posts small blind $1
fabricio004: posts big blind $3
*** HOLE CARDS ***
GarryMcCoy: raises $3 to $6
fabricio004: calls $3
*** FLOP *** [2c 5d 6d]
fabricio004: checks
GarryMcCoy: bets $3
fabricio004: calls $3
*** TURN *** [2c 5d 6d] [4c]
fabricio004: checks
GarryMcCoy: checks
*** RIVER *** [2c 5d 6d 4c] [2d]
fabricio004: bets $6
GarryMcCoy: calls $6
*** SHOW DOWN ***
fabricio004: shows [3s 6s] (a straight, Deuce to Six)
GarryMcCoy: mucks hand
fabricio004 collected $29.50 from pot
*** SUMMARY ***
Total pot $30 | Rake $0.50
Board [2c 5d 6d 4c 2d]
Seat 4: fabricio004 (big blind) showed [3s 6s] and won ($29.50) with a straight, Deuce to Six
Seat 5: GarryMcCoy (button) (small blind) mucked


PokerStars Hand #152500253067:  Hold'em Limit ($3/$6 USD) - 2016/04/26 21:03:22 ET
Table 'Phyleus' 6-max Seat #4 is the button
Seat 4: fabricio004 ($134.38 in chips)
Seat 5: GarryMcCoy ($143.71 in chips)
fabricio004: posts small blind $1
GarryMcCoy: posts big blind $3
*** HOLE CARDS ***
fabricio004: raises $3 to $6
GarryMcCoy: raises $3 to $9
fabricio004: calls $3
*** FLOP *** [Kd 2c 2s]
GarryMcCoy: bets $3
fabricio004: raises $3 to $6
GarryMcCoy: calls $3
*** TURN *** [Kd 2c 2s] [8h]
GarryMcCoy: checks
fabricio004: checks
*** RIVER *** [Kd 2c 2s 8h] [6h]
GarryMcCoy: bets $6
fabricio004: calls $6
*** SHOW DOWN ***
GarryMcCoy: shows [8s 7s] (two pair, Eights and Deuces)
fabricio004: mucks hand
GarryMcCoy collected $41.50 from pot
*** SUMMARY ***
Total pot $42 | Rake $0.50
Board [Kd 2c 2s 8h 6h]
Seat 4: fabricio004 (button) (small blind) mucked
Seat 5: GarryMcCoy (big blind) showed [8s 7s] and won ($41.50) with two pair, Eights and Deuces


PokerStars Hand #152500270335:  Hold'em Limit ($3/$6 USD) - 2016/04/26 21:04:04 ET
Table 'Phyleus' 6-max Seat #4 is the button
Seat 4: fabricio004 ($86.38 in chips)
Seat 5: GarryMcCoy ($190.71 in chips)
fabricio004: posts small blind $1
GarryMcCoy: posts big blind $3
*** HOLE CARDS ***
fabricio004: raises $3 to $6
GarryMcCoy: folds
Uncalled bet ($3) returned to fabricio004
fabricio004 collected $6 from pot
fabricio004: doesn't show hand
*** SUMMARY ***
Total pot $6 | Rake $0
Seat 4: fabricio004 (button) (small blind) collected ($6)
Seat 5: GarryMcCoy (big blind) folded before Flop


PokerStars Hand #152500261598:  Hold'em Limit ($3/$6 USD) - 2016/04/26 21:03:43 ET
Table 'Phyleus' 6-max Seat #5 is the button
Seat 4: fabricio004 ($113.38 in chips)
Seat 5: GarryMcCoy ($164.21 in chips)
GarryMcCoy: posts small blind $1
fabricio004: posts big blind $3
*** HOLE CARDS ***
GarryMcCoy: raises $3 to $6
fabricio004: calls $3
*** FLOP *** [Jc 9h Qh]
fabricio004: bets $3
GarryMcCoy: calls $3
*** TURN *** [Jc 9h Qh] [3s]
fabricio004: bets $6
GarryMcCoy: raises $6 to $12
fabricio004: calls $6
*** RIVER *** [Jc 9h Qh 3s] [6d]
fabricio004: checks
GarryMcCoy: bets $6
fabricio004: calls $6
*** SHOW DOWN ***
GarryMcCoy: shows [Jd Jh] (three of a kind, Jacks)
fabricio004: mucks hand
GarryMcCoy collected $53.50 from pot
*** SUMMARY ***
Total pot $54 | Rake $0.50
Board [Jc 9h Qh 3s 6d]
Seat 4: fabricio004 (big blind) mucked
Seat 5: GarryMcCoy (button) (small blind) showed [Jd Jh] and won ($53.50) with three of a kind, Jacks


PokerStars Hand #152500272953:  Hold'em Limit ($3/$6 USD) - 2016/04/26 21:04:10 ET
Table 'Phyleus' 6-max Seat #5 is the button
Seat 4: fabricio004 ($89.38 in chips)
Seat 5: GarryMcCoy ($187.71 in chips)
GarryMcCoy: posts small blind $1
fabricio004: posts big blind $3
*** HOLE CARDS ***
GarryMcCoy: folds
Uncalled bet ($2) returned to fabricio004
fabricio004 collected $2 from pot
fabricio004: doesn't show hand
*** SUMMARY ***
Total pot $2 | Rake $0
Seat 4: fabricio004 (big blind) collected ($2)
Seat 5: GarryMcCoy (button) (small blind) folded before Flop


PokerStars Hand #152500275009:  Hold'em Limit ($3/$6 USD) - 2016/04/26 21:04:15 ET
Table 'Phyleus' 6-max Seat #4 is the button
Seat 4: fabricio004 ($90.38 in chips)
Seat 5: GarryMcCoy ($186.71 in chips)
fabricio004: posts small blind $1
GarryMcCoy: posts big blind $3
*** HOLE CARDS ***
fabricio004: calls $2
GarryMcCoy said, ""
GarryMcCoy: checks
*** FLOP *** [3h 2h Qh]
GarryMcCoy: bets $3
fabricio004: folds
Uncalled bet ($3) returned to GarryMcCoy
GarryMcCoy collected $5.88 from pot
GarryMcCoy: doesn't show hand
*** SUMMARY ***
Total pot $6 | Rake $0.12
Board [3h 2h Qh]
Seat 4: fabricio004 (button) (small blind) folded on the Flop
Seat 5: GarryMcCoy (big blind) collected ($5.88)


PokerStars Hand #152500290806:  Hold'em Limit ($3/$6 USD) - 2016/04/26 21:04:53 ET
Table 'Phyleus' 6-max Seat #4 is the button
Seat 4: fabricio004 ($88.38 in chips)
Seat 5: GarryMcCoy ($188.59 in chips)
fabricio004: posts small blind $1
GarryMcCoy: posts big blind $3
*** HOLE CARDS ***
fabricio004: folds
Uncalled bet ($2) returned to GarryMcCoy
GarryMcCoy collected $2 from pot
GarryMcCoy: doesn't show hand
*** SUMMARY ***
Total pot $2 | Rake $0
Seat 4: fabricio004 (button) (small blind) folded before Flop
Seat 5: GarryMcCoy (big blind) collected ($2)


PokerStars Hand #152500282316:  Hold'em Limit ($3/$6 USD) - 2016/04/26 21:04:32 ET
Table 'Phyleus' 6-max Seat #5 is the button
Seat 4: fabricio004 ($87.38 in chips)
Seat 5: GarryMcCoy ($189.59 in chips)
GarryMcCoy: posts small blind $1
fabricio004: posts big blind $3
*** HOLE CARDS ***
GarryMcCoy: folds
Uncalled bet ($2) returned to fabricio004
fabricio004 collected $2 from pot
fabricio004: doesn't show hand
*** SUMMARY ***
Total pot $2 | Rake $0
Seat 4: fabricio004 (big blind) collected ($2)
Seat 5: GarryMcCoy (button) (small blind) folded before Flop


PokerStars Hand #152500292906:  Hold'em Limit ($3/$6 USD) - 2016/04/26 21:04:58 ET
Table 'Phyleus' 6-max Seat #5 is the button
Seat 4: fabricio004 ($87.38 in chips)
Seat 5: GarryMcCoy ($189.59 in chips)
GarryMcCoy: posts small blind $1
fabricio004: posts big blind $3
*** HOLE CARDS ***
GarryMcCoy: folds
Uncalled bet ($2) returned to fabricio004
fabricio004 collected $2 from pot
fabricio004: doesn't show hand
*** SUMMARY ***
Total pot $2 | Rake $0
Seat 4: fabricio004 (big blind) collected ($2)
Seat 5: GarryMcCoy (button) (small blind) folded before Flop


PokerStars Hand #152500298611:  Hold'em Limit ($3/$6 USD) - 2016/04/26 21:05:11 ET
Table 'Phyleus' 6-max Seat #4 is the button
Seat 4: fabricio004 ($88.38 in chips)
Seat 5: GarryMcCoy ($188.59 in chips)
fabricio004: posts small blind $1
GarryMcCoy: posts big blind $3
*** HOLE CARDS ***
fabricio004: folds
Uncalled bet ($2) returned to GarryMcCoy
GarryMcCoy collected $2 from pot
GarryMcCoy: doesn't show hand
*** SUMMARY ***
Total pot $2 | Rake $0
Seat 4: fabricio004 (button) (small blind) folded before Flop
Seat 5: GarryMcCoy (big blind) collected ($2)


PokerStars Hand #152500303817:  Hold'em Limit ($3/$6 USD) - 2016/04/26 21:05:23 ET
Table 'Phyleus' 6-max Seat #4 is the button
Seat 4: fabricio004 ($88.38 in chips)
Seat 5: GarryMcCoy ($188.59 in chips)
fabricio004: posts small blind $1
GarryMcCoy: posts big blind $3
*** HOLE CARDS ***
fabricio004: raises $3 to $6
GarryMcCoy: folds
Uncalled bet ($3) returned to fabricio004
fabricio004 collected $6 from pot
fabricio004: doesn't show hand
*** SUMMARY ***
Total pot $6 | Rake $0
Seat 4: fabricio004 (button) (small blind) collected ($6)
Seat 5: GarryMcCoy (big blind) folded before Flop


PokerStars Hand #152500301816:  Hold'em Limit ($3/$6 USD) - 2016/04/26 21:05:18 ET
Table 'Phyleus' 6-max Seat #5 is the button
Seat 4: fabricio004 ($87.38 in chips)
Seat 5: GarryMcCoy ($189.59 in chips)
GarryMcCoy: posts small blind $1
fabricio004: posts big blind $3
*** HOLE CARDS ***
GarryMcCoy: folds
Uncalled bet ($2) returned to fabricio004
fabricio004 collected $2 from pot
fabricio004: doesn't show hand
*** SUMMARY ***
Total pot $2 | Rake $0
Seat 4: fabricio004 (big blind) collected ($2)
Seat 5: GarryMcCoy (button) (small blind) folded before Flop


PokerStars Hand #152500307235:  Hold'em Limit ($3/$6 USD) - 2016/04/26 21:05:31 ET
Table 'Phyleus' 6-max Seat #5 is the button
Seat 4: fabricio004 ($91.38 in chips)
Seat 5: GarryMcCoy ($185.59 in chips)
GarryMcCoy: posts small blind $1
fabricio004: posts big blind $3
*** HOLE CARDS ***
GarryMcCoy: raises $3 to $6
fabricio004: folds
Uncalled bet ($3) returned to GarryMcCoy
GarryMcCoy collected $6 from pot
GarryMcCoy: doesn't show hand
*** SUMMARY ***
Total pot $6 | Rake $0
Seat 4: fabricio004 (big blind) folded before Flop
Seat 5: GarryMcCoy (button) (small blind) collected ($6)


PokerStars Hand #152500330161:  Hold'em Limit ($3/$6 USD) - 2016/04/26 21:06:26 ET
Table 'Phyleus' 6-max Seat #5 is the button
Seat 4: fabricio004 ($82.38 in chips)
Seat 5: GarryMcCoy ($194.35 in chips)
GarryMcCoy: posts small blind $1
fabricio004: posts big blind $3
*** HOLE CARDS ***
GarryMcCoy: folds
Uncalled bet ($2) returned to fabricio004
fabricio004 collected $2 from pot
fabricio004: doesn't show hand
*** SUMMARY ***
Total pot $2 | Rake $0
Seat 4: fabricio004 (big blind) collected ($2)
Seat 5: GarryMcCoy (button) (small blind) folded before Flop


PokerStars Hand #152500309734:  Hold'em Limit ($3/$6 USD) - 2016/04/26 21:05:37 ET
Table 'Phyleus' 6-max Seat #4 is the button
Seat 4: fabricio004 ($88.38 in chips)
Seat 5: GarryMcCoy ($188.59 in chips)
fabricio004: posts small blind $1
GarryMcCoy: posts big blind $3
*** HOLE CARDS ***
fabricio004: calls $2
GarryMcCoy: checks
*** FLOP *** [9s 6c Ad]
GarryMcCoy: checks
fabricio004: bets $3
GarryMcCoy: calls $3
*** TURN *** [9s 6c Ad] [2s]
GarryMcCoy: checks
fabricio004: checks
*** RIVER *** [9s 6c Ad 2s] [6d]
GarryMcCoy: checks
fabricio004: checks
*** SHOW DOWN ***
GarryMcCoy: shows [Th 8s] (a pair of Sixes)
fabricio004: mucks hand
GarryMcCoy collected $11.76 from pot
*** SUMMARY ***
Total pot $12 | Rake $0.24
Board [9s 6c Ad 2s 6d]
Seat 4: fabricio004 (button) (small blind) mucked
Seat 5: GarryMcCoy (big blind) showed [Th 8s] and won ($11.76) with a pair of Sixes


PokerStars Hand #152500360922:  Hold'em Limit ($3/$6 USD) - 2016/04/26 21:07:20 ET
Table 'Phyleus' 6-max Seat #5 is the button
Seat 4: fabricio004 ($69.14 in chips)
Seat 5: GarryMcCoy ($206.85 in chips)
GarryMcCoy: posts small blind $1
fabricio004: posts big blind $3
*** HOLE CARDS ***
GarryMcCoy: raises $3 to $6
fabricio004: calls $3
*** FLOP *** [7c Ad Ah]
fabricio004: bets $3
GarryMcCoy: folds
Uncalled bet ($3) returned to fabricio004
fabricio004 collected $11.76 from pot
fabricio004: doesn't show hand
*** SUMMARY ***
Total pot $12 | Rake $0.24
Board [7c Ad Ah]
Seat 4: fabricio004 (big blind) collected ($11.76)
Seat 5: GarryMcCoy (button) (small blind) folded on the Flop


PokerStars Hand #152500342146:  Hold'em Limit ($3/$6 USD) - 2016/04/26 21:06:36 ET
Table 'Phyleus' 6-max Seat #5 is the button
Seat 4: fabricio004 ($82.38 in chips)
Seat 5: GarryMcCoy ($194.35 in chips)
GarryMcCoy: posts small blind $1
fabricio004: posts big blind $3
*** HOLE CARDS ***
GarryMcCoy: raises $3 to $6
fabricio004: folds
Uncalled bet ($3) returned to GarryMcCoy
GarryMcCoy collected $6 from pot
GarryMcCoy: doesn't show hand
*** SUMMARY ***
Total pot $6 | Rake $0
Seat 4: fabricio004 (big blind) folded before Flop
Seat 5: GarryMcCoy (button) (small blind) collected ($6)


PokerStars Hand #152500332185:  Hold'em Limit ($3/$6 USD) - 2016/04/26 21:06:30 ET
Table 'Phyleus' 6-max Seat #4 is the button
Seat 4: fabricio004 ($83.38 in chips)
Seat 5: GarryMcCoy ($193.35 in chips)
fabricio004: posts small blind $1
GarryMcCoy: posts big blind $3
*** HOLE CARDS ***
fabricio004: folds
Uncalled bet ($2) returned to GarryMcCoy
GarryMcCoy collected $2 from pot
GarryMcCoy: doesn't show hand
*** SUMMARY ***
Total pot $2 | Rake $0
Seat 4: fabricio004 (button) (small blind) folded before Flop
Seat 5: GarryMcCoy (big blind) collected ($2)


PokerStars Hand #152500344612:  Hold'em Limit ($3/$6 USD) - 2016/04/26 21:06:41 ET
Table 'Phyleus' 6-max Seat #4 is the button
Seat 4: fabricio004 ($79.38 in chips)
Seat 5: GarryMcCoy ($197.35 in chips)
fabricio004: posts small blind $1
GarryMcCoy: posts big blind $3
*** HOLE CARDS ***
fabricio004: folds
Uncalled bet ($2) returned to GarryMcCoy
GarryMcCoy collected $2 from pot
GarryMcCoy: doesn't show hand
*** SUMMARY ***
Total pot $2 | Rake $0
Seat 4: fabricio004 (button) (small blind) folded before Flop
Seat 5: GarryMcCoy (big blind) collected ($2)


PokerStars Hand #152500346763:  Hold'em Limit ($3/$6 USD) - 2016/04/26 21:06:47 ET
Table 'Phyleus' 6-max Seat #5 is the button
Seat 4: fabricio004 ($78.38 in chips)
Seat 5: GarryMcCoy ($198.35 in chips)
GarryMcCoy: posts small blind $1
fabricio004: posts big blind $3
*** HOLE CARDS ***
GarryMcCoy: raises $3 to $6
fabricio004: calls $3
*** FLOP *** [2s Ac 2d]
fabricio004: bets $3
GarryMcCoy: folds
Uncalled bet ($3) returned to fabricio004
fabricio004 collected $11.76 from pot
fabricio004: doesn't show hand
*** SUMMARY ***
Total pot $12 | Rake $0.24
Board [2s Ac 2d]
Seat 4: fabricio004 (big blind) collected ($11.76)
Seat 5: GarryMcCoy (button) (small blind) folded on the Flop


PokerStars Hand #152500351522:  Hold'em Limit ($3/$6 USD) - 2016/04/26 21:06:58 ET
Table 'Phyleus' 6-max Seat #4 is the button
Seat 4: fabricio004 ($84.14 in chips)
Seat 5: GarryMcCoy ($192.35 in chips)
fabricio004: posts small blind $1
GarryMcCoy: posts big blind $3
*** HOLE CARDS ***
fabricio004: raises $3 to $6
GarryMcCoy: raises $3 to $9
fabricio004: calls $3
*** FLOP *** [7d Ac Td]
GarryMcCoy: bets $3
fabricio004: raises $3 to $6
GarryMcCoy: calls $3
*** TURN *** [7d Ac Td] [6d]
GarryMcCoy: checks
fabricio004: checks
*** RIVER *** [7d Ac Td 6d] [2s]
GarryMcCoy: bets $6
fabricio004: folds
Uncalled bet ($6) returned to GarryMcCoy
GarryMcCoy collected $29.50 from pot
GarryMcCoy: doesn't show hand
*** SUMMARY ***
Total pot $30 | Rake $0.50
Board [7d Ac Td 6d 2s]
Seat 4: fabricio004 (button) (small blind) folded on the River
Seat 5: GarryMcCoy (big blind) collected ($29.50)


PokerStars Hand #152500365801:  Hold'em Limit ($3/$6 USD) - 2016/04/26 21:07:32 ET
Table 'Phyleus' 6-max Seat #4 is the button
Seat 4: fabricio004 ($74.90 in chips)
Seat 5: GarryMcCoy ($200.85 in chips)
fabricio004: posts small blind $1
GarryMcCoy: posts big blind $3
*** HOLE CARDS ***
fabricio004: raises $3 to $6
GarryMcCoy: calls $3
*** FLOP *** [Ah Tc 3s]
GarryMcCoy: checks
fabricio004: bets $3
GarryMcCoy: folds
Uncalled bet ($3) returned to fabricio004
fabricio004 collected $11.76 from pot
fabricio004: doesn't show hand
*** SUMMARY ***
Total pot $12 | Rake $0.24
Board [Ah Tc 3s]
Seat 4: fabricio004 (button) (small blind) collected ($11.76)
Seat 5: GarryMcCoy (big blind) folded on the Flop


PokerStars Hand #152500373809:  Hold'em Limit ($3/$6 USD) - 2016/04/26 21:07:50 ET
Table 'Phyleus' 6-max Seat #5 is the button
Seat 4: fabricio004 ($80.66 in chips)
Seat 5: GarryMcCoy ($194.85 in chips)
GarryMcCoy: posts small blind $1
fabricio004: posts big blind $3
*** HOLE CARDS ***
GarryMcCoy: raises $3 to $6
fabricio004: calls $3
*** FLOP *** [Th 3d 2s]
fabricio004: checks
GarryMcCoy: bets $3
fabricio004: calls $3
*** TURN *** [Th 3d 2s] [Ks]
fabricio004: checks
GarryMcCoy: bets $6
fabricio004: folds
Uncalled bet ($6) returned to GarryMcCoy
GarryMcCoy collected $17.64 from pot
GarryMcCoy: doesn't show hand
*** SUMMARY ***
Total pot $18 | Rake $0.36
Board [Th 3d 2s Ks]
Seat 4: fabricio004 (big blind) folded on the Turn
Seat 5: GarryMcCoy (button) (small blind) collected ($17.64)


PokerStars Hand #152500387204:  Hold'em Limit ($3/$6 USD) - 2016/04/26 21:08:22 ET
Table 'Phyleus' 6-max Seat #4 is the button
Seat 4: fabricio004 ($71.66 in chips)
Seat 5: GarryMcCoy ($203.49 in chips)
fabricio004: posts small blind $1
GarryMcCoy: posts big blind $3
*** HOLE CARDS ***
fabricio004: raises $3 to $6
GarryMcCoy: calls $3
*** FLOP *** [5h 3h Tc]
GarryMcCoy: checks
fabricio004: checks
*** TURN *** [5h 3h Tc] [Ah]
GarryMcCoy: bets $6
fabricio004: folds
Uncalled bet ($6) returned to GarryMcCoy
GarryMcCoy collected $11.76 from pot
GarryMcCoy: doesn't show hand
*** SUMMARY ***
Total pot $12 | Rake $0.24
Board [5h 3h Tc Ah]
Seat 4: fabricio004 (button) (small blind) folded on the Turn
Seat 5: GarryMcCoy (big blind) collected ($11.76)


PokerStars Hand #152500392555:  Hold'em Limit ($3/$6 USD) - 2016/04/26 21:08:35 ET
Table 'Phyleus' 6-max Seat #5 is the button
Seat 4: fabricio004 ($65.66 in chips)
Seat 5: GarryMcCoy ($209.25 in chips)
GarryMcCoy: posts small blind $1
fabricio004: posts big blind $3
*** HOLE CARDS ***
GarryMcCoy: raises $3 to $6
fabricio004: calls $3
*** FLOP *** [Kc Kh 8d]
fabricio004: bets $3
GarryMcCoy: raises $3 to $6
fabricio004: calls $3
*** TURN *** [Kc Kh 8d] [Ah]
fabricio004: checks
GarryMcCoy: bets $6
fabricio004: calls $6
*** RIVER *** [Kc Kh 8d Ah] [5s]
fabricio004: checks
GarryMcCoy: bets $6
fabricio004: folds
Uncalled bet ($6) returned to GarryMcCoy
GarryMcCoy collected $35.50 from pot
GarryMcCoy: doesn't show hand
*** SUMMARY ***
Total pot $36 | Rake $0.50
Board [Kc Kh 8d Ah 5s]
Seat 4: fabricio004 (big blind) folded on the River
Seat 5: GarryMcCoy (button) (small blind) collected ($35.50)


PokerStars Hand #152500401863:  Hold'em Limit ($3/$6 USD) - 2016/04/26 21:08:57 ET
Table 'Phyleus' 6-max Seat #4 is the button
Seat 4: fabricio004 ($47.66 in chips)
Seat 5: GarryMcCoy ($226.75 in chips)
fabricio004: posts small blind $1
GarryMcCoy: posts big blind $3
*** HOLE CARDS ***
fabricio004: calls $2
GarryMcCoy: raises $3 to $6
fabricio004: calls $3
*** FLOP *** [6c Jd Kh]
GarryMcCoy: bets $3
fabricio004: raises $3 to $6
GarryMcCoy: folds
Uncalled bet ($3) returned to fabricio004
fabricio004 collected $17.64 from pot
fabricio004: doesn't show hand
*** SUMMARY ***
Total pot $18 | Rake $0.36
Board [6c Jd Kh]
Seat 4: fabricio004 (button) (small blind) collected ($17.64)
Seat 5: GarryMcCoy (big blind) folded on the Flop


PokerStars Hand #152500408081:  Hold'em Limit ($3/$6 USD) - 2016/04/26 21:09:12 ET
Table 'Phyleus' 6-max Seat #5 is the button
Seat 4: fabricio004 ($56.30 in chips)
Seat 5: GarryMcCoy ($217.75 in chips)
GarryMcCoy: posts small blind $1
fabricio004: posts big blind $3
*** HOLE CARDS ***
GarryMcCoy: raises $3 to $6
fabricio004: raises $3 to $9
GarryMcCoy: calls $3
*** FLOP *** [4c 4h 5d]
fabricio004: bets $3
GarryMcCoy: raises $3 to $6
fabricio004: calls $3
*** TURN *** [4c 4h 5d] [9c]
fabricio004: checks
GarryMcCoy: bets $6
fabricio004: calls $6
*** RIVER *** [4c 4h 5d 9c] [Qs]
fabricio004: bets $6
GarryMcCoy: calls $6
*** SHOW DOWN ***
fabricio004: shows [6c Kh] (a pair of Fours)
GarryMcCoy: shows [5h 8s] (two pair, Fives and Fours)
GarryMcCoy collected $53.50 from pot
*** SUMMARY ***
Total pot $54 | Rake $0.50
Board [4c 4h 5d 9c Qs]
Seat 4: fabricio004 (big blind) showed [6c Kh] and lost with a pair of Fours
Seat 5: GarryMcCoy (button) (small blind) showed [5h 8s] and won ($53.50) with two pair, Fives and Fours


PokerStars Hand #152500416478:  Hold'em Limit ($3/$6 USD) - 2016/04/26 21:09:32 ET
Table 'Phyleus' 6-max Seat #4 is the button
Seat 4: fabricio004 ($29.30 in chips)
Seat 5: GarryMcCoy ($244.25 in chips)
fabricio004: posts small blind $1
GarryMcCoy: posts big blind $3
*** HOLE CARDS ***
fabricio004: raises $3 to $6
GarryMcCoy: folds
Uncalled bet ($3) returned to fabricio004
fabricio004 collected $6 from pot
fabricio004: doesn't show hand
*** SUMMARY ***
Total pot $6 | Rake $0
Seat 4: fabricio004 (button) (small blind) collected ($6)
Seat 5: GarryMcCoy (big blind) folded before Flop


PokerStars Hand #152500419989:  Hold'em Limit ($3/$6 USD) - 2016/04/26 21:09:40 ET
Table 'Phyleus' 6-max Seat #5 is the button
Seat 4: fabricio004 ($32.30 in chips)
Seat 5: GarryMcCoy ($241.25 in chips)
GarryMcCoy: posts small blind $1
fabricio004: posts big blind $3
*** HOLE CARDS ***
GarryMcCoy: raises $3 to $6
fabricio004: calls $3
*** FLOP *** [3s Tc Ks]
fabricio004: checks
GarryMcCoy: bets $3
fabricio004: folds
Uncalled bet ($3) returned to GarryMcCoy
GarryMcCoy collected $11.76 from pot
GarryMcCoy: doesn't show hand
*** SUMMARY ***
Total pot $12 | Rake $0.24
Board [3s Tc Ks]
Seat 4: fabricio004 (big blind) folded on the Flop
Seat 5: GarryMcCoy (button) (small blind) collected ($11.76)


PokerStars Hand #152500424128:  Hold'em Limit ($3/$6 USD) - 2016/04/26 21:09:50 ET
Table 'Phyleus' 6-max Seat #4 is the button
Seat 4: fabricio004 ($26.30 in chips)
Seat 5: GarryMcCoy ($247.01 in chips)
fabricio004: posts small blind $1
GarryMcCoy: posts big blind $3
*** HOLE CARDS ***
fabricio004: raises $3 to $6
GarryMcCoy: folds
Uncalled bet ($3) returned to fabricio004
fabricio004 collected $6 from pot
fabricio004: doesn't show hand
*** SUMMARY ***
Total pot $6 | Rake $0
Seat 4: fabricio004 (button) (small blind) collected ($6)
Seat 5: GarryMcCoy (big blind) folded before Flop


PokerStars Hand #152500427565:  Hold'em Limit ($3/$6 USD) - 2016/04/26 21:09:59 ET
Table 'Phyleus' 6-max Seat #5 is the button
Seat 4: fabricio004 ($29.30 in chips)
Seat 5: GarryMcCoy ($244.01 in chips)
GarryMcCoy: posts small blind $1
fabricio004: posts big blind $3
*** HOLE CARDS ***
GarryMcCoy: raises $3 to $6
fabricio004: calls $3
*** FLOP *** [Kd 3s 7h]
fabricio004: checks
GarryMcCoy: checks
*** TURN *** [Kd 3s 7h] [Qs]
fabricio004: checks
GarryMcCoy: bets $6
fabricio004: calls $6
*** RIVER *** [Kd 3s 7h Qs] [9s]
fabricio004: checks
GarryMcCoy: bets $6
fabricio004: calls $6
*** SHOW DOWN ***
GarryMcCoy: shows [Qc 8s] (a pair of Queens)
fabricio004: mucks hand
GarryMcCoy collected $35.50 from pot
*** SUMMARY ***
Total pot $36 | Rake $0.50
Board [Kd 3s 7h Qs 9s]
Seat 4: fabricio004 (big blind) mucked
Seat 5: GarryMcCoy (button) (small blind) showed [Qc 8s] and won ($35.50) with a pair of Queens


PokerStars Hand #152500434161:  Hold'em Limit ($3/$6 USD) - 2016/04/26 21:10:15 ET
Table 'Phyleus' 6-max Seat #4 is the button
Seat 4: fabricio004 ($11.30 in chips)
Seat 5: GarryMcCoy ($261.51 in chips)
fabricio004: posts small blind $1
GarryMcCoy: posts big blind $3
*** HOLE CARDS ***
fabricio004: raises $3 to $6
GarryMcCoy: raises $3 to $9
fabricio004: raises $2.30 to $11.30 and is all-in
Betting is capped
GarryMcCoy: calls $2.30
*** FLOP *** [5s 3s 8s]
*** TURN *** [5s 3s 8s] [Ad]
*** RIVER *** [5s 3s 8s Ad] [Qc]
*** SHOW DOWN ***
GarryMcCoy: shows [Tc Kh] (high card Ace)
fabricio004: shows [Ah Kc] (a pair of Aces)
fabricio004 collected $22.15 from pot
*** SUMMARY ***
Total pot $22.60 | Rake $0.45
Board [5s 3s 8s Ad Qc]
Seat 4: fabricio004 (button) (small blind) showed [Ah Kc] and won ($22.15) with a pair of Aces
Seat 5: GarryMcCoy (big blind) showed [Tc Kh] and lost with high card Ace


PokerStars Hand #152500439997:  Hold'em Limit ($3/$6 USD) - 2016/04/26 21:10:29 ET
Table 'Phyleus' 6-max Seat #5 is the button
Seat 4: fabricio004 ($22.15 in chips)
Seat 5: GarryMcCoy ($250.21 in chips)
GarryMcCoy: posts small blind $1
fabricio004: posts big blind $3
*** HOLE CARDS ***
GarryMcCoy: folds
Uncalled bet ($2) returned to fabricio004
fabricio004 collected $2 from pot
fabricio004: doesn't show hand
*** SUMMARY ***
Total pot $2 | Rake $0
Seat 4: fabricio004 (big blind) collected ($2)
Seat 5: GarryMcCoy (button) (small blind) folded before Flop


PokerStars Hand #152500441935:  Hold'em Limit ($3/$6 USD) - 2016/04/26 21:10:33 ET
Table 'Phyleus' 6-max Seat #4 is the button
Seat 4: fabricio004 ($23.15 in chips)
Seat 5: GarryMcCoy ($249.21 in chips)
fabricio004: posts small blind $1
GarryMcCoy: posts big blind $3
*** HOLE CARDS ***
fabricio004: raises $3 to $6
GarryMcCoy: calls $3
*** FLOP *** [9h 2h 7h]
GarryMcCoy: checks
fabricio004: bets $3
GarryMcCoy: folds
Uncalled bet ($3) returned to fabricio004
fabricio004 collected $11.76 from pot
fabricio004: doesn't show hand
*** SUMMARY ***
Total pot $12 | Rake $0.24
Board [9h 2h 7h]
Seat 4: fabricio004 (button) (small blind) collected ($11.76)
Seat 5: GarryMcCoy (big blind) folded on the Flop


PokerStars Hand #152500448683:  Hold'em Limit ($3/$6 USD) - 2016/04/26 21:10:50 ET
Table 'Phyleus' 6-max Seat #5 is the button
Seat 4: fabricio004 ($28.91 in chips)
Seat 5: GarryMcCoy ($243.21 in chips)
GarryMcCoy: posts small blind $1
fabricio004: posts big blind $3
*** HOLE CARDS ***
GarryMcCoy: raises $3 to $6
fabricio004: raises $3 to $9
GarryMcCoy: calls $3
*** FLOP *** [9c 6h 6c]
fabricio004: bets $3
GarryMcCoy: calls $3
*** TURN *** [9c 6h 6c] [Kh]
fabricio004: bets $6
GarryMcCoy: calls $6
*** RIVER *** [9c 6h 6c Kh] [7s]
fabricio004: bets $6
GarryMcCoy: calls $6
*** SHOW DOWN ***
fabricio004: shows [3d Ac] (a pair of Sixes)
GarryMcCoy: shows [7h 5h] (two pair, Sevens and Sixes)
GarryMcCoy collected $47.50 from pot
*** SUMMARY ***
Total pot $48 | Rake $0.50
Board [9c 6h 6c Kh 7s]
Seat 4: fabricio004 (big blind) showed [3d Ac] and lost with a pair of Sixes
Seat 5: GarryMcCoy (button) (small blind) showed [7h 5h] and won ($47.50) with two pair, Sevens and Sixes


PokerStars Hand #152500454546:  Hold'em Limit ($3/$6 USD) - 2016/04/26 21:11:04 ET
Table 'Phyleus' 6-max Seat #4 is the button
Seat 4: fabricio004 ($4.91 in chips)
Seat 5: GarryMcCoy ($266.71 in chips)
fabricio004: posts small blind $1
GarryMcCoy: posts big blind $3
*** HOLE CARDS ***
fabricio004: raises $1.91 to $4.91 and is all-in
GarryMcCoy: calls $1.91
*** FLOP *** [7h 9h Ah]
*** TURN *** [7h 9h Ah] [8s]
*** RIVER *** [7h 9h Ah 8s] [7d]
*** SHOW DOWN ***
GarryMcCoy: shows [9d Ad] (two pair, Aces and Nines)
fabricio004: shows [2d Qh] (a pair of Sevens)
GarryMcCoy collected $9.62 from pot
*** SUMMARY ***
Total pot $9.82 | Rake $0.20
Board [7h 9h Ah 8s 7d]
Seat 4: fabricio004 (button) (small blind) showed [2d Qh] and lost with a pair of Sevens
Seat 5: GarryMcCoy (big blind) showed [9d Ad] and won ($9.62) with two pair, Aces and Nines


PokerStars Hand #152500737818:  Hold'em Limit ($3/$6 USD) - 2016/04/26 21:22:28 ET
Table 'Phyleus' 6-max Seat #6 is the button
Seat 5: GarryMcCoy ($270.42 in chips)
Seat 6: chipsdigme86 ($97.86 in chips)
chipsdigme86: posts small blind $1
GarryMcCoy: posts big blind $3
*** HOLE CARDS ***
chipsdigme86: raises $3 to $6
GarryMcCoy: folds
Uncalled bet ($3) returned to chipsdigme86
chipsdigme86 collected $6 from pot
*** SUMMARY ***
Total pot $6 | Rake $0
Seat 5: GarryMcCoy (big blind) folded before Flop
Seat 6: chipsdigme86 (button) (small blind) collected ($6)


PokerStars Hand #152500732553:  Hold'em Limit ($3/$6 USD) - 2016/04/26 21:22:15 ET
Table 'Phyleus' 6-max Seat #5 is the button
Seat 5: GarryMcCoy ($271.42 in chips)
Seat 6: chipsdigme86 ($96.86 in chips)
GarryMcCoy: posts small blind $1
chipsdigme86: posts big blind $3
*** HOLE CARDS ***
GarryMcCoy: folds
Uncalled bet ($2) returned to chipsdigme86
chipsdigme86 collected $2 from pot
*** SUMMARY ***
Total pot $2 | Rake $0
Seat 5: GarryMcCoy (button) (small blind) folded before Flop
Seat 6: chipsdigme86 (big blind) collected ($2)


PokerStars Hand #152500752176:  Hold'em Limit ($3/$6 USD) - 2016/04/26 21:23:03 ET
Table 'Phyleus' 6-max Seat #5 is the button
Seat 5: GarryMcCoy ($301.92 in chips)
Seat 6: chipsdigme86 ($65.86 in chips)
GarryMcCoy: posts small blind $1
chipsdigme86: posts big blind $3
*** HOLE CARDS ***
GarryMcCoy: raises $3 to $6
chipsdigme86: raises $3 to $9
GarryMcCoy: calls $3
*** FLOP *** [2d 9d Jh]
chipsdigme86: bets $3
GarryMcCoy: raises $3 to $6
chipsdigme86: calls $3
*** TURN *** [2d 9d Jh] [7h]
chipsdigme86: checks
GarryMcCoy: bets $6
chipsdigme86: raises $6 to $12
GarryMcCoy: calls $6
*** RIVER *** [2d 9d Jh 7h] [5c]
chipsdigme86: checks
GarryMcCoy: bets $6
chipsdigme86: folds
Uncalled bet ($6) returned to GarryMcCoy
GarryMcCoy collected $53.50 from pot
GarryMcCoy: doesn't show hand
*** SUMMARY ***
Total pot $54 | Rake $0.50
Board [2d 9d Jh 7h 5c]
Seat 5: GarryMcCoy (button) (small blind) collected ($53.50)
Seat 6: chipsdigme86 (big blind) folded on the River


PokerStars Hand #152500742310:  Hold'em Limit ($3/$6 USD) - 2016/04/26 21:22:39 ET
Table 'Phyleus' 6-max Seat #6 is the button
Seat 5: GarryMcCoy ($266.42 in chips)
Seat 6: chipsdigme86 ($101.86 in chips)
chipsdigme86: posts small blind $1
GarryMcCoy: posts big blind $3
*** HOLE CARDS ***
chipsdigme86: raises $3 to $6
GarryMcCoy: calls $3
*** FLOP *** [7h Qh 7d]
GarryMcCoy: checks
chipsdigme86: bets $3
GarryMcCoy: raises $3 to $6
chipsdigme86: calls $3
*** TURN *** [7h Qh 7d] [Kc]
GarryMcCoy: bets $6
chipsdigme86: raises $6 to $12
GarryMcCoy: raises $6 to $18
chipsdigme86: calls $6
*** RIVER *** [7h Qh 7d Kc] [Qd]
GarryMcCoy: bets $6
chipsdigme86: calls $6
*** SHOW DOWN ***
GarryMcCoy: shows [Tc 7c] (a full house, Sevens full of Queens)
chipsdigme86: mucks hand
GarryMcCoy collected $71.50 from pot
*** SUMMARY ***
Total pot $72 | Rake $0.50
Board [7h Qh 7d Kc Qd]
Seat 5: GarryMcCoy (big blind) showed [Tc 7c] and won ($71.50) with a full house, Sevens full of Queens
Seat 6: chipsdigme86 (button) (small blind) mucked


PokerStars Hand #152500740128:  Hold'em Limit ($3/$6 USD) - 2016/04/26 21:22:34 ET
Table 'Phyleus' 6-max Seat #5 is the button
Seat 5: GarryMcCoy ($267.42 in chips)
Seat 6: chipsdigme86 ($100.86 in chips)
GarryMcCoy: posts small blind $1
chipsdigme86: posts big blind $3
*** HOLE CARDS ***
GarryMcCoy: folds
Uncalled bet ($2) returned to chipsdigme86
chipsdigme86 collected $2 from pot
*** SUMMARY ***
Total pot $2 | Rake $0
Seat 5: GarryMcCoy (button) (small blind) folded before Flop
Seat 6: chipsdigme86 (big blind) collected ($2)


PokerStars Hand #152500786964:  Hold'em Limit ($3/$6 USD) - 2016/04/26 21:24:05 ET
Table 'Phyleus' 6-max Seat #5 is the button
Seat 5: GarryMcCoy ($313.42 in chips)
Seat 6: chipsdigme86 ($53.14 in chips)
GarryMcCoy: posts small blind $1
chipsdigme86: posts big blind $3
*** HOLE CARDS ***
GarryMcCoy: raises $3 to $6
chipsdigme86: calls $3
*** FLOP *** [6c 4c 4s]
chipsdigme86: checks
GarryMcCoy: bets $3
chipsdigme86: calls $3
*** TURN *** [6c 4c 4s] [8s]
chipsdigme86: checks
GarryMcCoy: checks
*** RIVER *** [6c 4c 4s 8s] [9d]
chipsdigme86: bets $6
GarryMcCoy: folds
Uncalled bet ($6) returned to chipsdigme86
chipsdigme86 collected $17.64 from pot
*** SUMMARY ***
Total pot $18 | Rake $0.36
Board [6c 4c 4s 8s 9d]
Seat 5: GarryMcCoy (button) (small blind) folded on the River
Seat 6: chipsdigme86 (big blind) collected ($17.64)


PokerStars Hand #152500767622:  Hold'em Limit ($3/$6 USD) - 2016/04/26 21:23:41 ET
Table 'Phyleus' 6-max Seat #6 is the button
Seat 5: GarryMcCoy ($325.42 in chips)
Seat 6: chipsdigme86 ($41.62 in chips)
chipsdigme86: posts small blind $1
GarryMcCoy: posts big blind $3
*** HOLE CARDS ***
chipsdigme86: raises $3 to $6
GarryMcCoy: calls $3
*** FLOP *** [Js 5s 4d]
GarryMcCoy: checks
chipsdigme86: checks
*** TURN *** [Js 5s 4d] [3d]
GarryMcCoy: checks
chipsdigme86: bets $6
GarryMcCoy: calls $6
*** RIVER *** [Js 5s 4d 3d] [9s]
GarryMcCoy: checks
chipsdigme86: checks
*** SHOW DOWN ***
GarryMcCoy: shows [6c Qs] (high card Queen)
chipsdigme86: shows [7c 3c] (a pair of Threes)
chipsdigme86 collected $23.52 from pot
*** SUMMARY ***
Total pot $24 | Rake $0.48
Board [Js 5s 4d 3d 9s]
Seat 5: GarryMcCoy (big blind) showed [6c Qs] and lost with high card Queen
Seat 6: chipsdigme86 (button) (small blind) showed [7c 3c] and won ($23.52) with a pair of Threes


PokerStars Hand #152500765524:  Hold'em Limit ($3/$6 USD) - 2016/04/26 21:23:36 ET
Table 'Phyleus' 6-max Seat #5 is the button
Seat 5: GarryMcCoy ($322.42 in chips)
Seat 6: chipsdigme86 ($44.62 in chips)
GarryMcCoy: posts small blind $1
chipsdigme86: posts big blind $3
*** HOLE CARDS ***
GarryMcCoy: raises $3 to $6
chipsdigme86: folds
Uncalled bet ($3) returned to GarryMcCoy
GarryMcCoy collected $6 from pot
GarryMcCoy: doesn't show hand
*** SUMMARY ***
Total pot $6 | Rake $0
Seat 5: GarryMcCoy (button) (small blind) collected ($6)
Seat 6: chipsdigme86 (big blind) folded before Flop


PokerStars Hand #152500762159:  Hold'em Limit ($3/$6 USD) - 2016/04/26 21:23:28 ET
Table 'Phyleus' 6-max Seat #6 is the button
Seat 5: GarryMcCoy ($328.42 in chips)
Seat 6: chipsdigme86 ($38.86 in chips)
chipsdigme86: posts small blind $1
GarryMcCoy: posts big blind $3
*** HOLE CARDS ***
chipsdigme86: raises $3 to $6
GarryMcCoy: calls $3
*** FLOP *** [Qh Kc Ah]
GarryMcCoy: checks
chipsdigme86: bets $3
GarryMcCoy: folds
Uncalled bet ($3) returned to chipsdigme86
chipsdigme86 collected $11.76 from pot
*** SUMMARY ***
Total pot $12 | Rake $0.24
Board [Qh Kc Ah]
Seat 5: GarryMcCoy (big blind) folded on the Flop
Seat 6: chipsdigme86 (button) (small blind) collected ($11.76)


PokerStars Hand #152500812167:  Hold'em Limit ($3/$6 USD) - 2016/04/26 21:25:07 ET
Table 'Phyleus' 6-max Seat #6 is the button
Seat 5: GarryMcCoy ($336.44 in chips)
Seat 6: chipsdigme86 ($28.78 in chips)
chipsdigme86: posts small blind $1
GarryMcCoy: posts big blind $3
*** HOLE CARDS ***
chipsdigme86: raises $3 to $6
GarryMcCoy: folds
Uncalled bet ($3) returned to chipsdigme86
chipsdigme86 collected $6 from pot
*** SUMMARY ***
Total pot $6 | Rake $0
Seat 5: GarryMcCoy (big blind) folded before Flop
Seat 6: chipsdigme86 (button) (small blind) collected ($6)


PokerStars Hand #152500803220:  Hold'em Limit ($3/$6 USD) - 2016/04/26 21:24:45 ET
Table 'Phyleus' 6-max Seat #5 is the button
Seat 5: GarryMcCoy ($315.94 in chips)
Seat 6: chipsdigme86 ($49.78 in chips)
GarryMcCoy: posts small blind $1
chipsdigme86: posts big blind $3
*** HOLE CARDS ***
GarryMcCoy: raises $3 to $6
chipsdigme86: raises $3 to $9
GarryMcCoy: calls $3
*** FLOP *** [4d Qc 6s]
chipsdigme86: bets $3
GarryMcCoy: raises $3 to $6
chipsdigme86: calls $3
*** TURN *** [4d Qc 6s] [2s]
chipsdigme86: checks
GarryMcCoy: bets $6
chipsdigme86: calls $6
*** RIVER *** [4d Qc 6s 2s] [3d]
chipsdigme86: checks
GarryMcCoy: checks
*** SHOW DOWN ***
chipsdigme86: shows [7s As] (high card Ace)
GarryMcCoy: shows [8d Qh] (a pair of Queens)
GarryMcCoy collected $41.50 from pot
*** SUMMARY ***
Total pot $42 | Rake $0.50
Board [4d Qc 6s 2s 3d]
Seat 5: GarryMcCoy (button) (small blind) showed [8d Qh] and won ($41.50) with a pair of Queens
Seat 6: chipsdigme86 (big blind) showed [7s As] and lost with high card Ace


PokerStars Hand #152500795111:  Hold'em Limit ($3/$6 USD) - 2016/04/26 21:24:25 ET
Table 'Phyleus' 6-max Seat #6 is the button
Seat 5: GarryMcCoy ($304.42 in chips)
Seat 6: chipsdigme86 ($61.78 in chips)
chipsdigme86: posts small blind $1
GarryMcCoy: posts big blind $3
*** HOLE CARDS ***
chipsdigme86: raises $3 to $6
GarryMcCoy: raises $3 to $9
chipsdigme86: calls $3
*** FLOP *** [6d 8c 2h]
GarryMcCoy: bets $3
chipsdigme86: calls $3
*** TURN *** [6d 8c 2h] [3s]
GarryMcCoy: bets $6
chipsdigme86: folds
Uncalled bet ($6) returned to GarryMcCoy
GarryMcCoy collected $23.52 from pot
GarryMcCoy: doesn't show hand
*** SUMMARY ***
Total pot $24 | Rake $0.48
Board [6d 8c 2h 3s]
Seat 5: GarryMcCoy (big blind) collected ($23.52)
Seat 6: chipsdigme86 (button) (small blind) folded on the Turn


