PokerStars Hand #149379557901:  Hold'em Limit ($3/$6 USD) - 2016/02/25 4:30:30 ET
Table 'Phyleus II' 6-max Seat #6 is the button
Seat 5: nordschrott ($30 in chips)
Seat 6: DismasX ($78 in chips)
DismasX: posts small blind $1
nordschrott: posts big blind $3
*** HOLE CARDS ***
DismasX: raises $3 to $6
nordschrott: calls $3
*** FLOP *** [7s 5s 6h]
nordschrott: checks
DismasX: bets $3
nordschrott: calls $3
*** TURN *** [7s 5s 6h] [2h]
nordschrott: checks
DismasX: checks
*** RIVER *** [7s 5s 6h 2h] [Qs]
nordschrott: bets $6
DismasX: calls $6
*** SHOW DOWN ***
nordschrott: shows [7d 3h] (a pair of Sevens)
DismasX: mucks hand
nordschrott collected $29.50 from pot
*** SUMMARY ***
Total pot $30 | Rake $0.50
Board [7s 5s 6h 2h Qs]
Seat 5: nordschrott (big blind) showed [7d 3h] and won ($29.50) with a pair of Sevens
Seat 6: DismasX (button) (small blind) mucked


PokerStars Hand #149379564918:  Hold'em Limit ($3/$6 USD) - 2016/02/25 4:30:47 ET
Table 'Phyleus II' 6-max Seat #5 is the button
Seat 5: nordschrott ($44.50 in chips)
Seat 6: DismasX ($72 in chips)
nordschrott: posts small blind $1
DismasX: posts big blind $3
*** HOLE CARDS ***
nordschrott: calls $2
DismasX: raises $3 to $6
nordschrott: calls $3
*** FLOP *** [3c 2s Qs]
DismasX: bets $3
nordschrott: folds
Uncalled bet ($3) returned to DismasX
DismasX collected $11.76 from pot
DismasX: doesn't show hand
*** SUMMARY ***
Total pot $12 | Rake $0.24
Board [3c 2s Qs]
Seat 5: nordschrott (button) (small blind) folded on the Flop
Seat 6: DismasX (big blind) collected ($11.76)


PokerStars Hand #149379591421:  Hold'em Limit ($3/$6 USD) - 2016/02/25 4:31:56 ET
Table 'Phyleus II' 6-max Seat #5 is the button
Seat 5: nordschrott ($67.50 in chips)
Seat 6: DismasX ($86.50 in chips)
nordschrott: posts small blind $1
DismasX: posts big blind $3
*** HOLE CARDS ***
nordschrott: folds
Uncalled bet ($2) returned to DismasX
DismasX collected $2 from pot
DismasX: doesn't show hand
*** SUMMARY ***
Total pot $2 | Rake $0
Seat 5: nordschrott (button) (small blind) folded before Flop
Seat 6: DismasX (big blind) collected ($2)


PokerStars Hand #149379584868:  Hold'em Limit ($3/$6 USD) - 2016/02/25 4:31:39 ET
Table 'Phyleus II' 6-max Seat #6 is the button
Seat 5: nordschrott ($82.50 in chips)
Seat 6: DismasX ($72 in chips)
DismasX: posts small blind $1
nordschrott: posts big blind $3
*** HOLE CARDS ***
DismasX: raises $3 to $6
nordschrott: calls $3
*** FLOP *** [2s Jc 6s]
nordschrott: checks
DismasX: bets $3
nordschrott: calls $3
*** TURN *** [2s Jc 6s] [6h]
nordschrott: checks
DismasX: checks
*** RIVER *** [2s Jc 6s 6h] [3h]
nordschrott: bets $6
DismasX: calls $6
*** SHOW DOWN ***
nordschrott: shows [Qs 7h] (a pair of Sixes)
DismasX: shows [Kd 9s] (a pair of Sixes - King kicker)
DismasX collected $29.50 from pot
*** SUMMARY ***
Total pot $30 | Rake $0.50
Board [2s Jc 6s 6h 3h]
Seat 5: nordschrott (big blind) showed [Qs 7h] and lost with a pair of Sixes
Seat 6: DismasX (button) (small blind) showed [Kd 9s] and won ($29.50) with a pair of Sixes


PokerStars Hand #149379576592:  Hold'em Limit ($3/$6 USD) - 2016/02/25 4:31:18 ET
Table 'Phyleus II' 6-max Seat #5 is the button
Seat 5: nordschrott ($62 in chips)
Seat 6: DismasX ($72 in chips)
nordschrott: posts small blind $1
DismasX: posts big blind $3
*** HOLE CARDS ***
nordschrott: calls $2
DismasX: raises $3 to $6
nordschrott: calls $3
*** FLOP *** [Kc 7h 3c]
DismasX: bets $3
nordschrott: calls $3
*** TURN *** [Kc 7h 3c] [2d]
DismasX: bets $6
nordschrott: calls $6
*** RIVER *** [Kc 7h 3c 2d] [2h]
DismasX: bets $6
nordschrott: raises $6 to $12
DismasX: folds
Uncalled bet ($6) returned to nordschrott
nordschrott collected $41.50 from pot
*** SUMMARY ***
Total pot $42 | Rake $0.50
Board [Kc 7h 3c 2d 2h]
Seat 5: nordschrott (button) (small blind) collected ($41.50)
Seat 6: DismasX (big blind) folded on the River


PokerStars Hand #149379593479:  Hold'em Limit ($3/$6 USD) - 2016/02/25 4:32:01 ET
Table 'Phyleus II' 6-max Seat #6 is the button
Seat 5: nordschrott ($66.50 in chips)
Seat 6: DismasX ($87.50 in chips)
DismasX: posts small blind $1
nordschrott: posts big blind $3
*** HOLE CARDS ***
DismasX: folds
Uncalled bet ($2) returned to nordschrott
nordschrott collected $2 from pot
*** SUMMARY ***
Total pot $2 | Rake $0
Seat 5: nordschrott (big blind) collected ($2)
Seat 6: DismasX (button) (small blind) folded before Flop


PokerStars Hand #149379569725:  Hold'em Limit ($3/$6 USD) - 2016/02/25 4:31:00 ET
Table 'Phyleus II' 6-max Seat #6 is the button
Seat 5: nordschrott ($38.50 in chips)
Seat 6: DismasX ($77.76 in chips)
DismasX: posts small blind $1
nordschrott: posts big blind $3
*** HOLE CARDS ***
DismasX: raises $3 to $6
nordschrott: calls $3
*** FLOP *** [8d 3h Jh]
nordschrott: checks
DismasX: bets $3
nordschrott: raises $3 to $6
DismasX: calls $3
*** TURN *** [8d 3h Jh] [Ts]
nordschrott: bets $6
DismasX: calls $6
*** RIVER *** [8d 3h Jh Ts] [Jd]
nordschrott: bets $6
DismasX: calls $6
*** SHOW DOWN ***
nordschrott: shows [Kc 8c] (two pair, Jacks and Eights)
DismasX: mucks hand
nordschrott collected $47.50 from pot
*** SUMMARY ***
Total pot $48 | Rake $0.50
Board [8d 3h Jh Ts Jd]
Seat 5: nordschrott (big blind) showed [Kc 8c] and won ($47.50) with two pair, Jacks and Eights
Seat 6: DismasX (button) (small blind) mucked


PokerStars Hand #149379612230:  Hold'em Limit ($3/$6 USD) - 2016/02/25 4:32:49 ET
Table 'Phyleus II' 6-max Seat #5 is the button
Seat 5: nordschrott ($79.02 in chips)
Seat 6: DismasX ($74.50 in chips)
nordschrott: posts small blind $1
DismasX: posts big blind $3
*** HOLE CARDS ***
nordschrott: folds
Uncalled bet ($2) returned to DismasX
DismasX collected $2 from pot
DismasX: doesn't show hand
*** SUMMARY ***
Total pot $2 | Rake $0
Seat 5: nordschrott (button) (small blind) folded before Flop
Seat 6: DismasX (big blind) collected ($2)


PokerStars Hand #149379603613:  Hold'em Limit ($3/$6 USD) - 2016/02/25 4:32:27 ET
Table 'Phyleus II' 6-max Seat #6 is the button
Seat 5: nordschrott ($70.38 in chips)
Seat 6: DismasX ($83.50 in chips)
DismasX: posts small blind $1
nordschrott: posts big blind $3
*** HOLE CARDS ***
DismasX: raises $3 to $6
nordschrott: calls $3
*** FLOP *** [9h Jc As]
nordschrott: checks
DismasX: bets $3
nordschrott: calls $3
*** TURN *** [9h Jc As] [Qc]
nordschrott: checks
DismasX: checks
*** RIVER *** [9h Jc As Qc] [6h]
nordschrott: bets $6
DismasX: folds
Uncalled bet ($6) returned to nordschrott
nordschrott collected $17.64 from pot
*** SUMMARY ***
Total pot $18 | Rake $0.36
Board [9h Jc As Qc 6h]
Seat 5: nordschrott (big blind) collected ($17.64)
Seat 6: DismasX (button) (small blind) folded on the River


PokerStars Hand #149379595705:  Hold'em Limit ($3/$6 USD) - 2016/02/25 4:32:07 ET
Table 'Phyleus II' 6-max Seat #5 is the button
Seat 5: nordschrott ($67.50 in chips)
Seat 6: DismasX ($86.50 in chips)
nordschrott: posts small blind $1
DismasX: posts big blind $3
*** HOLE CARDS ***
nordschrott: calls $2
DismasX: checks
*** FLOP *** [Jd 4d 9d]
DismasX: checks
nordschrott: bets $3
DismasX: folds
Uncalled bet ($3) returned to nordschrott
nordschrott collected $5.88 from pot
*** SUMMARY ***
Total pot $6 | Rake $0.12
Board [Jd 4d 9d]
Seat 5: nordschrott (button) (small blind) collected ($5.88)
Seat 6: DismasX (big blind) folded on the Flop


PokerStars Hand #149379614262:  Hold'em Limit ($3/$6 USD) - 2016/02/25 4:32:54 ET
Table 'Phyleus II' 6-max Seat #6 is the button
Seat 5: nordschrott ($78.02 in chips)
Seat 6: DismasX ($75.50 in chips)
DismasX: posts small blind $1
nordschrott: posts big blind $3
*** HOLE CARDS ***
DismasX: raises $3 to $6
nordschrott: calls $3
*** FLOP *** [4c Qd 7s]
nordschrott: checks
DismasX: bets $3
nordschrott: calls $3
*** TURN *** [4c Qd 7s] [Kd]
nordschrott: checks
DismasX: bets $6
nordschrott: calls $6
*** RIVER *** [4c Qd 7s Kd] [Qh]
nordschrott: checks
DismasX: bets $6
nordschrott: folds
Uncalled bet ($6) returned to DismasX
DismasX collected $29.50 from pot
DismasX: doesn't show hand
*** SUMMARY ***
Total pot $30 | Rake $0.50
Board [4c Qd 7s Kd Qh]
Seat 5: nordschrott (big blind) folded on the River
Seat 6: DismasX (button) (small blind) collected ($29.50)


PokerStars Hand #149379642000:  Hold'em Limit ($3/$6 USD) - 2016/02/25 4:34:04 ET
Table 'Phyleus II' 6-max Seat #6 is the button
Seat 5: nordschrott ($72.52 in chips)
Seat 6: DismasX ($86.50 in chips)
DismasX: posts small blind $1
nordschrott: posts big blind $3
*** HOLE CARDS ***
DismasX: folds
Uncalled bet ($2) returned to nordschrott
nordschrott collected $2 from pot
*** SUMMARY ***
Total pot $2 | Rake $0
Seat 5: nordschrott (big blind) collected ($2)
Seat 6: DismasX (button) (small blind) folded before Flop


PokerStars Hand #149379634216:  Hold'em Limit ($3/$6 USD) - 2016/02/25 4:33:45 ET
Table 'Phyleus II' 6-max Seat #5 is the button
Seat 5: nordschrott ($87.52 in chips)
Seat 6: DismasX ($72 in chips)
nordschrott: posts small blind $1
DismasX: posts big blind $3
*** HOLE CARDS ***
nordschrott: calls $2
DismasX: raises $3 to $6
nordschrott: calls $3
*** FLOP *** [Jd 3d 8h]
DismasX: bets $3
nordschrott: calls $3
*** TURN *** [Jd 3d 8h] [7s]
DismasX: bets $6
nordschrott: calls $6
*** RIVER *** [Jd 3d 8h 7s] [6s]
DismasX: bets $6
nordschrott: folds
Uncalled bet ($6) returned to DismasX
DismasX collected $29.50 from pot
DismasX: doesn't show hand
*** SUMMARY ***
Total pot $30 | Rake $0.50
Board [Jd 3d 8h 7s 6s]
Seat 5: nordschrott (button) (small blind) folded on the River
Seat 6: DismasX (big blind) collected ($29.50)


PokerStars Hand #149379631908:  Hold'em Limit ($3/$6 USD) - 2016/02/25 4:33:39 ET
Table 'Phyleus II' 6-max Seat #6 is the button
Seat 5: nordschrott ($86.52 in chips)
Seat 6: DismasX ($72 in chips)
DismasX: posts small blind $1
nordschrott: posts big blind $3
*** HOLE CARDS ***
DismasX: folds
Uncalled bet ($2) returned to nordschrott
nordschrott collected $2 from pot
*** SUMMARY ***
Total pot $2 | Rake $0
Seat 5: nordschrott (big blind) collected ($2)
Seat 6: DismasX (button) (small blind) folded before Flop


PokerStars Hand #149379622636:  Hold'em Limit ($3/$6 USD) - 2016/02/25 4:33:15 ET
Table 'Phyleus II' 6-max Seat #5 is the button
Seat 5: nordschrott ($63.02 in chips)
Seat 6: DismasX ($90 in chips)
nordschrott: posts small blind $1
DismasX: posts big blind $3
*** HOLE CARDS ***
nordschrott: calls $2
DismasX: raises $3 to $6
nordschrott: calls $3
*** FLOP *** [7h 9h 4h]
DismasX: bets $3
nordschrott: raises $3 to $6
DismasX: calls $3
*** TURN *** [7h 9h 4h] [Ts]
DismasX: checks
nordschrott: bets $6
DismasX: calls $6
*** RIVER *** [7h 9h 4h Ts] [Qs]
DismasX: checks
nordschrott: bets $6
DismasX: calls $6
*** SHOW DOWN ***
nordschrott: shows [8d Qh] (a pair of Queens)
DismasX: mucks hand
nordschrott collected $47.50 from pot
*** SUMMARY ***
Total pot $48 | Rake $0.50
Board [7h 9h 4h Ts Qs]
Seat 5: nordschrott (button) (small blind) showed [8d Qh] and won ($47.50) with a pair of Queens
Seat 6: DismasX (big blind) mucked


PokerStars Hand #149379644140:  Hold'em Limit ($3/$6 USD) - 2016/02/25 4:34:09 ET
Table 'Phyleus II' 6-max Seat #5 is the button
Seat 5: nordschrott ($73.52 in chips)
Seat 6: DismasX ($85.50 in chips)
nordschrott: posts small blind $1
DismasX: posts big blind $3
*** HOLE CARDS ***
nordschrott: calls $2
DismasX: checks
*** FLOP *** [3d 4s Qh]
DismasX: checks
nordschrott: checks
*** TURN *** [3d 4s Qh] [5d]
DismasX: checks
nordschrott: bets $6
hairy1961 joins the table at seat #2
DismasX: calls $6
*** RIVER *** [3d 4s Qh 5d] [2d]
DismasX: checks
nordschrott: bets $6
DismasX: folds
Uncalled bet ($6) returned to nordschrott
nordschrott collected $17.64 from pot
*** SUMMARY ***
Total pot $18 | Rake $0.36
Board [3d 4s Qh 5d 2d]
Seat 5: nordschrott (button) (small blind) collected ($17.64)
Seat 6: DismasX (big blind) folded on the River


PokerStars Hand #149380203635:  Hold'em Limit ($3/$6 USD) - 2016/02/25 4:57:13 ET
Table 'Phyleus II' 6-max Seat #1 is the button
Seat 1: VolkovDmitri ($184.27 in chips)
Seat 5: Krillekruka ($604.95 in chips)
B_loJkl will be allowed to play after the button
VolkovDmitri: posts small blind $1
Krillekruka: posts big blind $3
*** HOLE CARDS ***
VolkovDmitri: raises $3 to $6
Krillekruka: folds
Uncalled bet ($3) returned to VolkovDmitri
VolkovDmitri collected $6 from pot
VolkovDmitri: doesn't show hand
*** SUMMARY ***
Total pot $6 | Rake $0
Seat 1: VolkovDmitri (button) (small blind) collected ($6)
Seat 5: Krillekruka (big blind) folded before Flop


PokerStars Hand #149382207423:  Hold'em Limit ($3/$6 USD) - 2016/02/25 6:11:53 ET
Table 'Phyleus II' 6-max Seat #4 is the button
Seat 4: Sagar_7 ($83.57 in chips)
Seat 6: Fabulous108 ($76 in chips)
Sagar_7: posts small blind $1
B_loJkl: is sitting out
Fabulous108: posts big blind $3
*** HOLE CARDS ***
Sagar_7: folds
Uncalled bet ($2) returned to Fabulous108
Fabulous108 collected $2 from pot
Fabulous108: doesn't show hand
*** SUMMARY ***
Total pot $2 | Rake $0
Seat 4: Sagar_7 (button) (small blind) folded before Flop
Seat 6: Fabulous108 (big blind) collected ($2)


PokerStars Hand #149382210448:  Hold'em Limit ($3/$6 USD) - 2016/02/25 6:11:59 ET
Table 'Phyleus II' 6-max Seat #6 is the button
Seat 4: Sagar_7 ($82.57 in chips)
Seat 6: Fabulous108 ($77 in chips)
Fabulous108: posts small blind $1
Sagar_7: posts big blind $3
*** HOLE CARDS ***
B_loJkl leaves the table
Fabulous108: raises $3 to $6
Sagar_7: folds
Uncalled bet ($3) returned to Fabulous108
Fabulous108 collected $6 from pot
Fabulous108: doesn't show hand
*** SUMMARY ***
Total pot $6 | Rake $0
Seat 4: Sagar_7 (big blind) folded before Flop
Seat 6: Fabulous108 (button) (small blind) collected ($6)


