PokerStars Hand #155311542570:  Hold'em Limit ($3/$6 USD) - 2016/06/28 14:45:26 ET
Table 'Pia II' 6-max Seat #3 is the button
Seat 3: thom's666 ($106.03 in chips)
Seat 4: VolkovDmitri ($120 in chips)
thom's666: posts small blind $1
VolkovDmitri: posts big blind $3
*** HOLE CARDS ***
thom's666: raises $3 to $6
VolkovDmitri: folds
Uncalled bet ($3) returned to thom's666
thom's666 collected $6 from pot
*** SUMMARY ***
Total pot $6 | Rake $0
Seat 3: thom's666 (button) (small blind) collected ($6)
Seat 4: VolkovDmitri (big blind) folded before Flop


PokerStars Hand #155311593263:  Hold'em Limit ($3/$6 USD) - 2016/06/28 14:46:34 ET
Table 'Pia II' 6-max Seat #3 is the button
Seat 3: thom's666 ($112.67 in chips)
Seat 4: VolkovDmitri ($120 in chips)
thom's666: posts small blind $1
VolkovDmitri: posts big blind $3
*** HOLE CARDS ***
thom's666: folds
Uncalled bet ($2) returned to VolkovDmitri
VolkovDmitri collected $2 from pot
VolkovDmitri: doesn't show hand
*** SUMMARY ***
Total pot $2 | Rake $0
Seat 3: thom's666 (button) (small blind) folded before Flop
Seat 4: VolkovDmitri (big blind) collected ($2)


PokerStars Hand #155311554735:  Hold'em Limit ($3/$6 USD) - 2016/06/28 14:45:43 ET
Table 'Pia II' 6-max Seat #4 is the button
Seat 3: thom's666 ($109.03 in chips)
Seat 4: VolkovDmitri ($120 in chips)
VolkovDmitri: posts small blind $1
thom's666: posts big blind $3
*** HOLE CARDS ***
VolkovDmitri: folds
Uncalled bet ($2) returned to thom's666
thom's666 collected $2 from pot
*** SUMMARY ***
Total pot $2 | Rake $0
Seat 3: thom's666 (big blind) collected ($2)
Seat 4: VolkovDmitri (button) (small blind) folded before Flop


PokerStars Hand #155311562845:  Hold'em Limit ($3/$6 USD) - 2016/06/28 14:45:53 ET
Table 'Pia II' 6-max Seat #3 is the button
Seat 3: thom's666 ($110.03 in chips)
Seat 4: VolkovDmitri ($120 in chips)
thom's666: posts small blind $1
VolkovDmitri: posts big blind $3
*** HOLE CARDS ***
thom's666: calls $2
VolkovDmitri: raises $3 to $6
thom's666: calls $3
*** FLOP *** [Ks 7h 2s]
VolkovDmitri: bets $3
thom's666: folds
Uncalled bet ($3) returned to VolkovDmitri
VolkovDmitri collected $11.76 from pot
VolkovDmitri: doesn't show hand
*** SUMMARY ***
Total pot $12 | Rake $0.24
Board [Ks 7h 2s]
Seat 3: thom's666 (button) (small blind) folded on the Flop
Seat 4: VolkovDmitri (big blind) collected ($11.76)


PokerStars Hand #155311598453:  Hold'em Limit ($3/$6 USD) - 2016/06/28 14:46:40 ET
Table 'Pia II' 6-max Seat #4 is the button
Seat 3: thom's666 ($111.67 in chips)
Seat 4: VolkovDmitri ($121 in chips)
VolkovDmitri: posts small blind $1
thom's666: posts big blind $3
*** HOLE CARDS ***
VolkovDmitri: raises $3 to $6
thom's666: calls $3
*** FLOP *** [7d 9c Jd]
BrownieSpy joins the table at seat #2
thom's666: checks
VolkovDmitri: bets $3
thom's666: calls $3
*** TURN *** [7d 9c Jd] [8c]
thom's666: checks
VolkovDmitri: bets $6
thom's666: calls $6
*** RIVER *** [7d 9c Jd 8c] [Ac]
thom's666: checks
VolkovDmitri: bets $6
thom's666: folds
Uncalled bet ($6) returned to VolkovDmitri
VolkovDmitri collected $29.50 from pot
VolkovDmitri: doesn't show hand
*** SUMMARY ***
Total pot $30 | Rake $0.50
Board [7d 9c Jd 8c Ac]
Seat 3: thom's666 (big blind) folded on the River
Seat 4: VolkovDmitri (button) (small blind) collected ($29.50)


PokerStars Hand #155311665141:  Hold'em Limit ($3/$6 USD) - 2016/06/28 14:48:07 ET
Table 'Pia II' 6-max Seat #3 is the button
Seat 3: thom's666 ($96.67 in chips)
Seat 4: VolkovDmitri ($135.50 in chips)
thom's666: posts small blind $1
VolkovDmitri: posts big blind $3
*** HOLE CARDS ***
thom's666: raises $3 to $6
VolkovDmitri: calls $3
*** FLOP *** [3h Kc 8h]
VolkovDmitri: checks
thom's666: checks
*** TURN *** [3h Kc 8h] [3c]
VolkovDmitri: bets $6
thom's666: calls $6
*** RIVER *** [3h Kc 8h 3c] [4h]
VolkovDmitri: checks
thom's666: checks
*** SHOW DOWN ***
VolkovDmitri: shows [6d 9h] (a pair of Threes)
thom's666: shows [Js Ac] (a pair of Threes - Ace kicker)
thom's666 collected $23.52 from pot
*** SUMMARY ***
Total pot $24 | Rake $0.48
Board [3h Kc 8h 3c 4h]
Seat 3: thom's666 (button) (small blind) showed [Js Ac] and won ($23.52) with a pair of Threes
Seat 4: VolkovDmitri (big blind) showed [6d 9h] and lost with a pair of Threes


PokerStars Hand #155311645928:  Hold'em Limit ($3/$6 USD) - 2016/06/28 14:47:42 ET
Table 'Pia II' 6-max Seat #3 is the button
Seat 2: BrownieSpy ($72 in chips)
Seat 3: thom's666 ($96.67 in chips)
thom's666: posts small blind $1
BrownieSpy: posts big blind $3
*** HOLE CARDS ***
thom's666: folds
Uncalled bet ($2) returned to BrownieSpy
BrownieSpy collected $2 from pot
BrownieSpy: doesn't show hand
*** SUMMARY ***
Total pot $2 | Rake $0
Seat 2: BrownieSpy (big blind) collected ($2)
Seat 3: thom's666 (button) (small blind) folded before Flop


PokerStars Hand #155311650221:  Hold'em Limit ($3/$6 USD) - 2016/06/28 14:47:48 ET
Table 'Pia II' 6-max Seat #2 is the button
Seat 2: BrownieSpy ($73 in chips)
Seat 3: thom's666 ($95.67 in chips)
BrownieSpy: posts small blind $1
thom's666: posts big blind $3
*** HOLE CARDS ***
crash19867 joins the table at seat #5
BrownieSpy: folds
Uncalled bet ($2) returned to thom's666
thom's666 collected $2 from pot
*** SUMMARY ***
Total pot $2 | Rake $0
Seat 2: BrownieSpy (button) (small blind) folded before Flop
Seat 3: thom's666 (big blind) collected ($2)


PokerStars Hand #155311687099:  Hold'em Limit ($3/$6 USD) - 2016/06/28 14:48:36 ET
Table 'Pia II' 6-max Seat #4 is the button
Seat 3: thom's666 ($108.19 in chips)
Seat 4: VolkovDmitri ($123.50 in chips)
VolkovDmitri: posts small blind $1
thom's666: posts big blind $3
*** HOLE CARDS ***
VolkovDmitri: raises $3 to $6
thom's666: calls $3
*** FLOP *** [9h 7h 5s]
thom's666: checks
FabronxRJ joins the table at seat #6
crash19867 leaves the table
VolkovDmitri: bets $3
thom's666: raises $3 to $6
crash19867 joins the table at seat #1
VolkovDmitri: raises $3 to $9
thom's666: calls $3
*** TURN *** [9h 7h 5s] [Qh]
thom's666: checks
VolkovDmitri: bets $6
thom's666: calls $6
*** RIVER *** [9h 7h 5s Qh] [4s]
thom's666: checks
VolkovDmitri: bets $6
thom's666: folds
Uncalled bet ($6) returned to VolkovDmitri
VolkovDmitri collected $41.50 from pot
VolkovDmitri: doesn't show hand
Luanto 14 joins the table at seat #2
*** SUMMARY ***
Total pot $42 | Rake $0.50
Board [9h 7h 5s Qh 4s]
Seat 3: thom's666 (big blind) folded on the River
Seat 4: VolkovDmitri (button) (small blind) collected ($41.50)


PokerStars Hand #155311738716:  Hold'em Limit ($3/$6 USD) - 2016/06/28 14:49:43 ET
Table 'Pia II' 6-max Seat #3 is the button
Seat 3: thom's666 ($87.19 in chips)
Seat 4: VolkovDmitri ($144 in chips)
thom's666: posts small blind $1
VolkovDmitri: posts big blind $3
*** HOLE CARDS ***
thom's666: folds
Uncalled bet ($2) returned to VolkovDmitri
VolkovDmitri collected $2 from pot
VolkovDmitri: doesn't show hand
*** SUMMARY ***
Total pot $2 | Rake $0
Seat 3: thom's666 (button) (small blind) folded before Flop
Seat 4: VolkovDmitri (big blind) collected ($2)


PokerStars Hand #155312221991:  Hold'em Limit ($3/$6 USD) - 2016/06/28 15:01:10 ET
Table 'Pia II' 6-max Seat #6 is the button
Seat 2: Luanto 14 ($242.34 in chips)
Seat 6: BrownieSpy ($72 in chips)
ABATAPP will be allowed to play after the button
BrownieSpy: posts small blind $1
crash19867: is sitting out
Luanto 14: posts big blind $3
*** HOLE CARDS ***
crash19867 leaves the table
BrownieSpy: raises $3 to $6
Luanto 14: calls $3
*** FLOP *** [Js 8s As]
Luanto 14: checks
BrownieSpy: bets $3
Luanto 14: folds
Uncalled bet ($3) returned to BrownieSpy
BrownieSpy collected $11.76 from pot
BrownieSpy: doesn't show hand
*** SUMMARY ***
Total pot $12 | Rake $0.24
Board [Js 8s As]
Seat 2: Luanto 14 (big blind) folded on the Flop
Seat 6: BrownieSpy (button) (small blind) collected ($11.76)


