PokerStars Hand #158737869327:  Hold'em Limit ($3/$6 USD) - 2016/09/17 17:00:14 ET
Table 'Pia' 10-max Seat #6 is the button
Seat 5: ToDaFelt ($185.50 in chips)
Seat 6: bbln249 ($35 in chips)
bbln249: posts small blind $1
ToDaFelt: posts big blind $3
*** HOLE CARDS ***
bbln249: calls $2
vestimokrec joins the table at seat #7
ToDaFelt: checks
*** FLOP *** [5c 2d 7c]
ToDaFelt: bets $3
bbln249: calls $3
*** TURN *** [5c 2d 7c] [3c]
ToDaFelt: bets $6
bbln249: folds
Uncalled bet ($6) returned to ToDaFelt
ToDaFelt collected $11.76 from pot
ToDaFelt: doesn't show hand
*** SUMMARY ***
Total pot $12 | Rake $0.24
Board [5c 2d 7c 3c]
Seat 5: ToDaFelt (big blind) collected ($11.76)
Seat 6: bbln249 (button) (small blind) folded on the Turn


PokerStars Hand #158738149576:  Hold'em Limit ($3/$6 USD) - 2016/09/17 17:06:27 ET
Table 'Pia' 10-max Seat #7 is the button
Seat 6: bbln249 ($63.64 in chips)
Seat 7: vestimokrec ($91.78 in chips)
vestimokrec: posts small blind $1
bbln249: posts big blind $3
*** HOLE CARDS ***
vestimokrec: raises $3 to $6
bbln249: raises $3 to $9
vestimokrec: calls $3
*** FLOP *** [7d Td 5h]
bbln249: bets $3
vestimokrec: calls $3
*** TURN *** [7d Td 5h] [6s]
bbln249: bets $6
vestimokrec: calls $6
*** RIVER *** [7d Td 5h 6s] [Jc]
bbln249: checks
vestimokrec: bets $6
bbln249: calls $6
*** SHOW DOWN ***
vestimokrec: shows [Jd 3d] (a pair of Jacks)
bbln249: mucks hand
vestimokrec collected $47.50 from pot
*** SUMMARY ***
Total pot $48 | Rake $0.50
Board [7d Td 5h 6s Jc]
Seat 6: bbln249 (big blind) mucked
Seat 7: vestimokrec (button) (small blind) showed [Jd 3d] and won ($47.50) with a pair of Jacks


PokerStars Hand #158738134096:  Hold'em Limit ($3/$6 USD) - 2016/09/17 17:06:07 ET
Table 'Pia' 10-max Seat #6 is the button
Seat 6: bbln249 ($55 in chips)
Seat 7: vestimokrec ($100.78 in chips)
bbln249: posts small blind $1
vestimokrec: posts big blind $3
*** HOLE CARDS ***
bbln249: raises $3 to $6
vestimokrec: calls $3
*** FLOP *** [Qh As 4c]
vestimokrec: checks
bbln249: bets $3
vestimokrec: calls $3
*** TURN *** [Qh As 4c] [3s]
vestimokrec: checks
bbln249: bets $6
vestimokrec: folds
Uncalled bet ($6) returned to bbln249
bbln249 collected $17.64 from pot
bbln249: doesn't show hand
*** SUMMARY ***
Total pot $18 | Rake $0.36
Board [Qh As 4c 3s]
Seat 6: bbln249 (button) (small blind) collected ($17.64)
Seat 7: vestimokrec (big blind) folded on the Turn


PokerStars Hand #158738092008:  Hold'em Limit ($3/$6 USD) - 2016/09/17 17:05:12 ET
Table 'Pia' 10-max Seat #7 is the button
Seat 6: bbln249 ($70 in chips)
Seat 7: vestimokrec ($86.28 in chips)
vestimokrec: posts small blind $1
ToDaFelt: is sitting out
bbln249: posts big blind $3
*** HOLE CARDS ***
ToDaFelt leaves the table
vestimokrec: raises $3 to $6
bbln249: calls $3
*** FLOP *** [5s Ts Tc]
bbln249: checks
vestimokrec: bets $3
bbln249: calls $3
*** TURN *** [5s Ts Tc] [2c]
bbln249: checks
vestimokrec: bets $6
bbln249: calls $6
*** RIVER *** [5s Ts Tc 2c] [6c]
bbln249: checks
vestimokrec: bets $6
bbln249: folds
Uncalled bet ($6) returned to vestimokrec
vestimokrec collected $29.50 from pot
vestimokrec: doesn't show hand
*** SUMMARY ***
Total pot $30 | Rake $0.50
Board [5s Ts Tc 2c 6c]
Seat 6: bbln249 (big blind) folded on the River
Seat 7: vestimokrec (button) (small blind) collected ($29.50)


PokerStars Hand #158738183408:  Hold'em Limit ($3/$6 USD) - 2016/09/17 17:07:12 ET
Table 'Pia' 10-max Seat #7 is the button
Seat 6: bbln249 ($18.64 in chips)
Seat 7: vestimokrec ($135.78 in chips)
vestimokrec: posts small blind $1
bbln249: posts big blind $3
*** HOLE CARDS ***
vestimokrec: folds
Uncalled bet ($2) returned to bbln249
bbln249 collected $2 from pot
bbln249: doesn't show hand
vestimokrec leaves the table
*** SUMMARY ***
Total pot $2 | Rake $0
Seat 6: bbln249 (big blind) collected ($2)
Seat 7: vestimokrec (button) (small blind) folded before Flop


PokerStars Hand #158738167137:  Hold'em Limit ($3/$6 USD) - 2016/09/17 17:06:50 ET
Table 'Pia' 10-max Seat #6 is the button
Seat 6: bbln249 ($39.64 in chips)
Seat 7: vestimokrec ($115.28 in chips)
bbln249: posts small blind $1
vestimokrec: posts big blind $3
*** HOLE CARDS ***
bbln249: raises $3 to $6
vestimokrec: calls $3
*** FLOP *** [2s 9s Td]
vestimokrec: checks
bbln249: bets $3
vestimokrec: raises $3 to $6
bbln249: raises $3 to $9
vestimokrec: calls $3
*** TURN *** [2s 9s Td] [4d]
vestimokrec: checks
bbln249: bets $6
vestimokrec: calls $6
*** RIVER *** [2s 9s Td 4d] [2c]
vestimokrec: checks
bbln249: checks
*** SHOW DOWN ***
vestimokrec: shows [9h 3h] (two pair, Nines and Deuces)
bbln249: mucks hand
vestimokrec collected $41.50 from pot
*** SUMMARY ***
Total pot $42 | Rake $0.50
Board [2s 9s Td 4d 2c]
Seat 6: bbln249 (button) (small blind) mucked
Seat 7: vestimokrec (big blind) showed [9h 3h] and won ($41.50) with two pair, Nines and Deuces


