PokerStars Hand #148340688204:  Hold'em Limit ($3/$6 USD) - 2016/02/06 12:16:46 ET
Table 'Pia' 6-max Seat #3 is the button
Seat 3: ajmaster333 ($44 in chips)
Seat 4: Karpik09 ($105.50 in chips)
ajmaster333: posts small blind $1
Karpik09: posts big blind $3
*** HOLE CARDS ***
ajmaster333: raises $3 to $6
Karpik09: calls $3
*** FLOP *** [2d Kd 9d]
Karpik09: checks
ajmaster333: bets $3
Karpik09: folds
Uncalled bet ($3) returned to ajmaster333
ajmaster333 collected $11.76 from pot
ajmaster333: doesn't show hand
*** SUMMARY ***
Total pot $12 | Rake $0.24
Board [2d Kd 9d]
Seat 3: ajmaster333 (button) (small blind) collected ($11.76)
Seat 4: Karpik09 (big blind) folded on the Flop


PokerStars Hand #148340644709:  Hold'em Limit ($3/$6 USD) - 2016/02/06 12:16:00 ET
Table 'Pia' 6-max Seat #4 is the button
Seat 3: ajmaster333 ($59 in chips)
Seat 4: Karpik09 ($91 in chips)
Karpik09: posts small blind $1
ajmaster333: posts big blind $3
*** HOLE CARDS ***
Karpik09: raises $3 to $6
ajmaster333: calls $3
*** FLOP *** [8s 7s 8c]
ajmaster333: checks
Karpik09: bets $3
ajmaster333: calls $3
*** TURN *** [8s 7s 8c] [Qh]
ajmaster333: checks
Karpik09: checks
*** RIVER *** [8s 7s 8c Qh] [5h]
ajmaster333: bets $6
Karpik09: calls $6
*** SHOW DOWN ***
ajmaster333: shows [Kd 6s] (a pair of Eights)
Karpik09: shows [Jc Kc] (a pair of Eights - King+Queen+Jack kicker)
Karpik09 collected $29.50 from pot
*** SUMMARY ***
Total pot $30 | Rake $0.50
Board [8s 7s 8c Qh 5h]
Seat 3: ajmaster333 (big blind) showed [Kd 6s] and lost with a pair of Eights
Seat 4: Karpik09 (button) (small blind) showed [Jc Kc] and won ($29.50) with a pair of Eights


PokerStars Hand #148340730141:  Hold'em Limit ($3/$6 USD) - 2016/02/06 12:17:31 ET
Table 'Pia' 6-max Seat #3 is the button
Seat 3: ajmaster333 ($43.76 in chips)
Seat 4: Karpik09 ($105.26 in chips)
ajmaster333: posts small blind $1
Karpik09: posts big blind $3
*** HOLE CARDS ***
ajmaster333: raises $3 to $6
Karpik09: calls $3
*** FLOP *** [7d 5s 6d]
Karpik09: checks
ajmaster333: checks
*** TURN *** [7d 5s 6d] [3c]
Karpik09: checks
ajmaster333: bets $6
Karpik09: folds
Uncalled bet ($6) returned to ajmaster333
ajmaster333 collected $11.76 from pot
ajmaster333: doesn't show hand
*** SUMMARY ***
Total pot $12 | Rake $0.24
Board [7d 5s 6d 3c]
Seat 3: ajmaster333 (button) (small blind) collected ($11.76)
Seat 4: Karpik09 (big blind) folded on the Turn


PokerStars Hand #148340711490:  Hold'em Limit ($3/$6 USD) - 2016/02/06 12:17:11 ET
Table 'Pia' 6-max Seat #4 is the button
Seat 3: ajmaster333 ($49.76 in chips)
Seat 4: Karpik09 ($99.50 in chips)
Karpik09: posts small blind $1
ajmaster333: posts big blind $3
*** HOLE CARDS ***
Karpik09: raises $3 to $6
ajmaster333: calls $3
*** FLOP *** [6h 2s Ah]
ajmaster333: checks
ChOfW joins the table at seat #5
Karpik09: bets $3
ajmaster333: folds
Uncalled bet ($3) returned to Karpik09
Karpik09 collected $11.76 from pot
Karpik09: doesn't show hand
*** SUMMARY ***
Total pot $12 | Rake $0.24
Board [6h 2s Ah]
Seat 3: ajmaster333 (big blind) folded on the Flop
Seat 4: Karpik09 (button) (small blind) collected ($11.76)


