PokerStars Hand #173245514360:  Hold'em Limit ($3/$6 USD) - 2017/07/19 14:32:42 ET
Table 'Piazzia' 6-max Seat #4 is the button
Seat 4: foksas111 ($162.92 in chips)
Seat 5: krytalex ($120 in chips)
foksas111: posts small blind $1
krytalex: posts big blind $3
*** HOLE CARDS ***
vestimokrec joins the table at seat #6
foksas111: calls $2
Fetish73 joins the table at seat #1
bAAchi joins the table at seat #2
krytalex: checks
*** FLOP *** [Js Ks 6d]
krytalex: bets $3
foksas111: calls $3
*** TURN *** [Js Ks 6d] [Kc]
krytalex: bets $6
foksas111: raises $6 to $12
krytalex: folds
Uncalled bet ($6) returned to foksas111
foksas111 collected $23.52 from pot
foksas111: doesn't show hand
*** SUMMARY ***
Total pot $24 | Rake $0.48
Board [Js Ks 6d Kc]
Seat 4: foksas111 (button) (small blind) collected ($23.52)
Seat 5: krytalex (big blind) folded on the Turn


PokerStars Hand #173251756067:  Hold'em Limit ($3/$6 USD) - 2017/07/19 16:44:00 ET
Table 'Piazzia' 6-max Seat #3 is the button
Seat 2: vlaprok ($40.62 in chips)
Seat 3: LordBorzi II ($173.47 in chips)
LordBorzi II: posts small blind $1
vestimokrec: is sitting out
SEQUOIA2012: is sitting out
vlaprok: posts big blind $3
*** HOLE CARDS ***
LordBorzi II: raises $3 to $6
vlaprok: folds
Uncalled bet ($3) returned to LordBorzi II
LordBorzi II collected $6 from pot
*** SUMMARY ***
Total pot $6 | Rake $0
Seat 2: vlaprok (big blind) folded before Flop
Seat 3: LordBorzi II (button) (small blind) collected ($6)


PokerStars Hand #173251764183:  Hold'em Limit ($3/$6 USD) - 2017/07/19 16:44:10 ET
Table 'Piazzia' 6-max Seat #2 is the button
Seat 2: vlaprok ($97.62 in chips)
Seat 3: LordBorzi II ($176.47 in chips)
vlaprok: posts small blind $1
LordBorzi II: posts big blind $3
*** HOLE CARDS ***
vlaprok: raises $3 to $6
LordBorzi II: calls $3
*** FLOP *** [Jc 3d 2c]
LordBorzi II: checks
vlaprok: bets $3
LordBorzi II: folds
Uncalled bet ($3) returned to vlaprok
vlaprok collected $11.76 from pot
vlaprok: doesn't show hand
vestimokrec leaves the table
*** SUMMARY ***
Total pot $12 | Rake $0.24
Board [Jc 3d 2c]
Seat 2: vlaprok (button) (small blind) collected ($11.76)
Seat 3: LordBorzi II (big blind) folded on the Flop


