PokerStars Hand #166838959921:  Hold'em Limit ($3/$6 USD) - 2017/02/27 2:31:51 ET
Table 'Piazzia' 6-max Seat #3 is the button
Seat 2: Agrotait ($95.26 in chips)
Seat 3: vitamin168 ($67.88 in chips)
vitamin168: posts small blind $1
Agrotait: posts big blind $3
*** HOLE CARDS ***
vitamin168: raises $3 to $6
Agrotait: calls $3
*** FLOP *** [2c Kh 7s]
Agrotait: checks
vitamin168: bets $3
Agrotait: raises $3 to $6
vitamin168: calls $3
*** TURN *** [2c Kh 7s] [Kd]
Agrotait: checks
vitamin168: checks
*** RIVER *** [2c Kh 7s Kd] [7d]
Agrotait: checks
vitamin168: checks
*** SHOW DOWN ***
Agrotait: shows [4c 9c] (two pair, Kings and Sevens)
vitamin168: shows [Th As] (two pair, Kings and Sevens - Ace kicker)
vitamin168 collected $23.52 from pot
*** SUMMARY ***
Total pot $24 | Rake $0.48
Board [2c Kh 7s Kd 7d]
Seat 2: Agrotait (big blind) showed [4c 9c] and lost with two pair, Kings and Sevens
Seat 3: vitamin168 (button) (small blind) showed [Th As] and won ($23.52) with two pair, Kings and Sevens


PokerStars Hand #166838956854:  Hold'em Limit ($3/$6 USD) - 2017/02/27 2:31:40 ET
Table 'Piazzia' 6-max Seat #2 is the button
Seat 2: Agrotait ($89.50 in chips)
Seat 3: vitamin168 ($73.88 in chips)
Agrotait: posts small blind $1
vitamin168: posts big blind $3
*** HOLE CARDS ***
Agrotait: raises $3 to $6
vitamin168: calls $3
*** FLOP *** [3d Qc 2s]
vitamin168: checks
Agrotait: bets $3
vitamin168: folds
Uncalled bet ($3) returned to Agrotait
Agrotait collected $11.76 from pot
Agrotait: doesn't show hand
*** SUMMARY ***
Total pot $12 | Rake $0.24
Board [3d Qc 2s]
Seat 2: Agrotait (button) (small blind) collected ($11.76)
Seat 3: vitamin168 (big blind) folded on the Flop


PokerStars Hand #166838950715:  Hold'em Limit ($3/$6 USD) - 2017/02/27 2:31:17 ET
Table 'Piazzia' 6-max Seat #3 is the button
Seat 2: Agrotait ($101.50 in chips)
Seat 3: vitamin168 ($62.36 in chips)
vitamin168: posts small blind $1
Agrotait: posts big blind $3
*** HOLE CARDS ***
vitamin168: raises $3 to $6
Agrotait: raises $3 to $9
vitamin168: calls $3
*** FLOP *** [2s 4h Js]
Agrotait: bets $3
vitamin168: calls $3
*** TURN *** [2s 4h Js] [8h]
Agrotait: checks
vitamin168: bets $6
Agrotait: folds
Uncalled bet ($6) returned to vitamin168
vitamin168 collected $23.52 from pot
vitamin168: doesn't show hand
*** SUMMARY ***
Total pot $24 | Rake $0.48
Board [2s 4h Js 8h]
Seat 2: Agrotait (big blind) folded on the Turn
Seat 3: vitamin168 (button) (small blind) collected ($23.52)


PokerStars Hand #166838969545:  Hold'em Limit ($3/$6 USD) - 2017/02/27 2:32:27 ET
Table 'Piazzia' 6-max Seat #3 is the button
Seat 2: Agrotait ($89.02 in chips)
Seat 3: vitamin168 ($73.40 in chips)
vitamin168: posts small blind $1
Agrotait: posts big blind $3
*** HOLE CARDS ***
vitamin168: raises $3 to $6
Agrotait: calls $3
*** FLOP *** [Qs Jd Qh]
Agrotait: checks
vitamin168: bets $3
Agrotait: calls $3
*** TURN *** [Qs Jd Qh] [Kd]
Agrotait: checks
vitamin168: checks
*** RIVER *** [Qs Jd Qh Kd] [4d]
Agrotait: bets $6
vitamin168: calls $6
*** SHOW DOWN ***
Agrotait: shows [9s 6h] (a pair of Queens)
vitamin168: shows [7c Jh] (two pair, Queens and Jacks)
vitamin168 collected $29.50 from pot
*** SUMMARY ***
Total pot $30 | Rake $0.50
Board [Qs Jd Qh Kd 4d]
Seat 2: Agrotait (big blind) showed [9s 6h] and lost with a pair of Queens
Seat 3: vitamin168 (button) (small blind) showed [7c Jh] and won ($29.50) with two pair, Queens and Jacks


PokerStars Hand #166838981426:  Hold'em Limit ($3/$6 USD) - 2017/02/27 2:33:11 ET
Table 'Piazzia' 6-max Seat #3 is the button
Seat 2: Agrotait ($79.78 in chips)
Seat 3: vitamin168 ($81.90 in chips)
vitamin168: posts small blind $1
Agrotait: posts big blind $3
*** HOLE CARDS ***
vitamin168: raises $3 to $6
Agrotait: folds
Uncalled bet ($3) returned to vitamin168
vitamin168 collected $6 from pot
vitamin168: doesn't show hand
*** SUMMARY ***
Total pot $6 | Rake $0
Seat 2: Agrotait (big blind) folded before Flop
Seat 3: vitamin168 (button) (small blind) collected ($6)


PokerStars Hand #166838966249:  Hold'em Limit ($3/$6 USD) - 2017/02/27 2:32:15 ET
Table 'Piazzia' 6-max Seat #2 is the button
Seat 2: Agrotait ($83.26 in chips)
Seat 3: vitamin168 ($79.40 in chips)
Agrotait: posts small blind $1
vitamin168: posts big blind $3
*** HOLE CARDS ***
Agrotait: raises $3 to $6
vitamin168: calls $3
*** FLOP *** [4c 7h 5c]
vitamin168: checks
Agrotait: bets $3
vitamin168: folds
Uncalled bet ($3) returned to Agrotait
Agrotait collected $11.76 from pot
Agrotait: doesn't show hand
*** SUMMARY ***
Total pot $12 | Rake $0.24
Board [4c 7h 5c]
Seat 2: Agrotait (button) (small blind) collected ($11.76)
Seat 3: vitamin168 (big blind) folded on the Flop


PokerStars Hand #166838978378:  Hold'em Limit ($3/$6 USD) - 2017/02/27 2:33:00 ET
Table 'Piazzia' 6-max Seat #2 is the button
Seat 2: Agrotait ($74.02 in chips)
Seat 3: vitamin168 ($87.90 in chips)
Agrotait: posts small blind $1
vitamin168: posts big blind $3
*** HOLE CARDS ***
Agrotait: raises $3 to $6
vitamin168: calls $3
*** FLOP *** [3s 8s Qd]
vitamin168: checks
Agrotait: bets $3
vitamin168: folds
Uncalled bet ($3) returned to Agrotait
Agrotait collected $11.76 from pot
Agrotait: doesn't show hand
*** SUMMARY ***
Total pot $12 | Rake $0.24
Board [3s 8s Qd]
Seat 2: Agrotait (button) (small blind) collected ($11.76)
Seat 3: vitamin168 (big blind) folded on the Flop


PokerStars Hand #166838988339:  Hold'em Limit ($3/$6 USD) - 2017/02/27 2:33:36 ET
Table 'Piazzia' 6-max Seat #3 is the button
Seat 2: Agrotait ($83.78 in chips)
Seat 3: vitamin168 ($77.90 in chips)
vitamin168: posts small blind $1
Agrotait: posts big blind $3
*** HOLE CARDS ***
vitamin168: raises $3 to $6
Agrotait: raises $3 to $9
vitamin168: calls $3
*** FLOP *** [Ks 9c Qh]
Agrotait: bets $3
vitamin168: calls $3
*** TURN *** [Ks 9c Qh] [5c]
Agrotait: checks
vitamin168: bets $6
Agrotait: calls $6
*** RIVER *** [Ks 9c Qh 5c] [Qc]
Agrotait: checks
vitamin168: bets $6
Agrotait: calls $6
*** SHOW DOWN ***
vitamin168: shows [Kd 4d] (two pair, Kings and Queens)
Agrotait: mucks hand
vitamin168 collected $47.50 from pot
*** SUMMARY ***
Total pot $48 | Rake $0.50
Board [Ks 9c Qh 5c Qc]
Seat 2: Agrotait (big blind) mucked
Seat 3: vitamin168 (button) (small blind) showed [Kd 4d] and won ($47.50) with two pair, Kings and Queens


PokerStars Hand #166838985194:  Hold'em Limit ($3/$6 USD) - 2017/02/27 2:33:25 ET
Table 'Piazzia' 6-max Seat #3 is the button
Seat 2: Agrotait ($79.78 in chips)
Seat 3: vitamin168 ($81.90 in chips)
vitamin168: posts small blind $1
Agrotait: posts big blind $3
*** HOLE CARDS ***
vitamin168: folds
Uncalled bet ($2) returned to Agrotait
Agrotait collected $2 from pot
Agrotait: doesn't show hand
*** SUMMARY ***
Total pot $2 | Rake $0
Seat 2: Agrotait (big blind) collected ($2)
Seat 3: vitamin168 (button) (small blind) folded before Flop


PokerStars Hand #166838993837:  Hold'em Limit ($3/$6 USD) - 2017/02/27 2:33:57 ET
Table 'Piazzia' 6-max Seat #2 is the button
Seat 2: Agrotait ($72 in chips)
Seat 3: vitamin168 ($101.40 in chips)
Agrotait: posts small blind $1
vitamin168: posts big blind $3
*** HOLE CARDS ***
Agrotait: raises $3 to $6
vitamin168: calls $3
*** FLOP *** [3d 4c 4d]
vitamin168: checks
Agrotait: bets $3
vitamin168: calls $3
*** TURN *** [3d 4c 4d] [3h]
vitamin168: checks
Agrotait: bets $6
vitamin168: folds
Uncalled bet ($6) returned to Agrotait
Agrotait collected $17.64 from pot
Agrotait: doesn't show hand
*** SUMMARY ***
Total pot $18 | Rake $0.36
Board [3d 4c 4d 3h]
Seat 2: Agrotait (button) (small blind) collected ($17.64)
Seat 3: vitamin168 (big blind) folded on the Turn


PokerStars Hand #166839000572:  Hold'em Limit ($3/$6 USD) - 2017/02/27 2:34:22 ET
Table 'Piazzia' 6-max Seat #3 is the button
Seat 2: Agrotait ($80.64 in chips)
Seat 3: vitamin168 ($92.40 in chips)
vitamin168: posts small blind $1
Agrotait: posts big blind $3
*** HOLE CARDS ***
vitamin168: raises $3 to $6
Agrotait: calls $3
*** FLOP *** [Qs 5h Tc]
Agrotait: checks
vitamin168: checks
*** TURN *** [Qs 5h Tc] [Kh]
Agrotait: checks
vitamin168: bets $6
Agrotait: calls $6
*** RIVER *** [Qs 5h Tc Kh] [7d]
Agrotait: checks
vitamin168: bets $6
Agrotait: calls $6
*** SHOW DOWN ***
vitamin168: shows [Ac Td] (a pair of Tens)
Agrotait: shows [Qd 6s] (a pair of Queens)
Agrotait collected $35.50 from pot
*** SUMMARY ***
Total pot $36 | Rake $0.50
Board [Qs 5h Tc Kh 7d]
Seat 2: Agrotait (big blind) showed [Qd 6s] and won ($35.50) with a pair of Queens
Seat 3: vitamin168 (button) (small blind) showed [Ac Td] and lost with a pair of Tens


PokerStars Hand #166839011678:  Hold'em Limit ($3/$6 USD) - 2017/02/27 2:35:02 ET
Table 'Piazzia' 6-max Seat #3 is the button
Seat 2: Agrotait ($106.78 in chips)
Seat 3: vitamin168 ($65.40 in chips)
vitamin168: posts small blind $1
Agrotait: posts big blind $3
*** HOLE CARDS ***
vitamin168: folds
Uncalled bet ($2) returned to Agrotait
Agrotait collected $2 from pot
Agrotait: doesn't show hand
*** SUMMARY ***
Total pot $2 | Rake $0
Seat 2: Agrotait (big blind) collected ($2)
Seat 3: vitamin168 (button) (small blind) folded before Flop


PokerStars Hand #166839006743:  Hold'em Limit ($3/$6 USD) - 2017/02/27 2:34:44 ET
Table 'Piazzia' 6-max Seat #2 is the button
Seat 2: Agrotait ($98.14 in chips)
Seat 3: vitamin168 ($74.40 in chips)
Agrotait: posts small blind $1
vitamin168: posts big blind $3
*** HOLE CARDS ***
Agrotait: raises $3 to $6
vitamin168: calls $3
*** FLOP *** [Td 9d 7d]
vitamin168: checks
Agrotait: bets $3
vitamin168: calls $3
*** TURN *** [Td 9d 7d] [2d]
vitamin168: checks
Agrotait: bets $6
vitamin168: folds
Uncalled bet ($6) returned to Agrotait
Agrotait collected $17.64 from pot
Agrotait: doesn't show hand
*** SUMMARY ***
Total pot $18 | Rake $0.36
Board [Td 9d 7d 2d]
Seat 2: Agrotait (button) (small blind) collected ($17.64)
Seat 3: vitamin168 (big blind) folded on the Turn


PokerStars Hand #166839013269:  Hold'em Limit ($3/$6 USD) - 2017/02/27 2:35:08 ET
Table 'Piazzia' 6-max Seat #2 is the button
Seat 2: Agrotait ($107.78 in chips)
Seat 3: vitamin168 ($64.40 in chips)
Agrotait: posts small blind $1
vitamin168: posts big blind $3
*** HOLE CARDS ***
Agrotait: raises $3 to $6
vitamin168: calls $3
*** FLOP *** [4h 7s Kd]
vitamin168: checks
Agrotait: bets $3
vitamin168: raises $3 to $6
Agrotait: folds
Uncalled bet ($3) returned to vitamin168
vitamin168 collected $17.64 from pot
vitamin168: doesn't show hand
*** SUMMARY ***
Total pot $18 | Rake $0.36
Board [4h 7s Kd]
Seat 2: Agrotait (button) (small blind) folded on the Flop
Seat 3: vitamin168 (big blind) collected ($17.64)


PokerStars Hand #166839017831:  Hold'em Limit ($3/$6 USD) - 2017/02/27 2:35:25 ET
Table 'Piazzia' 6-max Seat #3 is the button
Seat 2: Agrotait ($98.78 in chips)
Seat 3: vitamin168 ($73.04 in chips)
vitamin168: posts small blind $1
Agrotait: posts big blind $3
*** HOLE CARDS ***
vitamin168: folds
Uncalled bet ($2) returned to Agrotait
Agrotait collected $2 from pot
Agrotait: doesn't show hand
*** SUMMARY ***
Total pot $2 | Rake $0
Seat 2: Agrotait (big blind) collected ($2)
Seat 3: vitamin168 (button) (small blind) folded before Flop


PokerStars Hand #166839024670:  Hold'em Limit ($3/$6 USD) - 2017/02/27 2:35:50 ET
Table 'Piazzia' 6-max Seat #3 is the button
Seat 2: Agrotait ($105.54 in chips)
Seat 3: vitamin168 ($66.04 in chips)
vitamin168: posts small blind $1
Agrotait: posts big blind $3
*** HOLE CARDS ***
vitamin168: folds
Uncalled bet ($2) returned to Agrotait
Agrotait collected $2 from pot
Agrotait: doesn't show hand
*** SUMMARY ***
Total pot $2 | Rake $0
Seat 2: Agrotait (big blind) collected ($2)
Seat 3: vitamin168 (button) (small blind) folded before Flop


PokerStars Hand #166839019298:  Hold'em Limit ($3/$6 USD) - 2017/02/27 2:35:30 ET
Table 'Piazzia' 6-max Seat #2 is the button
Seat 2: Agrotait ($99.78 in chips)
Seat 3: vitamin168 ($72.04 in chips)
Agrotait: posts small blind $1
vitamin168: posts big blind $3
*** HOLE CARDS ***
Agrotait: raises $3 to $6
vitamin168: calls $3
*** FLOP *** [5d Tc 9c]
vitamin168: checks
Agrotait: bets $3
vitamin168: folds
Uncalled bet ($3) returned to Agrotait
Agrotait collected $11.76 from pot
Agrotait: doesn't show hand
*** SUMMARY ***
Total pot $12 | Rake $0.24
Board [5d Tc 9c]
Seat 2: Agrotait (button) (small blind) collected ($11.76)
Seat 3: vitamin168 (big blind) folded on the Flop


PokerStars Hand #166839026141:  Hold'em Limit ($3/$6 USD) - 2017/02/27 2:35:55 ET
Table 'Piazzia' 6-max Seat #2 is the button
Seat 2: Agrotait ($106.54 in chips)
Seat 3: vitamin168 ($65.04 in chips)
Agrotait: posts small blind $1
vitamin168: posts big blind $3
*** HOLE CARDS ***
Agrotait: raises $3 to $6
vitamin168: calls $3
*** FLOP *** [7c 5d Ts]
vitamin168: checks
Agrotait: bets $3
vitamin168: calls $3
*** TURN *** [7c 5d Ts] [Js]
vitamin168: checks
Agrotait: bets $6
vitamin168: calls $6
*** RIVER *** [7c 5d Ts Js] [8h]
vitamin168: checks
Agrotait: checks
*** SHOW DOWN ***
vitamin168: shows [5s Kd] (a pair of Fives)
Agrotait: mucks hand
vitamin168 collected $29.50 from pot
*** SUMMARY ***
Total pot $30 | Rake $0.50
Board [7c 5d Ts Js 8h]
Seat 2: Agrotait (button) (small blind) mucked
Seat 3: vitamin168 (big blind) showed [5s Kd] and won ($29.50) with a pair of Fives


PokerStars Hand #166839031913:  Hold'em Limit ($3/$6 USD) - 2017/02/27 2:36:16 ET
Table 'Piazzia' 6-max Seat #3 is the button
Seat 2: Agrotait ($91.54 in chips)
Seat 3: vitamin168 ($79.54 in chips)
vitamin168: posts small blind $1
Agrotait: posts big blind $3
*** HOLE CARDS ***
vitamin168: raises $3 to $6
Agrotait: calls $3
*** FLOP *** [8c Jc 7c]
Agrotait: checks
vitamin168: checks
*** TURN *** [8c Jc 7c] [6h]
Agrotait: bets $6
vitamin168: calls $6
*** RIVER *** [8c Jc 7c 6h] [As]
Agrotait: bets $6
vitamin168: folds
Uncalled bet ($6) returned to Agrotait
Agrotait collected $23.52 from pot
Agrotait: doesn't show hand
*** SUMMARY ***
Total pot $24 | Rake $0.48
Board [8c Jc 7c 6h As]
Seat 2: Agrotait (big blind) collected ($23.52)
Seat 3: vitamin168 (button) (small blind) folded on the River


PokerStars Hand #166839040168:  Hold'em Limit ($3/$6 USD) - 2017/02/27 2:36:46 ET
Table 'Piazzia' 6-max Seat #3 is the button
Seat 2: Agrotait ($106.06 in chips)
Seat 3: vitamin168 ($64.54 in chips)
vitamin168: posts small blind $1
Agrotait: posts big blind $3
*** HOLE CARDS ***
vitamin168: raises $3 to $6
Agrotait: calls $3
*** FLOP *** [Ks Kc 2c]
Agrotait: checks
vitamin168: bets $3
Agrotait: folds
Uncalled bet ($3) returned to vitamin168
vitamin168 collected $11.76 from pot
vitamin168: doesn't show hand
*** SUMMARY ***
Total pot $12 | Rake $0.24
Board [Ks Kc 2c]
Seat 2: Agrotait (big blind) folded on the Flop
Seat 3: vitamin168 (button) (small blind) collected ($11.76)


PokerStars Hand #166839047264:  Hold'em Limit ($3/$6 USD) - 2017/02/27 2:37:12 ET
Table 'Piazzia' 6-max Seat #3 is the button
Seat 2: Agrotait ($103.06 in chips)
Seat 3: vitamin168 ($67.30 in chips)
vitamin168: posts small blind $1
Agrotait: posts big blind $3
*** HOLE CARDS ***
vitamin168: folds
Uncalled bet ($2) returned to Agrotait
Agrotait collected $2 from pot
Agrotait: doesn't show hand
*** SUMMARY ***
Total pot $2 | Rake $0
Seat 2: Agrotait (big blind) collected ($2)
Seat 3: vitamin168 (button) (small blind) folded before Flop


PokerStars Hand #166839045464:  Hold'em Limit ($3/$6 USD) - 2017/02/27 2:37:06 ET
Table 'Piazzia' 6-max Seat #2 is the button
Seat 2: Agrotait ($100.06 in chips)
Seat 3: vitamin168 ($70.30 in chips)
Agrotait: posts small blind $1
vitamin168: posts big blind $3
*** HOLE CARDS ***
Agrotait: raises $3 to $6
vitamin168: folds
Uncalled bet ($3) returned to Agrotait
Agrotait collected $6 from pot
Agrotait: doesn't show hand
*** SUMMARY ***
Total pot $6 | Rake $0
Seat 2: Agrotait (button) (small blind) collected ($6)
Seat 3: vitamin168 (big blind) folded before Flop


PokerStars Hand #166839037290:  Hold'em Limit ($3/$6 USD) - 2017/02/27 2:36:36 ET
Table 'Piazzia' 6-max Seat #2 is the button
Seat 2: Agrotait ($103.06 in chips)
Seat 3: vitamin168 ($67.54 in chips)
Agrotait: posts small blind $1
vitamin168: posts big blind $3
*** HOLE CARDS ***
Agrotait: raises $3 to $6
vitamin168: folds
Uncalled bet ($3) returned to Agrotait
Agrotait collected $6 from pot
Agrotait: doesn't show hand
*** SUMMARY ***
Total pot $6 | Rake $0
Seat 2: Agrotait (button) (small blind) collected ($6)
Seat 3: vitamin168 (big blind) folded before Flop


PokerStars Hand #166839060838:  Hold'em Limit ($3/$6 USD) - 2017/02/27 2:38:02 ET
Table 'Piazzia' 6-max Seat #2 is the button
Seat 2: Agrotait ($100.70 in chips)
Seat 3: vitamin168 ($68.82 in chips)
Agrotait: posts small blind $1
vitamin168: posts big blind $3
*** HOLE CARDS ***
Agrotait: folds
Uncalled bet ($2) returned to vitamin168
vitamin168 collected $2 from pot
vitamin168: doesn't show hand
*** SUMMARY ***
Total pot $2 | Rake $0
Seat 2: Agrotait (button) (small blind) folded before Flop
Seat 3: vitamin168 (big blind) collected ($2)


PokerStars Hand #166839056315:  Hold'em Limit ($3/$6 USD) - 2017/02/27 2:37:45 ET
Table 'Piazzia' 6-max Seat #3 is the button
Seat 2: Agrotait ($92.06 in chips)
Seat 3: vitamin168 ($77.82 in chips)
vitamin168: posts small blind $1
Agrotait: posts big blind $3
*** HOLE CARDS ***
vitamin168: raises $3 to $6
Agrotait: raises $3 to $9
vitamin168: calls $3
*** FLOP *** [Tc Kc 4s]
Agrotait: bets $3
vitamin168: folds
Uncalled bet ($3) returned to Agrotait
Agrotait collected $17.64 from pot
Agrotait: doesn't show hand
*** SUMMARY ***
Total pot $18 | Rake $0.36
Board [Tc Kc 4s]
Seat 2: Agrotait (big blind) collected ($17.64)
Seat 3: vitamin168 (button) (small blind) folded on the Flop


PokerStars Hand #166839048644:  Hold'em Limit ($3/$6 USD) - 2017/02/27 2:37:17 ET
Table 'Piazzia' 6-max Seat #2 is the button
Seat 2: Agrotait ($104.06 in chips)
Seat 3: vitamin168 ($66.30 in chips)
Agrotait: posts small blind $1
vitamin168: posts big blind $3
*** HOLE CARDS ***
Agrotait: raises $3 to $6
vitamin168: raises $3 to $9
Agrotait: calls $3
*** FLOP *** [9d 3c Kc]
vitamin168: bets $3
Agrotait: calls $3
*** TURN *** [9d 3c Kc] [2h]
vitamin168: checks
Agrotait: checks
*** RIVER *** [9d 3c Kc 2h] [3d]
vitamin168: bets $6
Agrotait: folds
Uncalled bet ($6) returned to vitamin168
vitamin168 collected $23.52 from pot
vitamin168: doesn't show hand
*** SUMMARY ***
Total pot $24 | Rake $0.48
Board [9d 3c Kc 2h 3d]
Seat 2: Agrotait (button) (small blind) folded on the River
Seat 3: vitamin168 (big blind) collected ($23.52)


PokerStars Hand #166839077396:  Hold'em Limit ($3/$6 USD) - 2017/02/27 2:39:03 ET
Table 'Piazzia' 6-max Seat #3 is the button
Seat 2: Agrotait ($152.70 in chips)
Seat 3: vitamin168 ($15.82 in chips)
vitamin168: posts small blind $1
Agrotait: posts big blind $3
*** HOLE CARDS ***
vitamin168: calls $2
Agrotait: checks
*** FLOP *** [2c 6c 3c]
Agrotait: bets $3
vitamin168: folds
Uncalled bet ($3) returned to Agrotait
Agrotait collected $5.88 from pot
Agrotait: doesn't show hand
*** SUMMARY ***
Total pot $6 | Rake $0.12
Board [2c 6c 3c]
Seat 2: Agrotait (big blind) collected ($5.88)
Seat 3: vitamin168 (button) (small blind) folded on the Flop


PokerStars Hand #166839062454:  Hold'em Limit ($3/$6 USD) - 2017/02/27 2:38:08 ET
Table 'Piazzia' 6-max Seat #3 is the button
Seat 2: Agrotait ($99.70 in chips)
Seat 3: vitamin168 ($69.82 in chips)
vitamin168: posts small blind $1
Agrotait: posts big blind $3
*** HOLE CARDS ***
vitamin168: raises $3 to $6
Agrotait: raises $3 to $9
vitamin168: calls $3
*** FLOP *** [3c As Td]
Agrotait: bets $3
vitamin168: calls $3
*** TURN *** [3c As Td] [Tc]
Agrotait: bets $6
vitamin168: calls $6
*** RIVER *** [3c As Td Tc] [7h]
Agrotait: bets $6
vitamin168: calls $6
*** SHOW DOWN ***
Agrotait: shows [Ts Th] (four of a kind, Tens)
vitamin168: mucks hand
Agrotait collected $47.50 from pot
*** SUMMARY ***
Total pot $48 | Rake $0.50
Board [3c As Td Tc 7h]
Seat 2: Agrotait (big blind) showed [Ts Th] and won ($47.50) with four of a kind, Tens
Seat 3: vitamin168 (button) (small blind) mucked


PokerStars Hand #166839069199:  Hold'em Limit ($3/$6 USD) - 2017/02/27 2:38:33 ET
Table 'Piazzia' 6-max Seat #2 is the button
Seat 2: Agrotait ($123.20 in chips)
Seat 3: vitamin168 ($45.82 in chips)
Agrotait: posts small blind $1
vitamin168: posts big blind $3
*** HOLE CARDS ***
Agrotait: raises $3 to $6
vitamin168: raises $3 to $9
Agrotait: calls $3
*** FLOP *** [7h Jd 7s]
vitamin168: bets $3
Agrotait: calls $3
*** TURN *** [7h Jd 7s] [3c]
vitamin168: bets $6
Agrotait: calls $6
*** RIVER *** [7h Jd 7s 3c] [Jc]
vitamin168: bets $6
Agrotait: raises $6 to $12
vitamin168: calls $6
*** SHOW DOWN ***
Agrotait: shows [8c 7d] (a full house, Sevens full of Jacks)
vitamin168: mucks hand
Agrotait collected $59.50 from pot
*** SUMMARY ***
Total pot $60 | Rake $0.50
Board [7h Jd 7s 3c Jc]
Seat 2: Agrotait (button) (small blind) showed [8c 7d] and won ($59.50) with a full house, Sevens full of Jacks
Seat 3: vitamin168 (big blind) mucked


PokerStars Hand #166839084390:  Hold'em Limit ($3/$6 USD) - 2017/02/27 2:39:28 ET
Table 'Piazzia' 6-max Seat #2 is the button
Seat 2: Agrotait ($155.58 in chips)
Seat 3: vitamin168 ($12.82 in chips)
Agrotait: posts small blind $1
vitamin168: posts big blind $3
*** HOLE CARDS ***
Agrotait: raises $3 to $6
vitamin168: folds
Uncalled bet ($3) returned to Agrotait
Agrotait collected $6 from pot
Agrotait: doesn't show hand
*** SUMMARY ***
Total pot $6 | Rake $0
Seat 2: Agrotait (button) (small blind) collected ($6)
Seat 3: vitamin168 (big blind) folded before Flop


PokerStars Hand #166839088844:  Hold'em Limit ($3/$6 USD) - 2017/02/27 2:39:44 ET
Table 'Piazzia' 6-max Seat #2 is the button
Seat 2: Agrotait ($155.58 in chips)
Seat 3: vitamin168 ($12.82 in chips)
Agrotait: posts small blind $1
vitamin168: posts big blind $3
*** HOLE CARDS ***
Agrotait: raises $3 to $6
vitamin168: calls $3
*** FLOP *** [2c 4d 4h]
vitamin168: checks
Agrotait: bets $3
vitamin168: folds
Uncalled bet ($3) returned to Agrotait
Agrotait collected $11.76 from pot
Agrotait: doesn't show hand
*** SUMMARY ***
Total pot $12 | Rake $0.24
Board [2c 4d 4h]
Seat 2: Agrotait (button) (small blind) collected ($11.76)
Seat 3: vitamin168 (big blind) folded on the Flop


PokerStars Hand #166839087041:  Hold'em Limit ($3/$6 USD) - 2017/02/27 2:39:38 ET
Table 'Piazzia' 6-max Seat #3 is the button
Seat 2: Agrotait ($158.58 in chips)
Seat 3: vitamin168 ($9.82 in chips)
vitamin168: posts small blind $1
Agrotait: posts big blind $3
*** HOLE CARDS ***
vitamin168: raises $3 to $6
Agrotait: folds
Uncalled bet ($3) returned to vitamin168
vitamin168 collected $6 from pot
vitamin168: doesn't show hand
*** SUMMARY ***
Total pot $6 | Rake $0
Seat 2: Agrotait (big blind) folded before Flop
Seat 3: vitamin168 (button) (small blind) collected ($6)


PokerStars Hand #166839092432:  Hold'em Limit ($3/$6 USD) - 2017/02/27 2:39:57 ET
Table 'Piazzia' 6-max Seat #3 is the button
Seat 2: Agrotait ($161.34 in chips)
Seat 3: vitamin168 ($6.82 in chips)
vitamin168: posts small blind $1
Agrotait: posts big blind $3
*** HOLE CARDS ***
vitamin168: raises $3 to $6
Agrotait: raises $3 to $9
vitamin168: calls $0.82 and is all-in
Uncalled bet ($2.18) returned to Agrotait
*** FLOP *** [Tc 3c 2s]
*** TURN *** [Tc 3c 2s] [8h]
*** RIVER *** [Tc 3c 2s 8h] [Ts]
*** SHOW DOWN ***
Agrotait: shows [Jd Ad] (a pair of Tens)
vitamin168: shows [As 2c] (two pair, Tens and Deuces)
vitamin168 collected $13.37 from pot
*** SUMMARY ***
Total pot $13.64 | Rake $0.27
Board [Tc 3c 2s 8h Ts]
Seat 2: Agrotait (big blind) showed [Jd Ad] and lost with a pair of Tens
Seat 3: vitamin168 (button) (small blind) showed [As 2c] and won ($13.37) with two pair, Tens and Deuces


PokerStars Hand #166839104268:  Hold'em Limit ($3/$6 USD) - 2017/02/27 2:40:40 ET
Table 'Piazzia' 6-max Seat #2 is the button
Seat 2: Agrotait ($142.15 in chips)
Seat 3: vitamin168 ($25.24 in chips)
Agrotait: posts small blind $1
vitamin168: posts big blind $3
*** HOLE CARDS ***
Agrotait: raises $3 to $6
vitamin168: folds
Uncalled bet ($3) returned to Agrotait
Agrotait collected $6 from pot
Agrotait: doesn't show hand
*** SUMMARY ***
Total pot $6 | Rake $0
Seat 2: Agrotait (button) (small blind) collected ($6)
Seat 3: vitamin168 (big blind) folded before Flop


PokerStars Hand #166839102842:  Hold'em Limit ($3/$6 USD) - 2017/02/27 2:40:35 ET
Table 'Piazzia' 6-max Seat #3 is the button
Seat 2: Agrotait ($141.15 in chips)
Seat 3: vitamin168 ($26.24 in chips)
vitamin168: posts small blind $1
Agrotait: posts big blind $3
*** HOLE CARDS ***
vitamin168: folds
Uncalled bet ($2) returned to Agrotait
Agrotait collected $2 from pot
Agrotait: doesn't show hand
*** SUMMARY ***
Total pot $2 | Rake $0
Seat 2: Agrotait (big blind) collected ($2)
Seat 3: vitamin168 (button) (small blind) folded before Flop


PokerStars Hand #166839096513:  Hold'em Limit ($3/$6 USD) - 2017/02/27 2:40:12 ET
Table 'Piazzia' 6-max Seat #2 is the button
Seat 2: Agrotait ($154.52 in chips)
Seat 3: vitamin168 ($13.37 in chips)
Agrotait: posts small blind $1
vitamin168: posts big blind $3
*** HOLE CARDS ***
Agrotait: raises $3 to $6
vitamin168: calls $3
*** FLOP *** [6h 9c Jc]
vitamin168: bets $3
Agrotait: calls $3
*** TURN *** [6h 9c Jc] [Qs]
vitamin168: bets $4.37 and is all-in
Agrotait: calls $4.37
*** RIVER *** [6h 9c Jc Qs] [Kd]
*** SHOW DOWN ***
vitamin168: shows [Td 7s] (a straight, Nine to King)
Agrotait: shows [7d 6s] (a pair of Sixes)
vitamin168 collected $26.24 from pot
*** SUMMARY ***
Total pot $26.74 | Rake $0.50
Board [6h 9c Jc Qs Kd]
Seat 2: Agrotait (button) (small blind) showed [7d 6s] and lost with a pair of Sixes
Seat 3: vitamin168 (big blind) showed [Td 7s] and won ($26.24) with a straight, Nine to King


PokerStars Hand #166839109274:  Hold'em Limit ($3/$6 USD) - 2017/02/27 2:40:58 ET
Table 'Piazzia' 6-max Seat #3 is the button
Seat 2: Agrotait ($145.15 in chips)
Seat 3: vitamin168 ($22.24 in chips)
vitamin168: posts small blind $1
Agrotait: posts big blind $3
*** HOLE CARDS ***
vitamin168: raises $3 to $6
Agrotait: calls $3
*** FLOP *** [Td Kc 2c]
Agrotait: checks
vitamin168: bets $3
Agrotait: raises $3 to $6
vitamin168: calls $3
*** TURN *** [Td Kc 2c] [5s]
Agrotait: bets $6
vitamin168: folds
Uncalled bet ($6) returned to Agrotait
Agrotait collected $23.52 from pot
Agrotait: doesn't show hand
*** SUMMARY ***
Total pot $24 | Rake $0.48
Board [Td Kc 2c 5s]
Seat 2: Agrotait (big blind) collected ($23.52)
Seat 3: vitamin168 (button) (small blind) folded on the Turn


PokerStars Hand #166839107645:  Hold'em Limit ($3/$6 USD) - 2017/02/27 2:40:52 ET
Table 'Piazzia' 6-max Seat #2 is the button
Seat 2: Agrotait ($146.15 in chips)
Seat 3: vitamin168 ($21.24 in chips)
Agrotait: posts small blind $1
vitamin168: posts big blind $3
*** HOLE CARDS ***
Agrotait: folds
Uncalled bet ($2) returned to vitamin168
vitamin168 collected $2 from pot
vitamin168: doesn't show hand
*** SUMMARY ***
Total pot $2 | Rake $0
Seat 2: Agrotait (button) (small blind) folded before Flop
Seat 3: vitamin168 (big blind) collected ($2)


PokerStars Hand #166839120769:  Hold'em Limit ($3/$6 USD) - 2017/02/27 2:41:40 ET
Table 'Piazzia' 6-max Seat #2 is the button
Seat 2: Agrotait ($163.43 in chips)
Seat 3: vitamin168 ($3.24 in chips)
Agrotait: posts small blind $1
vitamin168: posts big blind $3
*** HOLE CARDS ***
Agrotait: raises $3 to $6
vitamin168: calls $0.24 and is all-in
Uncalled bet ($2.76) returned to Agrotait
*** FLOP *** [8d Qs Jh]
*** TURN *** [8d Qs Jh] [6h]
*** RIVER *** [8d Qs Jh 6h] [Js]
*** SHOW DOWN ***
vitamin168: shows [6c Kh] (two pair, Jacks and Sixes)
Agrotait: shows [7h Jd] (three of a kind, Jacks)
Agrotait collected $6.35 from pot
*** SUMMARY ***
Total pot $6.48 | Rake $0.13
Board [8d Qs Jh 6h Js]
Seat 2: Agrotait (button) (small blind) showed [7h Jd] and won ($6.35) with three of a kind, Jacks
Seat 3: vitamin168 (big blind) showed [6c Kh] and lost with two pair, Jacks and Sixes


PokerStars Hand #166839119304:  Hold'em Limit ($3/$6 USD) - 2017/02/27 2:41:35 ET
Table 'Piazzia' 6-max Seat #3 is the button
Seat 2: Agrotait ($162.43 in chips)
Seat 3: vitamin168 ($4.24 in chips)
vitamin168: posts small blind $1
Agrotait: posts big blind $3
*** HOLE CARDS ***
vitamin168: folds
Uncalled bet ($2) returned to Agrotait
Agrotait collected $2 from pot
Agrotait: doesn't show hand
*** SUMMARY ***
Total pot $2 | Rake $0
Seat 2: Agrotait (big blind) collected ($2)
Seat 3: vitamin168 (button) (small blind) folded before Flop


PokerStars Hand #166839115103:  Hold'em Limit ($3/$6 USD) - 2017/02/27 2:41:19 ET
Table 'Piazzia' 6-max Seat #2 is the button
Seat 2: Agrotait ($156.67 in chips)
Seat 3: vitamin168 ($10.24 in chips)
Agrotait: posts small blind $1
vitamin168: posts big blind $3
*** HOLE CARDS ***
Agrotait: raises $3 to $6
vitamin168: calls $3
*** FLOP *** [Jd 7s 2h]
vitamin168: checks
Agrotait: bets $3
vitamin168: folds
Uncalled bet ($3) returned to Agrotait
Agrotait collected $11.76 from pot
Agrotait: doesn't show hand
*** SUMMARY ***
Total pot $12 | Rake $0.24
Board [Jd 7s 2h]
Seat 2: Agrotait (button) (small blind) collected ($11.76)
Seat 3: vitamin168 (big blind) folded on the Flop


