PokerStars Hand #162966425121:  Hold'em Limit ($3/$6 USD) - 2016/12/15 0:10:54 ET
Table 'Piazzia' 6-max Seat #6 is the button
Seat 4: Agrotait ($72 in chips)
Seat 6: Brama Br ($120 in chips)
Brama Br: posts small blind $1
Agrotait: posts big blind $3
*** HOLE CARDS ***
Brama Br: folds
Uncalled bet ($2) returned to Agrotait
Agrotait collected $2 from pot
Agrotait: doesn't show hand
*** SUMMARY ***
Total pot $2 | Rake $0
Seat 4: Agrotait (big blind) collected ($2)
Seat 6: Brama Br (button) (small blind) folded before Flop


PokerStars Hand #162966430281:  Hold'em Limit ($3/$6 USD) - 2016/12/15 0:11:13 ET
Table 'Piazzia' 6-max Seat #4 is the button
Seat 4: Agrotait ($73 in chips)
Seat 6: Brama Br ($119 in chips)
Agrotait: posts small blind $1
Brama Br: posts big blind $3
*** HOLE CARDS ***
Agrotait: folds
Uncalled bet ($2) returned to Brama Br
Brama Br collected $2 from pot
Brama Br: doesn't show hand
*** SUMMARY ***
Total pot $2 | Rake $0
Seat 4: Agrotait (button) (small blind) folded before Flop
Seat 6: Brama Br (big blind) collected ($2)


PokerStars Hand #162966433060:  Hold'em Limit ($3/$6 USD) - 2016/12/15 0:11:23 ET
Table 'Piazzia' 6-max Seat #6 is the button
Seat 4: Agrotait ($72 in chips)
Seat 6: Brama Br ($120 in chips)
Brama Br: posts small blind $1
Agrotait: posts big blind $3
*** HOLE CARDS ***
Brama Br: raises $3 to $6
Agrotait: calls $3
*** FLOP *** [Ks Qs Jc]
Agrotait: bets $3
Brama Br: calls $3
*** TURN *** [Ks Qs Jc] [4c]
Agrotait: checks
Brama Br: checks
*** RIVER *** [Ks Qs Jc 4c] [Tc]
Agrotait: checks
Brama Br: bets $6
Agrotait: calls $6
*** SHOW DOWN ***
Brama Br: shows [7s 5d] (high card King)
Agrotait: shows [7c Qh] (a pair of Queens)
Agrotait collected $29.50 from pot
*** SUMMARY ***
Total pot $30 | Rake $0.50
Board [Ks Qs Jc 4c Tc]
Seat 4: Agrotait (big blind) showed [7c Qh] and won ($29.50) with a pair of Queens
Seat 6: Brama Br (button) (small blind) showed [7s 5d] and lost with high card King


PokerStars Hand #162966451745:  Hold'em Limit ($3/$6 USD) - 2016/12/15 0:12:30 ET
Table 'Piazzia' 6-max Seat #4 is the button
Seat 4: Agrotait ($86.50 in chips)
Seat 6: Brama Br ($105 in chips)
Agrotait: posts small blind $1
Brama Br: posts big blind $3
*** HOLE CARDS ***
Agrotait: raises $3 to $6
Brama Br: calls $3
*** FLOP *** [8d 3c As]
Brama Br: checks
Brama Br said, "pensativo?"
Agrotait: bets $3
Brama Br said, "se for dar cha caio fora"
Brama Br: folds
Uncalled bet ($3) returned to Agrotait
Agrotait collected $11.76 from pot
Agrotait: doesn't show hand
*** SUMMARY ***
Total pot $12 | Rake $0.24
Board [8d 3c As]
Seat 4: Agrotait (button) (small blind) collected ($11.76)
Seat 6: Brama Br (big blind) folded on the Flop


PokerStars Hand #162966466872:  Hold'em Limit ($3/$6 USD) - 2016/12/15 0:13:24 ET
Table 'Piazzia' 6-max Seat #6 is the button
Seat 4: Agrotait ($92.26 in chips)
Seat 6: Brama Br ($99 in chips)
Brama Br: posts small blind $1
Agrotait: posts big blind $3
*** HOLE CARDS ***
Brama Br: raises $3 to $6
Agrotait: folds
Uncalled bet ($3) returned to Brama Br
Brama Br collected $6 from pot
Brama Br: doesn't show hand
*** SUMMARY ***
Total pot $6 | Rake $0
Seat 4: Agrotait (big blind) folded before Flop
Seat 6: Brama Br (button) (small blind) collected ($6)


PokerStars Hand #162966472895:  Hold'em Limit ($3/$6 USD) - 2016/12/15 0:13:45 ET
Table 'Piazzia' 6-max Seat #4 is the button
Seat 4: Agrotait ($89.26 in chips)
Seat 6: Brama Br ($102 in chips)
Agrotait: posts small blind $1
Brama Br: posts big blind $3
*** HOLE CARDS ***
agafon1039 joins the table at seat #1
Agrotait: raises $3 to $6
Brama Br: calls $3
*** FLOP *** [Th 9h 8s]
Brama Br: checks
Agrotait: bets $3
Brama Br: folds
Uncalled bet ($3) returned to Agrotait
Agrotait collected $11.76 from pot
Agrotait: doesn't show hand
*** SUMMARY ***
Total pot $12 | Rake $0.24
Board [Th 9h 8s]
Seat 4: Agrotait (button) (small blind) collected ($11.76)
Seat 6: Brama Br (big blind) folded on the Flop


PokerStars Hand #162967195354:  Hold'em Limit ($3/$6 USD) - 2016/12/15 0:58:14 ET
Table 'Piazzia' 6-max Seat #6 is the button
Seat 3: ToDaFelt ($135.74 in chips)
Seat 6: Icecold ($114 in chips)
Icecold: posts small blind $1
Alexsandr.NT: is sitting out
ToDaFelt: posts big blind $3
*** HOLE CARDS ***
Icecold: raises $3 to $6
ToDaFelt: calls $3
*** FLOP *** [3d Kc 4c]
ToDaFelt: checks
Icecold: bets $3
ToDaFelt: folds
Uncalled bet ($3) returned to Icecold
Icecold collected $11.76 from pot
*** SUMMARY ***
Total pot $12 | Rake $0.24
Board [3d Kc 4c]
Seat 3: ToDaFelt (big blind) folded on the Flop
Seat 6: Icecold (button) (small blind) collected ($11.76)


