PokerStars Hand #156589316522:  Hold'em Limit ($3/$6 USD) - 2016/07/29 9:09:49 ET
Table 'Piccolo' 6-max Seat #1 is the button
Seat 1: NEST201300 ($87.35 in chips)
Seat 2: kolaz03 ($95.50 in chips)
NEST201300: posts small blind $1
kolaz03: posts big blind $3
*** HOLE CARDS ***
NEST201300: raises $3 to $6
kolaz03: calls $3
*** FLOP *** [3h 6d 9d]
kolaz03: checks
NEST201300: checks
*** TURN *** [3h 6d 9d] [5s]
kolaz03: bets $6
NEST201300: calls $6
*** RIVER *** [3h 6d 9d 5s] [2c]
kolaz03: bets $6
NEST201300: folds
Uncalled bet ($6) returned to kolaz03
kolaz03 collected $23.52 from pot
kolaz03: doesn't show hand
*** SUMMARY ***
Total pot $24 | Rake $0.48
Board [3h 6d 9d 5s 2c]
Seat 1: NEST201300 (button) (small blind) folded on the River
Seat 2: kolaz03 (big blind) collected ($23.52)


PokerStars Hand #156589294808:  Hold'em Limit ($3/$6 USD) - 2016/07/29 9:09:08 ET
Table 'Piccolo' 6-max Seat #2 is the button
Seat 1: NEST201300 ($111.35 in chips)
Seat 2: kolaz03 ($72 in chips)
belik555 joins the table at seat #3
kolaz03: posts small blind $1
Agrotait: is sitting out
NEST201300: posts big blind $3
*** HOLE CARDS ***
Agrotait leaves the table
kolaz03: raises $3 to $6
NEST201300: calls $3
*** FLOP *** [2d 4h 2h]
NEST201300: checks
kolaz03: bets $3
NEST201300: raises $3 to $6
kolaz03: calls $3
*** TURN *** [2d 4h 2h] [3s]
NEST201300: bets $6
kolaz03: calls $6
*** RIVER *** [2d 4h 2h 3s] [Qc]
NEST201300: bets $6
kolaz03: calls $6
*** SHOW DOWN ***
NEST201300: shows [7s 3c] (two pair, Threes and Deuces)
kolaz03: shows [4s Jc] (two pair, Fours and Deuces)
kolaz03 collected $47.50 from pot
*** SUMMARY ***
Total pot $48 | Rake $0.50
Board [2d 4h 2h 3s Qc]
Seat 1: NEST201300 (big blind) showed [7s 3c] and lost with two pair, Threes and Deuces
Seat 2: kolaz03 (button) (small blind) showed [4s Jc] and won ($47.50) with two pair, Fours and Deuces


PokerStars Hand #156591405326:  Hold'em Limit ($3/$6 USD) - 2016/07/29 10:16:25 ET
Table 'Piccolo' 6-max Seat #5 is the button
Seat 4: skaluah ($206.11 in chips)
Seat 5: Agrotait ($105.61 in chips)
Agrotait: posts small blind $1
skaluah: posts big blind $3
*** HOLE CARDS ***
Agrotait: folds
Uncalled bet ($2) returned to skaluah
skaluah collected $2 from pot
skaluah: doesn't show hand
*** SUMMARY ***
Total pot $2 | Rake $0
Seat 4: skaluah (big blind) collected ($2)
Seat 5: Agrotait (button) (small blind) folded before Flop


PokerStars Hand #156591400821:  Hold'em Limit ($3/$6 USD) - 2016/07/29 10:16:16 ET
Table 'Piccolo' 6-max Seat #4 is the button
Seat 4: skaluah ($207.11 in chips)
Seat 5: Agrotait ($104.61 in chips)
skaluah: posts small blind $1
Agrotait: posts big blind $3
*** HOLE CARDS ***
plummgg leaves the table
skaluah: folds
Uncalled bet ($2) returned to Agrotait
Agrotait collected $2 from pot
Agrotait: doesn't show hand
*** SUMMARY ***
Total pot $2 | Rake $0
Seat 4: skaluah (button) (small blind) folded before Flop
Seat 5: Agrotait (big blind) collected ($2)


PokerStars Hand #156591411065:  Hold'em Limit ($3/$6 USD) - 2016/07/29 10:16:35 ET
Table 'Piccolo' 6-max Seat #4 is the button
Seat 4: skaluah ($207.11 in chips)
Seat 5: Agrotait ($104.61 in chips)
skaluah: posts small blind $1
Agrotait: posts big blind $3
*** HOLE CARDS ***
skaluah: folds
Uncalled bet ($2) returned to Agrotait
Agrotait collected $2 from pot
Agrotait: doesn't show hand
*** SUMMARY ***
Total pot $2 | Rake $0
Seat 4: skaluah (button) (small blind) folded before Flop
Seat 5: Agrotait (big blind) collected ($2)


