PokerStars Hand #166442270658:  Hold'em Limit ($3/$6 USD) - 2017/02/19 7:28:11 ET
Table 'Piccolo' 6-max Seat #3 is the button
Seat 3: Rus29APX ($120 in chips)
Seat 5: iupeli ($120 in chips)
Rus29APX: posts small blind $1
iupeli: posts big blind $3
*** HOLE CARDS ***
Rus29APX: raises $3 to $6
iupeli: calls $3
*** FLOP *** [8h Jh Kh]
iupeli: checks
Rus29APX: bets $3
iupeli: calls $3
*** TURN *** [8h Jh Kh] [4d]
iupeli: checks
Rus29APX: bets $6
iupeli: calls $6
*** RIVER *** [8h Jh Kh 4d] [Td]
iupeli: checks
Grieserix joins the table at seat #6
Rus29APX: bets $6
iupeli: folds
Uncalled bet ($6) returned to Rus29APX
Rus29APX collected $29.50 from pot
Rus29APX: doesn't show hand
*** SUMMARY ***
Total pot $30 | Rake $0.50
Board [8h Jh Kh 4d Td]
Seat 3: Rus29APX (button) (small blind) collected ($29.50)
Seat 5: iupeli (big blind) folded on the River


PokerStars Hand #166442570234:  Hold'em Limit ($3/$6 USD) - 2017/02/19 7:36:31 ET
Table 'Piccolo' 6-max Seat #5 is the button
Seat 3: Rus29APX ($123 in chips)
Seat 5: iupeli ($126.53 in chips)
iupeli: posts small blind $1
Rus29APX: posts big blind $3
*** HOLE CARDS ***
iupeli: folds
Uncalled bet ($2) returned to Rus29APX
Rus29APX collected $2 from pot
Rus29APX: doesn't show hand
*** SUMMARY ***
Total pot $2 | Rake $0
Seat 3: Rus29APX (big blind) collected ($2)
Seat 5: iupeli (button) (small blind) folded before Flop


PokerStars Hand #166442565796:  Hold'em Limit ($3/$6 USD) - 2017/02/19 7:36:24 ET
Table 'Piccolo' 6-max Seat #3 is the button
Seat 3: Rus29APX ($120 in chips)
Seat 5: iupeli ($129.53 in chips)
Rus29APX: posts small blind $1
iupeli: posts big blind $3
*** HOLE CARDS ***
Rus29APX: raises $3 to $6
iupeli: folds
Uncalled bet ($3) returned to Rus29APX
Rus29APX collected $6 from pot
Rus29APX: doesn't show hand
*** SUMMARY ***
Total pot $6 | Rake $0
Seat 3: Rus29APX (button) (small blind) collected ($6)
Seat 5: iupeli (big blind) folded before Flop


PokerStars Hand #166442541827:  Hold'em Limit ($3/$6 USD) - 2017/02/19 7:35:44 ET
Table 'Piccolo' 6-max Seat #5 is the button
Seat 3: Rus29APX ($105.61 in chips)
Seat 5: iupeli ($109.03 in chips)
iupeli: posts small blind $1
LuckyScal: is sitting out
Rus29APX: posts big blind $3
*** HOLE CARDS ***
iupeli: calls $2
Rus29APX: raises $3 to $6
iupeli: calls $3
*** FLOP *** [6d 3c Qc]
Rus29APX: bets $3
iupeli: calls $3
*** TURN *** [6d 3c Qc] [4h]
Rus29APX: bets $6
iupeli: calls $6
*** RIVER *** [6d 3c Qc 4h] [Td]
Rus29APX: checks
iupeli: bets $6
Rus29APX: calls $6
*** SHOW DOWN ***
iupeli: shows [Qh 5s] (a pair of Queens)
Rus29APX: mucks hand
iupeli collected $41.50 from pot
*** SUMMARY ***
Total pot $42 | Rake $0.50
Board [6d 3c Qc 4h Td]
Seat 3: Rus29APX (big blind) mucked
Seat 5: iupeli (button) (small blind) showed [Qh 5s] and won ($41.50) with a pair of Queens


PokerStars Hand #166442588825:  Hold'em Limit ($3/$6 USD) - 2017/02/19 7:37:02 ET
Table 'Piccolo' 6-max Seat #3 is the button
Seat 3: Rus29APX ($130.76 in chips)
Seat 5: iupeli ($118.53 in chips)
Rus29APX: posts small blind $1
iupeli: posts big blind $3
*** HOLE CARDS ***
LuckyScal leaves the table
Rus29APX: folds
Uncalled bet ($2) returned to iupeli
iupeli collected $2 from pot
*** SUMMARY ***
Total pot $2 | Rake $0
Seat 3: Rus29APX (button) (small blind) folded before Flop
Seat 5: iupeli (big blind) collected ($2)


PokerStars Hand #166442584880:  Hold'em Limit ($3/$6 USD) - 2017/02/19 7:36:56 ET
Table 'Piccolo' 6-max Seat #5 is the button
Seat 3: Rus29APX ($129.76 in chips)
Seat 5: iupeli ($119.53 in chips)
iupeli: posts small blind $1
Rus29APX: posts big blind $3
*** HOLE CARDS ***
iupeli: folds
Uncalled bet ($2) returned to Rus29APX
Rus29APX collected $2 from pot
Rus29APX: doesn't show hand
*** SUMMARY ***
Total pot $2 | Rake $0
Seat 3: Rus29APX (big blind) collected ($2)
Seat 5: iupeli (button) (small blind) folded before Flop


PokerStars Hand #166442573939:  Hold'em Limit ($3/$6 USD) - 2017/02/19 7:36:38 ET
Table 'Piccolo' 6-max Seat #3 is the button
Seat 3: Rus29APX ($124 in chips)
Seat 5: iupeli ($125.53 in chips)
Rus29APX: posts small blind $1
iupeli: posts big blind $3
*** HOLE CARDS ***
Rus29APX: raises $3 to $6
iupeli: calls $3
*** FLOP *** [3s 5c Jh]
iupeli: checks
Rus29APX: bets $3
iupeli: folds
Uncalled bet ($3) returned to Rus29APX
Rus29APX collected $11.76 from pot
Rus29APX: doesn't show hand
*** SUMMARY ***
Total pot $12 | Rake $0.24
Board [3s 5c Jh]
Seat 3: Rus29APX (button) (small blind) collected ($11.76)
Seat 5: iupeli (big blind) folded on the Flop


PokerStars Hand #166442627675:  Hold'em Limit ($3/$6 USD) - 2017/02/19 7:38:07 ET
Table 'Piccolo' 6-max Seat #3 is the button
Seat 3: Rus29APX ($102.76 in chips)
Seat 5: iupeli ($146.03 in chips)
Rus29APX: posts small blind $1
iupeli: posts big blind $3
*** HOLE CARDS ***
Rus29APX: raises $3 to $6
iupeli: calls $3
*** FLOP *** [Ac Js 7c]
iupeli: checks
Rus29APX: bets $3
iupeli: calls $3
*** TURN *** [Ac Js 7c] [Ad]
iupeli: checks
Rus29APX: checks
*** RIVER *** [Ac Js 7c Ad] [3s]
iupeli: bets $6
Rus29APX: folds
Uncalled bet ($6) returned to iupeli
iupeli collected $17.64 from pot
*** SUMMARY ***
Total pot $18 | Rake $0.36
Board [Ac Js 7c Ad 3s]
Seat 3: Rus29APX (button) (small blind) folded on the River
Seat 5: iupeli (big blind) collected ($17.64)


PokerStars Hand #166442593168:  Hold'em Limit ($3/$6 USD) - 2017/02/19 7:37:09 ET
Table 'Piccolo' 6-max Seat #5 is the button
Seat 3: Rus29APX ($129.76 in chips)
Seat 5: iupeli ($119.53 in chips)
iupeli: posts small blind $1
Rus29APX: posts big blind $3
*** HOLE CARDS ***
iupeli: calls $2
Rus29APX: raises $3 to $6
iupeli: calls $3
*** FLOP *** [9c 4h 6c]
Rus29APX: bets $3
iupeli: calls $3
*** TURN *** [9c 4h 6c] [Ac]
Rus29APX: checks
iupeli: bets $6
Rus29APX: raises $6 to $12
iupeli: calls $6
*** RIVER *** [9c 4h 6c Ac] [2d]
Rus29APX: checks
iupeli: bets $6
Rus29APX: calls $6
*** SHOW DOWN ***
iupeli: shows [As 6s] (two pair, Aces and Sixes)
Rus29APX: mucks hand
iupeli collected $53.50 from pot
*** SUMMARY ***
Total pot $54 | Rake $0.50
Board [9c 4h 6c Ac 2d]
Seat 3: Rus29APX (big blind) mucked
Seat 5: iupeli (button) (small blind) showed [As 6s] and won ($53.50) with two pair, Aces and Sixes


PokerStars Hand #166442667388:  Hold'em Limit ($3/$6 USD) - 2017/02/19 7:39:11 ET
Table 'Piccolo' 6-max Seat #3 is the button
Seat 3: Rus29APX ($122.88 in chips)
Seat 5: iupeli ($151.67 in chips)
Rus29APX: posts small blind $1
iupeli: posts big blind $3
*** HOLE CARDS ***
Rus29APX: folds
Uncalled bet ($2) returned to iupeli
iupeli collected $2 from pot
*** SUMMARY ***
Total pot $2 | Rake $0
Seat 3: Rus29APX (button) (small blind) folded before Flop
Seat 5: iupeli (big blind) collected ($2)


PokerStars Hand #166442645418:  Hold'em Limit ($3/$6 USD) - 2017/02/19 7:38:36 ET
Table 'Piccolo' 6-max Seat #5 is the button
Seat 3: Rus29APX ($120 in chips)
Seat 5: iupeli ($154.67 in chips)
iupeli: posts small blind $1
Rus29APX: posts big blind $3
*** HOLE CARDS ***
iupeli: calls $2
laapin joins the table at seat #2
Rus29APX: checks
*** FLOP *** [9s Qc 2d]
Rus29APX: checks
iupeli: checks
*** TURN *** [9s Qc 2d] [Jh]
laapin leaves the table
Rus29APX: checks
iupeli: checks
*** RIVER *** [9s Qc 2d Jh] [3c]
Rus29APX: bets $6
iupeli: folds
Uncalled bet ($6) returned to Rus29APX
Rus29APX collected $5.88 from pot
Rus29APX: doesn't show hand
*** SUMMARY ***
Total pot $6 | Rake $0.12
Board [9s Qc 2d Jh 3c]
Seat 3: Rus29APX (big blind) collected ($5.88)
Seat 5: iupeli (button) (small blind) folded on the River


PokerStars Hand #166442703015:  Hold'em Limit ($3/$6 USD) - 2017/02/19 7:40:09 ET
Table 'Piccolo' 6-max Seat #5 is the button
Seat 3: Rus29APX ($102.88 in chips)
Seat 5: iupeli ($171.17 in chips)
iupeli: posts small blind $1
Rus29APX: posts big blind $3
*** HOLE CARDS ***
iupeli: calls $2
Rus29APX: checks
*** FLOP *** [3s 8d Jd]
Rus29APX: checks
iupeli: bets $3
Rus29APX: folds
Uncalled bet ($3) returned to iupeli
iupeli collected $5.88 from pot
*** SUMMARY ***
Total pot $6 | Rake $0.12
Board [3s 8d Jd]
Seat 3: Rus29APX (big blind) folded on the Flop
Seat 5: iupeli (button) (small blind) collected ($5.88)


PokerStars Hand #166442697556:  Hold'em Limit ($3/$6 USD) - 2017/02/19 7:40:00 ET
Table 'Piccolo' 6-max Seat #3 is the button
Seat 3: Rus29APX ($103.88 in chips)
Seat 5: iupeli ($170.17 in chips)
Rus29APX: posts small blind $1
iupeli: posts big blind $3
*** HOLE CARDS ***
Rus29APX: folds
Uncalled bet ($2) returned to iupeli
iupeli collected $2 from pot
*** SUMMARY ***
Total pot $2 | Rake $0
Seat 3: Rus29APX (button) (small blind) folded before Flop
Seat 5: iupeli (big blind) collected ($2)


PokerStars Hand #166442676460:  Hold'em Limit ($3/$6 USD) - 2017/02/19 7:39:26 ET
Table 'Piccolo' 6-max Seat #5 is the button
Seat 3: Rus29APX ($121.88 in chips)
Seat 5: iupeli ($152.67 in chips)
iupeli: posts small blind $1
Rus29APX: posts big blind $3
*** HOLE CARDS ***
iupeli: calls $2
Rus29APX: checks
*** FLOP *** [2s 3c 6s]
Rus29APX: bets $3
iupeli: calls $3
*** TURN *** [2s 3c 6s] [7s]
Rus29APX: bets $6
iupeli: calls $6
*** RIVER *** [2s 3c 6s 7s] [8d]
Rus29APX: bets $6
iupeli: calls $6
*** SHOW DOWN ***
Rus29APX: shows [Ts 6c] (a pair of Sixes)
iupeli: shows [6h As] (a pair of Sixes - Ace kicker)
iupeli collected $35.50 from pot
*** SUMMARY ***
Total pot $36 | Rake $0.50
Board [2s 3c 6s 7s 8d]
Seat 3: Rus29APX (big blind) showed [Ts 6c] and lost with a pair of Sixes
Seat 5: iupeli (button) (small blind) showed [6h As] and won ($35.50) with a pair of Sixes


PokerStars Hand #166442751579:  Hold'em Limit ($3/$6 USD) - 2017/02/19 7:41:28 ET
Table 'Piccolo' 6-max Seat #3 is the button
Seat 3: Rus29APX ($111.38 in chips)
Seat 5: iupeli ($161.93 in chips)
Rus29APX: posts small blind $1
iupeli: posts big blind $3
*** HOLE CARDS ***
Rus29APX: folds
Uncalled bet ($2) returned to iupeli
iupeli collected $2 from pot
raccoon2017 joins the table at seat #1
*** SUMMARY ***
Total pot $2 | Rake $0
Seat 3: Rus29APX (button) (small blind) folded before Flop
Seat 5: iupeli (big blind) collected ($2)


PokerStars Hand #166442738761:  Hold'em Limit ($3/$6 USD) - 2017/02/19 7:41:07 ET
Table 'Piccolo' 6-max Seat #5 is the button
Seat 3: Rus29APX ($114.38 in chips)
Seat 5: iupeli ($159.05 in chips)
iupeli: posts small blind $1
Rus29APX: posts big blind $3
*** HOLE CARDS ***
iupeli: calls $2
Rus29APX: checks
*** FLOP *** [Ah 3c 5h]
Rus29APX: checks
iupeli: checks
*** TURN *** [Ah 3c 5h] [Ac]
Rus29APX: checks
iupeli: checks
*** RIVER *** [Ah 3c 5h Ac] [3h]
Rus29APX: checks
iupeli: checks
*** SHOW DOWN ***
Rus29APX: shows [Td 4s] (two pair, Aces and Threes)
iupeli: shows [Ks Qc] (two pair, Aces and Threes - King kicker)
iupeli collected $5.88 from pot
*** SUMMARY ***
Total pot $6 | Rake $0.12
Board [Ah 3c 5h Ac 3h]
Seat 3: Rus29APX (big blind) showed [Td 4s] and lost with two pair, Aces and Threes
Seat 5: iupeli (button) (small blind) showed [Ks Qc] and won ($5.88) with two pair, Aces and Threes


PokerStars Hand #166442716990:  Hold'em Limit ($3/$6 USD) - 2017/02/19 7:40:32 ET
Table 'Piccolo' 6-max Seat #3 is the button
Seat 3: Rus29APX ($99.88 in chips)
Seat 5: iupeli ($174.05 in chips)
Rus29APX: posts small blind $1
iupeli: posts big blind $3
*** HOLE CARDS ***
Rus29APX: raises $3 to $6
iupeli: calls $3
*** FLOP *** [Ts 5d 2h]
iupeli: checks
Rus29APX: bets $3
iupeli: calls $3
*** TURN *** [Ts 5d 2h] [8c]
iupeli: checks
Rus29APX: bets $6
iupeli: calls $6
*** RIVER *** [Ts 5d 2h 8c] [7d]
iupeli: checks
Rus29APX: checks
*** SHOW DOWN ***
iupeli: shows [3d As] (high card Ace)
Rus29APX: shows [5s 4s] (a pair of Fives)
Rus29APX collected $29.50 from pot
*** SUMMARY ***
Total pot $30 | Rake $0.50
Board [Ts 5d 2h 8c 7d]
Seat 3: Rus29APX (button) (small blind) showed [5s 4s] and won ($29.50) with a pair of Fives
Seat 5: iupeli (big blind) showed [3d As] and lost with high card Ace


