PokerStars Hand #153571586401:  Hold'em Limit ($3/$6 USD) - 2016/05/20 1:30:48 ET
Table 'Pickeringia' 6-max Seat #5 is the button
Seat 1: LifeisagameX ($140.26 in chips)
Seat 5: xKartx ($8.04 in chips)
xKartx: posts small blind $1
LifeisagameX: posts big blind $3
*** HOLE CARDS ***
xKartx: folds
Uncalled bet ($2) returned to LifeisagameX
LifeisagameX collected $2 from pot
*** SUMMARY ***
Total pot $2 | Rake $0
Seat 1: LifeisagameX (big blind) collected ($2)
Seat 5: xKartx (button) (small blind) folded before Flop


PokerStars Hand #153571583231:  Hold'em Limit ($3/$6 USD) - 2016/05/20 1:30:36 ET
Table 'Pickeringia' 6-max Seat #1 is the button
Seat 1: LifeisagameX ($144.36 in chips)
Seat 5: xKartx ($4.10 in chips)
LifeisagameX: posts small blind $1
xKartx: posts big blind $3
*** HOLE CARDS ***
LifeisagameX: raises $3 to $6
xKartx: calls $1.10 and is all-in
Uncalled bet ($1.90) returned to LifeisagameX
*** FLOP *** [Jh Js Tc]
*** TURN *** [Jh Js Tc] [4h]
*** RIVER *** [Jh Js Tc 4h] [Qc]
*** SHOW DOWN ***
xKartx: shows [Qh 3c] (two pair, Queens and Jacks)
LifeisagameX: shows [Ks 8c] (a pair of Jacks)
xKartx collected $8.04 from pot
*** SUMMARY ***
Total pot $8.20 | Rake $0.16
Board [Jh Js Tc 4h Qc]
Seat 1: LifeisagameX (button) (small blind) showed [Ks 8c] and lost with a pair of Jacks
Seat 5: xKartx (big blind) showed [Qh 3c] and won ($8.04) with two pair, Queens and Jacks


PokerStars Hand #153571587799:  Hold'em Limit ($3/$6 USD) - 2016/05/20 1:30:54 ET
Table 'Pickeringia' 6-max Seat #1 is the button
Seat 1: LifeisagameX ($141.26 in chips)
Seat 5: xKartx ($7.04 in chips)
LifeisagameX: posts small blind $1
xKartx: posts big blind $3
*** HOLE CARDS ***
LifeisagameX: raises $3 to $6
xKartx: raises $1.04 to $7.04 and is all-in
LifeisagameX: calls $1.04
*** FLOP *** [Th 4h Kc]
*** TURN *** [Th 4h Kc] [9c]
*** RIVER *** [Th 4h Kc 9c] [Js]
*** SHOW DOWN ***
xKartx: shows [Qs 5d] (a straight, Nine to King)
LifeisagameX: shows [3s Ac] (high card Ace)
xKartx collected $13.80 from pot
*** SUMMARY ***
Total pot $14.08 | Rake $0.28
Board [Th 4h Kc 9c Js]
Seat 1: LifeisagameX (button) (small blind) showed [3s Ac] and lost with high card Ace
Seat 5: xKartx (big blind) showed [Qs 5d] and won ($13.80) with a straight, Nine to King


PokerStars Hand #153571593066:  Hold'em Limit ($3/$6 USD) - 2016/05/20 1:31:15 ET
Table 'Pickeringia' 6-max Seat #5 is the button
Seat 1: LifeisagameX ($134.22 in chips)
Seat 5: xKartx ($13.80 in chips)
xKartx: posts small blind $1
LifeisagameX: posts big blind $3
*** HOLE CARDS ***
xKartx: raises $3 to $6
LifeisagameX: calls $3
*** FLOP *** [Jc Jh 3d]
LifeisagameX: checks
xKartx: bets $3
LifeisagameX: raises $3 to $6
xKartx: raises $1.80 to $7.80 and is all-in
LifeisagameX: calls $1.80
*** TURN *** [Jc Jh 3d] [Td]
*** RIVER *** [Jc Jh 3d Td] [8c]
*** SHOW DOWN ***
LifeisagameX: shows [Ah 6c] (a pair of Jacks)
xKartx: shows [As 7s] (a pair of Jacks)
LifeisagameX collected $13.55 from pot
xKartx collected $13.55 from pot
*** SUMMARY ***
Total pot $27.60 | Rake $0.50
Board [Jc Jh 3d Td 8c]
Seat 1: LifeisagameX (big blind) showed [Ah 6c] and won ($13.55) with a pair of Jacks
Seat 5: xKartx (button) (small blind) showed [As 7s] and won ($13.55) with a pair of Jacks


PokerStars Hand #153571599278:  Hold'em Limit ($3/$6 USD) - 2016/05/20 1:31:41 ET
Table 'Pickeringia' 6-max Seat #1 is the button
Seat 1: LifeisagameX ($133.97 in chips)
Seat 5: xKartx ($13.55 in chips)
LifeisagameX: posts small blind $1
xKartx: posts big blind $3
*** HOLE CARDS ***
LifeisagameX: raises $3 to $6
xKartx: raises $3 to $9
LifeisagameX: calls $3
*** FLOP *** [6h Kh 5h]
xKartx: bets $3
LifeisagameX: calls $3
*** TURN *** [6h Kh 5h] [8s]
xKartx: bets $1.55 and is all-in
LifeisagameX: calls $1.55
*** RIVER *** [6h Kh 5h 8s] [6d]
*** SHOW DOWN ***
xKartx: shows [2d Kc] (two pair, Kings and Sixes)
LifeisagameX: shows [Jc As] (a pair of Sixes)
xKartx collected $26.60 from pot
*** SUMMARY ***
Total pot $27.10 | Rake $0.50
Board [6h Kh 5h 8s 6d]
Seat 1: LifeisagameX (button) (small blind) showed [Jc As] and lost with a pair of Sixes
Seat 5: xKartx (big blind) showed [2d Kc] and won ($26.60) with two pair, Kings and Sixes


PokerStars Hand #153571617348:  Hold'em Limit ($3/$6 USD) - 2016/05/20 1:32:55 ET
Table 'Pickeringia' 6-max Seat #5 is the button
Seat 1: LifeisagameX ($117.42 in chips)
Seat 5: xKartx ($29.36 in chips)
xKartx: posts small blind $1
LifeisagameX: posts big blind $3
*** HOLE CARDS ***
xKartx: folds
Uncalled bet ($2) returned to LifeisagameX
LifeisagameX collected $2 from pot
LifeisagameX: doesn't show hand
*** SUMMARY ***
Total pot $2 | Rake $0
Seat 1: LifeisagameX (big blind) collected ($2)
Seat 5: xKartx (button) (small blind) folded before Flop


PokerStars Hand #153571615688:  Hold'em Limit ($3/$6 USD) - 2016/05/20 1:32:48 ET
Table 'Pickeringia' 6-max Seat #1 is the button
Seat 1: LifeisagameX ($114.42 in chips)
Seat 5: xKartx ($32.36 in chips)
LifeisagameX: posts small blind $1
xKartx: posts big blind $3
*** HOLE CARDS ***
LifeisagameX: raises $3 to $6
xKartx: folds
Uncalled bet ($3) returned to LifeisagameX
LifeisagameX collected $6 from pot
LifeisagameX: doesn't show hand
*** SUMMARY ***
Total pot $6 | Rake $0
Seat 1: LifeisagameX (button) (small blind) collected ($6)
Seat 5: xKartx (big blind) folded before Flop


