PokerStars Hand #169255426493:  Hold'em Limit ($3/$6 USD) - 2017/04/19 8:14:40 ET
Table 'Pickeringia' 10-max Seat #6 is the button
Seat 6: Agrotait ($73 in chips)
Seat 7: Actionni13 ($166.50 in chips)
Agrotait: posts small blind $1
Actionni13: posts big blind $3
*** HOLE CARDS ***
Agrotait: raises $3 to $6
Actionni13: calls $3
*** FLOP *** [7c As Ac]
Actionni13: checks
Agrotait: bets $3
Actionni13: raises $3 to $6
Agrotait: calls $3
*** TURN *** [7c As Ac] [2h]
Actionni13: bets $6
Agrotait: folds
Uncalled bet ($6) returned to Actionni13
Actionni13 collected $23.52 from pot
Actionni13: doesn't show hand
*** SUMMARY ***
Total pot $24 | Rake $0.48
Board [7c As Ac 2h]
Seat 6: Agrotait (button) (small blind) folded on the Turn
Seat 7: Actionni13 (big blind) collected ($23.52)


PokerStars Hand #169255423641:  Hold'em Limit ($3/$6 USD) - 2017/04/19 8:14:34 ET
Table 'Pickeringia' 10-max Seat #7 is the button
Seat 6: Agrotait ($72 in chips)
Seat 7: Actionni13 ($167.50 in chips)
Actionni13: posts small blind $1
Agrotait: posts big blind $3
*** HOLE CARDS ***
Actionni13: folds
Uncalled bet ($2) returned to Agrotait
Agrotait collected $2 from pot
Agrotait: doesn't show hand
*** SUMMARY ***
Total pot $2 | Rake $0
Seat 6: Agrotait (big blind) collected ($2)
Seat 7: Actionni13 (button) (small blind) folded before Flop


PokerStars Hand #169255409354:  Hold'em Limit ($3/$6 USD) - 2017/04/19 8:14:07 ET
Table 'Pickeringia' 10-max Seat #6 is the button
Seat 6: Agrotait ($72 in chips)
Seat 7: Actionni13 ($150 in chips)
Agrotait: posts small blind $1
Actionni13: posts big blind $3
*** HOLE CARDS ***
Agrotait: raises $3 to $6
Actionni13: calls $3
*** FLOP *** [4d 5h 5c]
Actionni13: checks
Agrotait: bets $3
Actionni13: raises $3 to $6
Agrotait: calls $3
*** TURN *** [4d 5h 5c] [Qh]
Actionni13: bets $6
Agrotait: calls $6
*** RIVER *** [4d 5h 5c Qh] [9h]
Actionni13: bets $6
Agrotait: folds
Uncalled bet ($6) returned to Actionni13
Actionni13 collected $35.50 from pot
Actionni13: doesn't show hand
*** SUMMARY ***
Total pot $36 | Rake $0.50
Board [4d 5h 5c Qh 9h]
Seat 6: Agrotait (button) (small blind) folded on the River
Seat 7: Actionni13 (big blind) collected ($35.50)


PokerStars Hand #169255464964:  Hold'em Limit ($3/$6 USD) - 2017/04/19 8:15:54 ET
Table 'Pickeringia' 10-max Seat #6 is the button
Seat 6: Agrotait ($72 in chips)
Seat 7: Actionni13 ($192.52 in chips)
Agrotait: posts small blind $1
Actionni13: posts big blind $3
*** HOLE CARDS ***
Agrotait: folds
Uncalled bet ($2) returned to Actionni13
Actionni13 collected $2 from pot
Actionni13: doesn't show hand
*** SUMMARY ***
Total pot $2 | Rake $0
Seat 6: Agrotait (button) (small blind) folded before Flop
Seat 7: Actionni13 (big blind) collected ($2)


PokerStars Hand #169255438096:  Hold'em Limit ($3/$6 USD) - 2017/04/19 8:15:02 ET
Table 'Pickeringia' 10-max Seat #7 is the button
Seat 6: Agrotait ($61 in chips)
Seat 7: Actionni13 ($178.02 in chips)
Actionni13: posts small blind $1
Agrotait: posts big blind $3
*** HOLE CARDS ***
Actionni13: raises $3 to $6
Agrotait: calls $3
*** FLOP *** [9s 6d 3d]
Agrotait: checks
Actionni13: bets $3
Agrotait: calls $3
*** TURN *** [9s 6d 3d] [6h]
Agrotait: checks
Actionni13: bets $6
Agrotait: calls $6
*** RIVER *** [9s 6d 3d 6h] [Qd]
Agrotait: checks
Actionni13: bets $6
Agrotait: folds
Uncalled bet ($6) returned to Actionni13
Actionni13 collected $29.50 from pot
Actionni13: doesn't show hand
*** SUMMARY ***
Total pot $30 | Rake $0.50
Board [9s 6d 3d 6h Qd]
Seat 6: Agrotait (big blind) folded on the River
Seat 7: Actionni13 (button) (small blind) collected ($29.50)


PokerStars Hand #169255498350:  Hold'em Limit ($3/$6 USD) - 2017/04/19 8:16:58 ET
Table 'Pickeringia' 10-max Seat #6 is the button
Seat 6: Agrotait ($79.64 in chips)
Seat 7: Actionni13 ($184.52 in chips)
Agrotait: posts small blind $1
Actionni13: posts big blind $3
*** HOLE CARDS ***
Agrotait: folds
Uncalled bet ($2) returned to Actionni13
Actionni13 collected $2 from pot
Actionni13: doesn't show hand
*** SUMMARY ***
Total pot $2 | Rake $0
Seat 6: Agrotait (button) (small blind) folded before Flop
Seat 7: Actionni13 (big blind) collected ($2)


PokerStars Hand #169255468354:  Hold'em Limit ($3/$6 USD) - 2017/04/19 8:16:01 ET
Table 'Pickeringia' 10-max Seat #7 is the button
Seat 6: Agrotait ($71 in chips)
Seat 7: Actionni13 ($193.52 in chips)
Actionni13: posts small blind $1
Agrotait: posts big blind $3
*** HOLE CARDS ***
Actionni13: raises $3 to $6
Agrotait: calls $3
*** FLOP *** [Ac Ks 2d]
Agrotait: checks
Actionni13: bets $3
Agrotait: calls $3
*** TURN *** [Ac Ks 2d] [Ts]
Agrotait: checks
Actionni13: checks
*** RIVER *** [Ac Ks 2d Ts] [4h]
Agrotait: bets $6
Actionni13: folds
Uncalled bet ($6) returned to Agrotait
Agrotait collected $17.64 from pot
Agrotait: doesn't show hand
*** SUMMARY ***
Total pot $18 | Rake $0.36
Board [Ac Ks 2d Ts 4h]
Seat 6: Agrotait (big blind) collected ($17.64)
Seat 7: Actionni13 (button) (small blind) folded on the River


PokerStars Hand #169255517470:  Hold'em Limit ($3/$6 USD) - 2017/04/19 8:17:34 ET
Table 'Pickeringia' 10-max Seat #6 is the button
Seat 6: Agrotait ($60.64 in chips)
Seat 7: Actionni13 ($203.02 in chips)
Agrotait: posts small blind $1
Actionni13: posts big blind $3
*** HOLE CARDS ***
Agrotait: raises $3 to $6
Actionni13: calls $3
*** FLOP *** [8h 4d 4s]
Actionni13: checks
Agrotait: checks
*** TURN *** [8h 4d 4s] [Qs]
Actionni13: checks
Agrotait: bets $6
Actionni13: raises $6 to $12
Agrotait: folds
Uncalled bet ($6) returned to Actionni13
Actionni13 collected $23.52 from pot
Actionni13: doesn't show hand
*** SUMMARY ***
Total pot $24 | Rake $0.48
Board [8h 4d 4s Qs]
Seat 6: Agrotait (button) (small blind) folded on the Turn
Seat 7: Actionni13 (big blind) collected ($23.52)


PokerStars Hand #169255502929:  Hold'em Limit ($3/$6 USD) - 2017/04/19 8:17:07 ET
Table 'Pickeringia' 10-max Seat #7 is the button
Seat 6: Agrotait ($78.64 in chips)
Seat 7: Actionni13 ($185.52 in chips)
Actionni13: posts small blind $1
Agrotait: posts big blind $3
*** HOLE CARDS ***
Actionni13: raises $3 to $6
Agrotait: raises $3 to $9
Actionni13: calls $3
*** FLOP *** [Js 4h Qh]
Agrotait: bets $3
Actionni13: calls $3
*** TURN *** [Js 4h Qh] [Jc]
Agrotait: bets $6
Actionni13: raises $6 to $12
Agrotait: folds
Uncalled bet ($6) returned to Actionni13
Actionni13 collected $35.50 from pot
Actionni13: doesn't show hand
*** SUMMARY ***
Total pot $36 | Rake $0.50
Board [Js 4h Qh Jc]
Seat 6: Agrotait (big blind) folded on the Turn
Seat 7: Actionni13 (button) (small blind) collected ($35.50)


PokerStars Hand #169255553398:  Hold'em Limit ($3/$6 USD) - 2017/04/19 8:18:43 ET
Table 'Pickeringia' 10-max Seat #6 is the button
Seat 6: Agrotait ($72 in chips)
Seat 7: Actionni13 ($229.04 in chips)
Agrotait: posts small blind $1
Actionni13: posts big blind $3
*** HOLE CARDS ***
Agrotait: raises $3 to $6
Actionni13: calls $3
*** FLOP *** [Jd Qh 8h]
Actionni13: checks
Agrotait: checks
*** TURN *** [Jd Qh 8h] [9d]
Actionni13: bets $6
Agrotait: calls $6
*** RIVER *** [Jd Qh 8h 9d] [5s]
Actionni13: bets $6
Agrotait: calls $6
*** SHOW DOWN ***
Actionni13: shows [Ts 9h] (a straight, Eight to Queen)
Agrotait: mucks hand
Actionni13 collected $35.50 from pot
*** SUMMARY ***
Total pot $36 | Rake $0.50
Board [Jd Qh 8h 9d 5s]
Seat 6: Agrotait (button) (small blind) mucked
Seat 7: Actionni13 (big blind) showed [Ts 9h] and won ($35.50) with a straight, Eight to Queen


PokerStars Hand #169255534771:  Hold'em Limit ($3/$6 USD) - 2017/04/19 8:18:07 ET
Table 'Pickeringia' 10-max Seat #7 is the button
Seat 6: Agrotait ($72 in chips)
Seat 7: Actionni13 ($214.54 in chips)
Actionni13: posts small blind $1
Agrotait: posts big blind $3
*** HOLE CARDS ***
Actionni13: raises $3 to $6
Agrotait: calls $3
*** FLOP *** [7c 8s 3s]
Agrotait: checks
Actionni13: bets $3
Agrotait: calls $3
*** TURN *** [7c 8s 3s] [Js]
Agrotait: checks
Actionni13: bets $6
Agrotait: calls $6
*** RIVER *** [7c 8s 3s Js] [6d]
Agrotait: checks
Actionni13: bets $6
Agrotait: folds
Uncalled bet ($6) returned to Actionni13
Actionni13 collected $29.50 from pot
Actionni13: doesn't show hand
*** SUMMARY ***
Total pot $30 | Rake $0.50
Board [7c 8s 3s Js 6d]
Seat 6: Agrotait (big blind) folded on the River
Seat 7: Actionni13 (button) (small blind) collected ($29.50)


PokerStars Hand #169255564478:  Hold'em Limit ($3/$6 USD) - 2017/04/19 8:19:05 ET
Table 'Pickeringia' 10-max Seat #7 is the button
Seat 6: Agrotait ($72 in chips)
Seat 7: Actionni13 ($246.54 in chips)
Actionni13: posts small blind $1
Agrotait: posts big blind $3
*** HOLE CARDS ***
Actionni13: folds
Uncalled bet ($2) returned to Agrotait
Agrotait collected $2 from pot
Agrotait: doesn't show hand
*** SUMMARY ***
Total pot $2 | Rake $0
Seat 6: Agrotait (big blind) collected ($2)
Seat 7: Actionni13 (button) (small blind) folded before Flop


PokerStars Hand #169255592056:  Hold'em Limit ($3/$6 USD) - 2017/04/19 8:19:58 ET
Table 'Pickeringia' 10-max Seat #6 is the button
Seat 6: Agrotait ($73 in chips)
Seat 7: Actionni13 ($259.04 in chips)
Agrotait: posts small blind $1
Actionni13: posts big blind $3
*** HOLE CARDS ***
Agrotait: calls $2
Actionni13: raises $3 to $6
Agrotait: calls $3
*** FLOP *** [Kd Td Qd]
Actionni13: bets $3
Agrotait: folds
Uncalled bet ($3) returned to Actionni13
Actionni13 collected $11.76 from pot
Actionni13: doesn't show hand
*** SUMMARY ***
Total pot $12 | Rake $0.24
Board [Kd Td Qd]
Seat 6: Agrotait (button) (small blind) folded on the Flop
Seat 7: Actionni13 (big blind) collected ($11.76)


PokerStars Hand #169255588125:  Hold'em Limit ($3/$6 USD) - 2017/04/19 8:19:50 ET
Table 'Pickeringia' 10-max Seat #7 is the button
Seat 6: Agrotait ($72 in chips)
Seat 7: Actionni13 ($260.04 in chips)
Actionni13: posts small blind $1
Agrotait: posts big blind $3
*** HOLE CARDS ***
Actionni13: folds
Uncalled bet ($2) returned to Agrotait
Agrotait collected $2 from pot
Agrotait: doesn't show hand
*** SUMMARY ***
Total pot $2 | Rake $0
Seat 6: Agrotait (big blind) collected ($2)
Seat 7: Actionni13 (button) (small blind) folded before Flop


PokerStars Hand #169255567486:  Hold'em Limit ($3/$6 USD) - 2017/04/19 8:19:11 ET
Table 'Pickeringia' 10-max Seat #6 is the button
Seat 6: Agrotait ($73 in chips)
Seat 7: Actionni13 ($245.54 in chips)
Agrotait: posts small blind $1
Actionni13: posts big blind $3
*** HOLE CARDS ***
Agrotait: raises $3 to $6
Actionni13: calls $3
*** FLOP *** [3h 8s 8h]
Actionni13: checks
Agrotait: bets $3
Actionni13: calls $3
*** TURN *** [3h 8s 8h] [4s]
Actionni13: checks
Agrotait: bets $6
Actionni13: calls $6
*** RIVER *** [3h 8s 8h 4s] [Qd]
Actionni13: checks
Agrotait: checks
*** SHOW DOWN ***
Actionni13: shows [5h Kh] (a pair of Eights)
Agrotait: mucks hand
Actionni13 collected $29.50 from pot
*** SUMMARY ***
Total pot $30 | Rake $0.50
Board [3h 8s 8h 4s Qd]
Seat 6: Agrotait (button) (small blind) mucked
Seat 7: Actionni13 (big blind) showed [5h Kh] and won ($29.50) with a pair of Eights


PokerStars Hand #169255598055:  Hold'em Limit ($3/$6 USD) - 2017/04/19 8:20:09 ET
Table 'Pickeringia' 10-max Seat #7 is the button
Seat 6: Agrotait ($67 in chips)
Seat 7: Actionni13 ($264.80 in chips)
Actionni13: posts small blind $1
Agrotait: posts big blind $3
*** HOLE CARDS ***
Actionni13: raises $3 to $6
Agrotait: calls $3
*** FLOP *** [5c 5h 3h]
Agrotait: checks
Actionni13: checks
*** TURN *** [5c 5h 3h] [7c]
Agrotait: bets $6
Actionni13: folds
Uncalled bet ($6) returned to Agrotait
Agrotait collected $11.76 from pot
Agrotait: doesn't show hand
*** SUMMARY ***
Total pot $12 | Rake $0.24
Board [5c 5h 3h 7c]
Seat 6: Agrotait (big blind) collected ($11.76)
Seat 7: Actionni13 (button) (small blind) folded on the Turn


PokerStars Hand #169255606148:  Hold'em Limit ($3/$6 USD) - 2017/04/19 8:20:25 ET
Table 'Pickeringia' 10-max Seat #6 is the button
Seat 6: Agrotait ($72.76 in chips)
Seat 7: Actionni13 ($258.80 in chips)
Agrotait: posts small blind $1
Actionni13: posts big blind $3
*** HOLE CARDS ***
Agrotait: calls $2
Actionni13: checks
*** FLOP *** [Qh Js As]
Actionni13: checks
Agrotait: bets $3
Actionni13: folds
Uncalled bet ($3) returned to Agrotait
Agrotait collected $5.88 from pot
Agrotait: doesn't show hand
*** SUMMARY ***
Total pot $6 | Rake $0.12
Board [Qh Js As]
Seat 6: Agrotait (button) (small blind) collected ($5.88)
Seat 7: Actionni13 (big blind) folded on the Flop


PokerStars Hand #169255639625:  Hold'em Limit ($3/$6 USD) - 2017/04/19 8:21:29 ET
Table 'Pickeringia' 10-max Seat #6 is the button
Seat 6: Agrotait ($72 in chips)
Seat 7: Actionni13 ($285.30 in chips)
Agrotait: posts small blind $1
Actionni13: posts big blind $3
*** HOLE CARDS ***
Agrotait: raises $3 to $6
Actionni13: calls $3
*** FLOP *** [4d 8d 4c]
Actionni13: checks
Agrotait: bets $3
Actionni13: calls $3
*** TURN *** [4d 8d 4c] [Jd]
Actionni13: checks
Agrotait: checks
*** RIVER *** [4d 8d 4c Jd] [Ts]
Actionni13: bets $6
Agrotait: folds
Uncalled bet ($6) returned to Actionni13
Actionni13 collected $17.64 from pot
Actionni13: doesn't show hand
*** SUMMARY ***
Total pot $18 | Rake $0.36
Board [4d 8d 4c Jd Ts]
Seat 6: Agrotait (button) (small blind) folded on the River
Seat 7: Actionni13 (big blind) collected ($17.64)


PokerStars Hand #169255650393:  Hold'em Limit ($3/$6 USD) - 2017/04/19 8:21:49 ET
Table 'Pickeringia' 10-max Seat #7 is the button
Seat 6: Agrotait ($63 in chips)
Seat 7: Actionni13 ($293.94 in chips)
Actionni13: posts small blind $1
Agrotait: posts big blind $3
*** HOLE CARDS ***
Actionni13: raises $3 to $6
Agrotait: calls $3
*** FLOP *** [Td 9d Jh]
Agrotait: checks
Actionni13: bets $3
Agrotait: folds
Uncalled bet ($3) returned to Actionni13
Actionni13 collected $11.76 from pot
Actionni13: doesn't show hand
*** SUMMARY ***
Total pot $12 | Rake $0.24
Board [Td 9d Jh]
Seat 6: Agrotait (big blind) folded on the Flop
Seat 7: Actionni13 (button) (small blind) collected ($11.76)


PokerStars Hand #169255613491:  Hold'em Limit ($3/$6 USD) - 2017/04/19 8:20:39 ET
Table 'Pickeringia' 10-max Seat #7 is the button
Seat 6: Agrotait ($75.64 in chips)
Seat 7: Actionni13 ($255.80 in chips)
Actionni13: posts small blind $1
Agrotait: posts big blind $3
*** HOLE CARDS ***
Actionni13: raises $3 to $6
Agrotait: calls $3
*** FLOP *** [5d Th 2d]
Agrotait: checks
Actionni13: bets $3
Agrotait: raises $3 to $6
Actionni13: calls $3
*** TURN *** [5d Th 2d] [Td]
Agrotait: bets $6
Actionni13: raises $6 to $12
Agrotait: calls $6
*** RIVER *** [5d Th 2d Td] [6h]
Agrotait: checks
Actionni13: bets $6
Agrotait: calls $6
*** SHOW DOWN ***
Actionni13: shows [7d 3d] (a flush, Ten high)
Agrotait: mucks hand
Actionni13 collected $59.50 from pot
*** SUMMARY ***
Total pot $60 | Rake $0.50
Board [5d Th 2d Td 6h]
Seat 6: Agrotait (big blind) mucked
Seat 7: Actionni13 (button) (small blind) showed [7d 3d] and won ($59.50) with a flush, Ten high


PokerStars Hand #169255658209:  Hold'em Limit ($3/$6 USD) - 2017/04/19 8:22:04 ET
Table 'Pickeringia' 10-max Seat #6 is the button
Seat 6: Agrotait ($72 in chips)
Seat 7: Actionni13 ($299.70 in chips)
Agrotait: posts small blind $1
Actionni13: posts big blind $3
*** HOLE CARDS ***
Agrotait: raises $3 to $6
Actionni13: raises $3 to $9
Agrotait: calls $3
*** FLOP *** [2h Kh Ah]
Actionni13: bets $3
Agrotait: folds
Uncalled bet ($3) returned to Actionni13
Actionni13 collected $17.64 from pot
Actionni13: doesn't show hand
*** SUMMARY ***
Total pot $18 | Rake $0.36
Board [2h Kh Ah]
Seat 6: Agrotait (button) (small blind) folded on the Flop
Seat 7: Actionni13 (big blind) collected ($17.64)


PokerStars Hand #169255678842:  Hold'em Limit ($3/$6 USD) - 2017/04/19 8:22:43 ET
Table 'Pickeringia' 10-max Seat #7 is the button
Seat 6: Agrotait ($63 in chips)
Seat 7: Actionni13 ($308.34 in chips)
Actionni13: posts small blind $1
Agrotait: posts big blind $3
*** HOLE CARDS ***
Actionni13: folds
Uncalled bet ($2) returned to Agrotait
Agrotait collected $2 from pot
Agrotait: doesn't show hand
*** SUMMARY ***
Total pot $2 | Rake $0
Seat 6: Agrotait (big blind) collected ($2)
Seat 7: Actionni13 (button) (small blind) folded before Flop


PokerStars Hand #169255708574:  Hold'em Limit ($3/$6 USD) - 2017/04/19 8:23:40 ET
Table 'Pickeringia' 10-max Seat #6 is the button
Seat 6: Agrotait ($73 in chips)
Seat 7: Actionni13 ($314.98 in chips)
Agrotait: posts small blind $1
Actionni13: posts big blind $3
*** HOLE CARDS ***
Agrotait: folds
Uncalled bet ($2) returned to Actionni13
Actionni13 collected $2 from pot
Actionni13: doesn't show hand
*** SUMMARY ***
Total pot $2 | Rake $0
Seat 6: Agrotait (button) (small blind) folded before Flop
Seat 7: Actionni13 (big blind) collected ($2)


PokerStars Hand #169255706109:  Hold'em Limit ($3/$6 USD) - 2017/04/19 8:23:35 ET
Table 'Pickeringia' 10-max Seat #7 is the button
Seat 6: Agrotait ($72 in chips)
Seat 7: Actionni13 ($315.98 in chips)
Actionni13: posts small blind $1
Agrotait: posts big blind $3
*** HOLE CARDS ***
Actionni13: folds
Uncalled bet ($2) returned to Agrotait
Agrotait collected $2 from pot
Agrotait: doesn't show hand
*** SUMMARY ***
Total pot $2 | Rake $0
Seat 6: Agrotait (big blind) collected ($2)
Seat 7: Actionni13 (button) (small blind) folded before Flop


PokerStars Hand #169255681853:  Hold'em Limit ($3/$6 USD) - 2017/04/19 8:22:49 ET
Table 'Pickeringia' 10-max Seat #6 is the button
Seat 6: Agrotait ($64 in chips)
Seat 7: Actionni13 ($307.34 in chips)
Agrotait: posts small blind $1
Actionni13: posts big blind $3
*** HOLE CARDS ***
Agrotait: raises $3 to $6
Actionni13: calls $3
*** FLOP *** [Qh 3c Ah]
Actionni13: checks
Agrotait: bets $3
Actionni13: calls $3
*** TURN *** [Qh 3c Ah] [As]
Actionni13: checks
Agrotait: checks
*** RIVER *** [Qh 3c Ah As] [4h]
Actionni13: bets $6
Agrotait: folds
Uncalled bet ($6) returned to Actionni13
Actionni13 collected $17.64 from pot
Actionni13: doesn't show hand
*** SUMMARY ***
Total pot $18 | Rake $0.36
Board [Qh 3c Ah As 4h]
Seat 6: Agrotait (button) (small blind) folded on the River
Seat 7: Actionni13 (big blind) collected ($17.64)


PokerStars Hand #169255712976:  Hold'em Limit ($3/$6 USD) - 2017/04/19 8:23:48 ET
Table 'Pickeringia' 10-max Seat #7 is the button
Seat 6: Agrotait ($72 in chips)
Seat 7: Actionni13 ($315.98 in chips)
Actionni13: posts small blind $1
Agrotait: posts big blind $3
*** HOLE CARDS ***
Actionni13: raises $3 to $6
Agrotait: calls $3
*** FLOP *** [Qd 5s 4s]
Agrotait: checks
Actionni13: bets $3
Agrotait: calls $3
*** TURN *** [Qd 5s 4s] [As]
Agrotait: checks
Actionni13: bets $6
Agrotait: calls $6
*** RIVER *** [Qd 5s 4s As] [8c]
Agrotait: checks
Actionni13: checks
*** SHOW DOWN ***
Agrotait: shows [Kc 6h] (high card Ace)
Actionni13: shows [Th 8s] (a pair of Eights)
Actionni13 collected $29.50 from pot
*** SUMMARY ***
Total pot $30 | Rake $0.50
Board [Qd 5s 4s As 8c]
Seat 6: Agrotait (big blind) showed [Kc 6h] and lost with high card Ace
Seat 7: Actionni13 (button) (small blind) showed [Th 8s] and won ($29.50) with a pair of Eights


PokerStars Hand #169255740432:  Hold'em Limit ($3/$6 USD) - 2017/04/19 8:24:41 ET
Table 'Pickeringia' 10-max Seat #6 is the button
Seat 6: Agrotait ($72 in chips)
Seat 7: Actionni13 ($330.48 in chips)
Agrotait: posts small blind $1
Actionni13: posts big blind $3
*** HOLE CARDS ***
Agrotait: raises $3 to $6
Actionni13: folds
Uncalled bet ($3) returned to Agrotait
Agrotait collected $6 from pot
Agrotait: doesn't show hand
*** SUMMARY ***
Total pot $6 | Rake $0
Seat 6: Agrotait (button) (small blind) collected ($6)
Seat 7: Actionni13 (big blind) folded before Flop


PokerStars Hand #169255744968:  Hold'em Limit ($3/$6 USD) - 2017/04/19 8:24:50 ET
Table 'Pickeringia' 10-max Seat #7 is the button
Seat 6: Agrotait ($75 in chips)
Seat 7: Actionni13 ($327.48 in chips)
Actionni13: posts small blind $1
Agrotait: posts big blind $3
*** HOLE CARDS ***
Actionni13: raises $3 to $6
Agrotait: calls $3
*** FLOP *** [7h Qd 5c]
Agrotait: checks
Actionni13: bets $3
Agrotait: calls $3
*** TURN *** [7h Qd 5c] [5s]
Agrotait: checks
Actionni13: bets $6
Agrotait: folds
Uncalled bet ($6) returned to Actionni13
Actionni13 collected $17.64 from pot
Actionni13: doesn't show hand
*** SUMMARY ***
Total pot $18 | Rake $0.36
Board [7h Qd 5c 5s]
Seat 6: Agrotait (big blind) folded on the Turn
Seat 7: Actionni13 (button) (small blind) collected ($17.64)


PokerStars Hand #169255760242:  Hold'em Limit ($3/$6 USD) - 2017/04/19 8:25:19 ET
Table 'Pickeringia' 10-max Seat #6 is the button
Seat 6: Agrotait ($66 in chips)
Seat 7: Actionni13 ($336.12 in chips)
Agrotait: posts small blind $1
Actionni13: posts big blind $3
*** HOLE CARDS ***
Agrotait: raises $3 to $6
Actionni13: raises $3 to $9
Agrotait: calls $3
*** FLOP *** [7h Kc 4d]
Actionni13: bets $3
Agrotait: calls $3
*** TURN *** [7h Kc 4d] [3s]
Actionni13: bets $6
Agrotait: calls $6
*** RIVER *** [7h Kc 4d 3s] [2s]
Actionni13: bets $6
Agrotait: folds
Uncalled bet ($6) returned to Actionni13
Actionni13 collected $35.50 from pot
Actionni13: doesn't show hand
*** SUMMARY ***
Total pot $36 | Rake $0.50
Board [7h Kc 4d 3s 2s]
Seat 6: Agrotait (button) (small blind) folded on the River
Seat 7: Actionni13 (big blind) collected ($35.50)


PokerStars Hand #169255793733:  Hold'em Limit ($3/$6 USD) - 2017/04/19 8:26:22 ET
Table 'Pickeringia' 10-max Seat #6 is the button
Seat 6: Agrotait ($86.50 in chips)
Seat 7: Actionni13 ($338.62 in chips)
Agrotait: posts small blind $1
Actionni13: posts big blind $3
*** HOLE CARDS ***
Agrotait: raises $3 to $6
Actionni13: raises $3 to $9
Agrotait: calls $3
*** FLOP *** [Qs 3d 9s]
Actionni13: bets $3
Agrotait: calls $3
*** TURN *** [Qs 3d 9s] [2d]
Actionni13: bets $6
Agrotait: calls $6
*** RIVER *** [Qs 3d 9s 2d] [3c]
Actionni13: bets $6
Agrotait: calls $6
*** SHOW DOWN ***
Actionni13: shows [As 8c] (a pair of Threes)
Agrotait: shows [9h Kc] (two pair, Nines and Threes)
Agrotait collected $47.50 from pot
*** SUMMARY ***
Total pot $48 | Rake $0.50
Board [Qs 3d 9s 2d 3c]
Seat 6: Agrotait (button) (small blind) showed [9h Kc] and won ($47.50) with two pair, Nines and Threes
Seat 7: Actionni13 (big blind) showed [As 8c] and lost with a pair of Threes


PokerStars Hand #169255778039:  Hold'em Limit ($3/$6 USD) - 2017/04/19 8:25:52 ET
Table 'Pickeringia' 10-max Seat #7 is the button
Seat 6: Agrotait ($72 in chips)
Seat 7: Actionni13 ($353.62 in chips)
Actionni13: posts small blind $1
Agrotait: posts big blind $3
*** HOLE CARDS ***
Actionni13: raises $3 to $6
Agrotait: calls $3
*** FLOP *** [8c 5s Kc]
Agrotait: checks
Actionni13: bets $3
Agrotait: calls $3
*** TURN *** [8c 5s Kc] [Tc]
Agrotait: checks
Actionni13: bets $6
Agrotait: calls $6
*** RIVER *** [8c 5s Kc Tc] [5c]
Agrotait: bets $6
Actionni13: folds
Uncalled bet ($6) returned to Agrotait
Agrotait collected $29.50 from pot
Agrotait: doesn't show hand
*** SUMMARY ***
Total pot $30 | Rake $0.50
Board [8c 5s Kc Tc 5c]
Seat 6: Agrotait (big blind) collected ($29.50)
Seat 7: Actionni13 (button) (small blind) folded on the River


PokerStars Hand #169255808061:  Hold'em Limit ($3/$6 USD) - 2017/04/19 8:26:49 ET
Table 'Pickeringia' 10-max Seat #7 is the button
Seat 6: Agrotait ($110 in chips)
Seat 7: Actionni13 ($314.62 in chips)
Actionni13: posts small blind $1
Agrotait: posts big blind $3
*** HOLE CARDS ***
Actionni13: folds
Uncalled bet ($2) returned to Agrotait
Agrotait collected $2 from pot
Agrotait: doesn't show hand
*** SUMMARY ***
Total pot $2 | Rake $0
Seat 6: Agrotait (big blind) collected ($2)
Seat 7: Actionni13 (button) (small blind) folded before Flop


PokerStars Hand #169255810483:  Hold'em Limit ($3/$6 USD) - 2017/04/19 8:26:54 ET
Table 'Pickeringia' 10-max Seat #6 is the button
Seat 6: Agrotait ($111 in chips)
Seat 7: Actionni13 ($313.62 in chips)
Agrotait: posts small blind $1
Actionni13: posts big blind $3
*** HOLE CARDS ***
Agrotait: raises $3 to $6
Actionni13: calls $3
*** FLOP *** [5d 9c 5s]
Actionni13: checks
Agrotait: bets $3
Actionni13: calls $3
*** TURN *** [5d 9c 5s] [Ah]
Actionni13: checks
Agrotait: checks
*** RIVER *** [5d 9c 5s Ah] [Qc]
Actionni13: checks
Agrotait: checks
*** SHOW DOWN ***
Actionni13: shows [Tc Jh] (a pair of Fives)
Agrotait: shows [Kh 6c] (a pair of Fives - Ace+King kicker)
Agrotait collected $17.64 from pot
*** SUMMARY ***
Total pot $18 | Rake $0.36
Board [5d 9c 5s Ah Qc]
Seat 6: Agrotait (button) (small blind) showed [Kh 6c] and won ($17.64) with a pair of Fives
Seat 7: Actionni13 (big blind) showed [Tc Jh] and lost with a pair of Fives


