PokerStars Hand #166432655711:  Hold'em Limit ($3/$6 USD) - 2017/02/19 1:03:24 ET
Table 'Pickeringia' 10-max Seat #4 is the button
Seat 1: LifeisagameX ($89.76 in chips)
Seat 4: PHILLY_D_S ($72 in chips)
PHILLY_D_S: posts small blind $1
LifeisagameX: posts big blind $3
*** HOLE CARDS ***
PHILLY_D_S: raises $3 to $6
LifeisagameX: raises $3 to $9
PHILLY_D_S: folds
Uncalled bet ($3) returned to LifeisagameX
LifeisagameX collected $12 from pot
LifeisagameX: doesn't show hand
*** SUMMARY ***
Total pot $12 | Rake $0
Seat 1: LifeisagameX (big blind) collected ($12)
Seat 4: PHILLY_D_S (button) (small blind) folded before Flop


PokerStars Hand #166432646347:  Hold'em Limit ($3/$6 USD) - 2017/02/19 1:02:51 ET
Table 'Pickeringia' 10-max Seat #1 is the button
Seat 1: LifeisagameX ($84 in chips)
Seat 4: PHILLY_D_S ($72 in chips)
LifeisagameX: posts small blind $1
PHILLY_D_S: posts big blind $3
*** HOLE CARDS ***
LifeisagameX: raises $3 to $6
PHILLY_D_S: calls $3
*** FLOP *** [Jd 6h Jc]
PHILLY_D_S: checks
LifeisagameX: bets $3
PHILLY_D_S: folds
Uncalled bet ($3) returned to LifeisagameX
LifeisagameX collected $11.76 from pot
LifeisagameX: doesn't show hand
*** SUMMARY ***
Total pot $12 | Rake $0.24
Board [Jd 6h Jc]
Seat 1: LifeisagameX (button) (small blind) collected ($11.76)
Seat 4: PHILLY_D_S (big blind) folded on the Flop


PokerStars Hand #166432665381:  Hold'em Limit ($3/$6 USD) - 2017/02/19 1:03:57 ET
Table 'Pickeringia' 10-max Seat #1 is the button
Seat 1: LifeisagameX ($95.76 in chips)
Seat 4: PHILLY_D_S ($72 in chips)
LifeisagameX: posts small blind $1
PHILLY_D_S: posts big blind $3
*** HOLE CARDS ***
LifeisagameX: raises $3 to $6
PHILLY_D_S: calls $3
*** FLOP *** [8s 2c Qc]
PHILLY_D_S: checks
LifeisagameX: bets $3
PHILLY_D_S: raises $3 to $6
LifeisagameX: calls $3
*** TURN *** [8s 2c Qc] [Tc]
PHILLY_D_S: bets $6
LifeisagameX: calls $6
*** RIVER *** [8s 2c Qc Tc] [7h]
PHILLY_D_S: bets $6
LifeisagameX: folds
Uncalled bet ($6) returned to PHILLY_D_S
PHILLY_D_S collected $35.50 from pot
PHILLY_D_S: doesn't show hand
*** SUMMARY ***
Total pot $36 | Rake $0.50
Board [8s 2c Qc Tc 7h]
Seat 1: LifeisagameX (button) (small blind) folded on the River
Seat 4: PHILLY_D_S (big blind) collected ($35.50)


PokerStars Hand #166432693530:  Hold'em Limit ($3/$6 USD) - 2017/02/19 1:05:33 ET
Table 'Pickeringia' 10-max Seat #1 is the button
Seat 1: LifeisagameX ($95.52 in chips)
Seat 4: PHILLY_D_S ($77.50 in chips)
LifeisagameX: posts small blind $1
PHILLY_D_S: posts big blind $3
*** HOLE CARDS ***
LifeisagameX: raises $3 to $6
PHILLY_D_S: folds
Uncalled bet ($3) returned to LifeisagameX
LifeisagameX collected $6 from pot
LifeisagameX: doesn't show hand
*** SUMMARY ***
Total pot $6 | Rake $0
Seat 1: LifeisagameX (button) (small blind) collected ($6)
Seat 4: PHILLY_D_S (big blind) folded before Flop


PokerStars Hand #166432682788:  Hold'em Limit ($3/$6 USD) - 2017/02/19 1:04:58 ET
Table 'Pickeringia' 10-max Seat #4 is the button
Seat 1: LifeisagameX ($84 in chips)
Seat 4: PHILLY_D_S ($89.50 in chips)
PHILLY_D_S: posts small blind $1
LifeisagameX: posts big blind $3
*** HOLE CARDS ***
PHILLY_D_S: raises $3 to $6
LifeisagameX: raises $3 to $9
PHILLY_D_S: calls $3
*** FLOP *** [2d 6s 7s]
LifeisagameX: bets $3
PHILLY_D_S: calls $3
*** TURN *** [2d 6s 7s] [Th]
LifeisagameX: checks
PHILLY_D_S: checks
*** RIVER *** [2d 6s 7s Th] [9c]
LifeisagameX: checks
PHILLY_D_S: checks
*** SHOW DOWN ***
LifeisagameX: shows [Ac 9d] (a pair of Nines)
PHILLY_D_S: mucks hand
LifeisagameX collected $23.52 from pot
*** SUMMARY ***
Total pot $24 | Rake $0.48
Board [2d 6s 7s Th 9c]
Seat 1: LifeisagameX (big blind) showed [Ac 9d] and won ($23.52) with a pair of Nines
Seat 4: PHILLY_D_S (button) (small blind) mucked


PokerStars Hand #166432702228:  Hold'em Limit ($3/$6 USD) - 2017/02/19 1:06:04 ET
Table 'Pickeringia' 10-max Seat #1 is the button
Seat 1: LifeisagameX ($116.02 in chips)
Seat 4: PHILLY_D_S ($72 in chips)
LifeisagameX: posts small blind $1
PHILLY_D_S: posts big blind $3
*** HOLE CARDS ***
LifeisagameX: raises $3 to $6
PHILLY_D_S: folds
Uncalled bet ($3) returned to LifeisagameX
LifeisagameX collected $6 from pot
LifeisagameX: doesn't show hand
*** SUMMARY ***
Total pot $6 | Rake $0
Seat 1: LifeisagameX (button) (small blind) collected ($6)
Seat 4: PHILLY_D_S (big blind) folded before Flop


PokerStars Hand #166432695850:  Hold'em Limit ($3/$6 USD) - 2017/02/19 1:05:42 ET
Table 'Pickeringia' 10-max Seat #4 is the button
Seat 1: LifeisagameX ($98.52 in chips)
Seat 4: PHILLY_D_S ($74.50 in chips)
PHILLY_D_S: posts small blind $1
LifeisagameX: posts big blind $3
*** HOLE CARDS ***
PHILLY_D_S: raises $3 to $6
LifeisagameX: calls $3
*** FLOP *** [3d 3s 7d]
LifeisagameX: checks
PHILLY_D_S: checks
*** TURN *** [3d 3s 7d] [Qc]
LifeisagameX: bets $6
PHILLY_D_S: calls $6
*** RIVER *** [3d 3s 7d Qc] [Qs]
LifeisagameX: bets $6
PHILLY_D_S: calls $6
*** SHOW DOWN ***
LifeisagameX: shows [5s Qh] (a full house, Queens full of Threes)
PHILLY_D_S: mucks hand
LifeisagameX collected $35.50 from pot
*** SUMMARY ***
Total pot $36 | Rake $0.50
Board [3d 3s 7d Qc Qs]
Seat 1: LifeisagameX (big blind) showed [5s Qh] and won ($35.50) with a full house, Queens full of Threes
Seat 4: PHILLY_D_S (button) (small blind) mucked


PokerStars Hand #166432704423:  Hold'em Limit ($3/$6 USD) - 2017/02/19 1:06:11 ET
Table 'Pickeringia' 10-max Seat #4 is the button
Seat 1: LifeisagameX ($119.02 in chips)
Seat 4: PHILLY_D_S ($72 in chips)
PHILLY_D_S: posts small blind $1
LifeisagameX: posts big blind $3
*** HOLE CARDS ***
PHILLY_D_S: raises $3 to $6
LifeisagameX: raises $3 to $9
PHILLY_D_S: raises $3 to $12
Betting is capped
LifeisagameX: calls $3
*** FLOP *** [8c Jc Ts]
LifeisagameX: checks
PHILLY_D_S: checks
*** TURN *** [8c Jc Ts] [Kh]
LifeisagameX: checks
PHILLY_D_S: bets $6
LifeisagameX: calls $6
*** RIVER *** [8c Jc Ts Kh] [6s]
LifeisagameX: checks
PHILLY_D_S: bets $6
LifeisagameX: calls $6
*** SHOW DOWN ***
PHILLY_D_S: shows [Kd 7d] (a pair of Kings)
LifeisagameX: mucks hand
PHILLY_D_S collected $47.50 from pot
*** SUMMARY ***
Total pot $48 | Rake $0.50
Board [8c Jc Ts Kh 6s]
Seat 1: LifeisagameX (big blind) mucked
Seat 4: PHILLY_D_S (button) (small blind) showed [Kd 7d] and won ($47.50) with a pair of Kings


PokerStars Hand #166432718957:  Hold'em Limit ($3/$6 USD) - 2017/02/19 1:07:01 ET
Table 'Pickeringia' 10-max Seat #1 is the button
Seat 1: LifeisagameX ($95.02 in chips)
Seat 4: PHILLY_D_S ($95.50 in chips)
LifeisagameX: posts small blind $1
PHILLY_D_S: posts big blind $3
*** HOLE CARDS ***
LifeisagameX: raises $3 to $6
PHILLY_D_S: calls $3
*** FLOP *** [4d Qs 7h]
PHILLY_D_S: checks
LifeisagameX: checks
*** TURN *** [4d Qs 7h] [5s]
PHILLY_D_S: checks
LifeisagameX: bets $6
PHILLY_D_S: calls $6
*** RIVER *** [4d Qs 7h 5s] [Jd]
PHILLY_D_S: checks
LifeisagameX: bets $6
PHILLY_D_S: folds
Uncalled bet ($6) returned to LifeisagameX
LifeisagameX collected $23.52 from pot
LifeisagameX: doesn't show hand
*** SUMMARY ***
Total pot $24 | Rake $0.48
Board [4d Qs 7h 5s Jd]
Seat 1: LifeisagameX (button) (small blind) collected ($23.52)
Seat 4: PHILLY_D_S (big blind) folded on the River


PokerStars Hand #166432747968:  Hold'em Limit ($3/$6 USD) - 2017/02/19 1:08:39 ET
Table 'Pickeringia' 10-max Seat #4 is the button
Seat 1: LifeisagameX ($99.54 in chips)
Seat 4: PHILLY_D_S ($90.26 in chips)
PHILLY_D_S: posts small blind $1
LifeisagameX: posts big blind $3
*** HOLE CARDS ***
PHILLY_D_S: folds
Uncalled bet ($2) returned to LifeisagameX
LifeisagameX collected $2 from pot
LifeisagameX: doesn't show hand
*** SUMMARY ***
Total pot $2 | Rake $0
Seat 1: LifeisagameX (big blind) collected ($2)
Seat 4: PHILLY_D_S (button) (small blind) folded before Flop


PokerStars Hand #166432745905:  Hold'em Limit ($3/$6 USD) - 2017/02/19 1:08:33 ET
Table 'Pickeringia' 10-max Seat #1 is the button
Seat 1: LifeisagameX ($100.54 in chips)
Seat 4: PHILLY_D_S ($89.26 in chips)
LifeisagameX: posts small blind $1
PHILLY_D_S: posts big blind $3
*** HOLE CARDS ***
LifeisagameX: folds
Uncalled bet ($2) returned to PHILLY_D_S
PHILLY_D_S collected $2 from pot
PHILLY_D_S: doesn't show hand
*** SUMMARY ***
Total pot $2 | Rake $0
Seat 1: LifeisagameX (button) (small blind) folded before Flop
Seat 4: PHILLY_D_S (big blind) collected ($2)


PokerStars Hand #166432739017:  Hold'em Limit ($3/$6 USD) - 2017/02/19 1:08:10 ET
Table 'Pickeringia' 10-max Seat #4 is the button
Seat 1: LifeisagameX ($106.54 in chips)
Seat 4: PHILLY_D_S ($83.50 in chips)
PHILLY_D_S: posts small blind $1
LifeisagameX: posts big blind $3
*** HOLE CARDS ***
PHILLY_D_S: raises $3 to $6
LifeisagameX: calls $3
*** FLOP *** [7h Kh 5d]
LifeisagameX: checks
PHILLY_D_S: bets $3
LifeisagameX: folds
Uncalled bet ($3) returned to PHILLY_D_S
PHILLY_D_S collected $11.76 from pot
PHILLY_D_S: doesn't show hand
*** SUMMARY ***
Total pot $12 | Rake $0.24
Board [7h Kh 5d]
Seat 1: LifeisagameX (big blind) folded on the Flop
Seat 4: PHILLY_D_S (button) (small blind) collected ($11.76)


PokerStars Hand #166432762433:  Hold'em Limit ($3/$6 USD) - 2017/02/19 1:09:29 ET
Table 'Pickeringia' 10-max Seat #1 is the button
Seat 1: LifeisagameX ($85 in chips)
Seat 4: PHILLY_D_S ($105.76 in chips)
LifeisagameX: posts small blind $1
PHILLY_D_S: posts big blind $3
*** HOLE CARDS ***
LifeisagameX: raises $3 to $6
PHILLY_D_S: calls $3
*** FLOP *** [Qc Ts 7s]
PHILLY_D_S: checks
LifeisagameX: checks
*** TURN *** [Qc Ts 7s] [7h]
PHILLY_D_S: checks
LifeisagameX: bets $6
PHILLY_D_S: calls $6
*** RIVER *** [Qc Ts 7s 7h] [3s]
PHILLY_D_S: checks
LifeisagameX: bets $6
PHILLY_D_S: calls $6
*** SHOW DOWN ***
LifeisagameX: shows [Kd Ks] (two pair, Kings and Sevens)
PHILLY_D_S: mucks hand
LifeisagameX collected $35.50 from pot
*** SUMMARY ***
Total pot $36 | Rake $0.50
Board [Qc Ts 7s 7h 3s]
Seat 1: LifeisagameX (button) (small blind) showed [Kd Ks] and won ($35.50) with two pair, Kings and Sevens
Seat 4: PHILLY_D_S (big blind) mucked


PokerStars Hand #166432760883:  Hold'em Limit ($3/$6 USD) - 2017/02/19 1:09:23 ET
Table 'Pickeringia' 10-max Seat #4 is the button
Seat 1: LifeisagameX ($84 in chips)
Seat 4: PHILLY_D_S ($106.76 in chips)
PHILLY_D_S: posts small blind $1
LifeisagameX: posts big blind $3
*** HOLE CARDS ***
PHILLY_D_S: folds
Uncalled bet ($2) returned to LifeisagameX
LifeisagameX collected $2 from pot
LifeisagameX: doesn't show hand
*** SUMMARY ***
Total pot $2 | Rake $0
Seat 1: LifeisagameX (big blind) collected ($2)
Seat 4: PHILLY_D_S (button) (small blind) folded before Flop


PokerStars Hand #166432749460:  Hold'em Limit ($3/$6 USD) - 2017/02/19 1:08:44 ET
Table 'Pickeringia' 10-max Seat #1 is the button
Seat 1: LifeisagameX ($100.54 in chips)
Seat 4: PHILLY_D_S ($89.26 in chips)
LifeisagameX: posts small blind $1
PHILLY_D_S: posts big blind $3
*** HOLE CARDS ***
LifeisagameX: raises $3 to $6
PHILLY_D_S: raises $3 to $9
LifeisagameX: calls $3
*** FLOP *** [Js Qs 6h]
PHILLY_D_S: checks
LifeisagameX: bets $3
PHILLY_D_S: calls $3
*** TURN *** [Js Qs 6h] [Jd]
PHILLY_D_S: checks
LifeisagameX: checks
*** RIVER *** [Js Qs 6h Jd] [7s]
PHILLY_D_S: checks
LifeisagameX: bets $6
PHILLY_D_S: calls $6
*** SHOW DOWN ***
LifeisagameX: shows [5d 6s] (two pair, Jacks and Sixes)
PHILLY_D_S: shows [3d Qd] (two pair, Queens and Jacks)
PHILLY_D_S collected $35.50 from pot
*** SUMMARY ***
Total pot $36 | Rake $0.50
Board [Js Qs 6h Jd 7s]
Seat 1: LifeisagameX (button) (small blind) showed [5d 6s] and lost with two pair, Jacks and Sixes
Seat 4: PHILLY_D_S (big blind) showed [3d Qd] and won ($35.50) with two pair, Queens and Jacks


PokerStars Hand #166432781854:  Hold'em Limit ($3/$6 USD) - 2017/02/19 1:10:35 ET
Table 'Pickeringia' 10-max Seat #4 is the button
Seat 1: LifeisagameX ($93.50 in chips)
Seat 4: PHILLY_D_S ($96.28 in chips)
PHILLY_D_S: posts small blind $1
LifeisagameX: posts big blind $3
*** HOLE CARDS ***
PHILLY_D_S: folds
Uncalled bet ($2) returned to LifeisagameX
LifeisagameX collected $2 from pot
LifeisagameX: doesn't show hand
*** SUMMARY ***
Total pot $2 | Rake $0
Seat 1: LifeisagameX (big blind) collected ($2)
Seat 4: PHILLY_D_S (button) (small blind) folded before Flop


PokerStars Hand #166432779204:  Hold'em Limit ($3/$6 USD) - 2017/02/19 1:10:26 ET
Table 'Pickeringia' 10-max Seat #1 is the button
Seat 1: LifeisagameX ($90.50 in chips)
Seat 4: PHILLY_D_S ($99.28 in chips)
LifeisagameX: posts small blind $1
PHILLY_D_S: posts big blind $3
*** HOLE CARDS ***
LifeisagameX: raises $3 to $6
PHILLY_D_S: folds
Uncalled bet ($3) returned to LifeisagameX
LifeisagameX collected $6 from pot
LifeisagameX: doesn't show hand
*** SUMMARY ***
Total pot $6 | Rake $0
Seat 1: LifeisagameX (button) (small blind) collected ($6)
Seat 4: PHILLY_D_S (big blind) folded before Flop


PokerStars Hand #166432770699:  Hold'em Limit ($3/$6 USD) - 2017/02/19 1:09:57 ET
Table 'Pickeringia' 10-max Seat #4 is the button
Seat 1: LifeisagameX ($102.50 in chips)
Seat 4: PHILLY_D_S ($87.76 in chips)
PHILLY_D_S: posts small blind $1
LifeisagameX: posts big blind $3
*** HOLE CARDS ***
PHILLY_D_S: raises $3 to $6
LifeisagameX: calls $3
*** FLOP *** [4h 6d 2d]
LifeisagameX: checks
PHILLY_D_S: checks
*** TURN *** [4h 6d 2d] [Td]
LifeisagameX: checks
PHILLY_D_S: bets $6
LifeisagameX: calls $6
*** RIVER *** [4h 6d 2d Td] [5h]
LifeisagameX: checks
PHILLY_D_S: checks
*** SHOW DOWN ***
LifeisagameX: shows [2c Qh] (a pair of Deuces)
PHILLY_D_S: shows [Th Ks] (a pair of Tens)
PHILLY_D_S collected $23.52 from pot
*** SUMMARY ***
Total pot $24 | Rake $0.48
Board [4h 6d 2d Td 5h]
Seat 1: LifeisagameX (big blind) showed [2c Qh] and lost with a pair of Deuces
Seat 4: PHILLY_D_S (button) (small blind) showed [Th Ks] and won ($23.52) with a pair of Tens


PokerStars Hand #166432783283:  Hold'em Limit ($3/$6 USD) - 2017/02/19 1:10:40 ET
Table 'Pickeringia' 10-max Seat #1 is the button
Seat 1: LifeisagameX ($94.50 in chips)
Seat 4: PHILLY_D_S ($95.28 in chips)
LifeisagameX: posts small blind $1
PHILLY_D_S: posts big blind $3
*** HOLE CARDS ***
LifeisagameX: raises $3 to $6
PHILLY_D_S: raises $3 to $9
LifeisagameX: calls $3
*** FLOP *** [2s 8s 9c]
PHILLY_D_S: checks
LifeisagameX: checks
*** TURN *** [2s 8s 9c] [Ks]
PHILLY_D_S: checks
LifeisagameX: checks
*** RIVER *** [2s 8s 9c Ks] [Kh]
PHILLY_D_S: checks
LifeisagameX: bets $6
PHILLY_D_S: calls $6
*** SHOW DOWN ***
LifeisagameX: shows [2c 6h] (two pair, Kings and Deuces)
PHILLY_D_S: mucks hand
LifeisagameX collected $29.50 from pot
*** SUMMARY ***
Total pot $30 | Rake $0.50
Board [2s 8s 9c Ks Kh]
Seat 1: LifeisagameX (button) (small blind) showed [2c 6h] and won ($29.50) with two pair, Kings and Deuces
Seat 4: PHILLY_D_S (big blind) mucked


PokerStars Hand #166432799823:  Hold'em Limit ($3/$6 USD) - 2017/02/19 1:11:36 ET
Table 'Pickeringia' 10-max Seat #4 is the button
Seat 1: LifeisagameX ($109 in chips)
Seat 4: PHILLY_D_S ($80.28 in chips)
PHILLY_D_S: posts small blind $1
LifeisagameX: posts big blind $3
*** HOLE CARDS ***
PHILLY_D_S: raises $3 to $6
LifeisagameX: calls $3
*** FLOP *** [5d 8d As]
LifeisagameX: checks
PHILLY_D_S: bets $3
LifeisagameX: raises $3 to $6
PHILLY_D_S: folds
Uncalled bet ($3) returned to LifeisagameX
LifeisagameX collected $17.64 from pot
LifeisagameX: doesn't show hand
*** SUMMARY ***
Total pot $18 | Rake $0.36
Board [5d 8d As]
Seat 1: LifeisagameX (big blind) collected ($17.64)
Seat 4: PHILLY_D_S (button) (small blind) folded on the Flop


PokerStars Hand #166432816380:  Hold'em Limit ($3/$6 USD) - 2017/02/19 1:12:32 ET
Table 'Pickeringia' 10-max Seat #1 is the button
Seat 1: LifeisagameX ($117.64 in chips)
Seat 4: PHILLY_D_S ($72 in chips)
LifeisagameX: posts small blind $1
PHILLY_D_S: posts big blind $3
*** HOLE CARDS ***
LifeisagameX: raises $3 to $6
PHILLY_D_S: folds
Uncalled bet ($3) returned to LifeisagameX
LifeisagameX collected $6 from pot
LifeisagameX: doesn't show hand
*** SUMMARY ***
Total pot $6 | Rake $0
Seat 1: LifeisagameX (button) (small blind) collected ($6)
Seat 4: PHILLY_D_S (big blind) folded before Flop


PokerStars Hand #166432818588:  Hold'em Limit ($3/$6 USD) - 2017/02/19 1:12:39 ET
Table 'Pickeringia' 10-max Seat #4 is the button
Seat 1: LifeisagameX ($120.64 in chips)
Seat 4: PHILLY_D_S ($72 in chips)
PHILLY_D_S: posts small blind $1
LifeisagameX: posts big blind $3
*** HOLE CARDS ***
PHILLY_D_S: raises $3 to $6
LifeisagameX: calls $3
*** FLOP *** [8d Ad Ks]
LifeisagameX: checks
PHILLY_D_S: bets $3
LifeisagameX: folds
Uncalled bet ($3) returned to PHILLY_D_S
PHILLY_D_S collected $11.76 from pot
PHILLY_D_S: doesn't show hand
*** SUMMARY ***
Total pot $12 | Rake $0.24
Board [8d Ad Ks]
Seat 1: LifeisagameX (big blind) folded on the Flop
Seat 4: PHILLY_D_S (button) (small blind) collected ($11.76)


PokerStars Hand #166432832985:  Hold'em Limit ($3/$6 USD) - 2017/02/19 1:13:29 ET
Table 'Pickeringia' 10-max Seat #1 is the button
Seat 1: LifeisagameX ($114.64 in chips)
Seat 4: PHILLY_D_S ($77.76 in chips)
LifeisagameX: posts small blind $1
PHILLY_D_S: posts big blind $3
*** HOLE CARDS ***
LifeisagameX: raises $3 to $6
PHILLY_D_S: calls $3
*** FLOP *** [Ad 9c Qs]
PHILLY_D_S: checks
LifeisagameX: bets $3
PHILLY_D_S: calls $3
*** TURN *** [Ad 9c Qs] [4s]
PHILLY_D_S: checks
LifeisagameX: bets $6
PHILLY_D_S: calls $6
*** RIVER *** [Ad 9c Qs 4s] [Ah]
PHILLY_D_S: bets $6
LifeisagameX: folds
Uncalled bet ($6) returned to PHILLY_D_S
PHILLY_D_S collected $29.50 from pot
PHILLY_D_S: doesn't show hand
*** SUMMARY ***
Total pot $30 | Rake $0.50
Board [Ad 9c Qs 4s Ah]
Seat 1: LifeisagameX (button) (small blind) folded on the River
Seat 4: PHILLY_D_S (big blind) collected ($29.50)


PokerStars Hand #166432847093:  Hold'em Limit ($3/$6 USD) - 2017/02/19 1:14:16 ET
Table 'Pickeringia' 10-max Seat #4 is the button
Seat 1: LifeisagameX ($99.64 in chips)
Seat 4: PHILLY_D_S ($92.26 in chips)
PHILLY_D_S: posts small blind $1
LifeisagameX: posts big blind $3
*** HOLE CARDS ***
PHILLY_D_S: raises $3 to $6
LifeisagameX: calls $3
*** FLOP *** [Ad Ah 3h]
LifeisagameX: checks
PHILLY_D_S: bets $3
LifeisagameX: calls $3
*** TURN *** [Ad Ah 3h] [Kc]
LifeisagameX: checks
PHILLY_D_S: bets $6
LifeisagameX: calls $6
*** RIVER *** [Ad Ah 3h Kc] [2d]
LifeisagameX: checks
PHILLY_D_S: checks
*** SHOW DOWN ***
LifeisagameX: shows [Jh 9d] (a pair of Aces)
PHILLY_D_S: shows [6c 3c] (two pair, Aces and Threes)
PHILLY_D_S collected $29.50 from pot
*** SUMMARY ***
Total pot $30 | Rake $0.50
Board [Ad Ah 3h Kc 2d]
Seat 1: LifeisagameX (big blind) showed [Jh 9d] and lost with a pair of Aces
Seat 4: PHILLY_D_S (button) (small blind) showed [6c 3c] and won ($29.50) with two pair, Aces and Threes


PokerStars Hand #166432867073:  Hold'em Limit ($3/$6 USD) - 2017/02/19 1:15:24 ET
Table 'Pickeringia' 10-max Seat #1 is the button
Seat 1: LifeisagameX ($84.64 in chips)
Seat 4: PHILLY_D_S ($106.76 in chips)
LifeisagameX: posts small blind $1
PHILLY_D_S: posts big blind $3
*** HOLE CARDS ***
LifeisagameX: raises $3 to $6
PHILLY_D_S: calls $3
*** FLOP *** [2d 8d 5c]
PHILLY_D_S: bets $3
LifeisagameX: calls $3
*** TURN *** [2d 8d 5c] [6d]
PHILLY_D_S: bets $6
LifeisagameX: raises $6 to $12
PHILLY_D_S: calls $6
*** RIVER *** [2d 8d 5c 6d] [9c]
PHILLY_D_S: checks
LifeisagameX: bets $6
PHILLY_D_S: calls $6
*** SHOW DOWN ***
LifeisagameX: shows [Kd 7d] (a flush, King high)
PHILLY_D_S: mucks hand
LifeisagameX collected $53.50 from pot
*** SUMMARY ***
Total pot $54 | Rake $0.50
Board [2d 8d 5c 6d 9c]
Seat 1: LifeisagameX (button) (small blind) showed [Kd 7d] and won ($53.50) with a flush, King high
Seat 4: PHILLY_D_S (big blind) mucked


PokerStars Hand #166432886293:  Hold'em Limit ($3/$6 USD) - 2017/02/19 1:16:29 ET
Table 'Pickeringia' 10-max Seat #1 is the button
Seat 1: LifeisagameX ($116.90 in chips)
Seat 4: PHILLY_D_S ($73.76 in chips)
LifeisagameX: posts small blind $1
PHILLY_D_S: posts big blind $3
*** HOLE CARDS ***
LifeisagameX: raises $3 to $6
PHILLY_D_S: folds
Uncalled bet ($3) returned to LifeisagameX
LifeisagameX collected $6 from pot
LifeisagameX: doesn't show hand
*** SUMMARY ***
Total pot $6 | Rake $0
Seat 1: LifeisagameX (button) (small blind) collected ($6)
Seat 4: PHILLY_D_S (big blind) folded before Flop


PokerStars Hand #166432875623:  Hold'em Limit ($3/$6 USD) - 2017/02/19 1:15:53 ET
Table 'Pickeringia' 10-max Seat #4 is the button
Seat 1: LifeisagameX ($111.14 in chips)
Seat 4: PHILLY_D_S ($79.76 in chips)
PHILLY_D_S: posts small blind $1
LifeisagameX: posts big blind $3
*** HOLE CARDS ***
PHILLY_D_S: raises $3 to $6
LifeisagameX: calls $3
*** FLOP *** [7s Kh Qh]
LifeisagameX: checks
PHILLY_D_S: checks
*** TURN *** [7s Kh Qh] [2d]
LifeisagameX: checks
PHILLY_D_S: checks
*** RIVER *** [7s Kh Qh 2d] [As]
LifeisagameX: checks
PHILLY_D_S: checks
*** SHOW DOWN ***
LifeisagameX: shows [7h Qc] (two pair, Queens and Sevens)
PHILLY_D_S: mucks hand
LifeisagameX collected $11.76 from pot
*** SUMMARY ***
Total pot $12 | Rake $0.24
Board [7s Kh Qh 2d As]
Seat 1: LifeisagameX (big blind) showed [7h Qc] and won ($11.76) with two pair, Queens and Sevens
Seat 4: PHILLY_D_S (button) (small blind) mucked


PokerStars Hand #166432888395:  Hold'em Limit ($3/$6 USD) - 2017/02/19 1:16:36 ET
Table 'Pickeringia' 10-max Seat #4 is the button
Seat 1: LifeisagameX ($119.90 in chips)
Seat 4: PHILLY_D_S ($72 in chips)
PHILLY_D_S: posts small blind $1
LifeisagameX: posts big blind $3
*** HOLE CARDS ***
PHILLY_D_S: raises $3 to $6
LifeisagameX: raises $3 to $9
PHILLY_D_S: calls $3
*** FLOP *** [3h Jd 6c]
LifeisagameX: checks
PHILLY_D_S: checks
*** TURN *** [3h Jd 6c] [6h]
LifeisagameX: checks
PHILLY_D_S: checks
*** RIVER *** [3h Jd 6c 6h] [Ac]
LifeisagameX: checks
PHILLY_D_S: bets $6
LifeisagameX: folds
Uncalled bet ($6) returned to PHILLY_D_S
PHILLY_D_S collected $17.64 from pot
PHILLY_D_S: doesn't show hand
*** SUMMARY ***
Total pot $18 | Rake $0.36
Board [3h Jd 6c 6h Ac]
Seat 1: LifeisagameX (big blind) folded on the River
Seat 4: PHILLY_D_S (button) (small blind) collected ($17.64)


PokerStars Hand #166432905178:  Hold'em Limit ($3/$6 USD) - 2017/02/19 1:17:34 ET
Table 'Pickeringia' 10-max Seat #1 is the button
Seat 1: LifeisagameX ($110.90 in chips)
Seat 4: PHILLY_D_S ($80.64 in chips)
LifeisagameX: posts small blind $1
PHILLY_D_S: posts big blind $3
*** HOLE CARDS ***
LifeisagameX: raises $3 to $6
PHILLY_D_S: calls $3
*** FLOP *** [Th 6c 6s]
PHILLY_D_S: checks
LifeisagameX: bets $3
PHILLY_D_S: raises $3 to $6
LifeisagameX: calls $3
*** TURN *** [Th 6c 6s] [4c]
PHILLY_D_S: checks
LifeisagameX: bets $6
PHILLY_D_S: folds
Uncalled bet ($6) returned to LifeisagameX
LifeisagameX collected $23.52 from pot
LifeisagameX: doesn't show hand
*** SUMMARY ***
Total pot $24 | Rake $0.48
Board [Th 6c 6s 4c]
Seat 1: LifeisagameX (button) (small blind) collected ($23.52)
Seat 4: PHILLY_D_S (big blind) folded on the Turn


PokerStars Hand #166432916475:  Hold'em Limit ($3/$6 USD) - 2017/02/19 1:18:08 ET
Table 'Pickeringia' 10-max Seat #4 is the button
Seat 1: LifeisagameX ($122.42 in chips)
Seat 4: PHILLY_D_S ($72 in chips)
PHILLY_D_S: posts small blind $1
LifeisagameX: posts big blind $3
*** HOLE CARDS ***
PHILLY_D_S: raises $3 to $6
LifeisagameX: raises $3 to $9
PHILLY_D_S: calls $3
*** FLOP *** [As Th 7h]
LifeisagameX: bets $3
PHILLY_D_S: calls $3
*** TURN *** [As Th 7h] [Ad]
LifeisagameX: checks
PHILLY_D_S: bets $6
LifeisagameX: calls $6
*** RIVER *** [As Th 7h Ad] [9h]
LifeisagameX: checks
PHILLY_D_S: bets $6
LifeisagameX: calls $6
*** SHOW DOWN ***
PHILLY_D_S: shows [6d 8s] (a straight, Six to Ten)
LifeisagameX: mucks hand
PHILLY_D_S collected $47.50 from pot
*** SUMMARY ***
Total pot $48 | Rake $0.50
Board [As Th 7h Ad 9h]
Seat 1: LifeisagameX (big blind) mucked
Seat 4: PHILLY_D_S (button) (small blind) showed [6d 8s] and won ($47.50) with a straight, Six to Ten


PokerStars Hand #166432933618:  Hold'em Limit ($3/$6 USD) - 2017/02/19 1:19:08 ET
Table 'Pickeringia' 10-max Seat #1 is the button
Seat 1: LifeisagameX ($98.42 in chips)
Seat 4: PHILLY_D_S ($95.50 in chips)
LifeisagameX: posts small blind $1
PHILLY_D_S: posts big blind $3
*** HOLE CARDS ***
LifeisagameX: raises $3 to $6
PHILLY_D_S: calls $3
*** FLOP *** [5d 5c 9h]
PHILLY_D_S: checks
LifeisagameX: bets $3
PHILLY_D_S: calls $3
*** TURN *** [5d 5c 9h] [7h]
PHILLY_D_S: checks
LifeisagameX: bets $6
PHILLY_D_S: calls $6
*** RIVER *** [5d 5c 9h 7h] [Tc]
PHILLY_D_S: checks
LifeisagameX: bets $6
PHILLY_D_S: calls $6
*** SHOW DOWN ***
LifeisagameX: shows [5s 7s] (a full house, Fives full of Sevens)
PHILLY_D_S: mucks hand
LifeisagameX collected $41.50 from pot
*** SUMMARY ***
Total pot $42 | Rake $0.50
Board [5d 5c 9h 7h Tc]
Seat 1: LifeisagameX (button) (small blind) showed [5s 7s] and won ($41.50) with a full house, Fives full of Sevens
Seat 4: PHILLY_D_S (big blind) mucked


PokerStars Hand #166432944602:  Hold'em Limit ($3/$6 USD) - 2017/02/19 1:19:45 ET
Table 'Pickeringia' 10-max Seat #4 is the button
Seat 1: LifeisagameX ($118.92 in chips)
Seat 4: PHILLY_D_S ($74.50 in chips)
PHILLY_D_S: posts small blind $1
LifeisagameX: posts big blind $3
*** HOLE CARDS ***
PHILLY_D_S: raises $3 to $6
LifeisagameX: calls $3
*** FLOP *** [Qc 9h Ac]
LifeisagameX: checks
PHILLY_D_S: checks
*** TURN *** [Qc 9h Ac] [8h]
LifeisagameX: bets $6
PHILLY_D_S: folds
Uncalled bet ($6) returned to LifeisagameX
LifeisagameX collected $11.76 from pot
LifeisagameX: doesn't show hand
*** SUMMARY ***
Total pot $12 | Rake $0.24
Board [Qc 9h Ac 8h]
Seat 1: LifeisagameX (big blind) collected ($11.76)
Seat 4: PHILLY_D_S (button) (small blind) folded on the Turn


PokerStars Hand #166432949739:  Hold'em Limit ($3/$6 USD) - 2017/02/19 1:20:03 ET
Table 'Pickeringia' 10-max Seat #1 is the button
Seat 1: LifeisagameX ($124.68 in chips)
Seat 4: PHILLY_D_S ($72 in chips)
LifeisagameX: posts small blind $1
PHILLY_D_S: posts big blind $3
*** HOLE CARDS ***
LifeisagameX: raises $3 to $6
PHILLY_D_S: raises $3 to $9
LifeisagameX: calls $3
*** FLOP *** [6s 4h Ks]
PHILLY_D_S: bets $3
LifeisagameX: calls $3
*** TURN *** [6s 4h Ks] [Ts]
PHILLY_D_S: checks
LifeisagameX: bets $6
PHILLY_D_S: folds
Uncalled bet ($6) returned to LifeisagameX
LifeisagameX collected $23.52 from pot
LifeisagameX: doesn't show hand
*** SUMMARY ***
Total pot $24 | Rake $0.48
Board [6s 4h Ks Ts]
Seat 1: LifeisagameX (button) (small blind) collected ($23.52)
Seat 4: PHILLY_D_S (big blind) folded on the Turn


PokerStars Hand #166432961592:  Hold'em Limit ($3/$6 USD) - 2017/02/19 1:20:43 ET
Table 'Pickeringia' 10-max Seat #4 is the button
Seat 1: LifeisagameX ($136.20 in chips)
Seat 4: PHILLY_D_S ($72 in chips)
PHILLY_D_S: posts small blind $1
LifeisagameX: posts big blind $3
*** HOLE CARDS ***
PHILLY_D_S: raises $3 to $6
LifeisagameX: folds
Uncalled bet ($3) returned to PHILLY_D_S
PHILLY_D_S collected $6 from pot
PHILLY_D_S: doesn't show hand
*** SUMMARY ***
Total pot $6 | Rake $0
Seat 1: LifeisagameX (big blind) folded before Flop
Seat 4: PHILLY_D_S (button) (small blind) collected ($6)


PokerStars Hand #166432976806:  Hold'em Limit ($3/$6 USD) - 2017/02/19 1:21:36 ET
Table 'Pickeringia' 10-max Seat #4 is the button
Seat 1: LifeisagameX ($115.20 in chips)
Seat 4: PHILLY_D_S ($92.50 in chips)
PHILLY_D_S: posts small blind $1
LifeisagameX: posts big blind $3
*** HOLE CARDS ***
PHILLY_D_S: folds
Uncalled bet ($2) returned to LifeisagameX
LifeisagameX collected $2 from pot
LifeisagameX: doesn't show hand
*** SUMMARY ***
Total pot $2 | Rake $0
Seat 1: LifeisagameX (big blind) collected ($2)
Seat 4: PHILLY_D_S (button) (small blind) folded before Flop


PokerStars Hand #166432963336:  Hold'em Limit ($3/$6 USD) - 2017/02/19 1:20:50 ET
Table 'Pickeringia' 10-max Seat #1 is the button
Seat 1: LifeisagameX ($133.20 in chips)
Seat 4: PHILLY_D_S ($75 in chips)
LifeisagameX: posts small blind $1
PHILLY_D_S: posts big blind $3
*** HOLE CARDS ***
LifeisagameX: raises $3 to $6
PHILLY_D_S: calls $3
*** FLOP *** [8h Jd 5d]
PHILLY_D_S: checks
LifeisagameX: bets $3
PHILLY_D_S: raises $3 to $6
LifeisagameX: calls $3
*** TURN *** [8h Jd 5d] [7h]
PHILLY_D_S: bets $6
LifeisagameX: calls $6
*** RIVER *** [8h Jd 5d 7h] [6s]
PHILLY_D_S: checks
LifeisagameX: checks
*** SHOW DOWN ***
PHILLY_D_S: shows [Ks 8c] (a pair of Eights)
LifeisagameX: mucks hand
PHILLY_D_S collected $35.50 from pot
*** SUMMARY ***
Total pot $36 | Rake $0.50
Board [8h Jd 5d 7h 6s]
Seat 1: LifeisagameX (button) (small blind) mucked
Seat 4: PHILLY_D_S (big blind) showed [Ks 8c] and won ($35.50) with a pair of Eights


PokerStars Hand #166432978700:  Hold'em Limit ($3/$6 USD) - 2017/02/19 1:21:42 ET
Table 'Pickeringia' 10-max Seat #1 is the button
Seat 1: LifeisagameX ($116.20 in chips)
Seat 4: PHILLY_D_S ($91.50 in chips)
LifeisagameX: posts small blind $1
PHILLY_D_S: posts big blind $3
*** HOLE CARDS ***
LifeisagameX: raises $3 to $6
PHILLY_D_S: folds
Uncalled bet ($3) returned to LifeisagameX
LifeisagameX collected $6 from pot
LifeisagameX: doesn't show hand
*** SUMMARY ***
Total pot $6 | Rake $0
Seat 1: LifeisagameX (button) (small blind) collected ($6)
Seat 4: PHILLY_D_S (big blind) folded before Flop


PokerStars Hand #166432980658:  Hold'em Limit ($3/$6 USD) - 2017/02/19 1:21:49 ET
Table 'Pickeringia' 10-max Seat #4 is the button
Seat 1: LifeisagameX ($119.20 in chips)
Seat 4: PHILLY_D_S ($88.50 in chips)
PHILLY_D_S: posts small blind $1
LifeisagameX: posts big blind $3
*** HOLE CARDS ***
PHILLY_D_S: raises $3 to $6
LifeisagameX: calls $3
*** FLOP *** [2s Kh Tc]
LifeisagameX: checks
PHILLY_D_S: bets $3
LifeisagameX: raises $3 to $6
PHILLY_D_S: raises $3 to $9
LifeisagameX: calls $3
*** TURN *** [2s Kh Tc] [Qc]
LifeisagameX: checks
PHILLY_D_S: checks
*** RIVER *** [2s Kh Tc Qc] [3c]
LifeisagameX: checks
PHILLY_D_S: checks
*** SHOW DOWN ***
LifeisagameX: shows [Ah 9c] (high card Ace)
PHILLY_D_S: shows [Qh Jc] (a pair of Queens)
PHILLY_D_S collected $29.50 from pot
*** SUMMARY ***
Total pot $30 | Rake $0.50
Board [2s Kh Tc Qc 3c]
Seat 1: LifeisagameX (big blind) showed [Ah 9c] and lost with high card Ace
Seat 4: PHILLY_D_S (button) (small blind) showed [Qh Jc] and won ($29.50) with a pair of Queens


PokerStars Hand #166432994496:  Hold'em Limit ($3/$6 USD) - 2017/02/19 1:22:36 ET
Table 'Pickeringia' 10-max Seat #1 is the button
Seat 1: LifeisagameX ($104.20 in chips)
Seat 4: PHILLY_D_S ($103 in chips)
LifeisagameX: posts small blind $1
PHILLY_D_S: posts big blind $3
*** HOLE CARDS ***
LifeisagameX: raises $3 to $6
PHILLY_D_S: folds
Uncalled bet ($3) returned to LifeisagameX
LifeisagameX collected $6 from pot
LifeisagameX: doesn't show hand
*** SUMMARY ***
Total pot $6 | Rake $0
Seat 1: LifeisagameX (button) (small blind) collected ($6)
Seat 4: PHILLY_D_S (big blind) folded before Flop


PokerStars Hand #166432996594:  Hold'em Limit ($3/$6 USD) - 2017/02/19 1:22:43 ET
Table 'Pickeringia' 10-max Seat #4 is the button
Seat 1: LifeisagameX ($107.20 in chips)
Seat 4: PHILLY_D_S ($100 in chips)
PHILLY_D_S: posts small blind $1
LifeisagameX: posts big blind $3
*** HOLE CARDS ***
PHILLY_D_S: raises $3 to $6
LifeisagameX: folds
Uncalled bet ($3) returned to PHILLY_D_S
PHILLY_D_S collected $6 from pot
PHILLY_D_S: doesn't show hand
*** SUMMARY ***
Total pot $6 | Rake $0
Seat 1: LifeisagameX (big blind) folded before Flop
Seat 4: PHILLY_D_S (button) (small blind) collected ($6)


PokerStars Hand #166432998465:  Hold'em Limit ($3/$6 USD) - 2017/02/19 1:22:50 ET
Table 'Pickeringia' 10-max Seat #1 is the button
Seat 1: LifeisagameX ($104.20 in chips)
Seat 4: PHILLY_D_S ($103 in chips)
LifeisagameX: posts small blind $1
PHILLY_D_S: posts big blind $3
*** HOLE CARDS ***
LifeisagameX: raises $3 to $6
PHILLY_D_S: calls $3
*** FLOP *** [Qh 5s Kd]
PHILLY_D_S: checks
LifeisagameX: bets $3
PHILLY_D_S: folds
Uncalled bet ($3) returned to LifeisagameX
LifeisagameX collected $11.76 from pot
LifeisagameX: doesn't show hand
*** SUMMARY ***
Total pot $12 | Rake $0.24
Board [Qh 5s Kd]
Seat 1: LifeisagameX (button) (small blind) collected ($11.76)
Seat 4: PHILLY_D_S (big blind) folded on the Flop


PokerStars Hand #166433003037:  Hold'em Limit ($3/$6 USD) - 2017/02/19 1:23:05 ET
Table 'Pickeringia' 10-max Seat #4 is the button
Seat 1: LifeisagameX ($109.96 in chips)
Seat 4: PHILLY_D_S ($97 in chips)
PHILLY_D_S: posts small blind $1
LifeisagameX: posts big blind $3
*** HOLE CARDS ***
PHILLY_D_S: raises $3 to $6
LifeisagameX: calls $3
*** FLOP *** [5s 2c Ad]
LifeisagameX: checks
PHILLY_D_S: checks
*** TURN *** [5s 2c Ad] [As]
LifeisagameX: bets $6
PHILLY_D_S: calls $6
*** RIVER *** [5s 2c Ad As] [Kd]
LifeisagameX: bets $6
PHILLY_D_S: calls $6
*** SHOW DOWN ***
LifeisagameX: shows [9h 4d] (a pair of Aces)
PHILLY_D_S: shows [Qh Qs] (two pair, Aces and Queens)
PHILLY_D_S collected $35.50 from pot
*** SUMMARY ***
Total pot $36 | Rake $0.50
Board [5s 2c Ad As Kd]
Seat 1: LifeisagameX (big blind) showed [9h 4d] and lost with a pair of Aces
Seat 4: PHILLY_D_S (button) (small blind) showed [Qh Qs] and won ($35.50) with two pair, Aces and Queens


PokerStars Hand #166433008547:  Hold'em Limit ($3/$6 USD) - 2017/02/19 1:23:24 ET
Table 'Pickeringia' 10-max Seat #1 is the button
Seat 1: LifeisagameX ($91.96 in chips)
Seat 4: PHILLY_D_S ($114.50 in chips)
LifeisagameX: posts small blind $1
PHILLY_D_S: posts big blind $3
*** HOLE CARDS ***
LifeisagameX: raises $3 to $6
PHILLY_D_S: calls $3
*** FLOP *** [3s Js Qd]
PHILLY_D_S: checks
LifeisagameX: bets $3
PHILLY_D_S: calls $3
*** TURN *** [3s Js Qd] [5d]
PHILLY_D_S: checks
LifeisagameX: bets $6
PHILLY_D_S: calls $6
*** RIVER *** [3s Js Qd 5d] [6h]
PHILLY_D_S: checks
LifeisagameX: checks
*** SHOW DOWN ***
PHILLY_D_S: shows [Th Jd] (a pair of Jacks)
LifeisagameX: mucks hand
PHILLY_D_S collected $29.50 from pot
*** SUMMARY ***
Total pot $30 | Rake $0.50
Board [3s Js Qd 5d 6h]
Seat 1: LifeisagameX (button) (small blind) mucked
Seat 4: PHILLY_D_S (big blind) showed [Th Jd] and won ($29.50) with a pair of Jacks


PokerStars Hand #166433026598:  Hold'em Limit ($3/$6 USD) - 2017/02/19 1:24:17 ET
Table 'Pickeringia' 10-max Seat #4 is the button
Seat 1: LifeisagameX ($84 in chips)
Seat 4: PHILLY_D_S ($129 in chips)
PHILLY_D_S: posts small blind $1
LifeisagameX: posts big blind $3
*** HOLE CARDS ***
PHILLY_D_S: raises $3 to $6
LifeisagameX: raises $3 to $9
PHILLY_D_S: raises $3 to $12
Betting is capped
LifeisagameX: calls $3
*** FLOP *** [4h 7c 9s]
LifeisagameX: checks
PHILLY_D_S: checks
*** TURN *** [4h 7c 9s] [6h]
LifeisagameX: checks
PHILLY_D_S: checks
*** RIVER *** [4h 7c 9s 6h] [Td]
LifeisagameX: checks
PHILLY_D_S: checks
*** SHOW DOWN ***
LifeisagameX: shows [Kd Jc] (high card King)
PHILLY_D_S: shows [Kc As] (high card Ace)
PHILLY_D_S collected $23.52 from pot
*** SUMMARY ***
Total pot $24 | Rake $0.48
Board [4h 7c 9s 6h Td]
Seat 1: LifeisagameX (big blind) showed [Kd Jc] and lost with high card King
Seat 4: PHILLY_D_S (button) (small blind) showed [Kc As] and won ($23.52) with high card Ace


PokerStars Hand #166433038560:  Hold'em Limit ($3/$6 USD) - 2017/02/19 1:24:57 ET
Table 'Pickeringia' 10-max Seat #1 is the button
Seat 1: LifeisagameX ($84 in chips)
Seat 4: PHILLY_D_S ($140.52 in chips)
LifeisagameX: posts small blind $1
PHILLY_D_S: posts big blind $3
*** HOLE CARDS ***
LifeisagameX: raises $3 to $6
PHILLY_D_S: calls $3
*** FLOP *** [6h 4c Qd]
PHILLY_D_S: checks
LifeisagameX: bets $3
PHILLY_D_S: calls $3
*** TURN *** [6h 4c Qd] [Tc]
PHILLY_D_S: checks
LifeisagameX: checks
*** RIVER *** [6h 4c Qd Tc] [Jd]
PHILLY_D_S: bets $6
LifeisagameX: calls $6
*** SHOW DOWN ***
PHILLY_D_S: shows [3c 3d] (a pair of Threes)
LifeisagameX: mucks hand
PHILLY_D_S collected $29.50 from pot
*** SUMMARY ***
Total pot $30 | Rake $0.50
Board [6h 4c Qd Tc Jd]
Seat 1: LifeisagameX (button) (small blind) mucked
Seat 4: PHILLY_D_S (big blind) showed [3c 3d] and won ($29.50) with a pair of Threes


PokerStars Hand #166433049907:  Hold'em Limit ($3/$6 USD) - 2017/02/19 1:25:37 ET
Table 'Pickeringia' 10-max Seat #4 is the button
Seat 1: LifeisagameX ($84 in chips)
Seat 4: PHILLY_D_S ($155.02 in chips)
PHILLY_D_S: posts small blind $1
LifeisagameX: posts big blind $3
*** HOLE CARDS ***
PHILLY_D_S: folds
Uncalled bet ($2) returned to LifeisagameX
LifeisagameX collected $2 from pot
LifeisagameX: doesn't show hand
*** SUMMARY ***
Total pot $2 | Rake $0
Seat 1: LifeisagameX (big blind) collected ($2)
Seat 4: PHILLY_D_S (button) (small blind) folded before Flop


PokerStars Hand #166433051441:  Hold'em Limit ($3/$6 USD) - 2017/02/19 1:25:42 ET
Table 'Pickeringia' 10-max Seat #1 is the button
Seat 1: LifeisagameX ($85 in chips)
Seat 4: PHILLY_D_S ($154.02 in chips)
LifeisagameX: posts small blind $1
PHILLY_D_S: posts big blind $3
*** HOLE CARDS ***
LifeisagameX: raises $3 to $6
PHILLY_D_S: folds
Uncalled bet ($3) returned to LifeisagameX
LifeisagameX collected $6 from pot
LifeisagameX: doesn't show hand
*** SUMMARY ***
Total pot $6 | Rake $0
Seat 1: LifeisagameX (button) (small blind) collected ($6)
Seat 4: PHILLY_D_S (big blind) folded before Flop


PokerStars Hand #166433071255:  Hold'em Limit ($3/$6 USD) - 2017/02/19 1:26:50 ET
Table 'Pickeringia' 10-max Seat #4 is the button
Seat 1: LifeisagameX ($87 in chips)
Seat 4: PHILLY_D_S ($153.78 in chips)
PHILLY_D_S: posts small blind $1
LifeisagameX: posts big blind $3
*** HOLE CARDS ***
PHILLY_D_S: folds
Uncalled bet ($2) returned to LifeisagameX
LifeisagameX collected $2 from pot
LifeisagameX: doesn't show hand
*** SUMMARY ***
Total pot $2 | Rake $0
Seat 1: LifeisagameX (big blind) collected ($2)
Seat 4: PHILLY_D_S (button) (small blind) folded before Flop


PokerStars Hand #166433068095:  Hold'em Limit ($3/$6 USD) - 2017/02/19 1:26:39 ET
Table 'Pickeringia' 10-max Seat #1 is the button
Seat 1: LifeisagameX ($84 in chips)
Seat 4: PHILLY_D_S ($156.78 in chips)
LifeisagameX: posts small blind $1
PHILLY_D_S: posts big blind $3
*** HOLE CARDS ***
LifeisagameX: raises $3 to $6
PHILLY_D_S: folds
Uncalled bet ($3) returned to LifeisagameX
LifeisagameX collected $6 from pot
LifeisagameX: doesn't show hand
*** SUMMARY ***
Total pot $6 | Rake $0
Seat 1: LifeisagameX (button) (small blind) collected ($6)
Seat 4: PHILLY_D_S (big blind) folded before Flop


PokerStars Hand #166433055461:  Hold'em Limit ($3/$6 USD) - 2017/02/19 1:25:56 ET
Table 'Pickeringia' 10-max Seat #4 is the button
Seat 1: LifeisagameX ($88 in chips)
Seat 4: PHILLY_D_S ($151.02 in chips)
PHILLY_D_S: posts small blind $1
LifeisagameX: posts big blind $3
*** HOLE CARDS ***
PHILLY_D_S: raises $3 to $6
LifeisagameX: calls $3
*** FLOP *** [2s Qc Qd]
LifeisagameX: checks
PHILLY_D_S: checks
*** TURN *** [2s Qc Qd] [8d]
LifeisagameX: checks
PHILLY_D_S: checks
*** RIVER *** [2s Qc Qd 8d] [5d]
LifeisagameX: checks
PHILLY_D_S: bets $6
LifeisagameX: folds
Uncalled bet ($6) returned to PHILLY_D_S
PHILLY_D_S collected $11.76 from pot
PHILLY_D_S: doesn't show hand
*** SUMMARY ***
Total pot $12 | Rake $0.24
Board [2s Qc Qd 8d 5d]
Seat 1: LifeisagameX (big blind) folded on the River
Seat 4: PHILLY_D_S (button) (small blind) collected ($11.76)


PokerStars Hand #166433072630:  Hold'em Limit ($3/$6 USD) - 2017/02/19 1:26:54 ET
Table 'Pickeringia' 10-max Seat #1 is the button
Seat 1: LifeisagameX ($88 in chips)
Seat 4: PHILLY_D_S ($152.78 in chips)
LifeisagameX: posts small blind $1
PHILLY_D_S: posts big blind $3
*** HOLE CARDS ***
LifeisagameX: raises $3 to $6
PHILLY_D_S: calls $3
*** FLOP *** [2s Jd 4d]
PHILLY_D_S: checks
LifeisagameX: bets $3
PHILLY_D_S: raises $3 to $6
LifeisagameX: calls $3
*** TURN *** [2s Jd 4d] [2c]
PHILLY_D_S: checks
LifeisagameX: bets $6
PHILLY_D_S: calls $6
*** RIVER *** [2s Jd 4d 2c] [Td]
PHILLY_D_S: checks
LifeisagameX: bets $6
PHILLY_D_S: calls $6
*** SHOW DOWN ***
LifeisagameX: shows [Js 5s] (two pair, Jacks and Deuces)
PHILLY_D_S: mucks hand
LifeisagameX collected $47.50 from pot
*** SUMMARY ***
Total pot $48 | Rake $0.50
Board [2s Jd 4d 2c Td]
Seat 1: LifeisagameX (button) (small blind) showed [Js 5s] and won ($47.50) with two pair, Jacks and Deuces
Seat 4: PHILLY_D_S (big blind) mucked


PokerStars Hand #166433098420:  Hold'em Limit ($3/$6 USD) - 2017/02/19 1:28:23 ET
Table 'Pickeringia' 10-max Seat #1 is the button
Seat 1: LifeisagameX ($105.50 in chips)
Seat 4: PHILLY_D_S ($134.54 in chips)
LifeisagameX: posts small blind $1
PHILLY_D_S: posts big blind $3
*** HOLE CARDS ***
LifeisagameX: raises $3 to $6
PHILLY_D_S: calls $3
*** FLOP *** [Jd As 9h]
PHILLY_D_S: checks
LifeisagameX: bets $3
PHILLY_D_S: calls $3
*** TURN *** [Jd As 9h] [3s]
PHILLY_D_S: checks
LifeisagameX: checks
*** RIVER *** [Jd As 9h 3s] [Qs]
PHILLY_D_S: checks
LifeisagameX: checks
*** SHOW DOWN ***
PHILLY_D_S: shows [Ad 5s] (a pair of Aces)
LifeisagameX: mucks hand
PHILLY_D_S collected $17.64 from pot
*** SUMMARY ***
Total pot $18 | Rake $0.36
Board [Jd As 9h 3s Qs]
Seat 1: LifeisagameX (button) (small blind) mucked
Seat 4: PHILLY_D_S (big blind) showed [Ad 5s] and won ($17.64) with a pair of Aces


PokerStars Hand #166433090415:  Hold'em Limit ($3/$6 USD) - 2017/02/19 1:27:55 ET
Table 'Pickeringia' 10-max Seat #4 is the button
Seat 1: LifeisagameX ($111.50 in chips)
Seat 4: PHILLY_D_S ($128.78 in chips)
PHILLY_D_S: posts small blind $1
LifeisagameX: posts big blind $3
*** HOLE CARDS ***
PHILLY_D_S: raises $3 to $6
LifeisagameX: calls $3
*** FLOP *** [Jh 7d 4s]
LifeisagameX: checks
PHILLY_D_S: checks
*** TURN *** [Jh 7d 4s] [6d]
LifeisagameX: checks
PHILLY_D_S: bets $6
LifeisagameX: folds
Uncalled bet ($6) returned to PHILLY_D_S
PHILLY_D_S collected $11.76 from pot
PHILLY_D_S: doesn't show hand
*** SUMMARY ***
Total pot $12 | Rake $0.24
Board [Jh 7d 4s 6d]
Seat 1: LifeisagameX (big blind) folded on the Turn
Seat 4: PHILLY_D_S (button) (small blind) collected ($11.76)


PokerStars Hand #166433126389:  Hold'em Limit ($3/$6 USD) - 2017/02/19 1:30:00 ET
Table 'Pickeringia' 10-max Seat #1 is the button
Seat 1: LifeisagameX ($94.50 in chips)
Seat 4: PHILLY_D_S ($144.94 in chips)
LifeisagameX: posts small blind $1
PHILLY_D_S: posts big blind $3
*** HOLE CARDS ***
LifeisagameX: raises $3 to $6
PHILLY_D_S: folds
Uncalled bet ($3) returned to LifeisagameX
LifeisagameX collected $6 from pot
LifeisagameX: doesn't show hand
*** SUMMARY ***
Total pot $6 | Rake $0
Seat 1: LifeisagameX (button) (small blind) collected ($6)
Seat 4: PHILLY_D_S (big blind) folded before Flop


PokerStars Hand #166433115660:  Hold'em Limit ($3/$6 USD) - 2017/02/19 1:29:23 ET
Table 'Pickeringia' 10-max Seat #4 is the button
Seat 1: LifeisagameX ($100.50 in chips)
Seat 4: PHILLY_D_S ($139.18 in chips)
PHILLY_D_S: posts small blind $1
LifeisagameX: posts big blind $3
*** HOLE CARDS ***
PHILLY_D_S: raises $3 to $6
LifeisagameX: calls $3
*** FLOP *** [Kc 4h Ah]
LifeisagameX: checks
PHILLY_D_S: checks
*** TURN *** [Kc 4h Ah] [6c]
LifeisagameX: checks
PHILLY_D_S: bets $6
LifeisagameX: folds
Uncalled bet ($6) returned to PHILLY_D_S
PHILLY_D_S collected $11.76 from pot
PHILLY_D_S: doesn't show hand
*** SUMMARY ***
Total pot $12 | Rake $0.24
Board [Kc 4h Ah 6c]
Seat 1: LifeisagameX (big blind) folded on the Turn
Seat 4: PHILLY_D_S (button) (small blind) collected ($11.76)


PokerStars Hand #166433112034:  Hold'em Limit ($3/$6 USD) - 2017/02/19 1:29:10 ET
Table 'Pickeringia' 10-max Seat #1 is the button
Seat 1: LifeisagameX ($97.50 in chips)
Seat 4: PHILLY_D_S ($142.18 in chips)
LifeisagameX: posts small blind $1
PHILLY_D_S: posts big blind $3
*** HOLE CARDS ***
LifeisagameX: raises $3 to $6
PHILLY_D_S: folds
Uncalled bet ($3) returned to LifeisagameX
LifeisagameX collected $6 from pot
LifeisagameX: doesn't show hand
*** SUMMARY ***
Total pot $6 | Rake $0
Seat 1: LifeisagameX (button) (small blind) collected ($6)
Seat 4: PHILLY_D_S (big blind) folded before Flop


PokerStars Hand #166433110503:  Hold'em Limit ($3/$6 USD) - 2017/02/19 1:29:05 ET
Table 'Pickeringia' 10-max Seat #4 is the button
Seat 1: LifeisagameX ($96.50 in chips)
Seat 4: PHILLY_D_S ($143.18 in chips)
PHILLY_D_S: posts small blind $1
LifeisagameX: posts big blind $3
*** HOLE CARDS ***
PHILLY_D_S: folds
Uncalled bet ($2) returned to LifeisagameX
LifeisagameX collected $2 from pot
LifeisagameX: doesn't show hand
*** SUMMARY ***
Total pot $2 | Rake $0
Seat 1: LifeisagameX (big blind) collected ($2)
Seat 4: PHILLY_D_S (button) (small blind) folded before Flop


PokerStars Hand #166433132875:  Hold'em Limit ($3/$6 USD) - 2017/02/19 1:30:22 ET
Table 'Pickeringia' 10-max Seat #1 is the button
Seat 1: LifeisagameX ($106.14 in chips)
Seat 4: PHILLY_D_S ($132.94 in chips)
LifeisagameX: posts small blind $1
PHILLY_D_S: posts big blind $3
*** HOLE CARDS ***
LifeisagameX: raises $3 to $6
PHILLY_D_S: calls $3
*** FLOP *** [5h Td 5c]
PHILLY_D_S: checks
LifeisagameX: bets $3
PHILLY_D_S: raises $3 to $6
LifeisagameX: folds
Uncalled bet ($3) returned to PHILLY_D_S
PHILLY_D_S collected $17.64 from pot
PHILLY_D_S: doesn't show hand
*** SUMMARY ***
Total pot $18 | Rake $0.36
Board [5h Td 5c]
Seat 1: LifeisagameX (button) (small blind) folded on the Flop
Seat 4: PHILLY_D_S (big blind) collected ($17.64)


PokerStars Hand #166433128320:  Hold'em Limit ($3/$6 USD) - 2017/02/19 1:30:06 ET
Table 'Pickeringia' 10-max Seat #4 is the button
Seat 1: LifeisagameX ($97.50 in chips)
Seat 4: PHILLY_D_S ($141.94 in chips)
PHILLY_D_S: posts small blind $1
LifeisagameX: posts big blind $3
*** HOLE CARDS ***
PHILLY_D_S: raises $3 to $6
LifeisagameX: raises $3 to $9
PHILLY_D_S: calls $3
*** FLOP *** [Th 7c Ah]
LifeisagameX: bets $3
PHILLY_D_S: folds
Uncalled bet ($3) returned to LifeisagameX
LifeisagameX collected $17.64 from pot
LifeisagameX: doesn't show hand
*** SUMMARY ***
Total pot $18 | Rake $0.36
Board [Th 7c Ah]
Seat 1: LifeisagameX (big blind) collected ($17.64)
Seat 4: PHILLY_D_S (button) (small blind) folded on the Flop


PokerStars Hand #166433140504:  Hold'em Limit ($3/$6 USD) - 2017/02/19 1:30:48 ET
Table 'Pickeringia' 10-max Seat #4 is the button
Seat 1: LifeisagameX ($97.14 in chips)
Seat 4: PHILLY_D_S ($141.58 in chips)
PHILLY_D_S: posts small blind $1
LifeisagameX: posts big blind $3
*** HOLE CARDS ***
PHILLY_D_S: raises $3 to $6
LifeisagameX: raises $3 to $9
PHILLY_D_S: calls $3
*** FLOP *** [2d 3s 3c]
LifeisagameX: bets $3
PHILLY_D_S: calls $3
*** TURN *** [2d 3s 3c] [2s]
LifeisagameX: bets $6
PHILLY_D_S: folds
Uncalled bet ($6) returned to LifeisagameX
LifeisagameX collected $23.52 from pot
LifeisagameX: doesn't show hand
*** SUMMARY ***
Total pot $24 | Rake $0.48
Board [2d 3s 3c 2s]
Seat 1: LifeisagameX (big blind) collected ($23.52)
Seat 4: PHILLY_D_S (button) (small blind) folded on the Turn


PokerStars Hand #166433156424:  Hold'em Limit ($3/$6 USD) - 2017/02/19 1:31:43 ET
Table 'Pickeringia' 10-max Seat #4 is the button
Seat 1: LifeisagameX ($111.66 in chips)
Seat 4: PHILLY_D_S ($126.58 in chips)
PHILLY_D_S: posts small blind $1
LifeisagameX: posts big blind $3
*** HOLE CARDS ***
PHILLY_D_S: folds
Uncalled bet ($2) returned to LifeisagameX
LifeisagameX collected $2 from pot
LifeisagameX: doesn't show hand
*** SUMMARY ***
Total pot $2 | Rake $0
Seat 1: LifeisagameX (big blind) collected ($2)
Seat 4: PHILLY_D_S (button) (small blind) folded before Flop


PokerStars Hand #166433153632:  Hold'em Limit ($3/$6 USD) - 2017/02/19 1:31:34 ET
Table 'Pickeringia' 10-max Seat #1 is the button
Seat 1: LifeisagameX ($108.66 in chips)
Seat 4: PHILLY_D_S ($129.58 in chips)
LifeisagameX: posts small blind $1
PHILLY_D_S: posts big blind $3
*** HOLE CARDS ***
LifeisagameX: raises $3 to $6
PHILLY_D_S: folds
Uncalled bet ($3) returned to LifeisagameX
LifeisagameX collected $6 from pot
LifeisagameX: doesn't show hand
*** SUMMARY ***
Total pot $6 | Rake $0
Seat 1: LifeisagameX (button) (small blind) collected ($6)
Seat 4: PHILLY_D_S (big blind) folded before Flop


PokerStars Hand #166433157918:  Hold'em Limit ($3/$6 USD) - 2017/02/19 1:31:49 ET
Table 'Pickeringia' 10-max Seat #1 is the button
Seat 1: LifeisagameX ($112.66 in chips)
Seat 4: PHILLY_D_S ($125.58 in chips)
LifeisagameX: posts small blind $1
PHILLY_D_S: posts big blind $3
*** HOLE CARDS ***
LifeisagameX: raises $3 to $6
PHILLY_D_S: raises $3 to $9
LifeisagameX: calls $3
*** FLOP *** [Tc Ks Jd]
PHILLY_D_S: bets $3
LifeisagameX: calls $3
*** TURN *** [Tc Ks Jd] [8c]
PHILLY_D_S: bets $6
LifeisagameX: calls $6
*** RIVER *** [Tc Ks Jd 8c] [3h]
PHILLY_D_S: bets $6
LifeisagameX: calls $6
*** SHOW DOWN ***
PHILLY_D_S: shows [Jc Jh] (three of a kind, Jacks)
LifeisagameX: mucks hand
PHILLY_D_S collected $47.50 from pot
*** SUMMARY ***
Total pot $48 | Rake $0.50
Board [Tc Ks Jd 8c 3h]
Seat 1: LifeisagameX (button) (small blind) mucked
Seat 4: PHILLY_D_S (big blind) showed [Jc Jh] and won ($47.50) with three of a kind, Jacks


PokerStars Hand #166433168014:  Hold'em Limit ($3/$6 USD) - 2017/02/19 1:32:24 ET
Table 'Pickeringia' 10-max Seat #1 is the button
Seat 1: LifeisagameX ($85.66 in chips)
Seat 4: PHILLY_D_S ($152.08 in chips)
LifeisagameX: posts small blind $1
PHILLY_D_S: posts big blind $3
*** HOLE CARDS ***
LifeisagameX: raises $3 to $6
PHILLY_D_S: folds
Uncalled bet ($3) returned to LifeisagameX
LifeisagameX collected $6 from pot
LifeisagameX: doesn't show hand
*** SUMMARY ***
Total pot $6 | Rake $0
Seat 1: LifeisagameX (button) (small blind) collected ($6)
Seat 4: PHILLY_D_S (big blind) folded before Flop


PokerStars Hand #166433165690:  Hold'em Limit ($3/$6 USD) - 2017/02/19 1:32:15 ET
Table 'Pickeringia' 10-max Seat #4 is the button
Seat 1: LifeisagameX ($88.66 in chips)
Seat 4: PHILLY_D_S ($149.08 in chips)
PHILLY_D_S: posts small blind $1
LifeisagameX: posts big blind $3
*** HOLE CARDS ***
PHILLY_D_S: raises $3 to $6
LifeisagameX: folds
Uncalled bet ($3) returned to PHILLY_D_S
PHILLY_D_S collected $6 from pot
PHILLY_D_S: doesn't show hand
*** SUMMARY ***
Total pot $6 | Rake $0
Seat 1: LifeisagameX (big blind) folded before Flop
Seat 4: PHILLY_D_S (button) (small blind) collected ($6)


PokerStars Hand #166433175865:  Hold'em Limit ($3/$6 USD) - 2017/02/19 1:32:51 ET
Table 'Pickeringia' 10-max Seat #4 is the button
Seat 1: LifeisagameX ($88.66 in chips)
Seat 4: PHILLY_D_S ($149.08 in chips)
PHILLY_D_S: posts small blind $1
LifeisagameX: posts big blind $3
*** HOLE CARDS ***
PHILLY_D_S: raises $3 to $6
LifeisagameX: calls $3
*** FLOP *** [6h 3s Ts]
LifeisagameX: checks
PHILLY_D_S: checks
*** TURN *** [6h 3s Ts] [7c]
LifeisagameX: checks
PHILLY_D_S: checks
*** RIVER *** [6h 3s Ts 7c] [3c]
LifeisagameX: bets $6
PHILLY_D_S: folds
Uncalled bet ($6) returned to LifeisagameX
LifeisagameX collected $11.76 from pot
LifeisagameX: doesn't show hand
*** SUMMARY ***
Total pot $12 | Rake $0.24
Board [6h 3s Ts 7c 3c]
Seat 1: LifeisagameX (big blind) collected ($11.76)
Seat 4: PHILLY_D_S (button) (small blind) folded on the River


