PokerStars Hand #176419032299:  Hold'em Limit ($3/$6 USD) - 2017/10/02 20:19:45 ET
Table 'Pickeringia' 6-max Seat #2 is the button
Seat 2: KATAEV KOT ($96.16 in chips)
Seat 4: Actionni13 ($516.48 in chips)
KATAEV KOT: posts small blind $1
Actionni13: posts big blind $3
*** HOLE CARDS ***
KATAEV KOT: folds
Uncalled bet ($2) returned to Actionni13
Actionni13 collected $2 from pot
*** SUMMARY ***
Total pot $2 | Rake $0
Seat 2: KATAEV KOT (button) (small blind) folded before Flop
Seat 4: Actionni13 (big blind) collected ($2)


PokerStars Hand #176419026811:  Hold'em Limit ($3/$6 USD) - 2017/10/02 20:19:34 ET
Table 'Pickeringia' 6-max Seat #4 is the button
Seat 2: KATAEV KOT ($95.16 in chips)
Seat 4: Actionni13 ($517.48 in chips)
Actionni13: posts small blind $1
CharginWapos: is sitting out
KATAEV KOT: posts big blind $3
*** HOLE CARDS ***
Actionni13: folds
Uncalled bet ($2) returned to KATAEV KOT
CharginWapos leaves the table
KATAEV KOT collected $2 from pot
KATAEV KOT: doesn't show hand
*** SUMMARY ***
Total pot $2 | Rake $0
Seat 2: KATAEV KOT (big blind) collected ($2)
Seat 4: Actionni13 (button) (small blind) folded before Flop


PokerStars Hand #176419035264:  Hold'em Limit ($3/$6 USD) - 2017/10/02 20:19:52 ET
Table 'Pickeringia' 6-max Seat #4 is the button
Seat 2: KATAEV KOT ($95.16 in chips)
Seat 4: Actionni13 ($517.48 in chips)
Actionni13: posts small blind $1
KATAEV KOT: posts big blind $3
*** HOLE CARDS ***
Actionni13: folds
Uncalled bet ($2) returned to KATAEV KOT
KATAEV KOT collected $2 from pot
KATAEV KOT: doesn't show hand
*** SUMMARY ***
Total pot $2 | Rake $0
Seat 2: KATAEV KOT (big blind) collected ($2)
Seat 4: Actionni13 (button) (small blind) folded before Flop


PokerStars Hand #176419040240:  Hold'em Limit ($3/$6 USD) - 2017/10/02 20:20:02 ET
Table 'Pickeringia' 6-max Seat #2 is the button
Seat 2: KATAEV KOT ($96.16 in chips)
Seat 4: Actionni13 ($516.48 in chips)
KATAEV KOT: posts small blind $1
Actionni13: posts big blind $3
*** HOLE CARDS ***
KATAEV KOT: folds
Uncalled bet ($2) returned to Actionni13
Actionni13 collected $2 from pot
Actionni13: doesn't show hand
*** SUMMARY ***
Total pot $2 | Rake $0
Seat 2: KATAEV KOT (button) (small blind) folded before Flop
Seat 4: Actionni13 (big blind) collected ($2)


PokerStars Hand #176419042740:  Hold'em Limit ($3/$6 USD) - 2017/10/02 20:20:08 ET
Table 'Pickeringia' 6-max Seat #4 is the button
Seat 2: KATAEV KOT ($95.16 in chips)
Seat 4: Actionni13 ($517.48 in chips)
Actionni13: posts small blind $1
KATAEV KOT: posts big blind $3
*** HOLE CARDS ***
Actionni13: raises $3 to $6
KATAEV KOT: calls $3
*** FLOP *** [6d 4s 5c]
KATAEV KOT: bets $3
Actionni13: calls $3
*** TURN *** [6d 4s 5c] [5s]
KATAEV KOT: bets $6
Actionni13: folds
Uncalled bet ($6) returned to KATAEV KOT
KATAEV KOT collected $17.64 from pot
KATAEV KOT: doesn't show hand
*** SUMMARY ***
Total pot $18 | Rake $0.36
Board [6d 4s 5c 5s]
Seat 2: KATAEV KOT (big blind) collected ($17.64)
Seat 4: Actionni13 (button) (small blind) folded on the Turn


PokerStars Hand #176419056293:  Hold'em Limit ($3/$6 USD) - 2017/10/02 20:20:36 ET
Table 'Pickeringia' 6-max Seat #2 is the button
Seat 2: KATAEV KOT ($103.80 in chips)
Seat 4: Actionni13 ($508.48 in chips)
KATAEV KOT: posts small blind $1
Actionni13: posts big blind $3
*** HOLE CARDS ***
KATAEV KOT: raises $3 to $6
Actionni13: calls $3
*** FLOP *** [Qs Ad 8d]
Actionni13: checks
KATAEV KOT: checks
*** TURN *** [Qs Ad 8d] [8c]
Actionni13: checks
KATAEV KOT: checks
*** RIVER *** [Qs Ad 8d 8c] [6s]
Actionni13: checks
KATAEV KOT: checks
*** SHOW DOWN ***
Actionni13: shows [9d Kc] (a pair of Eights)
KATAEV KOT: mucks hand
Actionni13 collected $11.76 from pot
*** SUMMARY ***
Total pot $12 | Rake $0.24
Board [Qs Ad 8d 8c 6s]
Seat 2: KATAEV KOT (button) (small blind) mucked
Seat 4: Actionni13 (big blind) showed [9d Kc] and won ($11.76) with a pair of Eights


PokerStars Hand #176419083460:  Hold'em Limit ($3/$6 USD) - 2017/10/02 20:21:34 ET
Table 'Pickeringia' 6-max Seat #2 is the button
Seat 2: KATAEV KOT ($64.80 in chips)
Seat 4: Actionni13 ($546.74 in chips)
KATAEV KOT: posts small blind $1
Actionni13: posts big blind $3
*** HOLE CARDS ***
KATAEV KOT: raises $3 to $6
Actionni13: folds
Uncalled bet ($3) returned to KATAEV KOT
KATAEV KOT collected $6 from pot
KATAEV KOT: doesn't show hand
*** SUMMARY ***
Total pot $6 | Rake $0
Seat 2: KATAEV KOT (button) (small blind) collected ($6)
Seat 4: Actionni13 (big blind) folded before Flop


PokerStars Hand #176419107046:  Hold'em Limit ($3/$6 USD) - 2017/10/02 20:22:24 ET
Table 'Pickeringia' 6-max Seat #2 is the button
Seat 2: KATAEV KOT ($98.94 in chips)
Seat 4: Actionni13 ($511.74 in chips)
KATAEV KOT: posts small blind $1
Actionni13: posts big blind $3
*** HOLE CARDS ***
KATAEV KOT: raises $3 to $6
Actionni13: calls $3
*** FLOP *** [4s 9c Jd]
Actionni13: checks
KATAEV KOT: bets $3
Actionni13: calls $3
*** TURN *** [4s 9c Jd] [5s]
Actionni13: checks
KATAEV KOT: bets $6
Actionni13: calls $6
*** RIVER *** [4s 9c Jd 5s] [8h]
Actionni13: checks
KATAEV KOT: bets $6
Actionni13: calls $6
*** SHOW DOWN ***
KATAEV KOT: shows [9h Qs] (a pair of Nines)
Actionni13: mucks hand
KATAEV KOT collected $41.50 from pot
*** SUMMARY ***
Total pot $42 | Rake $0.50
Board [4s 9c Jd 5s 8h]
Seat 2: KATAEV KOT (button) (small blind) showed [9h Qs] and won ($41.50) with a pair of Nines
Seat 4: Actionni13 (big blind) mucked


PokerStars Hand #176419095630:  Hold'em Limit ($3/$6 USD) - 2017/10/02 20:22:00 ET
Table 'Pickeringia' 6-max Seat #2 is the button
Seat 2: KATAEV KOT ($76.44 in chips)
Seat 4: Actionni13 ($534.74 in chips)
KATAEV KOT: posts small blind $1
Actionni13: posts big blind $3
*** HOLE CARDS ***
KATAEV KOT: folds
Uncalled bet ($2) returned to Actionni13
Actionni13 collected $2 from pot
Actionni13: doesn't show hand
*** SUMMARY ***
Total pot $2 | Rake $0
Seat 2: KATAEV KOT (button) (small blind) folded before Flop
Seat 4: Actionni13 (big blind) collected ($2)


PokerStars Hand #176419086553:  Hold'em Limit ($3/$6 USD) - 2017/10/02 20:21:40 ET
Table 'Pickeringia' 6-max Seat #4 is the button
Seat 2: KATAEV KOT ($67.80 in chips)
Seat 4: Actionni13 ($543.74 in chips)
Actionni13: posts small blind $1
KATAEV KOT: posts big blind $3
*** HOLE CARDS ***
Actionni13: raises $3 to $6
KATAEV KOT: raises $3 to $9
Actionni13: calls $3
*** FLOP *** [9h 7h 6h]
KATAEV KOT: bets $3
Actionni13: folds
Uncalled bet ($3) returned to KATAEV KOT
KATAEV KOT collected $17.64 from pot
KATAEV KOT: doesn't show hand
*** SUMMARY ***
Total pot $18 | Rake $0.36
Board [9h 7h 6h]
Seat 2: KATAEV KOT (big blind) collected ($17.64)
Seat 4: Actionni13 (button) (small blind) folded on the Flop


PokerStars Hand #176419098236:  Hold'em Limit ($3/$6 USD) - 2017/10/02 20:22:05 ET
Table 'Pickeringia' 6-max Seat #4 is the button
Seat 2: KATAEV KOT ($75.44 in chips)
Seat 4: Actionni13 ($535.74 in chips)
Actionni13: posts small blind $1
KATAEV KOT: posts big blind $3
*** HOLE CARDS ***
Actionni13: raises $3 to $6
KATAEV KOT: raises $3 to $9
Actionni13: calls $3
*** FLOP *** [9h Th Kc]
KATAEV KOT: bets $3
Actionni13: calls $3
*** TURN *** [9h Th Kc] [Qc]
KATAEV KOT: bets $6
Actionni13: calls $6
*** RIVER *** [9h Th Kc Qc] [8s]
KATAEV KOT: bets $6
Actionni13: calls $6
*** SHOW DOWN ***
KATAEV KOT: shows [Tc Qs] (two pair, Queens and Tens)
Actionni13: mucks hand
KATAEV KOT collected $47.50 from pot
*** SUMMARY ***
Total pot $48 | Rake $0.50
Board [9h Th Kc Qc 8s]
Seat 2: KATAEV KOT (big blind) showed [Tc Qs] and won ($47.50) with two pair, Queens and Tens
Seat 4: Actionni13 (button) (small blind) mucked


PokerStars Hand #176419119904:  Hold'em Limit ($3/$6 USD) - 2017/10/02 20:22:52 ET
Table 'Pickeringia' 6-max Seat #4 is the button
Seat 2: KATAEV KOT ($119.44 in chips)
Seat 4: Actionni13 ($490.74 in chips)
Actionni13: posts small blind $1
KATAEV KOT: posts big blind $3
*** HOLE CARDS ***
Actionni13: folds
Uncalled bet ($2) returned to KATAEV KOT
KATAEV KOT collected $2 from pot
KATAEV KOT: doesn't show hand
*** SUMMARY ***
Total pot $2 | Rake $0
Seat 2: KATAEV KOT (big blind) collected ($2)
Seat 4: Actionni13 (button) (small blind) folded before Flop


PokerStars Hand #176419130814:  Hold'em Limit ($3/$6 USD) - 2017/10/02 20:23:15 ET
Table 'Pickeringia' 6-max Seat #4 is the button
Seat 2: KATAEV KOT ($114.44 in chips)
Seat 4: Actionni13 ($495.50 in chips)
Actionni13: posts small blind $1
KATAEV KOT: posts big blind $3
*** HOLE CARDS ***
Actionni13: raises $3 to $6
KATAEV KOT: calls $3
*** FLOP *** [2h 9d 3d]
KATAEV KOT: bets $3
Actionni13: raises $3 to $6
KATAEV KOT: calls $3
*** TURN *** [2h 9d 3d] [5h]
KATAEV KOT: bets $6
Actionni13: raises $6 to $12
KATAEV KOT: calls $6
*** RIVER *** [2h 9d 3d 5h] [Ks]
KATAEV KOT: bets $6
Actionni13: calls $6
*** SHOW DOWN ***
KATAEV KOT: shows [As 8d] (high card Ace)
Actionni13: shows [Qd 9s] (a pair of Nines)
Actionni13 collected $59.50 from pot
*** SUMMARY ***
Total pot $60 | Rake $0.50
Board [2h 9d 3d 5h Ks]
Seat 2: KATAEV KOT (big blind) showed [As 8d] and lost with high card Ace
Seat 4: Actionni13 (button) (small blind) showed [Qd 9s] and won ($59.50) with a pair of Nines


PokerStars Hand #176419123355:  Hold'em Limit ($3/$6 USD) - 2017/10/02 20:22:59 ET
Table 'Pickeringia' 6-max Seat #2 is the button
Seat 2: KATAEV KOT ($120.44 in chips)
Seat 4: Actionni13 ($489.74 in chips)
KATAEV KOT: posts small blind $1
Actionni13: posts big blind $3
*** HOLE CARDS ***
KATAEV KOT: calls $2
Actionni13: raises $3 to $6
KATAEV KOT: calls $3
*** FLOP *** [Td Qc 8c]
Actionni13: bets $3
KATAEV KOT: folds
Uncalled bet ($3) returned to Actionni13
Actionni13 collected $11.76 from pot
Actionni13: doesn't show hand
*** SUMMARY ***
Total pot $12 | Rake $0.24
Board [Td Qc 8c]
Seat 2: KATAEV KOT (button) (small blind) folded on the Flop
Seat 4: Actionni13 (big blind) collected ($11.76)


PokerStars Hand #176419146982:  Hold'em Limit ($3/$6 USD) - 2017/10/02 20:23:50 ET
Table 'Pickeringia' 6-max Seat #2 is the button
Seat 2: KATAEV KOT ($84.44 in chips)
Seat 4: Actionni13 ($525 in chips)
7ardis joins the table at seat #3
KATAEV KOT: posts small blind $1
Actionni13: posts big blind $3
*** HOLE CARDS ***
KATAEV KOT: raises $3 to $6
Actionni13: calls $3
*** FLOP *** [8d 3c Td]
Actionni13: checks
KATAEV KOT: checks
*** TURN *** [8d 3c Td] [5d]
Actionni13: checks
KATAEV KOT: checks
*** RIVER *** [8d 3c Td 5d] [9h]
Actionni13: checks
KATAEV KOT: checks
*** SHOW DOWN ***
Actionni13: shows [As 7c] (high card Ace)
KATAEV KOT: shows [7d 5h] (a pair of Fives)
KATAEV KOT collected $11.76 from pot
*** SUMMARY ***
Total pot $12 | Rake $0.24
Board [8d 3c Td 5d 9h]
Seat 2: KATAEV KOT (button) (small blind) showed [7d 5h] and won ($11.76) with a pair of Fives
Seat 4: Actionni13 (big blind) showed [As 7c] and lost with high card Ace


PokerStars Hand #176419159667:  Hold'em Limit ($3/$6 USD) - 2017/10/02 20:24:17 ET
Table 'Pickeringia' 6-max Seat #4 is the button
Seat 2: KATAEV KOT ($90.20 in chips)
Seat 4: Actionni13 ($519 in chips)
Actionni13: posts small blind $1
KATAEV KOT: posts big blind $3
*** HOLE CARDS ***
Actionni13: folds
Uncalled bet ($2) returned to KATAEV KOT
KATAEV KOT collected $2 from pot
KATAEV KOT: doesn't show hand
*** SUMMARY ***
Total pot $2 | Rake $0
Seat 2: KATAEV KOT (big blind) collected ($2)
Seat 4: Actionni13 (button) (small blind) folded before Flop


PokerStars Hand #176419204735:  Hold'em Limit ($3/$6 USD) - 2017/10/02 20:25:54 ET
Table 'Pickeringia' 6-max Seat #2 is the button
Seat 2: KATAEV KOT ($102.49 in chips)
Seat 4: Actionni13 ($524.74 in chips)
KATAEV KOT: posts small blind $1
Actionni13: posts big blind $3
*** HOLE CARDS ***
KATAEV KOT: raises $3 to $6
Actionni13: calls $3
*** FLOP *** [3h 2c Jc]
Actionni13: checks
KATAEV KOT: bets $3
Actionni13: calls $3
*** TURN *** [3h 2c Jc] [Kh]
Actionni13: checks
KATAEV KOT: bets $6
Actionni13: raises $6 to $12
KATAEV KOT: folds
Uncalled bet ($6) returned to Actionni13
Actionni13 collected $29.50 from pot
Actionni13: doesn't show hand
*** SUMMARY ***
Total pot $30 | Rake $0.50
Board [3h 2c Jc Kh]
Seat 2: KATAEV KOT (button) (small blind) folded on the Turn
Seat 4: Actionni13 (big blind) collected ($29.50)


PokerStars Hand #176419215582:  Hold'em Limit ($3/$6 USD) - 2017/10/02 20:26:18 ET
Table 'Pickeringia' 6-max Seat #4 is the button
Seat 2: KATAEV KOT ($87.49 in chips)
Seat 4: Actionni13 ($539.24 in chips)
Actionni13: posts small blind $1
KATAEV KOT: posts big blind $3
*** HOLE CARDS ***
Actionni13: raises $3 to $6
KATAEV KOT: calls $3
*** FLOP *** [4c Qh 9h]
KATAEV KOT: bets $3
Actionni13: calls $3
*** TURN *** [4c Qh 9h] [8d]
KATAEV KOT: bets $6
Actionni13: calls $6
*** RIVER *** [4c Qh 9h 8d] [7c]
KATAEV KOT: bets $6
Actionni13: folds
Uncalled bet ($6) returned to KATAEV KOT
KATAEV KOT collected $29.50 from pot
KATAEV KOT: doesn't show hand
*** SUMMARY ***
Total pot $30 | Rake $0.50
Board [4c Qh 9h 8d 7c]
Seat 2: KATAEV KOT (big blind) collected ($29.50)
Seat 4: Actionni13 (button) (small blind) folded on the River


PokerStars Hand #176419233695:  Hold'em Limit ($3/$6 USD) - 2017/10/02 20:26:57 ET
Table 'Pickeringia' 6-max Seat #2 is the button
Seat 2: KATAEV KOT ($101.99 in chips)
Seat 4: Actionni13 ($524.24 in chips)
KATAEV KOT: posts small blind $1
Actionni13: posts big blind $3
*** HOLE CARDS ***
KATAEV KOT: calls $2
tteufel666 joins the table at seat #6
Actionni13: checks
*** FLOP *** [As 4d Jh]
Actionni13: bets $3
KATAEV KOT: calls $3
*** TURN *** [As 4d Jh] [9s]
Actionni13: checks
KATAEV KOT: checks
*** RIVER *** [As 4d Jh 9s] [2s]
Actionni13: checks
KATAEV KOT: bets $6
Actionni13: calls $6
*** SHOW DOWN ***
KATAEV KOT: shows [Qs 5s] (a flush, Ace high)
Actionni13: mucks hand
KATAEV KOT collected $23.52 from pot
*** SUMMARY ***
Total pot $24 | Rake $0.48
Board [As 4d Jh 9s 2s]
Seat 2: KATAEV KOT (button) (small blind) showed [Qs 5s] and won ($23.52) with a flush, Ace high
Seat 4: Actionni13 (big blind) mucked


PokerStars Hand #176419354892:  Hold'em Limit ($3/$6 USD) - 2017/10/02 20:31:16 ET
Table 'Pickeringia' 6-max Seat #4 is the button
Seat 4: Actionni13 ($480.24 in chips)
Seat 6: tteufel666 ($75.87 in chips)
Actionni13: posts small blind $1
rascal_319: is sitting out
tteufel666: posts big blind $3
*** HOLE CARDS ***
Actionni13: raises $3 to $6
tteufel666: calls $3
*** FLOP *** [Jc Tc 9h]
tteufel666: checks
Actionni13: bets $3
tteufel666: calls $3
*** TURN *** [Jc Tc 9h] [7s]
tteufel666: bets $6
Actionni13: raises $6 to $12
tteufel666: folds
Uncalled bet ($6) returned to Actionni13
Actionni13 collected $29.50 from pot
Actionni13: doesn't show hand
*** SUMMARY ***
Total pot $30 | Rake $0.50
Board [Jc Tc 9h 7s]
Seat 4: Actionni13 (button) (small blind) collected ($29.50)
Seat 6: tteufel666 (big blind) folded on the Turn


PokerStars Hand #176419368528:  Hold'em Limit ($3/$6 USD) - 2017/10/02 20:31:46 ET
Table 'Pickeringia' 6-max Seat #6 is the button
Seat 4: Actionni13 ($494.74 in chips)
Seat 6: tteufel666 ($60.87 in chips)
tteufel666: posts small blind $1
Actionni13: posts big blind $3
*** HOLE CARDS ***
tteufel666: raises $3 to $6
Actionni13: calls $3
*** FLOP *** [7c Qd 3s]
Actionni13: checks
tteufel666: bets $3
Actionni13: calls $3
*** TURN *** [7c Qd 3s] [4d]
Actionni13: checks
tteufel666: checks
*** RIVER *** [7c Qd 3s 4d] [9s]
Actionni13: checks
tteufel666: bets $6
Actionni13: folds
Uncalled bet ($6) returned to tteufel666
fartunata joins the table at seat #3
tteufel666 collected $17.64 from pot
*** SUMMARY ***
Total pot $18 | Rake $0.36
Board [7c Qd 3s 4d 9s]
Seat 4: Actionni13 (big blind) folded on the River
Seat 6: tteufel666 (button) (small blind) collected ($17.64)


PokerStars Hand #176419418383:  Hold'em Limit ($3/$6 USD) - 2017/10/02 20:33:36 ET
Table 'Pickeringia' 6-max Seat #4 is the button
Seat 4: Actionni13 ($477.74 in chips)
Seat 6: tteufel666 ($77.15 in chips)
Actionni13: posts small blind $1
tteufel666: posts big blind $3
*** HOLE CARDS ***
Actionni13: raises $3 to $6
tteufel666: calls $3
*** FLOP *** [Jc Tc 6d]
tteufel666: checks
Actionni13: bets $3
tteufel666: folds
Uncalled bet ($3) returned to Actionni13
Actionni13 collected $11.76 from pot
Actionni13: doesn't show hand
*** SUMMARY ***
Total pot $12 | Rake $0.24
Board [Jc Tc 6d]
Seat 4: Actionni13 (button) (small blind) collected ($11.76)
Seat 6: tteufel666 (big blind) folded on the Flop


PokerStars Hand #176419414661:  Hold'em Limit ($3/$6 USD) - 2017/10/02 20:33:27 ET
Table 'Pickeringia' 6-max Seat #6 is the button
Seat 4: Actionni13 ($476.74 in chips)
Seat 6: tteufel666 ($78.15 in chips)
tteufel666: posts small blind $1
Actionni13: posts big blind $3
*** HOLE CARDS ***
tteufel666: folds
Uncalled bet ($2) returned to Actionni13
Actionni13 collected $2 from pot
Actionni13: doesn't show hand
*** SUMMARY ***
Total pot $2 | Rake $0
Seat 4: Actionni13 (big blind) collected ($2)
Seat 6: tteufel666 (button) (small blind) folded before Flop


PokerStars Hand #176419398818:  Hold'em Limit ($3/$6 USD) - 2017/10/02 20:32:53 ET
Table 'Pickeringia' 6-max Seat #4 is the button
Seat 4: Actionni13 ($485.74 in chips)
Seat 6: tteufel666 ($69.51 in chips)
Actionni13: posts small blind $1
tteufel666: posts big blind $3
*** HOLE CARDS ***
Actionni13: raises $3 to $6
tteufel666: calls $3
*** FLOP *** [9s Kh 8d]
tteufel666: checks
Actionni13: bets $3
tteufel666: calls $3
*** TURN *** [9s Kh 8d] [4s]
tteufel666: checks
Actionni13: checks
*** RIVER *** [9s Kh 8d 4s] [Tc]
tteufel666: bets $6
Actionni13: folds
Uncalled bet ($6) returned to tteufel666
tteufel666 collected $17.64 from pot
*** SUMMARY ***
Total pot $18 | Rake $0.36
Board [9s Kh 8d 4s Tc]
Seat 4: Actionni13 (button) (small blind) folded on the River
Seat 6: tteufel666 (big blind) collected ($17.64)


PokerStars Hand #176419443283:  Hold'em Limit ($3/$6 USD) - 2017/10/02 20:34:30 ET
Table 'Pickeringia' 6-max Seat #6 is the button
Seat 4: Actionni13 ($455.50 in chips)
Seat 6: tteufel666 ($98.65 in chips)
tteufel666: posts small blind $1
Actionni13: posts big blind $3
*** HOLE CARDS ***
tteufel666: calls $2
Actionni13: checks
*** FLOP *** [8s 8h 7s]
Actionni13: checks
tteufel666: bets $3
Actionni13: folds
Uncalled bet ($3) returned to tteufel666
tteufel666 collected $5.88 from pot
*** SUMMARY ***
Total pot $6 | Rake $0.12
Board [8s 8h 7s]
Seat 4: Actionni13 (big blind) folded on the Flop
Seat 6: tteufel666 (button) (small blind) collected ($5.88)


PokerStars Hand #176419440851:  Hold'em Limit ($3/$6 USD) - 2017/10/02 20:34:25 ET
Table 'Pickeringia' 6-max Seat #4 is the button
Seat 4: Actionni13 ($456.50 in chips)
Seat 6: tteufel666 ($97.65 in chips)
Actionni13: posts small blind $1
tteufel666: posts big blind $3
*** HOLE CARDS ***
Actionni13: folds
Uncalled bet ($2) returned to tteufel666
tteufel666 collected $2 from pot
*** SUMMARY ***
Total pot $2 | Rake $0
Seat 4: Actionni13 (button) (small blind) folded before Flop
Seat 6: tteufel666 (big blind) collected ($2)


PokerStars Hand #176419425172:  Hold'em Limit ($3/$6 USD) - 2017/10/02 20:33:50 ET
Table 'Pickeringia' 6-max Seat #6 is the button
Seat 4: Actionni13 ($483.50 in chips)
Seat 6: tteufel666 ($71.15 in chips)
tteufel666: posts small blind $1
Actionni13: posts big blind $3
*** HOLE CARDS ***
tteufel666: raises $3 to $6
Actionni13: raises $3 to $9
rascal_319 leaves the table
tteufel666: calls $3
*** FLOP *** [9s 2c 2h]
Actionni13: bets $3
tteufel666: raises $3 to $6
fartunata leaves the table
Actionni13: calls $3
*** TURN *** [9s 2c 2h] [3d]
Actionni13: checks
tteufel666: bets $6
Actionni13: calls $6
*** RIVER *** [9s 2c 2h 3d] [4s]
Actionni13: checks
tteufel666: bets $6
Actionni13: calls $6
*** SHOW DOWN ***
tteufel666: shows [7c 9c] (two pair, Nines and Deuces)
Actionni13: mucks hand
tteufel666 collected $53.50 from pot
*** SUMMARY ***
Total pot $54 | Rake $0.50
Board [9s 2c 2h 3d 4s]
Seat 4: Actionni13 (big blind) mucked
Seat 6: tteufel666 (button) (small blind) showed [7c 9c] and won ($53.50) with two pair, Nines and Deuces


PokerStars Hand #176419451498:  Hold'em Limit ($3/$6 USD) - 2017/10/02 20:34:49 ET
Table 'Pickeringia' 6-max Seat #4 is the button
Seat 4: Actionni13 ($452.50 in chips)
Seat 6: tteufel666 ($101.53 in chips)
Actionni13: posts small blind $1
tteufel666: posts big blind $3
*** HOLE CARDS ***
Actionni13: raises $3 to $6
tteufel666: calls $3
*** FLOP *** [2h Ah 4d]
tteufel666: bets $3
Actionni13: calls $3
*** TURN *** [2h Ah 4d] [9h]
tteufel666: bets $6
Actionni13: folds
Uncalled bet ($6) returned to tteufel666
tteufel666 collected $17.64 from pot
*** SUMMARY ***
Total pot $18 | Rake $0.36
Board [2h Ah 4d 9h]
Seat 4: Actionni13 (button) (small blind) folded on the Turn
Seat 6: tteufel666 (big blind) collected ($17.64)


PokerStars Hand #176420615954:  Hold'em Limit ($3/$6 USD) - 2017/10/02 21:20:37 ET
Table 'Pickeringia' 6-max Seat #5 is the button
Seat 4: CharginWapos ($150.90 in chips)
Seat 5: favete lin ($136.12 in chips)
favete lin: posts small blind $1
CharginWapos: posts big blind $3
*** HOLE CARDS ***
favete lin: raises $3 to $6
vestimokrec leaves the table
Larooo leaves the table
CharginWapos: calls $3
*** FLOP *** [7c Jc 3s]
CharginWapos: checks
favete lin: bets $3
CharginWapos: folds
Uncalled bet ($3) returned to favete lin
favete lin collected $11.76 from pot
favete lin: doesn't show hand
*** SUMMARY ***
Total pot $12 | Rake $0.24
Board [7c Jc 3s]
Seat 4: CharginWapos (big blind) folded on the Flop
Seat 5: favete lin (button) (small blind) collected ($11.76)


PokerStars Hand #176420629830:  Hold'em Limit ($3/$6 USD) - 2017/10/02 21:21:11 ET
Table 'Pickeringia' 6-max Seat #4 is the button
Seat 4: CharginWapos ($144.90 in chips)
Seat 5: favete lin ($141.88 in chips)
CharginWapos: posts small blind $1
favete lin: posts big blind $3
*** HOLE CARDS ***
CharginWapos: raises $3 to $6
favete lin: calls $3
*** FLOP *** [7h 9d 8c]
favete lin: checks
CharginWapos: checks
*** TURN *** [7h 9d 8c] [2s]
favete lin: checks
CharginWapos: checks
*** RIVER *** [7h 9d 8c 2s] [8h]
favete lin: checks
CharginWapos: checks
*** SHOW DOWN ***
favete lin: shows [Kd Ts] (a pair of Eights)
CharginWapos: shows [Jc As] (a pair of Eights - Ace kicker)
CharginWapos collected $11.76 from pot
*** SUMMARY ***
Total pot $12 | Rake $0.24
Board [7h 9d 8c 2s 8h]
Seat 4: CharginWapos (button) (small blind) showed [Jc As] and won ($11.76) with a pair of Eights
Seat 5: favete lin (big blind) showed [Kd Ts] and lost with a pair of Eights


PokerStars Hand #176420667725:  Hold'em Limit ($3/$6 USD) - 2017/10/02 21:22:45 ET
Table 'Pickeringia' 6-max Seat #1 is the button
Seat 1: Icecold ($32.36 in chips)
Seat 5: favete lin ($137.52 in chips)
Icecold: posts small blind $1
Warner13: is sitting out
favete lin: posts big blind $3
*** HOLE CARDS ***
Icecold: raises $3 to $6
favete lin: calls $3
*** FLOP *** [8h Qh 4s]
Warner13 leaves the table
favete lin: checks
Icecold: checks
*** TURN *** [8h Qh 4s] [6d]
favete lin: bets $6
Icecold: folds
Uncalled bet ($6) returned to favete lin
favete lin collected $11.76 from pot
favete lin: doesn't show hand
*** SUMMARY ***
Total pot $12 | Rake $0.24
Board [8h Qh 4s 6d]
Seat 1: Icecold (button) (small blind) folded on the Turn
Seat 5: favete lin (big blind) collected ($11.76)


PokerStars Hand #176420655302:  Hold'em Limit ($3/$6 USD) - 2017/10/02 21:22:15 ET
Table 'Pickeringia' 6-max Seat #5 is the button
Seat 2: Warner13 ($120 in chips)
Seat 5: favete lin ($135.88 in chips)
favete lin: posts small blind $1
Warner13: posts big blind $3
*** HOLE CARDS ***
favete lin: folds
Uncalled bet ($2) returned to Warner13
Warner13 collected $2 from pot
Warner13: doesn't show hand
*** SUMMARY ***
Total pot $2 | Rake $0
Seat 2: Warner13 (big blind) collected ($2)
Seat 5: favete lin (button) (small blind) folded before Flop


PokerStars Hand #176420658191:  Hold'em Limit ($3/$6 USD) - 2017/10/02 21:22:22 ET
Table 'Pickeringia' 6-max Seat #2 is the button
Seat 2: Warner13 ($121 in chips)
Seat 5: favete lin ($134.88 in chips)
Warner13: posts small blind $1
favete lin: posts big blind $3
*** HOLE CARDS ***
vestimokrec joins the table at seat #3
Warner13: raises $3 to $6
favete lin: folds
Uncalled bet ($3) returned to Warner13
Icecold joins the table at seat #1
Warner13 collected $6 from pot
Warner13: doesn't show hand
*** SUMMARY ***
Total pot $6 | Rake $0
Seat 2: Warner13 (button) (small blind) collected ($6)
Seat 5: favete lin (big blind) folded before Flop


PokerStars Hand #176420685530:  Hold'em Limit ($3/$6 USD) - 2017/10/02 21:23:31 ET
Table 'Pickeringia' 6-max Seat #1 is the button
Seat 1: Icecold ($5.36 in chips)
Seat 5: favete lin ($163.78 in chips)
Icecold: posts small blind $1
favete lin: posts big blind $3
*** HOLE CARDS ***
Icecold: raises $2.36 to $5.36 and is all-in
favete lin: calls $2.36
*** FLOP *** [5h Ac 7s]
*** TURN *** [5h Ac 7s] [Js]
*** RIVER *** [5h Ac 7s Js] [8s]
*** SHOW DOWN ***
favete lin: shows [Kc Qh] (high card Ace)
Icecold: shows [2s 2c] (a pair of Deuces)
Icecold collected $10.51 from pot
*** SUMMARY ***
Total pot $10.72 | Rake $0.21
Board [5h Ac 7s Js 8s]
Seat 1: Icecold (button) (small blind) showed [2s 2c] and won ($10.51) with a pair of Deuces
Seat 5: favete lin (big blind) showed [Kc Qh] and lost with high card Ace


PokerStars Hand #176420674691:  Hold'em Limit ($3/$6 USD) - 2017/10/02 21:23:03 ET
Table 'Pickeringia' 6-max Seat #5 is the button
Seat 1: Icecold ($26.36 in chips)
Seat 5: favete lin ($143.28 in chips)
favete lin: posts small blind $1
Icecold: posts big blind $3
*** HOLE CARDS ***
mistere3 joins the table at seat #6
favete lin: raises $3 to $6
Icecold: calls $3
*** FLOP *** [3c 8c Jd]
Icecold: bets $3
favete lin: calls $3
*** TURN *** [3c 8c Jd] [3h]
Icecold: bets $6
favete lin: calls $6
*** RIVER *** [3c 8c Jd 3h] [9d]
Icecold: bets $6
favete lin: calls $6
*** SHOW DOWN ***
Icecold: shows [Qh 5h] (a pair of Threes)
favete lin: shows [4h 8h] (two pair, Eights and Threes)
favete lin collected $41.50 from pot
*** SUMMARY ***
Total pot $42 | Rake $0.50
Board [3c 8c Jd 3h 9d]
Seat 1: Icecold (big blind) showed [Qh 5h] and lost with a pair of Threes
Seat 5: favete lin (button) (small blind) showed [4h 8h] and won ($41.50) with two pair, Eights and Threes


PokerStars Hand #176420713532:  Hold'em Limit ($3/$6 USD) - 2017/10/02 21:24:41 ET
Table 'Pickeringia' 6-max Seat #5 is the button
Seat 5: favete lin ($179.33 in chips)
Seat 6: mistere3 ($48 in chips)
vestimokrec will be allowed to play after the button
favete lin: posts small blind $1
mistere3: posts big blind $3
*** HOLE CARDS ***
favete lin: folds
Uncalled bet ($2) returned to mistere3
mistere3 collected $2 from pot
mistere3: doesn't show hand
*** SUMMARY ***
Total pot $2 | Rake $0
Seat 5: favete lin (button) (small blind) folded before Flop
Seat 6: mistere3 (big blind) collected ($2)


PokerStars Hand #176420729385:  Hold'em Limit ($3/$6 USD) - 2017/10/02 21:25:21 ET
Table 'Pickeringia' 6-max Seat #5 is the button
Seat 1: Icecold ($30.85 in chips)
Seat 5: favete lin ($178.33 in chips)
favete lin: posts small blind $1
Icecold: posts big blind $3
*** HOLE CARDS ***
favete lin: raises $3 to $6
Icecold: raises $3 to $9
favete lin: calls $3
*** FLOP *** [Kh 2c Ad]
Icecold: bets $3
favete lin: folds
Uncalled bet ($3) returned to Icecold
Icecold collected $17.64 from pot
*** SUMMARY ***
Total pot $18 | Rake $0.36
Board [Kh 2c Ad]
Seat 1: Icecold (big blind) collected ($17.64)
Seat 5: favete lin (button) (small blind) folded on the Flop


PokerStars Hand #176420735171:  Hold'em Limit ($3/$6 USD) - 2017/10/02 21:25:36 ET
Table 'Pickeringia' 6-max Seat #1 is the button
Seat 1: Icecold ($39.49 in chips)
Seat 5: favete lin ($169.33 in chips)
Icecold: posts small blind $1
favete lin: posts big blind $3
*** HOLE CARDS ***
Icecold: raises $3 to $6
favete lin: raises $3 to $9
Icecold: calls $3
*** FLOP *** [4d Qd 4s]
favete lin: bets $3
Icecold: calls $3
*** TURN *** [4d Qd 4s] [Kd]
favete lin: bets $6
Icecold: raises $6 to $12
favete lin: calls $6
*** RIVER *** [4d Qd 4s Kd] [2c]
favete lin: checks
Icecold: bets $6
favete lin: calls $6
*** SHOW DOWN ***
Icecold: shows [8h 4c] (three of a kind, Fours)
favete lin: mucks hand
Icecold collected $59.50 from pot
*** SUMMARY ***
Total pot $60 | Rake $0.50
Board [4d Qd 4s Kd 2c]
Seat 1: Icecold (button) (small blind) showed [8h 4c] and won ($59.50) with three of a kind, Fours
Seat 5: favete lin (big blind) mucked


PokerStars Hand #176420765652:  Hold'em Limit ($3/$6 USD) - 2017/10/02 21:26:36 ET
Table 'Pickeringia' 6-max Seat #5 is the button
Seat 1: Icecold ($100.99 in chips)
Seat 5: favete lin ($106.33 in chips)
favete lin: posts small blind $1
Icecold: posts big blind $3
*** HOLE CARDS ***
favete lin: raises $3 to $6
Icecold: calls $3
*** FLOP *** [9s 2d Jh]
Icecold: checks
favete lin: checks
*** TURN *** [9s 2d Jh] [6h]
Icecold: bets $6
favete lin: calls $6
*** RIVER *** [9s 2d Jh 6h] [Qh]
Icecold: bets $6
favete lin: folds
Uncalled bet ($6) returned to Icecold
Icecold collected $23.52 from pot
*** SUMMARY ***
Total pot $24 | Rake $0.48
Board [9s 2d Jh 6h Qh]
Seat 1: Icecold (big blind) collected ($23.52)
Seat 5: favete lin (button) (small blind) folded on the River


PokerStars Hand #176420750629:  Hold'em Limit ($3/$6 USD) - 2017/10/02 21:26:15 ET
Table 'Pickeringia' 6-max Seat #1 is the button
Seat 1: Icecold ($83.49 in chips)
Seat 5: favete lin ($124.33 in chips)
Icecold: posts small blind $1
favete lin: posts big blind $3
*** HOLE CARDS ***
Icecold: raises $3 to $6
favete lin: raises $3 to $9
Icecold: calls $3
*** FLOP *** [3s Td Ah]
favete lin: bets $3
Icecold: calls $3
*** TURN *** [3s Td Ah] [Jc]
favete lin: checks
Icecold: bets $6
favete lin: calls $6
*** RIVER *** [3s Td Ah Jc] [2c]
favete lin: checks
Icecold: checks
*** SHOW DOWN ***
favete lin: shows [5s Ts] (a pair of Tens)
Icecold: shows [7d Th] (a pair of Tens - Ace+Jack+Seven kicker)
Icecold collected $35.50 from pot
*** SUMMARY ***
Total pot $36 | Rake $0.50
Board [3s Td Ah Jc 2c]
Seat 1: Icecold (button) (small blind) showed [7d Th] and won ($35.50) with a pair of Tens
Seat 5: favete lin (big blind) showed [5s Ts] and lost with a pair of Tens


PokerStars Hand #176420742821:  Hold'em Limit ($3/$6 USD) - 2017/10/02 21:25:55 ET
Table 'Pickeringia' 6-max Seat #5 is the button
Seat 1: Icecold ($68.99 in chips)
Seat 5: favete lin ($139.33 in chips)
favete lin: posts small blind $1
Icecold: posts big blind $3
*** HOLE CARDS ***
favete lin: raises $3 to $6
Icecold: calls $3
*** FLOP *** [5c Ks Ac]
Icecold: checks
favete lin: bets $3
Icecold: calls $3
*** TURN *** [5c Ks Ac] [5h]
Icecold: checks
favete lin: bets $6
Icecold: calls $6
*** RIVER *** [5c Ks Ac 5h] [8s]
Icecold: checks
favete lin: checks
*** SHOW DOWN ***
Icecold: shows [8d Kd] (two pair, Kings and Eights)
favete lin: mucks hand
Icecold collected $29.50 from pot
*** SUMMARY ***
Total pot $30 | Rake $0.50
Board [5c Ks Ac 5h 8s]
Seat 1: Icecold (big blind) showed [8d Kd] and won ($29.50) with two pair, Kings and Eights
Seat 5: favete lin (button) (small blind) mucked


PokerStars Hand #176420782721:  Hold'em Limit ($3/$6 USD) - 2017/10/02 21:27:20 ET
Table 'Pickeringia' 6-max Seat #5 is the button
Seat 1: Icecold ($106.51 in chips)
Seat 5: favete lin ($100.09 in chips)
favete lin: posts small blind $1
Icecold: posts big blind $3
*** HOLE CARDS ***
favete lin: raises $3 to $6
Icecold: calls $3
*** FLOP *** [6d 2c Ks]
Icecold: checks
favete lin: bets $3
Icecold: calls $3
*** TURN *** [6d 2c Ks] [2d]
Icecold: checks
favete lin: bets $6
Icecold: calls $6
*** RIVER *** [6d 2c Ks 2d] [Kh]
Icecold: checks
favete lin: bets $6
Icecold: calls $6
*** SHOW DOWN ***
favete lin: shows [8h Kd] (a full house, Kings full of Deuces)
Icecold: mucks hand
favete lin collected $41.50 from pot
*** SUMMARY ***
Total pot $42 | Rake $0.50
Board [6d 2c Ks 2d Kh]
Seat 1: Icecold (big blind) mucked
Seat 5: favete lin (button) (small blind) showed [8h Kd] and won ($41.50) with a full house, Kings full of Deuces


PokerStars Hand #176420793685:  Hold'em Limit ($3/$6 USD) - 2017/10/02 21:27:47 ET
Table 'Pickeringia' 6-max Seat #5 is the button
Seat 1: Icecold ($91.27 in chips)
Seat 5: favete lin ($114.59 in chips)
favete lin: posts small blind $1
Icecold: posts big blind $3
*** HOLE CARDS ***
favete lin: folds
Uncalled bet ($2) returned to Icecold
Icecold collected $2 from pot
*** SUMMARY ***
Total pot $2 | Rake $0
Seat 1: Icecold (big blind) collected ($2)
Seat 5: favete lin (button) (small blind) folded before Flop


PokerStars Hand #176420790566:  Hold'em Limit ($3/$6 USD) - 2017/10/02 21:27:39 ET
Table 'Pickeringia' 6-max Seat #1 is the button
Seat 1: Icecold ($85.51 in chips)
Seat 5: favete lin ($120.59 in chips)
Icecold: posts small blind $1
favete lin: posts big blind $3
*** HOLE CARDS ***
Icecold: raises $3 to $6
favete lin: calls $3
*** FLOP *** [3h 2c 3c]
favete lin: checks
Icecold: bets $3
favete lin: folds
Uncalled bet ($3) returned to Icecold
Icecold collected $11.76 from pot
*** SUMMARY ***
Total pot $12 | Rake $0.24
Board [3h 2c 3c]
Seat 1: Icecold (button) (small blind) collected ($11.76)
Seat 5: favete lin (big blind) folded on the Flop


PokerStars Hand #176420816887:  Hold'em Limit ($3/$6 USD) - 2017/10/02 21:28:46 ET
Table 'Pickeringia' 6-max Seat #1 is the button
Seat 1: Icecold ($104.41 in chips)
Seat 5: favete lin ($100.09 in chips)
Icecold: posts small blind $1
favete lin: posts big blind $3
*** HOLE CARDS ***
Icecold: raises $3 to $6
favete lin: calls $3
*** FLOP *** [6s 5s Qh]
favete lin: checks
Icecold: bets $3
favete lin: calls $3
*** TURN *** [6s 5s Qh] [3c]
favete lin: checks
Icecold: bets $6
favete lin: folds
Uncalled bet ($6) returned to Icecold
Icecold collected $17.64 from pot
*** SUMMARY ***
Total pot $18 | Rake $0.36
Board [6s 5s Qh 3c]
Seat 1: Icecold (button) (small blind) collected ($17.64)
Seat 5: favete lin (big blind) folded on the Turn


PokerStars Hand #176420810778:  Hold'em Limit ($3/$6 USD) - 2017/10/02 21:28:31 ET
Table 'Pickeringia' 6-max Seat #5 is the button
Seat 1: Icecold ($95.77 in chips)
Seat 5: favete lin ($109.09 in chips)
favete lin: posts small blind $1
Icecold: posts big blind $3
*** HOLE CARDS ***
favete lin: raises $3 to $6
Icecold: calls $3
*** FLOP *** [Qc Ks 4h]
Icecold: checks
favete lin: bets $3
Icecold: calls $3
*** TURN *** [Qc Ks 4h] [3h]
Icecold: checks
favete lin: checks
*** RIVER *** [Qc Ks 4h 3h] [Jh]
Icecold: checks
favete lin: checks
*** SHOW DOWN ***
Icecold: shows [2s Ad] (high card Ace)
favete lin: mucks hand
Icecold collected $17.64 from pot
*** SUMMARY ***
Total pot $18 | Rake $0.36
Board [Qc Ks 4h 3h Jh]
Seat 1: Icecold (big blind) showed [2s Ad] and won ($17.64) with high card Ace
Seat 5: favete lin (button) (small blind) mucked


PokerStars Hand #176420803417:  Hold'em Limit ($3/$6 USD) - 2017/10/02 21:28:12 ET
Table 'Pickeringia' 6-max Seat #1 is the button
Seat 1: Icecold ($113.77 in chips)
Seat 5: favete lin ($91.59 in chips)
Icecold: posts small blind $1
favete lin: posts big blind $3
*** HOLE CARDS ***
Icecold: raises $3 to $6
favete lin: calls $3
*** FLOP *** [4d Kd Qh]
favete lin: checks
Icecold: checks
*** TURN *** [4d Kd Qh] [Ah]
favete lin: checks
Icecold: bets $6
favete lin: calls $6
*** RIVER *** [4d Kd Qh Ah] [3c]
favete lin: checks
Icecold: bets $6
favete lin: calls $6
*** SHOW DOWN ***
Icecold: shows [9d Jh] (high card Ace)
favete lin: shows [2s Qc] (a pair of Queens)
favete lin collected $35.50 from pot
*** SUMMARY ***
Total pot $36 | Rake $0.50
Board [4d Kd Qh Ah 3c]
Seat 1: Icecold (button) (small blind) showed [9d Jh] and lost with high card Ace
Seat 5: favete lin (big blind) showed [2s Qc] and won ($35.50) with a pair of Queens


PokerStars Hand #176420801324:  Hold'em Limit ($3/$6 USD) - 2017/10/02 21:28:07 ET
Table 'Pickeringia' 6-max Seat #5 is the button
Seat 1: Icecold ($112.77 in chips)
Seat 5: favete lin ($92.59 in chips)
favete lin: posts small blind $1
Icecold: posts big blind $3
*** HOLE CARDS ***
favete lin: folds
Uncalled bet ($2) returned to Icecold
Icecold collected $2 from pot
*** SUMMARY ***
Total pot $2 | Rake $0
Seat 1: Icecold (big blind) collected ($2)
Seat 5: favete lin (button) (small blind) folded before Flop


PokerStars Hand #176420795453:  Hold'em Limit ($3/$6 USD) - 2017/10/02 21:27:52 ET
Table 'Pickeringia' 6-max Seat #1 is the button
Seat 1: Icecold ($92.27 in chips)
Seat 5: favete lin ($113.59 in chips)
Icecold: posts small blind $1
favete lin: posts big blind $3
*** HOLE CARDS ***
Icecold: raises $3 to $6
favete lin: calls $3
*** FLOP *** [As 6h 8c]
favete lin: checks
Icecold: bets $3
favete lin: calls $3
*** TURN *** [As 6h 8c] [3d]
favete lin: checks
Icecold: bets $6
favete lin: calls $6
*** RIVER *** [As 6h 8c 3d] [5c]
favete lin: checks
Icecold: bets $6
favete lin: calls $6
*** SHOW DOWN ***
Icecold: shows [6s 3s] (two pair, Sixes and Threes)
favete lin: mucks hand
Icecold collected $41.50 from pot
*** SUMMARY ***
Total pot $42 | Rake $0.50
Board [As 6h 8c 3d 5c]
Seat 1: Icecold (button) (small blind) showed [6s 3s] and won ($41.50) with two pair, Sixes and Threes
Seat 5: favete lin (big blind) mucked


PokerStars Hand #176420836517:  Hold'em Limit ($3/$6 USD) - 2017/10/02 21:29:36 ET
Table 'Pickeringia' 6-max Seat #5 is the button
Seat 1: Icecold ($136.55 in chips)
Seat 5: favete lin ($72 in chips)
favete lin: posts small blind $1
Icecold: posts big blind $3
*** HOLE CARDS ***
favete lin: raises $3 to $6
Icecold: calls $3
*** FLOP *** [8s Th 9d]
Icecold: checks
favete lin: bets $3
Icecold: calls $3
*** TURN *** [8s Th 9d] [5c]
Icecold: checks
favete lin: bets $6
Icecold: calls $6
*** RIVER *** [8s Th 9d 5c] [7d]
Icecold: checks
favete lin: checks
*** SHOW DOWN ***
Icecold: shows [8c Qc] (a pair of Eights)
favete lin: mucks hand
Icecold collected $29.50 from pot
*** SUMMARY ***
Total pot $30 | Rake $0.50
Board [8s Th 9d 5c 7d]
Seat 1: Icecold (big blind) showed [8c Qc] and won ($29.50) with a pair of Eights
Seat 5: favete lin (button) (small blind) mucked


PokerStars Hand #176420828327:  Hold'em Limit ($3/$6 USD) - 2017/10/02 21:29:15 ET
Table 'Pickeringia' 6-max Seat #1 is the button
Seat 1: Icecold ($107.05 in chips)
Seat 5: favete lin ($96.85 in chips)
Icecold: posts small blind $1
favete lin: posts big blind $3
*** HOLE CARDS ***
Icecold: raises $3 to $6
favete lin: calls $3
*** FLOP *** [6s Jd 5c]
favete lin: checks
Icecold: bets $3
favete lin: raises $3 to $6
Icecold: calls $3
*** TURN *** [6s Jd 5c] [2s]
favete lin: bets $6
Icecold: raises $6 to $12
favete lin: calls $6
*** RIVER *** [6s Jd 5c 2s] [6h]
favete lin: checks
Icecold: bets $6
favete lin: calls $6
*** SHOW DOWN ***
Icecold: shows [Kh Kc] (two pair, Kings and Sixes)
favete lin: mucks hand
Icecold collected $59.50 from pot
*** SUMMARY ***
Total pot $60 | Rake $0.50
Board [6s Jd 5c 2s 6h]
Seat 1: Icecold (button) (small blind) showed [Kh Kc] and won ($59.50) with two pair, Kings and Sixes
Seat 5: favete lin (big blind) mucked


PokerStars Hand #176420824335:  Hold'em Limit ($3/$6 USD) - 2017/10/02 21:29:05 ET
Table 'Pickeringia' 6-max Seat #5 is the button
Seat 1: Icecold ($113.05 in chips)
Seat 5: favete lin ($91.09 in chips)
favete lin: posts small blind $1
Icecold: posts big blind $3
*** HOLE CARDS ***
favete lin: raises $3 to $6
Icecold: calls $3
*** FLOP *** [Qc Ac 2d]
Icecold: checks
favete lin: bets $3
Icecold: folds
Uncalled bet ($3) returned to favete lin
favete lin collected $11.76 from pot
favete lin: doesn't show hand
*** SUMMARY ***
Total pot $12 | Rake $0.24
Board [Qc Ac 2d]
Seat 1: Icecold (big blind) folded on the Flop
Seat 5: favete lin (button) (small blind) collected ($11.76)


PokerStars Hand #176420865209:  Hold'em Limit ($3/$6 USD) - 2017/10/02 21:30:49 ET
Table 'Pickeringia' 6-max Seat #5 is the button
Seat 1: Icecold ($106.05 in chips)
Seat 5: favete lin ($115.52 in chips)
favete lin: posts small blind $1
Icecold: posts big blind $3
*** HOLE CARDS ***
favete lin: raises $3 to $6
Icecold: calls $3
*** FLOP *** [8c 6h Ah]
Icecold: checks
favete lin: bets $3
Icecold: folds
Uncalled bet ($3) returned to favete lin
favete lin collected $11.76 from pot
favete lin: doesn't show hand
*** SUMMARY ***
Total pot $12 | Rake $0.24
Board [8c 6h Ah]
Seat 1: Icecold (big blind) folded on the Flop
Seat 5: favete lin (button) (small blind) collected ($11.76)


PokerStars Hand #176420857042:  Hold'em Limit ($3/$6 USD) - 2017/10/02 21:30:28 ET
Table 'Pickeringia' 6-max Seat #1 is the button
Seat 1: Icecold ($124.05 in chips)
Seat 5: favete lin ($98.02 in chips)
Icecold: posts small blind $1
favete lin: posts big blind $3
*** HOLE CARDS ***
Icecold: raises $3 to $6
favete lin: raises $3 to $9
Icecold: calls $3
*** FLOP *** [Tc Ks 7h]
favete lin: bets $3
Icecold: raises $3 to $6
favete lin: raises $3 to $9
Icecold: calls $3
*** TURN *** [Tc Ks 7h] [Ac]
favete lin: bets $6
Icecold: folds
Uncalled bet ($6) returned to favete lin
favete lin collected $35.50 from pot
favete lin: doesn't show hand
*** SUMMARY ***
Total pot $36 | Rake $0.50
Board [Tc Ks 7h Ac]
Seat 1: Icecold (button) (small blind) folded on the Turn
Seat 5: favete lin (big blind) collected ($35.50)


PokerStars Hand #176420848984:  Hold'em Limit ($3/$6 USD) - 2017/10/02 21:30:08 ET
Table 'Pickeringia' 6-max Seat #5 is the button
Seat 1: Icecold ($139.05 in chips)
Seat 5: favete lin ($83.52 in chips)
favete lin: posts small blind $1
Icecold: posts big blind $3
*** HOLE CARDS ***
favete lin: raises $3 to $6
Icecold: calls $3
*** FLOP *** [4d Kd 8s]
Icecold: checks
favete lin: bets $3
Icecold: calls $3
*** TURN *** [4d Kd 8s] [Qh]
Icecold: checks
favete lin: checks
*** RIVER *** [4d Kd 8s Qh] [3c]
Icecold: checks
favete lin: bets $6
Icecold: calls $6
*** SHOW DOWN ***
favete lin: shows [4s 2s] (a pair of Fours)
Icecold: mucks hand
favete lin collected $29.50 from pot
*** SUMMARY ***
Total pot $30 | Rake $0.50
Board [4d Kd 8s Qh 3c]
Seat 1: Icecold (big blind) mucked
Seat 5: favete lin (button) (small blind) showed [4s 2s] and won ($29.50) with a pair of Fours


PokerStars Hand #176420843453:  Hold'em Limit ($3/$6 USD) - 2017/10/02 21:29:54 ET
Table 'Pickeringia' 6-max Seat #1 is the button
Seat 1: Icecold ($151.05 in chips)
Seat 5: favete lin ($72 in chips)
Icecold: posts small blind $1
favete lin: posts big blind $3
*** HOLE CARDS ***
Icecold: raises $3 to $6
favete lin: raises $3 to $9
Icecold: calls $3
*** FLOP *** [3s 8h 3c]
favete lin: bets $3
Icecold: calls $3
*** TURN *** [3s 8h 3c] [8d]
favete lin: bets $6
Icecold: folds
Uncalled bet ($6) returned to favete lin
favete lin collected $23.52 from pot
favete lin: doesn't show hand
*** SUMMARY ***
Total pot $24 | Rake $0.48
Board [3s 8h 3c 8d]
Seat 1: Icecold (button) (small blind) folded on the Turn
Seat 5: favete lin (big blind) collected ($23.52)


PokerStars Hand #176420876531:  Hold'em Limit ($3/$6 USD) - 2017/10/02 21:31:18 ET
Table 'Pickeringia' 6-max Seat #5 is the button
Seat 1: Icecold ($88.05 in chips)
Seat 5: favete lin ($132.80 in chips)
favete lin: posts small blind $1
Icecold: posts big blind $3
*** HOLE CARDS ***
favete lin: raises $3 to $6
Icecold: calls $3
*** FLOP *** [6d Qc 2h]
Icecold: checks
favete lin: bets $3
Icecold: folds
Uncalled bet ($3) returned to favete lin
Icecold leaves the table
favete lin collected $11.76 from pot
favete lin: doesn't show hand
*** SUMMARY ***
Total pot $12 | Rake $0.24
Board [6d Qc 2h]
Seat 1: Icecold (big blind) folded on the Flop
Seat 5: favete lin (button) (small blind) collected ($11.76)


PokerStars Hand #176420869576:  Hold'em Limit ($3/$6 USD) - 2017/10/02 21:31:00 ET
Table 'Pickeringia' 6-max Seat #1 is the button
Seat 1: Icecold ($100.05 in chips)
Seat 5: favete lin ($121.28 in chips)
Icecold: posts small blind $1
favete lin: posts big blind $3
*** HOLE CARDS ***
Icecold: raises $3 to $6
favete lin: calls $3
*** FLOP *** [Js Ad 5h]
favete lin: checks
Icecold: checks
*** TURN *** [Js Ad 5h] [7s]
favete lin: checks
Icecold: bets $6
favete lin: calls $6
*** RIVER *** [Js Ad 5h 7s] [2c]
favete lin: checks
Icecold: checks
*** SHOW DOWN ***
favete lin: shows [9h 7c] (a pair of Sevens)
Icecold: mucks hand
favete lin collected $23.52 from pot
*** SUMMARY ***
Total pot $24 | Rake $0.48
Board [Js Ad 5h 7s 2c]
Seat 1: Icecold (button) (small blind) mucked
Seat 5: favete lin (big blind) showed [9h 7c] and won ($23.52) with a pair of Sevens


