PokerStars Hand #171678420427:  Hold'em Limit ($3/$6 USD) - 2017/06/12 10:14:52 ET
Table 'Pictor II' 6-max Seat #1 is the button
Seat 1: popesxxx ($32.95 in chips)
Seat 2: Ale4o ($99.71 in chips)
popesxxx: posts small blind $1
Ale4o: posts big blind $3
*** HOLE CARDS ***
popesxxx: raises $3 to $6
Ale4o: folds
Uncalled bet ($3) returned to popesxxx
popesxxx collected $6 from pot
*** SUMMARY ***
Total pot $6 | Rake $0
Seat 1: popesxxx (button) (small blind) collected ($6)
Seat 2: Ale4o (big blind) folded before Flop


PokerStars Hand #171678417997:  Hold'em Limit ($3/$6 USD) - 2017/06/12 10:14:48 ET
Table 'Pictor II' 6-max Seat #2 is the button
Seat 1: popesxxx ($31.95 in chips)
Seat 2: Ale4o ($100.71 in chips)
Ale4o: posts small blind $1
GoliafUa: is sitting out
popesxxx: posts big blind $3
*** HOLE CARDS ***
Ale4o: folds
Uncalled bet ($2) returned to popesxxx
popesxxx collected $2 from pot
*** SUMMARY ***
Total pot $2 | Rake $0
Seat 1: popesxxx (big blind) collected ($2)
Seat 2: Ale4o (button) (small blind) folded before Flop


PokerStars Hand #171678423416:  Hold'em Limit ($3/$6 USD) - 2017/06/12 10:14:57 ET
Table 'Pictor II' 6-max Seat #2 is the button
Seat 1: popesxxx ($35.95 in chips)
Seat 2: Ale4o ($96.71 in chips)
Ale4o: posts small blind $1
popesxxx: posts big blind $3
*** HOLE CARDS ***
Ale4o: raises $3 to $6
popesxxx: raises $3 to $9
Ale4o: calls $3
*** FLOP *** [9c Kc Ks]
popesxxx: checks
Ale4o: bets $3
popesxxx: calls $3
*** TURN *** [9c Kc Ks] [Js]
popesxxx: checks
Ale4o: bets $6
popesxxx: calls $6
*** RIVER *** [9c Kc Ks Js] [2c]
popesxxx: checks
Ale4o: checks
*** SHOW DOWN ***
popesxxx: shows [Ts Td] (two pair, Kings and Tens)
Ale4o: mucks hand
popesxxx collected $35.50 from pot
*** SUMMARY ***
Total pot $36 | Rake $0.50
Board [9c Kc Ks Js 2c]
Seat 1: popesxxx (big blind) showed [Ts Td] and won ($35.50) with two pair, Kings and Tens
Seat 2: Ale4o (button) (small blind) mucked


PokerStars Hand #171678441966:  Hold'em Limit ($3/$6 USD) - 2017/06/12 10:15:31 ET
Table 'Pictor II' 6-max Seat #2 is the button
Seat 1: popesxxx ($50.45 in chips)
Seat 2: Ale4o ($81.59 in chips)
Ale4o: posts small blind $1
popesxxx: posts big blind $3
*** HOLE CARDS ***
Ale4o: raises $3 to $6
popesxxx: folds
Uncalled bet ($3) returned to Ale4o
Ale4o collected $6 from pot
Ale4o: doesn't show hand
*** SUMMARY ***
Total pot $6 | Rake $0
Seat 1: popesxxx (big blind) folded before Flop
Seat 2: Ale4o (button) (small blind) collected ($6)


PokerStars Hand #171678432861:  Hold'em Limit ($3/$6 USD) - 2017/06/12 10:15:14 ET
Table 'Pictor II' 6-max Seat #1 is the button
Seat 1: popesxxx ($53.45 in chips)
Seat 2: Ale4o ($78.71 in chips)
popesxxx: posts small blind $1
Ale4o: posts big blind $3
*** HOLE CARDS ***
popesxxx: calls $2
Ale4o: checks
*** FLOP *** [5d Tc 2c]
Ale4o: checks
popesxxx: checks
*** TURN *** [5d Tc 2c] [6d]
Ale4o: checks
popesxxx: checks
*** RIVER *** [5d Tc 2c 6d] [2s]
Ale4o: checks
popesxxx: checks
*** SHOW DOWN ***
Ale4o: shows [Kh 9s] (a pair of Deuces)
popesxxx: mucks hand
Ale4o collected $5.88 from pot
*** SUMMARY ***
Total pot $6 | Rake $0.12
Board [5d Tc 2c 6d 2s]
Seat 1: popesxxx (button) (small blind) mucked
Seat 2: Ale4o (big blind) showed [Kh 9s] and won ($5.88) with a pair of Deuces


PokerStars Hand #171678444830:  Hold'em Limit ($3/$6 USD) - 2017/06/12 10:15:36 ET
Table 'Pictor II' 6-max Seat #1 is the button
Seat 1: popesxxx ($47.45 in chips)
Seat 2: Ale4o ($84.59 in chips)
popesxxx: posts small blind $1
Ale4o: posts big blind $3
*** HOLE CARDS ***
popesxxx: calls $2
Ale4o: checks
*** FLOP *** [Th Qs 2c]
Ale4o: checks
popesxxx: checks
*** TURN *** [Th Qs 2c] [5s]
Ale4o: checks
popesxxx: checks
*** RIVER *** [Th Qs 2c 5s] [Jd]
Ale4o: checks
popesxxx: checks
*** SHOW DOWN ***
Ale4o: shows [3h Ad] (high card Ace)
popesxxx: shows [4d 5d] (a pair of Fives)
popesxxx collected $5.88 from pot
*** SUMMARY ***
Total pot $6 | Rake $0.12
Board [Th Qs 2c 5s Jd]
Seat 1: popesxxx (button) (small blind) showed [4d 5d] and won ($5.88) with a pair of Fives
Seat 2: Ale4o (big blind) showed [3h Ad] and lost with high card Ace


PokerStars Hand #171678456486:  Hold'em Limit ($3/$6 USD) - 2017/06/12 10:15:57 ET
Table 'Pictor II' 6-max Seat #2 is the button
Seat 1: popesxxx ($50.33 in chips)
Seat 2: Ale4o ($81.59 in chips)
Ale4o: posts small blind $1
popesxxx: posts big blind $3
*** HOLE CARDS ***
Ale4o: raises $3 to $6
popesxxx: raises $3 to $9
Ale4o: raises $3 to $12
Betting is capped
popesxxx: calls $3
*** FLOP *** [9c 9s 8c]
popesxxx: checks
Ale4o: bets $3
popesxxx: calls $3
*** TURN *** [9c 9s 8c] [As]
popesxxx: checks
Ale4o: bets $6
popesxxx: calls $6
*** RIVER *** [9c 9s 8c As] [7d]
popesxxx: checks
Ale4o: bets $6
popesxxx: calls $6
*** SHOW DOWN ***
Ale4o: shows [Ad Kh] (two pair, Aces and Nines)
popesxxx: mucks hand
Ale4o collected $53.50 from pot
*** SUMMARY ***
Total pot $54 | Rake $0.50
Board [9c 9s 8c As 7d]
Seat 1: popesxxx (big blind) mucked
Seat 2: Ale4o (button) (small blind) showed [Ad Kh] and won ($53.50) with two pair, Aces and Nines


PokerStars Hand #171678468809:  Hold'em Limit ($3/$6 USD) - 2017/06/12 10:16:19 ET
Table 'Pictor II' 6-max Seat #1 is the button
Seat 1: popesxxx ($23.33 in chips)
Seat 2: Ale4o ($108.09 in chips)
popesxxx: posts small blind $1
Ale4o: posts big blind $3
*** HOLE CARDS ***
popesxxx: calls $2
Ale4o: raises $3 to $6
popesxxx: calls $3
*** FLOP *** [3s Ts 5d]
Ale4o: bets $3
popesxxx: calls $3
*** TURN *** [3s Ts 5d] [9h]
Ale4o: bets $6
popesxxx: calls $6
*** RIVER *** [3s Ts 5d 9h] [4s]
Ale4o: bets $6
popesxxx: calls $6
*** SHOW DOWN ***
Ale4o: shows [Ks Qs] (a flush, King high)
popesxxx: mucks hand
Ale4o collected $41.50 from pot
*** SUMMARY ***
Total pot $42 | Rake $0.50
Board [3s Ts 5d 9h 4s]
Seat 1: popesxxx (button) (small blind) mucked
Seat 2: Ale4o (big blind) showed [Ks Qs] and won ($41.50) with a flush, King high


