PokerStars Hand #175742384647:  Hold'em Limit ($3/$6 USD) - 2017/09/16 20:48:42 ET
Table 'Pictor' 6-max Seat #3 is the button
Seat 3: libaikang ($120 in chips)
Seat 4: B_loJkl ($72 in chips)
libaikang: posts small blind $1
B_loJkl: posts big blind $3
*** HOLE CARDS ***
libaikang: raises $3 to $6
B_loJkl: calls $3
*** FLOP *** [8c Js Jd]
B_loJkl: checks
libaikang: bets $3
B_loJkl: folds
Uncalled bet ($3) returned to libaikang
libaikang collected $11.76 from pot
libaikang: doesn't show hand
*** SUMMARY ***
Total pot $12 | Rake $0.24
Board [8c Js Jd]
Seat 3: libaikang (button) (small blind) collected ($11.76)
Seat 4: B_loJkl (big blind) folded on the Flop


PokerStars Hand #175742398406:  Hold'em Limit ($3/$6 USD) - 2017/09/16 20:49:13 ET
Table 'Pictor' 6-max Seat #3 is the button
Seat 3: libaikang ($119.76 in chips)
Seat 4: B_loJkl ($71.76 in chips)
libaikang: posts small blind $1
B_loJkl: posts big blind $3
*** HOLE CARDS ***
libaikang: raises $3 to $6
B_loJkl: folds
Uncalled bet ($3) returned to libaikang
libaikang collected $6 from pot
libaikang: doesn't show hand
*** SUMMARY ***
Total pot $6 | Rake $0
Seat 3: libaikang (button) (small blind) collected ($6)
Seat 4: B_loJkl (big blind) folded before Flop


PokerStars Hand #175742391677:  Hold'em Limit ($3/$6 USD) - 2017/09/16 20:48:58 ET
Table 'Pictor' 6-max Seat #4 is the button
Seat 3: libaikang ($125.76 in chips)
Seat 4: B_loJkl ($66 in chips)
B_loJkl: posts small blind $1
libaikang: posts big blind $3
*** HOLE CARDS ***
B_loJkl: raises $3 to $6
libaikang: calls $3
*** FLOP *** [6c 7c 9s]
libaikang: checks
B_loJkl: bets $3
libaikang: folds
Uncalled bet ($3) returned to B_loJkl
B_loJkl collected $11.76 from pot
B_loJkl: doesn't show hand
*** SUMMARY ***
Total pot $12 | Rake $0.24
Board [6c 7c 9s]
Seat 3: libaikang (big blind) folded on the Flop
Seat 4: B_loJkl (button) (small blind) collected ($11.76)


PokerStars Hand #175742401398:  Hold'em Limit ($3/$6 USD) - 2017/09/16 20:49:20 ET
Table 'Pictor' 6-max Seat #4 is the button
Seat 3: libaikang ($122.76 in chips)
Seat 4: B_loJkl ($68.76 in chips)
B_loJkl: posts small blind $1
libaikang: posts big blind $3
*** HOLE CARDS ***
B_loJkl: raises $3 to $6
libaikang: calls $3
*** FLOP *** [4d 3c Td]
libaikang: checks
B_loJkl: bets $3
libaikang: calls $3
*** TURN *** [4d 3c Td] [4c]
libaikang: checks
B_loJkl: checks
*** RIVER *** [4d 3c Td 4c] [Kc]
libaikang: bets $6
B_loJkl: calls $6
*** SHOW DOWN ***
libaikang: shows [7c Kd] (two pair, Kings and Fours)
B_loJkl: shows [Kh 2s] (two pair, Kings and Fours)
libaikang collected $14.75 from pot
B_loJkl collected $14.75 from pot
*** SUMMARY ***
Total pot $30 | Rake $0.50
Board [4d 3c Td 4c Kc]
Seat 3: libaikang (big blind) showed [7c Kd] and won ($14.75) with two pair, Kings and Fours
Seat 4: B_loJkl (button) (small blind) showed [Kh 2s] and won ($14.75) with two pair, Kings and Fours


PokerStars Hand #175742435854:  Hold'em Limit ($3/$6 USD) - 2017/09/16 20:50:40 ET
Table 'Pictor' 6-max Seat #3 is the button
Seat 3: libaikang ($144.01 in chips)
Seat 4: B_loJkl ($46.51 in chips)
libaikang: posts small blind $1
B_loJkl: posts big blind $3
*** HOLE CARDS ***
libaikang: folds
Uncalled bet ($2) returned to B_loJkl
B_loJkl collected $2 from pot
B_loJkl: doesn't show hand
*** SUMMARY ***
Total pot $2 | Rake $0
Seat 3: libaikang (button) (small blind) folded before Flop
Seat 4: B_loJkl (big blind) collected ($2)


PokerStars Hand #175742441087:  Hold'em Limit ($3/$6 USD) - 2017/09/16 20:50:52 ET
Table 'Pictor' 6-max Seat #3 is the button
Seat 3: libaikang ($140.01 in chips)
Seat 4: B_loJkl ($50.51 in chips)
libaikang: posts small blind $1
B_loJkl: posts big blind $3
*** HOLE CARDS ***
libaikang: folds
Uncalled bet ($2) returned to B_loJkl
B_loJkl collected $2 from pot
B_loJkl: doesn't show hand
*** SUMMARY ***
Total pot $2 | Rake $0
Seat 3: libaikang (button) (small blind) folded before Flop
Seat 4: B_loJkl (big blind) collected ($2)


PokerStars Hand #175742438410:  Hold'em Limit ($3/$6 USD) - 2017/09/16 20:50:46 ET
Table 'Pictor' 6-max Seat #4 is the button
Seat 3: libaikang ($143.01 in chips)
Seat 4: B_loJkl ($47.51 in chips)
B_loJkl: posts small blind $1
libaikang: posts big blind $3
*** HOLE CARDS ***
B_loJkl: raises $3 to $6
libaikang: folds
Uncalled bet ($3) returned to B_loJkl
B_loJkl collected $6 from pot
B_loJkl: doesn't show hand
*** SUMMARY ***
Total pot $6 | Rake $0
Seat 3: libaikang (big blind) folded before Flop
Seat 4: B_loJkl (button) (small blind) collected ($6)


PokerStars Hand #175742431866:  Hold'em Limit ($3/$6 USD) - 2017/09/16 20:50:31 ET
Table 'Pictor' 6-max Seat #4 is the button
Seat 3: libaikang ($143.01 in chips)
Seat 4: B_loJkl ($47.51 in chips)
B_loJkl: posts small blind $1
libaikang: posts big blind $3
*** HOLE CARDS ***
B_loJkl: folds
Uncalled bet ($2) returned to libaikang
libaikang collected $2 from pot
libaikang: doesn't show hand
*** SUMMARY ***
Total pot $2 | Rake $0
Seat 3: libaikang (big blind) collected ($2)
Seat 4: B_loJkl (button) (small blind) folded before Flop


PokerStars Hand #175742414511:  Hold'em Limit ($3/$6 USD) - 2017/09/16 20:49:51 ET
Table 'Pictor' 6-max Seat #3 is the button
Seat 3: libaikang ($122.51 in chips)
Seat 4: B_loJkl ($68.51 in chips)
libaikang: posts small blind $1
B_loJkl: posts big blind $3
*** HOLE CARDS ***
libaikang: raises $3 to $6
B_loJkl: calls $3
*** FLOP *** [2d 3s Kh]
B_loJkl: checks
libaikang: bets $3
B_loJkl: calls $3
*** TURN *** [2d 3s Kh] [Kc]
B_loJkl: checks
libaikang: bets $6
B_loJkl: calls $6
*** RIVER *** [2d 3s Kh Kc] [Ac]
B_loJkl: checks
libaikang: bets $6
B_loJkl: calls $6
*** SHOW DOWN ***
libaikang: shows [Kd 9h] (three of a kind, Kings)
B_loJkl: mucks hand
libaikang collected $41.50 from pot
*** SUMMARY ***
Total pot $42 | Rake $0.50
Board [2d 3s Kh Kc Ac]
Seat 3: libaikang (button) (small blind) showed [Kd 9h] and won ($41.50) with three of a kind, Kings
Seat 4: B_loJkl (big blind) mucked


PokerStars Hand #175742443629:  Hold'em Limit ($3/$6 USD) - 2017/09/16 20:50:58 ET
Table 'Pictor' 6-max Seat #4 is the button
Seat 3: libaikang ($139.01 in chips)
Seat 4: B_loJkl ($51.51 in chips)
B_loJkl: posts small blind $1
libaikang: posts big blind $3
*** HOLE CARDS ***
B_loJkl: raises $3 to $6
libaikang: raises $3 to $9
B_loJkl: calls $3
*** FLOP *** [As 8s 6d]
libaikang: bets $3
B_loJkl: calls $3
*** TURN *** [As 8s 6d] [6s]
libaikang: bets $6
B_loJkl: calls $6
*** RIVER *** [As 8s 6d 6s] [3c]
libaikang: bets $6
B_loJkl: calls $6
*** SHOW DOWN ***
libaikang: shows [Kc Ad] (two pair, Aces and Sixes)
B_loJkl: mucks hand
libaikang collected $47.50 from pot
*** SUMMARY ***
Total pot $48 | Rake $0.50
Board [As 8s 6d 6s 3c]
Seat 3: libaikang (big blind) showed [Kc Ad] and won ($47.50) with two pair, Aces and Sixes
Seat 4: B_loJkl (button) (small blind) mucked


PokerStars Hand #175742477837:  Hold'em Limit ($3/$6 USD) - 2017/09/16 20:52:17 ET
Table 'Pictor' 6-max Seat #4 is the button
Seat 3: libaikang ($183.01 in chips)
Seat 4: B_loJkl ($66.51 in chips)
B_loJkl: posts small blind $1
libaikang: posts big blind $3
*** HOLE CARDS ***
B_loJkl: raises $3 to $6
libaikang: calls $3
*** FLOP *** [Td Jc Jd]
libaikang: checks
B_loJkl: bets $3
libaikang: calls $3
*** TURN *** [Td Jc Jd] [Ac]
libaikang: checks
B_loJkl: bets $6
libaikang: calls $6
*** RIVER *** [Td Jc Jd Ac] [6s]
libaikang: checks
B_loJkl: checks
*** SHOW DOWN ***
libaikang: shows [8d 9d] (a pair of Jacks)
B_loJkl: shows [8c Qd] (a pair of Jacks - Ace+Queen kicker)
B_loJkl collected $29.50 from pot
*** SUMMARY ***
Total pot $30 | Rake $0.50
Board [Td Jc Jd Ac 6s]
Seat 3: libaikang (big blind) showed [8d 9d] and lost with a pair of Jacks
Seat 4: B_loJkl (button) (small blind) showed [8c Qd] and won ($29.50) with a pair of Jacks


PokerStars Hand #175742463030:  Hold'em Limit ($3/$6 USD) - 2017/09/16 20:51:43 ET
Table 'Pictor' 6-max Seat #3 is the button
Seat 3: libaikang ($162.51 in chips)
Seat 4: B_loJkl ($27.51 in chips)
libaikang: posts small blind $1
B_loJkl: posts big blind $3
*** HOLE CARDS ***
libaikang: calls $2
B_loJkl: raises $3 to $6
libaikang: calls $3
*** FLOP *** [4d 2c 3d]
B_loJkl: bets $3
libaikang: calls $3
*** TURN *** [4d 2c 3d] [9s]
B_loJkl: bets $6
libaikang: calls $6
*** RIVER *** [4d 2c 3d 9s] [3s]
B_loJkl: bets $6
libaikang: calls $6
*** SHOW DOWN ***
B_loJkl: shows [Jh Th] (a pair of Threes)
libaikang: shows [Ah 7h] (a pair of Threes - Ace kicker)
libaikang collected $41.50 from pot
*** SUMMARY ***
Total pot $42 | Rake $0.50
Board [4d 2c 3d 9s 3s]
Seat 3: libaikang (button) (small blind) showed [Ah 7h] and won ($41.50) with a pair of Threes
Seat 4: B_loJkl (big blind) showed [Jh Th] and lost with a pair of Threes


PokerStars Hand #175742490624:  Hold'em Limit ($3/$6 USD) - 2017/09/16 20:52:47 ET
Table 'Pictor' 6-max Seat #3 is the button
Seat 3: libaikang ($168.01 in chips)
Seat 4: B_loJkl ($81.01 in chips)
libaikang: posts small blind $1
B_loJkl: posts big blind $3
*** HOLE CARDS ***
libaikang: folds
Uncalled bet ($2) returned to B_loJkl
B_loJkl collected $2 from pot
B_loJkl: doesn't show hand
*** SUMMARY ***
Total pot $2 | Rake $0
Seat 3: libaikang (button) (small blind) folded before Flop
Seat 4: B_loJkl (big blind) collected ($2)


