PokerStars Hand #147996831526:  Hold'em Limit ($3/$6 USD) - 2016/01/31 11:20:01 ET
Table 'Pictor III' 6-max Seat #1 is the button
Seat 1: 19woody58 ($125.32 in chips)
Seat 2: ChOfW ($66 in chips)
19woody58: posts small blind $1
ChOfW: posts big blind $3
*** HOLE CARDS ***
19woody58: folds
Uncalled bet ($2) returned to ChOfW
ChOfW collected $2 from pot
ChOfW: doesn't show hand
*** SUMMARY ***
Total pot $2 | Rake $0
Seat 1: 19woody58 (button) (small blind) folded before Flop
Seat 2: ChOfW (big blind) collected ($2)


PokerStars Hand #147996824522:  Hold'em Limit ($3/$6 USD) - 2016/01/31 11:19:54 ET
Table 'Pictor III' 6-max Seat #2 is the button
Seat 1: 19woody58 ($124.32 in chips)
Seat 2: ChOfW ($67 in chips)
ChOfW: posts small blind $1
19woody58: posts big blind $3
*** HOLE CARDS ***
ChOfW: folds
Uncalled bet ($2) returned to 19woody58
19woody58 collected $2 from pot
*** SUMMARY ***
Total pot $2 | Rake $0
Seat 1: 19woody58 (big blind) collected ($2)
Seat 2: ChOfW (button) (small blind) folded before Flop


PokerStars Hand #147996837643:  Hold'em Limit ($3/$6 USD) - 2016/01/31 11:20:07 ET
Table 'Pictor III' 6-max Seat #2 is the button
Seat 1: 19woody58 ($124.32 in chips)
Seat 2: ChOfW ($67 in chips)
ChOfW: posts small blind $1
boony444 joins the table at seat #3
19woody58: posts big blind $3
*** HOLE CARDS ***
ChOfW: raises $3 to $6
19woody58: calls $3
*** FLOP *** [2h 4c Qs]
19woody58: checks
ChOfW: bets $3
19woody58: calls $3
*** TURN *** [2h 4c Qs] [6h]
19woody58: checks
ChOfW: bets $6
19woody58: calls $6
*** RIVER *** [2h 4c Qs 6h] [7h]
19woody58: checks
dimistav11 joins the table at seat #4
ChOfW: checks
*** SHOW DOWN ***
19woody58: shows [Ad 9c] (high card Ace)
ChOfW: shows [As 2d] (a pair of Deuces)
ChOfW collected $29.50 from pot
*** SUMMARY ***
Total pot $30 | Rake $0.50
Board [2h 4c Qs 6h 7h]
Seat 1: 19woody58 (big blind) showed [Ad 9c] and lost with high card Ace
Seat 2: ChOfW (button) (small blind) showed [As 2d] and won ($29.50) with a pair of Deuces


PokerStars Hand #147996864617:  Hold'em Limit ($3/$6 USD) - 2016/01/31 11:20:33 ET
Table 'Pictor III' 6-max Seat #1 is the button
Seat 1: 19woody58 ($109.32 in chips)
Seat 2: ChOfW ($81.50 in chips)
19woody58: posts small blind $1
ChOfW: posts big blind $3
*** HOLE CARDS ***
19woody58: raises $3 to $6
ChOfW: folds
Uncalled bet ($3) returned to 19woody58
19woody58 collected $6 from pot
*** SUMMARY ***
Total pot $6 | Rake $0
Seat 1: 19woody58 (button) (small blind) collected ($6)
Seat 2: ChOfW (big blind) folded before Flop


PokerStars Hand #148003319387:  Hold'em Limit ($3/$6 USD) - 2016/01/31 13:03:32 ET
Table 'Pictor III' 6-max Seat #6 is the button
Seat 2: elvirto ($205.50 in chips)
Seat 6: Ace15121964 ($177.36 in chips)
Ace15121964: posts small blind $1
liuyan3442: is sitting out
elvirto: posts big blind $3
*** HOLE CARDS ***
Ace15121964: calls $2
elvirto: checks
*** FLOP *** [Ah 4s 6c]
elvirto: bets $3
Ace15121964: calls $3
*** TURN *** [Ah 4s 6c] [3s]
elvirto: bets $6
Ace15121964: calls $6
*** RIVER *** [Ah 4s 6c 3s] [8h]
elvirto: bets $6
Ace15121964: raises $6 to $12
elvirto: folds
Uncalled bet ($6) returned to Ace15121964
Ace15121964 collected $35.50 from pot
Ace15121964: doesn't show hand
*** SUMMARY ***
Total pot $36 | Rake $0.50
Board [Ah 4s 6c 3s 8h]
Seat 2: elvirto (big blind) folded on the River
Seat 6: Ace15121964 (button) (small blind) collected ($35.50)


PokerStars Hand #148003382781:  Hold'em Limit ($3/$6 USD) - 2016/01/31 13:04:26 ET
Table 'Pictor III' 6-max Seat #6 is the button
Seat 2: elvirto ($186.50 in chips)
Seat 6: Ace15121964 ($195.86 in chips)
Ace15121964: posts small blind $1
elvirto: posts big blind $3
*** HOLE CARDS ***
Ace15121964: folds
Uncalled bet ($2) returned to elvirto
elvirto collected $2 from pot
elvirto: doesn't show hand
*** SUMMARY ***
Total pot $2 | Rake $0
Seat 2: elvirto (big blind) collected ($2)
Seat 6: Ace15121964 (button) (small blind) folded before Flop


PokerStars Hand #148003398222:  Hold'em Limit ($3/$6 USD) - 2016/01/31 13:04:39 ET
Table 'Pictor III' 6-max Seat #6 is the button
Seat 2: elvirto ($186.50 in chips)
Seat 6: Ace15121964 ($195.86 in chips)
Ace15121964: posts small blind $1
elvirto: posts big blind $3
*** HOLE CARDS ***
Ace15121964: calls $2
elvirto: checks
*** FLOP *** [7d 5h 5c]
elvirto: checks
Ace15121964: checks
*** TURN *** [7d 5h 5c] [9d]
elvirto: bets $6
Ace15121964: folds
Uncalled bet ($6) returned to elvirto
elvirto collected $5.88 from pot
elvirto: doesn't show hand
*** SUMMARY ***
Total pot $6 | Rake $0.12
Board [7d 5h 5c 9d]
Seat 2: elvirto (big blind) collected ($5.88)
Seat 6: Ace15121964 (button) (small blind) folded on the Turn


PokerStars Hand #148003389590:  Hold'em Limit ($3/$6 USD) - 2016/01/31 13:04:31 ET
Table 'Pictor III' 6-max Seat #2 is the button
Seat 2: elvirto ($187.50 in chips)
Seat 6: Ace15121964 ($194.86 in chips)
elvirto: posts small blind $1
Ace15121964: posts big blind $3
*** HOLE CARDS ***
elvirto: folds
Uncalled bet ($2) returned to Ace15121964
Ace15121964 collected $2 from pot
Ace15121964: doesn't show hand
*** SUMMARY ***
Total pot $2 | Rake $0
Seat 2: elvirto (button) (small blind) folded before Flop
Seat 6: Ace15121964 (big blind) collected ($2)


PokerStars Hand #148019167209:  Hold'em Limit ($3/$6 USD) - 2016/01/31 16:48:26 ET
Table 'Pictor III' 6-max Seat #6 is the button
Seat 4: BelSv ($132.27 in chips)
Seat 6: Chessnok ($78.86 in chips)
Chessnok: posts small blind $1
dborys: is sitting out
BelSv: posts big blind $3
*** HOLE CARDS ***
Chessnok: raises $3 to $6
dborys leaves the table
BelSv: calls $3
*** FLOP *** [Td 9h Tc]
BelSv: checks
Chessnok: bets $3
BelSv: calls $3
*** TURN *** [Td 9h Tc] [2s]
BelSv: checks
Chessnok: bets $6
BelSv: calls $6
*** RIVER *** [Td 9h Tc 2s] [Th]
BelSv: checks
Chessnok: checks
*** SHOW DOWN ***
BelSv: shows [Ks 3s] (three of a kind, Tens)
Chessnok: mucks hand
BelSv collected $29.50 from pot
*** SUMMARY ***
Total pot $30 | Rake $0.50
Board [Td 9h Tc 2s Th]
Seat 4: BelSv (big blind) showed [Ks 3s] and won ($29.50) with three of a kind, Tens
Seat 6: Chessnok (button) (small blind) mucked


