PokerStars Hand #155954023817:  Hold'em Limit ($3/$6 USD) - 2016/07/14 8:23:14 ET
Table 'Pictor II' 6-max Seat #3 is the button
Seat 3: Mustafatyrk ($253.34 in chips)
Seat 4: VolkovDmitri ($120 in chips)
Mustafatyrk: posts small blind $1
VolkovDmitri: posts big blind $3
*** HOLE CARDS ***
Mustafatyrk: raises $3 to $6
VolkovDmitri: calls $3
*** FLOP *** [Kc 6d 5s]
VolkovDmitri: checks
Mustafatyrk: bets $3
VolkovDmitri: calls $3
*** TURN *** [Kc 6d 5s] [4c]
VolkovDmitri: checks
Mustafatyrk: bets $6
VolkovDmitri: folds
Uncalled bet ($6) returned to Mustafatyrk
Mustafatyrk collected $17.64 from pot
Mustafatyrk: doesn't show hand
*** SUMMARY ***
Total pot $18 | Rake $0.36
Board [Kc 6d 5s 4c]
Seat 3: Mustafatyrk (button) (small blind) collected ($17.64)
Seat 4: VolkovDmitri (big blind) folded on the Turn


PokerStars Hand #155954032464:  Hold'em Limit ($3/$6 USD) - 2016/07/14 8:23:34 ET
Table 'Pictor II' 6-max Seat #4 is the button
Seat 3: Mustafatyrk ($261.98 in chips)
Seat 4: VolkovDmitri ($120 in chips)
VolkovDmitri: posts small blind $1
Mustafatyrk: posts big blind $3
*** HOLE CARDS ***
VolkovDmitri: raises $3 to $6
Mustafatyrk: raises $3 to $9
VolkovDmitri: calls $3
*** FLOP *** [Jh 2s Qs]
Mustafatyrk: bets $3
VolkovDmitri: raises $3 to $6
Mustafatyrk: raises $3 to $9
VolkovDmitri: calls $3
*** TURN *** [Jh 2s Qs] [4c]
Mustafatyrk: bets $6
VolkovDmitri: calls $6
*** RIVER *** [Jh 2s Qs 4c] [3d]
Mustafatyrk: bets $6
VolkovDmitri: calls $6
*** SHOW DOWN ***
Mustafatyrk: shows [Tc Qh] (a pair of Queens)
VolkovDmitri: shows [Ts Qc] (a pair of Queens)
Mustafatyrk collected $29.75 from pot
VolkovDmitri collected $29.75 from pot
*** SUMMARY ***
Total pot $60 | Rake $0.50
Board [Jh 2s Qs 4c 3d]
Seat 3: Mustafatyrk (big blind) showed [Tc Qh] and won ($29.75) with a pair of Queens
Seat 4: VolkovDmitri (button) (small blind) showed [Ts Qc] and won ($29.75) with a pair of Queens


PokerStars Hand #155954044781:  Hold'em Limit ($3/$6 USD) - 2016/07/14 8:24:01 ET
Table 'Pictor II' 6-max Seat #3 is the button
Seat 3: Mustafatyrk ($261.73 in chips)
Seat 4: VolkovDmitri ($120 in chips)
Mustafatyrk: posts small blind $1
VolkovDmitri: posts big blind $3
*** HOLE CARDS ***
Mustafatyrk: raises $3 to $6
VolkovDmitri: calls $3
*** FLOP *** [Kh 4s 9h]
VolkovDmitri: checks
Mustafatyrk: bets $3
VolkovDmitri: raises $3 to $6
Mustafatyrk: folds
Uncalled bet ($3) returned to VolkovDmitri
VolkovDmitri collected $17.64 from pot
VolkovDmitri: doesn't show hand
*** SUMMARY ***
Total pot $18 | Rake $0.36
Board [Kh 4s 9h]
Seat 3: Mustafatyrk (button) (small blind) folded on the Flop
Seat 4: VolkovDmitri (big blind) collected ($17.64)


PokerStars Hand #155954063703:  Hold'em Limit ($3/$6 USD) - 2016/07/14 8:24:43 ET
Table 'Pictor II' 6-max Seat #3 is the button
Seat 3: Mustafatyrk ($261.37 in chips)
Seat 4: VolkovDmitri ($120 in chips)
Mustafatyrk: posts small blind $1
VolkovDmitri: posts big blind $3
*** HOLE CARDS ***
Mustafatyrk: raises $3 to $6
VolkovDmitri: raises $3 to $9
Mustafatyrk: calls $3
*** FLOP *** [Ad 2s Jd]
VolkovDmitri: bets $3
Mustafatyrk: folds
Uncalled bet ($3) returned to VolkovDmitri
VolkovDmitri collected $17.64 from pot
VolkovDmitri: doesn't show hand
*** SUMMARY ***
Total pot $18 | Rake $0.36
Board [Ad 2s Jd]
Seat 3: Mustafatyrk (button) (small blind) folded on the Flop
Seat 4: VolkovDmitri (big blind) collected ($17.64)


PokerStars Hand #155954085155:  Hold'em Limit ($3/$6 USD) - 2016/07/14 8:25:31 ET
Table 'Pictor II' 6-max Seat #3 is the button
Seat 3: Mustafatyrk ($234.37 in chips)
Seat 4: VolkovDmitri ($146.14 in chips)
Mustafatyrk: posts small blind $1
VolkovDmitri: posts big blind $3
*** HOLE CARDS ***
Mustafatyrk: folds
Uncalled bet ($2) returned to VolkovDmitri
VolkovDmitri collected $2 from pot
VolkovDmitri: doesn't show hand
*** SUMMARY ***
Total pot $2 | Rake $0
Seat 3: Mustafatyrk (button) (small blind) folded before Flop
Seat 4: VolkovDmitri (big blind) collected ($2)


PokerStars Hand #155954074941:  Hold'em Limit ($3/$6 USD) - 2016/07/14 8:25:08 ET
Table 'Pictor II' 6-max Seat #4 is the button
Seat 3: Mustafatyrk ($252.37 in chips)
Seat 4: VolkovDmitri ($128.64 in chips)
VolkovDmitri: posts small blind $1
Mustafatyrk: posts big blind $3
*** HOLE CARDS ***
VolkovDmitri: raises $3 to $6
Mustafatyrk: calls $3
*** FLOP *** [7c 8d 9s]
Mustafatyrk: checks
VolkovDmitri: checks
*** TURN *** [7c 8d 9s] [7s]
Mustafatyrk: bets $6
VolkovDmitri: calls $6
*** RIVER *** [7c 8d 9s 7s] [4h]
Mustafatyrk: bets $6
VolkovDmitri: calls $6
*** SHOW DOWN ***
Mustafatyrk: shows [Jh 2c] (a pair of Sevens)
VolkovDmitri: shows [Ks 4d] (two pair, Sevens and Fours)
VolkovDmitri collected $35.50 from pot
*** SUMMARY ***
Total pot $36 | Rake $0.50
Board [7c 8d 9s 7s 4h]
Seat 3: Mustafatyrk (big blind) showed [Jh 2c] and lost with a pair of Sevens
Seat 4: VolkovDmitri (button) (small blind) showed [Ks 4d] and won ($35.50) with two pair, Sevens and Fours


PokerStars Hand #155954051509:  Hold'em Limit ($3/$6 USD) - 2016/07/14 8:24:16 ET
Table 'Pictor II' 6-max Seat #4 is the button
Seat 3: Mustafatyrk ($252.73 in chips)
Seat 4: VolkovDmitri ($128.64 in chips)
VolkovDmitri: posts small blind $1
Mustafatyrk: posts big blind $3
*** HOLE CARDS ***
VolkovDmitri: raises $3 to $6
Mustafatyrk: calls $3
*** FLOP *** [Qh 2h 9s]
Mustafatyrk: checks
VolkovDmitri: bets $3
Mustafatyrk: calls $3
*** TURN *** [Qh 2h 9s] [Jd]
Mustafatyrk: checks
VolkovDmitri: checks
*** RIVER *** [Qh 2h 9s Jd] [Kd]
Mustafatyrk: checks
VolkovDmitri: checks
*** SHOW DOWN ***
Mustafatyrk: shows [2c Js] (two pair, Jacks and Deuces)
VolkovDmitri: mucks hand
Mustafatyrk collected $17.64 from pot
*** SUMMARY ***
Total pot $18 | Rake $0.36
Board [Qh 2h 9s Jd Kd]
Seat 3: Mustafatyrk (big blind) showed [2c Js] and won ($17.64) with two pair, Jacks and Deuces
Seat 4: VolkovDmitri (button) (small blind) mucked


PokerStars Hand #155954087246:  Hold'em Limit ($3/$6 USD) - 2016/07/14 8:25:35 ET
Table 'Pictor II' 6-max Seat #4 is the button
Seat 3: Mustafatyrk ($233.37 in chips)
Seat 4: VolkovDmitri ($147.14 in chips)
VolkovDmitri: posts small blind $1
Mustafatyrk: posts big blind $3
*** HOLE CARDS ***
VolkovDmitri: raises $3 to $6
Mustafatyrk: calls $3
*** FLOP *** [5c 3h 4d]
Mustafatyrk: checks
VolkovDmitri: checks
*** TURN *** [5c 3h 4d] [Tc]
Mustafatyrk: bets $6
VolkovDmitri: calls $6
*** RIVER *** [5c 3h 4d Tc] [Kh]
Mustafatyrk: bets $6
VolkovDmitri: raises $6 to $12
Mustafatyrk: calls $6
*** SHOW DOWN ***
VolkovDmitri: shows [2c Ks] (a pair of Kings)
Mustafatyrk: mucks hand
VolkovDmitri collected $47.50 from pot
*** SUMMARY ***
Total pot $48 | Rake $0.50
Board [5c 3h 4d Tc Kh]
Seat 3: Mustafatyrk (big blind) mucked
Seat 4: VolkovDmitri (button) (small blind) showed [2c Ks] and won ($47.50) with a pair of Kings


PokerStars Hand #155954097365:  Hold'em Limit ($3/$6 USD) - 2016/07/14 8:25:58 ET
Table 'Pictor II' 6-max Seat #3 is the button
Seat 3: Mustafatyrk ($209.37 in chips)
Seat 4: VolkovDmitri ($170.64 in chips)
Mustafatyrk: posts small blind $1
VolkovDmitri: posts big blind $3
*** HOLE CARDS ***
Mustafatyrk: raises $3 to $6
VolkovDmitri: folds
Uncalled bet ($3) returned to Mustafatyrk
Mustafatyrk collected $6 from pot
Mustafatyrk: doesn't show hand
*** SUMMARY ***
Total pot $6 | Rake $0
Seat 3: Mustafatyrk (button) (small blind) collected ($6)
Seat 4: VolkovDmitri (big blind) folded before Flop


PokerStars Hand #155954113439:  Hold'em Limit ($3/$6 USD) - 2016/07/14 8:26:33 ET
Table 'Pictor II' 6-max Seat #3 is the button
Seat 3: Mustafatyrk ($238.87 in chips)
Seat 5: Murrrr_@T ($100 in chips)
Mustafatyrk: posts small blind $1
Murrrr_@T: posts big blind $3
*** HOLE CARDS ***
Mustafatyrk: raises $3 to $6
Murrrr_@T: folds
Uncalled bet ($3) returned to Mustafatyrk
VolkovDmitri leaves the table
Mustafatyrk collected $6 from pot
Mustafatyrk: doesn't show hand
*** SUMMARY ***
Total pot $6 | Rake $0
Seat 3: Mustafatyrk (button) (small blind) collected ($6)
Seat 5: Murrrr_@T (big blind) folded before Flop


PokerStars Hand #155954101217:  Hold'em Limit ($3/$6 USD) - 2016/07/14 8:26:06 ET
Table 'Pictor II' 6-max Seat #4 is the button
Seat 3: Mustafatyrk ($212.37 in chips)
Seat 4: VolkovDmitri ($167.64 in chips)
VolkovDmitri: posts small blind $1
Mustafatyrk: posts big blind $3
*** HOLE CARDS ***
VolkovDmitri: raises $3 to $6
Mustafatyrk: raises $3 to $9
Murrrr_@T joins the table at seat #5
VolkovDmitri: raises $3 to $12
Betting is capped
Mustafatyrk: calls $3
*** FLOP *** [7d 2s 3s]
Mustafatyrk: checks
VolkovDmitri: bets $3
Mustafatyrk: calls $3
*** TURN *** [7d 2s 3s] [9h]
Mustafatyrk: checks
VolkovDmitri: bets $6
Mustafatyrk: raises $6 to $12
VolkovDmitri: calls $6
*** RIVER *** [7d 2s 3s 9h] [8d]
Mustafatyrk: bets $6
VolkovDmitri: folds
Uncalled bet ($6) returned to Mustafatyrk
Mustafatyrk collected $53.50 from pot
Mustafatyrk: doesn't show hand
*** SUMMARY ***
Total pot $54 | Rake $0.50
Board [7d 2s 3s 9h 8d]
Seat 3: Mustafatyrk (big blind) collected ($53.50)
Seat 4: VolkovDmitri (button) (small blind) folded on the River


PokerStars Hand #155954120323:  Hold'em Limit ($3/$6 USD) - 2016/07/14 8:26:48 ET
Table 'Pictor II' 6-max Seat #3 is the button
Seat 3: Mustafatyrk ($235.87 in chips)
Seat 5: Murrrr_@T ($102.76 in chips)
Mustafatyrk: posts small blind $1
Murrrr_@T: posts big blind $3
*** HOLE CARDS ***
Mustafatyrk: folds
Uncalled bet ($2) returned to Murrrr_@T
Murrrr_@T collected $2 from pot
Murrrr_@T: doesn't show hand
*** SUMMARY ***
Total pot $2 | Rake $0
Seat 3: Mustafatyrk (button) (small blind) folded before Flop
Seat 5: Murrrr_@T (big blind) collected ($2)


PokerStars Hand #155954115987:  Hold'em Limit ($3/$6 USD) - 2016/07/14 8:26:38 ET
Table 'Pictor II' 6-max Seat #5 is the button
Seat 3: Mustafatyrk ($241.87 in chips)
Seat 5: Murrrr_@T ($97 in chips)
Murrrr_@T: posts small blind $1
Mustafatyrk: posts big blind $3
*** HOLE CARDS ***
Murrrr_@T: raises $3 to $6
Mustafatyrk: calls $3
*** FLOP *** [8c 2c 3c]
Mustafatyrk: checks
Murrrr_@T: bets $3
Mustafatyrk: folds
Uncalled bet ($3) returned to Murrrr_@T
Murrrr_@T collected $11.76 from pot
Murrrr_@T: doesn't show hand
*** SUMMARY ***
Total pot $12 | Rake $0.24
Board [8c 2c 3c]
Seat 3: Mustafatyrk (big blind) folded on the Flop
Seat 5: Murrrr_@T (button) (small blind) collected ($11.76)


PokerStars Hand #155954122554:  Hold'em Limit ($3/$6 USD) - 2016/07/14 8:26:53 ET
Table 'Pictor II' 6-max Seat #5 is the button
Seat 3: Mustafatyrk ($234.87 in chips)
Seat 5: Murrrr_@T ($103.76 in chips)
Murrrr_@T: posts small blind $1
Mustafatyrk: posts big blind $3
*** HOLE CARDS ***
Murrrr_@T: raises $3 to $6
Mustafatyrk: raises $3 to $9
Murrrr_@T: calls $3
*** FLOP *** [6d Kd 7d]
Mustafatyrk: bets $3
Murrrr_@T: calls $3
*** TURN *** [6d Kd 7d] [Qs]
Mustafatyrk: bets $6
Murrrr_@T: calls $6
*** RIVER *** [6d Kd 7d Qs] [Th]
Mustafatyrk: checks
Murrrr_@T: bets $6
Mustafatyrk: calls $6
*** SHOW DOWN ***
Murrrr_@T: shows [Tc 6s] (two pair, Tens and Sixes)
Mustafatyrk: mucks hand
Murrrr_@T collected $47.50 from pot
*** SUMMARY ***
Total pot $48 | Rake $0.50
Board [6d Kd 7d Qs Th]
Seat 3: Mustafatyrk (big blind) mucked
Seat 5: Murrrr_@T (button) (small blind) showed [Tc 6s] and won ($47.50) with two pair, Tens and Sixes


PokerStars Hand #155954154788:  Hold'em Limit ($3/$6 USD) - 2016/07/14 8:28:03 ET
Table 'Pictor II' 6-max Seat #3 is the button
Seat 3: Mustafatyrk ($199.87 in chips)
Seat 5: Murrrr_@T ($137.78 in chips)
Mustafatyrk: posts small blind $1
Murrrr_@T: posts big blind $3
*** HOLE CARDS ***
Mustafatyrk: folds
Uncalled bet ($2) returned to Murrrr_@T
Murrrr_@T collected $2 from pot
Murrrr_@T: doesn't show hand
*** SUMMARY ***
Total pot $2 | Rake $0
Seat 3: Mustafatyrk (button) (small blind) folded before Flop
Seat 5: Murrrr_@T (big blind) collected ($2)


PokerStars Hand #155954152356:  Hold'em Limit ($3/$6 USD) - 2016/07/14 8:27:58 ET
Table 'Pictor II' 6-max Seat #5 is the button
Seat 3: Mustafatyrk ($198.87 in chips)
Seat 5: Murrrr_@T ($138.78 in chips)
Murrrr_@T: posts small blind $1
Mustafatyrk: posts big blind $3
*** HOLE CARDS ***
Murrrr_@T: folds
Uncalled bet ($2) returned to Mustafatyrk
Mustafatyrk collected $2 from pot
Mustafatyrk: doesn't show hand
*** SUMMARY ***
Total pot $2 | Rake $0
Seat 3: Mustafatyrk (big blind) collected ($2)
Seat 5: Murrrr_@T (button) (small blind) folded before Flop


PokerStars Hand #155954142859:  Hold'em Limit ($3/$6 USD) - 2016/07/14 8:27:37 ET
Table 'Pictor II' 6-max Seat #3 is the button
Seat 3: Mustafatyrk ($210.87 in chips)
Seat 5: Murrrr_@T ($127.26 in chips)
Mustafatyrk: posts small blind $1
Murrrr_@T: posts big blind $3
*** HOLE CARDS ***
Mustafatyrk: raises $3 to $6
Murrrr_@T: calls $3
*** FLOP *** [7s 7c 8c]
Murrrr_@T: checks
Mustafatyrk: bets $3
Murrrr_@T: raises $3 to $6
Mustafatyrk: calls $3
*** TURN *** [7s 7c 8c] [2h]
Murrrr_@T: bets $6
Mustafatyrk: folds
Uncalled bet ($6) returned to Murrrr_@T
Murrrr_@T collected $23.52 from pot
Murrrr_@T: doesn't show hand
*** SUMMARY ***
Total pot $24 | Rake $0.48
Board [7s 7c 8c 2h]
Seat 3: Mustafatyrk (button) (small blind) folded on the Turn
Seat 5: Murrrr_@T (big blind) collected ($23.52)


PokerStars Hand #155954192802:  Hold'em Limit ($3/$6 USD) - 2016/07/14 8:29:26 ET
Table 'Pictor II' 6-max Seat #5 is the button
Seat 3: Mustafatyrk ($198.39 in chips)
Seat 5: Murrrr_@T ($138.18 in chips)
Murrrr_@T: posts small blind $1
Mustafatyrk: posts big blind $3
*** HOLE CARDS ***
Murrrr_@T: folds
Uncalled bet ($2) returned to Mustafatyrk
Mustafatyrk collected $2 from pot
Mustafatyrk: doesn't show hand
*** SUMMARY ***
Total pot $2 | Rake $0
Seat 3: Mustafatyrk (big blind) collected ($2)
Seat 5: Murrrr_@T (button) (small blind) folded before Flop


PokerStars Hand #155954186209:  Hold'em Limit ($3/$6 USD) - 2016/07/14 8:29:12 ET
Table 'Pictor II' 6-max Seat #3 is the button
Seat 3: Mustafatyrk ($207.39 in chips)
Seat 5: Murrrr_@T ($129.54 in chips)
Mustafatyrk: posts small blind $1
Murrrr_@T: posts big blind $3
*** HOLE CARDS ***
Mustafatyrk: raises $3 to $6
Murrrr_@T: calls $3
*** FLOP *** [4c Jh Qd]
Murrrr_@T: checks
Mustafatyrk: bets $3
Murrrr_@T: raises $3 to $6
Mustafatyrk: folds
Uncalled bet ($3) returned to Murrrr_@T
Murrrr_@T collected $17.64 from pot
Murrrr_@T: doesn't show hand
*** SUMMARY ***
Total pot $18 | Rake $0.36
Board [4c Jh Qd]
Seat 3: Mustafatyrk (button) (small blind) folded on the Flop
Seat 5: Murrrr_@T (big blind) collected ($17.64)


PokerStars Hand #155954180632:  Hold'em Limit ($3/$6 USD) - 2016/07/14 8:29:00 ET
Table 'Pictor II' 6-max Seat #5 is the button
Seat 3: Mustafatyrk ($213.39 in chips)
Seat 5: Murrrr_@T ($123.78 in chips)
Murrrr_@T: posts small blind $1
Mustafatyrk: posts big blind $3
*** HOLE CARDS ***
Murrrr_@T: raises $3 to $6
Mustafatyrk: calls $3
*** FLOP *** [Kh Js As]
Mustafatyrk: checks
Murrrr_@T: bets $3
Mustafatyrk: folds
Uncalled bet ($3) returned to Murrrr_@T
Murrrr_@T collected $11.76 from pot
Murrrr_@T: doesn't show hand
*** SUMMARY ***
Total pot $12 | Rake $0.24
Board [Kh Js As]
Seat 3: Mustafatyrk (big blind) folded on the Flop
Seat 5: Murrrr_@T (button) (small blind) collected ($11.76)


PokerStars Hand #155954174891:  Hold'em Limit ($3/$6 USD) - 2016/07/14 8:28:47 ET
Table 'Pictor II' 6-max Seat #3 is the button
Seat 3: Mustafatyrk ($210.39 in chips)
Seat 5: Murrrr_@T ($126.78 in chips)
Mustafatyrk: posts small blind $1
Murrrr_@T: posts big blind $3
*** HOLE CARDS ***
Mustafatyrk: raises $3 to $6
Murrrr_@T: folds
Uncalled bet ($3) returned to Mustafatyrk
Mustafatyrk collected $6 from pot
Mustafatyrk: doesn't show hand
*** SUMMARY ***
Total pot $6 | Rake $0
Seat 3: Mustafatyrk (button) (small blind) collected ($6)
Seat 5: Murrrr_@T (big blind) folded before Flop


PokerStars Hand #155954156871:  Hold'em Limit ($3/$6 USD) - 2016/07/14 8:28:08 ET
Table 'Pictor II' 6-max Seat #5 is the button
Seat 3: Mustafatyrk ($198.87 in chips)
Seat 5: Murrrr_@T ($138.78 in chips)
Murrrr_@T: posts small blind $1
Mustafatyrk: posts big blind $3
*** HOLE CARDS ***
Murrrr_@T: raises $3 to $6
Mustafatyrk: raises $3 to $9
Murrrr_@T: calls $3
*** FLOP *** [3d 6s Kc]
Mustafatyrk: bets $3
Murrrr_@T: calls $3
*** TURN *** [3d 6s Kc] [5d]
Mustafatyrk: checks
Murrrr_@T: checks
*** RIVER *** [3d 6s Kc 5d] [4h]
Mustafatyrk: checks
Murrrr_@T: checks
*** SHOW DOWN ***
Mustafatyrk: shows [Qd As] (high card Ace)
Murrrr_@T: mucks hand
Mustafatyrk collected $23.52 from pot
*** SUMMARY ***
Total pot $24 | Rake $0.48
Board [3d 6s Kc 5d 4h]
Seat 3: Mustafatyrk (big blind) showed [Qd As] and won ($23.52) with high card Ace
Seat 5: Murrrr_@T (button) (small blind) mucked


PokerStars Hand #155954194802:  Hold'em Limit ($3/$6 USD) - 2016/07/14 8:29:30 ET
Table 'Pictor II' 6-max Seat #3 is the button
Seat 3: Mustafatyrk ($199.39 in chips)
Seat 5: Murrrr_@T ($137.18 in chips)
Mustafatyrk: posts small blind $1
Murrrr_@T: posts big blind $3
*** HOLE CARDS ***
Mustafatyrk: folds
Uncalled bet ($2) returned to Murrrr_@T
Murrrr_@T collected $2 from pot
Murrrr_@T: doesn't show hand
*** SUMMARY ***
Total pot $2 | Rake $0
Seat 3: Mustafatyrk (button) (small blind) folded before Flop
Seat 5: Murrrr_@T (big blind) collected ($2)


PokerStars Hand #155954196898:  Hold'em Limit ($3/$6 USD) - 2016/07/14 8:29:35 ET
Table 'Pictor II' 6-max Seat #5 is the button
Seat 3: Mustafatyrk ($198.39 in chips)
Seat 5: Murrrr_@T ($138.18 in chips)
Murrrr_@T: posts small blind $1
Mustafatyrk: posts big blind $3
*** HOLE CARDS ***
Murrrr_@T: raises $3 to $6
Mustafatyrk: calls $3
*** FLOP *** [Ac Qc 2s]
Mustafatyrk: checks
Murrrr_@T: bets $3
B_loJkl joins the table at seat #4
Mustafatyrk: calls $3
*** TURN *** [Ac Qc 2s] [8s]
Mustafatyrk: checks
Murrrr_@T: bets $6
Mustafatyrk: folds
Uncalled bet ($6) returned to Murrrr_@T
Murrrr_@T collected $17.64 from pot
Murrrr_@T: doesn't show hand
*** SUMMARY ***
Total pot $18 | Rake $0.36
Board [Ac Qc 2s 8s]
Seat 3: Mustafatyrk (big blind) folded on the Turn
Seat 5: Murrrr_@T (button) (small blind) collected ($17.64)


