PokerStars Hand #173999199597:  Hold'em Limit ($3/$6 USD) - 2017/08/06 13:47:49 ET
Table 'Pieksamaki' 6-max Seat #5 is the button
Seat 3: yarisRS ($122.39 in chips)
Seat 5: GoliafUa ($122.88 in chips)
GoliafUa: posts small blind $1
yarisRS: posts big blind $3
*** HOLE CARDS ***
rascal_319 joins the table at seat #6
GoliafUa: folds
Uncalled bet ($2) returned to yarisRS
yarisRS collected $2 from pot
yarisRS: doesn't show hand
*** SUMMARY ***
Total pot $2 | Rake $0
Seat 3: yarisRS (big blind) collected ($2)
Seat 5: GoliafUa (button) (small blind) folded before Flop


PokerStars Hand #173999190256:  Hold'em Limit ($3/$6 USD) - 2017/08/06 13:47:37 ET
Table 'Pieksamaki' 6-max Seat #3 is the button
Seat 3: yarisRS ($125.39 in chips)
Seat 5: GoliafUa ($120 in chips)
yarisRS: posts small blind $1
GoliafUa: posts big blind $3
*** HOLE CARDS ***
yarisRS: calls $2
GoliafUa: checks
*** FLOP *** [8c Kh Kd]
GoliafUa: checks
yarisRS: checks
*** TURN *** [8c Kh Kd] [Ts]
GoliafUa: bets $6
yarisRS: folds
Uncalled bet ($6) returned to GoliafUa
GoliafUa collected $5.88 from pot
GoliafUa: doesn't show hand
*** SUMMARY ***
Total pot $6 | Rake $0.12
Board [8c Kh Kd Ts]
Seat 3: yarisRS (button) (small blind) folded on the Turn
Seat 5: GoliafUa (big blind) collected ($5.88)


PokerStars Hand #173999186646:  Hold'em Limit ($3/$6 USD) - 2017/08/06 13:47:33 ET
Table 'Pieksamaki' 6-max Seat #5 is the button
Seat 3: yarisRS ($124.39 in chips)
Seat 5: GoliafUa ($120 in chips)
GoliafUa: posts small blind $1
yarisRS: posts big blind $3
*** HOLE CARDS ***
GoliafUa: folds
Uncalled bet ($2) returned to yarisRS
yarisRS collected $2 from pot
yarisRS: doesn't show hand
*** SUMMARY ***
Total pot $2 | Rake $0
Seat 3: yarisRS (big blind) collected ($2)
Seat 5: GoliafUa (button) (small blind) folded before Flop


PokerStars Hand #173999180343:  Hold'em Limit ($3/$6 USD) - 2017/08/06 13:47:25 ET
Table 'Pieksamaki' 6-max Seat #3 is the button
Seat 3: yarisRS ($121.39 in chips)
Seat 5: GoliafUa ($120 in chips)
yarisRS: posts small blind $1
GoliafUa: posts big blind $3
*** HOLE CARDS ***
yarisRS: raises $3 to $6
GoliafUa: folds
Uncalled bet ($3) returned to yarisRS
yarisRS collected $6 from pot
yarisRS: doesn't show hand
*** SUMMARY ***
Total pot $6 | Rake $0
Seat 3: yarisRS (button) (small blind) collected ($6)
Seat 5: GoliafUa (big blind) folded before Flop


PokerStars Hand #173999176594:  Hold'em Limit ($3/$6 USD) - 2017/08/06 13:47:20 ET
Table 'Pieksamaki' 6-max Seat #5 is the button
Seat 3: yarisRS ($120.39 in chips)
Seat 5: GoliafUa ($120 in chips)
GoliafUa: posts small blind $1
yarisRS: posts big blind $3
*** HOLE CARDS ***
GoliafUa: folds
Uncalled bet ($2) returned to yarisRS
yarisRS collected $2 from pot
yarisRS: doesn't show hand
*** SUMMARY ***
Total pot $2 | Rake $0
Seat 3: yarisRS (big blind) collected ($2)
Seat 5: GoliafUa (button) (small blind) folded before Flop


PokerStars Hand #173999160888:  Hold'em Limit ($3/$6 USD) - 2017/08/06 13:47:00 ET
Table 'Pieksamaki' 6-max Seat #3 is the button
Seat 3: yarisRS ($117.51 in chips)
Seat 5: GoliafUa ($120 in chips)
yarisRS: posts small blind $1
GoliafUa: posts big blind $3
*** HOLE CARDS ***
yarisRS: calls $2
GoliafUa: checks
*** FLOP *** [Qh Ac 6h]
GoliafUa: checks
yarisRS: checks
*** TURN *** [Qh Ac 6h] [5h]
GoliafUa: checks
yarisRS: bets $6
GoliafUa: folds
Uncalled bet ($6) returned to yarisRS
yarisRS collected $5.88 from pot
yarisRS: doesn't show hand
*** SUMMARY ***
Total pot $6 | Rake $0.12
Board [Qh Ac 6h 5h]
Seat 3: yarisRS (button) (small blind) collected ($5.88)
Seat 5: GoliafUa (big blind) folded on the Turn


PokerStars Hand #173999225236:  Hold'em Limit ($3/$6 USD) - 2017/08/06 13:48:21 ET
Table 'Pieksamaki' 6-max Seat #3 is the button
Seat 3: yarisRS ($117.39 in chips)
Seat 5: GoliafUa ($127.76 in chips)
yarisRS: posts small blind $1
GoliafUa: posts big blind $3
*** HOLE CARDS ***
yarisRS: folds
Uncalled bet ($2) returned to GoliafUa
GoliafUa collected $2 from pot
GoliafUa: doesn't show hand
yarisRS leaves the table
*** SUMMARY ***
Total pot $2 | Rake $0
Seat 3: yarisRS (button) (small blind) folded before Flop
Seat 5: GoliafUa (big blind) collected ($2)


PokerStars Hand #173999218161:  Hold'em Limit ($3/$6 USD) - 2017/08/06 13:48:12 ET
Table 'Pieksamaki' 6-max Seat #5 is the button
Seat 3: yarisRS ($120.39 in chips)
Seat 5: GoliafUa ($124.76 in chips)
GoliafUa: posts small blind $1
yarisRS: posts big blind $3
*** HOLE CARDS ***
GoliafUa: raises $3 to $6
yarisRS: folds
Uncalled bet ($3) returned to GoliafUa
GoliafUa collected $6 from pot
GoliafUa: doesn't show hand
*** SUMMARY ***
Total pot $6 | Rake $0
Seat 3: yarisRS (big blind) folded before Flop
Seat 5: GoliafUa (button) (small blind) collected ($6)


PokerStars Hand #173999203421:  Hold'em Limit ($3/$6 USD) - 2017/08/06 13:47:54 ET
Table 'Pieksamaki' 6-max Seat #3 is the button
Seat 3: yarisRS ($123.39 in chips)
Seat 5: GoliafUa ($121.88 in chips)
yarisRS: posts small blind $1
GoliafUa: posts big blind $3
*** HOLE CARDS ***
yarisRS: calls $2
GoliafUa: checks
*** FLOP *** [3d 4d 5h]
GoliafUa: checks
yarisRS: checks
*** TURN *** [3d 4d 5h] [Jc]
GoliafUa: checks
yarisRS: checks
*** RIVER *** [3d 4d 5h Jc] [6d]
GoliafUa: bets $6
yarisRS: folds
Uncalled bet ($6) returned to GoliafUa
GoliafUa collected $5.88 from pot
GoliafUa: doesn't show hand
*** SUMMARY ***
Total pot $6 | Rake $0.12
Board [3d 4d 5h Jc 6d]
Seat 3: yarisRS (button) (small blind) folded on the River
Seat 5: GoliafUa (big blind) collected ($5.88)


