PokerStars Hand #162722606426:  Hold'em Limit ($3/$6 USD) - 2016/12/10 12:26:17 ET
Table 'Pieksamaki' 6-max Seat #1 is the button
Seat 1: hasky156 ($102.18 in chips)
Seat 4: Zubrik AnD ($112.13 in chips)
hasky156: posts small blind $1
Zubrik AnD: posts big blind $3
*** HOLE CARDS ***
hasky156: raises $3 to $6
Zubrik AnD: calls $3
*** FLOP *** [9h Kd 2d]
Zubrik AnD: bets $3
hasky156: calls $3
*** TURN *** [9h Kd 2d] [Td]
Zubrik AnD: bets $6
hasky156: calls $6
*** RIVER *** [9h Kd 2d Td] [3s]
Zubrik AnD: bets $6
hasky156: calls $6
*** SHOW DOWN ***
Zubrik AnD: shows [Qs Th] (a pair of Tens)
hasky156: mucks hand
Zubrik AnD collected $41.50 from pot
*** SUMMARY ***
Total pot $42 | Rake $0.50
Board [9h Kd 2d Td 3s]
Seat 1: hasky156 (button) (small blind) mucked
Seat 4: Zubrik AnD (big blind) showed [Qs Th] and won ($41.50) with a pair of Tens


PokerStars Hand #162722601198:  Hold'em Limit ($3/$6 USD) - 2016/12/10 12:26:11 ET
Table 'Pieksamaki' 6-max Seat #4 is the button
Seat 1: hasky156 ($105.18 in chips)
Seat 4: Zubrik AnD ($109.13 in chips)
Zubrik AnD: posts small blind $1
hasky156: posts big blind $3
*** HOLE CARDS ***
Zubrik AnD: raises $3 to $6
hasky156: folds
Uncalled bet ($3) returned to Zubrik AnD
Zubrik AnD collected $6 from pot
Zubrik AnD: doesn't show hand
*** SUMMARY ***
Total pot $6 | Rake $0
Seat 1: hasky156 (big blind) folded before Flop
Seat 4: Zubrik AnD (button) (small blind) collected ($6)


PokerStars Hand #162722596959:  Hold'em Limit ($3/$6 USD) - 2016/12/10 12:26:06 ET
Table 'Pieksamaki' 6-max Seat #1 is the button
Seat 1: hasky156 ($106.18 in chips)
Seat 4: Zubrik AnD ($108.13 in chips)
hasky156: posts small blind $1
Zubrik AnD: posts big blind $3
*** HOLE CARDS ***
hasky156: folds
Uncalled bet ($2) returned to Zubrik AnD
Zubrik AnD collected $2 from pot
Zubrik AnD: doesn't show hand
*** SUMMARY ***
Total pot $2 | Rake $0
Seat 1: hasky156 (button) (small blind) folded before Flop
Seat 4: Zubrik AnD (big blind) collected ($2)


PokerStars Hand #162722583163:  Hold'em Limit ($3/$6 USD) - 2016/12/10 12:25:51 ET
Table 'Pieksamaki' 6-max Seat #4 is the button
Seat 1: hasky156 ($118.18 in chips)
Seat 4: Zubrik AnD ($96.61 in chips)
Zubrik AnD: posts small blind $1
hasky156: posts big blind $3
*** HOLE CARDS ***
mowinmo leaves the table
Zubrik AnD: raises $3 to $6
hasky156: calls $3
*** FLOP *** [8s 9d 7s]
RockKillerTY leaves the table
hasky156: bets $3
Zubrik AnD: raises $3 to $6
hasky156: calls $3
*** TURN *** [8s 9d 7s] [2h]
hasky156: checks
Zubrik AnD: checks
*** RIVER *** [8s 9d 7s 2h] [8c]
hasky156: checks
Zubrik AnD: checks
*** SHOW DOWN ***
hasky156: shows [6h 6c] (two pair, Eights and Sixes)
Zubrik AnD: shows [7c Qd] (two pair, Eights and Sevens)
Zubrik AnD collected $23.52 from pot
*** SUMMARY ***
Total pot $24 | Rake $0.48
Board [8s 9d 7s 2h 8c]
Seat 1: hasky156 (big blind) showed [6h 6c] and lost with two pair, Eights and Sixes
Seat 4: Zubrik AnD (button) (small blind) showed [7c Qd] and won ($23.52) with two pair, Eights and Sevens


PokerStars Hand #162722654850:  Hold'em Limit ($3/$6 USD) - 2016/12/10 12:27:11 ET
Table 'Pieksamaki' 6-max Seat #1 is the button
Seat 1: hasky156 ($72.18 in chips)
Seat 4: Zubrik AnD ($141.27 in chips)
hasky156: posts small blind $1
Zubrik AnD: posts big blind $3
*** HOLE CARDS ***
hasky156: folds
Uncalled bet ($2) returned to Zubrik AnD
Zubrik AnD collected $2 from pot
Zubrik AnD: doesn't show hand
*** SUMMARY ***
Total pot $2 | Rake $0
Seat 1: hasky156 (button) (small blind) folded before Flop
Seat 4: Zubrik AnD (big blind) collected ($2)


PokerStars Hand #162722650788:  Hold'em Limit ($3/$6 USD) - 2016/12/10 12:27:07 ET
Table 'Pieksamaki' 6-max Seat #4 is the button
Seat 1: hasky156 ($71.18 in chips)
Seat 4: Zubrik AnD ($142.27 in chips)
Zubrik AnD: posts small blind $1
hasky156: posts big blind $3
*** HOLE CARDS ***
Zubrik AnD: folds
Uncalled bet ($2) returned to hasky156
hasky156 collected $2 from pot
*** SUMMARY ***
Total pot $2 | Rake $0
Seat 1: hasky156 (big blind) collected ($2)
Seat 4: Zubrik AnD (button) (small blind) folded before Flop


PokerStars Hand #162722645960:  Hold'em Limit ($3/$6 USD) - 2016/12/10 12:27:01 ET
Table 'Pieksamaki' 6-max Seat #1 is the button
Seat 1: hasky156 ($72.18 in chips)
Seat 4: Zubrik AnD ($141.27 in chips)
hasky156: posts small blind $1
Zubrik AnD: posts big blind $3
*** HOLE CARDS ***
hasky156: folds
Uncalled bet ($2) returned to Zubrik AnD
Zubrik AnD collected $2 from pot
Zubrik AnD: doesn't show hand
*** SUMMARY ***
Total pot $2 | Rake $0
Seat 1: hasky156 (button) (small blind) folded before Flop
Seat 4: Zubrik AnD (big blind) collected ($2)


PokerStars Hand #162722641897:  Hold'em Limit ($3/$6 USD) - 2016/12/10 12:26:57 ET
Table 'Pieksamaki' 6-max Seat #4 is the button
Seat 1: hasky156 ($71.18 in chips)
Seat 4: Zubrik AnD ($142.27 in chips)
Zubrik AnD: posts small blind $1
hasky156: posts big blind $3
*** HOLE CARDS ***
Zubrik AnD: folds
Uncalled bet ($2) returned to hasky156
hasky156 collected $2 from pot
*** SUMMARY ***
Total pot $2 | Rake $0
Seat 1: hasky156 (big blind) collected ($2)
Seat 4: Zubrik AnD (button) (small blind) folded before Flop


PokerStars Hand #162722637743:  Hold'em Limit ($3/$6 USD) - 2016/12/10 12:26:52 ET
Table 'Pieksamaki' 6-max Seat #1 is the button
Seat 1: hasky156 ($72.18 in chips)
Seat 4: Zubrik AnD ($141.27 in chips)
hasky156: posts small blind $1
Zubrik AnD: posts big blind $3
*** HOLE CARDS ***
hasky156: folds
Uncalled bet ($2) returned to Zubrik AnD
Zubrik AnD collected $2 from pot
Zubrik AnD: doesn't show hand
*** SUMMARY ***
Total pot $2 | Rake $0
Seat 1: hasky156 (button) (small blind) folded before Flop
Seat 4: Zubrik AnD (big blind) collected ($2)


PokerStars Hand #162722624462:  Hold'em Limit ($3/$6 USD) - 2016/12/10 12:26:37 ET
Table 'Pieksamaki' 6-max Seat #4 is the button
Seat 1: hasky156 ($81.18 in chips)
Seat 4: Zubrik AnD ($132.63 in chips)
Zubrik AnD: posts small blind $1
hasky156: posts big blind $3
*** HOLE CARDS ***
Zubrik AnD: raises $3 to $6
hasky156: calls $3
*** FLOP *** [As 6s Ks]
hasky156: checks
Zubrik AnD: bets $3
hasky156: calls $3
*** TURN *** [As 6s Ks] [3c]
hasky156: checks
Zubrik AnD: checks
*** RIVER *** [As 6s Ks 3c] [Kh]
hasky156: checks
Zubrik AnD: checks
*** SHOW DOWN ***
hasky156: shows [Js Tc] (a pair of Kings)
Zubrik AnD: shows [4d 4s] (two pair, Kings and Fours)
Zubrik AnD collected $17.64 from pot
*** SUMMARY ***
Total pot $18 | Rake $0.36
Board [As 6s Ks 3c Kh]
Seat 1: hasky156 (big blind) showed [Js Tc] and lost with a pair of Kings
Seat 4: Zubrik AnD (button) (small blind) showed [4d 4s] and won ($17.64) with two pair, Kings and Fours


PokerStars Hand #162722658939:  Hold'em Limit ($3/$6 USD) - 2016/12/10 12:27:16 ET
Table 'Pieksamaki' 6-max Seat #4 is the button
Seat 1: hasky156 ($71.18 in chips)
Seat 4: Zubrik AnD ($142.27 in chips)
Zubrik AnD: posts small blind $1
hasky156: posts big blind $3
*** HOLE CARDS ***
Zubrik AnD: raises $3 to $6
hasky156: calls $3
*** FLOP *** [Th 7s 8s]
hasky156: checks
Zubrik AnD: bets $3
hasky156: calls $3
*** TURN *** [Th 7s 8s] [5s]
hasky156: checks
Zubrik AnD: checks
*** RIVER *** [Th 7s 8s 5s] [7h]
hasky156: checks
Zubrik AnD: checks
*** SHOW DOWN ***
hasky156: shows [4c 4h] (two pair, Sevens and Fours)
Zubrik AnD: mucks hand
hasky156 collected $17.64 from pot
*** SUMMARY ***
Total pot $18 | Rake $0.36
Board [Th 7s 8s 5s 7h]
Seat 1: hasky156 (big blind) showed [4c 4h] and won ($17.64) with two pair, Sevens and Fours
Seat 4: Zubrik AnD (button) (small blind) mucked


PokerStars Hand #162722698062:  Hold'em Limit ($3/$6 USD) - 2016/12/10 12:28:00 ET
Table 'Pieksamaki' 6-max Seat #4 is the button
Seat 1: hasky156 ($85.58 in chips)
Seat 4: Zubrik AnD ($127.27 in chips)
Zubrik AnD: posts small blind $1
hasky156: posts big blind $3
*** HOLE CARDS ***
Zubrik AnD: raises $3 to $6
hasky156: calls $3
*** FLOP *** [Ts 3s Qc]
hasky156: checks
Zubrik AnD: bets $3
hasky156: calls $3
*** TURN *** [Ts 3s Qc] [Ac]
hasky156: checks
Zubrik AnD: checks
*** RIVER *** [Ts 3s Qc Ac] [5h]
hasky156: checks
Zubrik AnD: bets $6
hasky156: folds
Uncalled bet ($6) returned to Zubrik AnD
Zubrik AnD collected $17.64 from pot
Zubrik AnD: doesn't show hand
*** SUMMARY ***
Total pot $18 | Rake $0.36
Board [Ts 3s Qc Ac 5h]
Seat 1: hasky156 (big blind) folded on the River
Seat 4: Zubrik AnD (button) (small blind) collected ($17.64)


PokerStars Hand #162722686460:  Hold'em Limit ($3/$6 USD) - 2016/12/10 12:27:47 ET
Table 'Pieksamaki' 6-max Seat #1 is the button
Seat 1: hasky156 ($79.82 in chips)
Seat 4: Zubrik AnD ($133.27 in chips)
hasky156: posts small blind $1
Zubrik AnD: posts big blind $3
*** HOLE CARDS ***
hasky156: raises $3 to $6
Zubrik AnD: calls $3
*** FLOP *** [5s Th Td]
Zubrik AnD: checks
hasky156: bets $3
Zubrik AnD: folds
Uncalled bet ($3) returned to hasky156
hasky156 collected $11.76 from pot
*** SUMMARY ***
Total pot $12 | Rake $0.24
Board [5s Th Td]
Seat 1: hasky156 (button) (small blind) collected ($11.76)
Seat 4: Zubrik AnD (big blind) folded on the Flop


PokerStars Hand #162722681336:  Hold'em Limit ($3/$6 USD) - 2016/12/10 12:27:42 ET
Table 'Pieksamaki' 6-max Seat #4 is the button
Seat 1: hasky156 ($78.82 in chips)
Seat 4: Zubrik AnD ($134.27 in chips)
Zubrik AnD: posts small blind $1
hasky156: posts big blind $3
*** HOLE CARDS ***
Zubrik AnD: folds
Uncalled bet ($2) returned to hasky156
hasky156 collected $2 from pot
*** SUMMARY ***
Total pot $2 | Rake $0
Seat 1: hasky156 (big blind) collected ($2)
Seat 4: Zubrik AnD (button) (small blind) folded before Flop


PokerStars Hand #162722677070:  Hold'em Limit ($3/$6 USD) - 2016/12/10 12:27:37 ET
Table 'Pieksamaki' 6-max Seat #1 is the button
Seat 1: hasky156 ($79.82 in chips)
Seat 4: Zubrik AnD ($133.27 in chips)
hasky156: posts small blind $1
Zubrik AnD: posts big blind $3
*** HOLE CARDS ***
hasky156: folds
Uncalled bet ($2) returned to Zubrik AnD
Zubrik AnD collected $2 from pot
Zubrik AnD: doesn't show hand
*** SUMMARY ***
Total pot $2 | Rake $0
Seat 1: hasky156 (button) (small blind) folded before Flop
Seat 4: Zubrik AnD (big blind) collected ($2)


PokerStars Hand #162722771760:  Hold'em Limit ($3/$6 USD) - 2016/12/10 12:29:24 ET
Table 'Pieksamaki' 6-max Seat #1 is the button
Seat 1: hasky156 ($82.84 in chips)
Seat 4: Zubrik AnD ($128.41 in chips)
hasky156: posts small blind $1
Zubrik AnD: posts big blind $3
*** HOLE CARDS ***
hasky156: folds
Uncalled bet ($2) returned to Zubrik AnD
Zubrik AnD collected $2 from pot
Zubrik AnD: doesn't show hand
*** SUMMARY ***
Total pot $2 | Rake $0
Seat 1: hasky156 (button) (small blind) folded before Flop
Seat 4: Zubrik AnD (big blind) collected ($2)


PokerStars Hand #162722767486:  Hold'em Limit ($3/$6 USD) - 2016/12/10 12:29:19 ET
Table 'Pieksamaki' 6-max Seat #4 is the button
Seat 1: hasky156 ($81.84 in chips)
Seat 4: Zubrik AnD ($129.41 in chips)
Zubrik AnD: posts small blind $1
hasky156: posts big blind $3
*** HOLE CARDS ***
Zubrik AnD: folds
Uncalled bet ($2) returned to hasky156
hasky156 collected $2 from pot
*** SUMMARY ***
Total pot $2 | Rake $0
Seat 1: hasky156 (big blind) collected ($2)
Seat 4: Zubrik AnD (button) (small blind) folded before Flop


PokerStars Hand #162722763057:  Hold'em Limit ($3/$6 USD) - 2016/12/10 12:29:14 ET
Table 'Pieksamaki' 6-max Seat #1 is the button
Seat 1: hasky156 ($82.84 in chips)
Seat 4: Zubrik AnD ($128.41 in chips)
hasky156: posts small blind $1
Zubrik AnD: posts big blind $3
*** HOLE CARDS ***
hasky156: folds
Uncalled bet ($2) returned to Zubrik AnD
Zubrik AnD collected $2 from pot
Zubrik AnD: doesn't show hand
*** SUMMARY ***
Total pot $2 | Rake $0
Seat 1: hasky156 (button) (small blind) folded before Flop
Seat 4: Zubrik AnD (big blind) collected ($2)


PokerStars Hand #162722759229:  Hold'em Limit ($3/$6 USD) - 2016/12/10 12:29:10 ET
Table 'Pieksamaki' 6-max Seat #4 is the button
Seat 1: hasky156 ($81.84 in chips)
Seat 4: Zubrik AnD ($129.41 in chips)
Zubrik AnD: posts small blind $1
hasky156: posts big blind $3
*** HOLE CARDS ***
Zubrik AnD: folds
Uncalled bet ($2) returned to hasky156
hasky156 collected $2 from pot
*** SUMMARY ***
Total pot $2 | Rake $0
Seat 1: hasky156 (big blind) collected ($2)
Seat 4: Zubrik AnD (button) (small blind) folded before Flop


PokerStars Hand #162722743814:  Hold'em Limit ($3/$6 USD) - 2016/12/10 12:28:52 ET
Table 'Pieksamaki' 6-max Seat #1 is the button
Seat 1: hasky156 ($52.34 in chips)
Seat 4: Zubrik AnD ($159.41 in chips)
hasky156: posts small blind $1
Zubrik AnD: posts big blind $3
*** HOLE CARDS ***
hasky156: calls $2
Zubrik AnD: checks
*** FLOP *** [7c 5s 8c]
Zubrik AnD: checks
hasky156: bets $3
Zubrik AnD: calls $3
*** TURN *** [7c 5s 8c] [4s]
Zubrik AnD: checks
hasky156: bets $6
Zubrik AnD: raises $6 to $12
hasky156: calls $6
*** RIVER *** [7c 5s 8c 4s] [Kc]
Zubrik AnD: bets $6
hasky156: raises $6 to $12
Zubrik AnD: calls $6
*** SHOW DOWN ***
hasky156: shows [Kd 8s] (two pair, Kings and Eights)
Zubrik AnD: mucks hand
hasky156 collected $59.50 from pot
*** SUMMARY ***
Total pot $60 | Rake $0.50
Board [7c 5s 8c 4s Kc]
Seat 1: hasky156 (button) (small blind) showed [Kd 8s] and won ($59.50) with two pair, Kings and Eights
Seat 4: Zubrik AnD (big blind) mucked


PokerStars Hand #162722735329:  Hold'em Limit ($3/$6 USD) - 2016/12/10 12:28:43 ET
Table 'Pieksamaki' 6-max Seat #4 is the button
Seat 1: hasky156 ($46.58 in chips)
Seat 4: Zubrik AnD ($165.41 in chips)
Zubrik AnD: posts small blind $1
hasky156: posts big blind $3
*** HOLE CARDS ***
Zubrik AnD: raises $3 to $6
hasky156: calls $3
*** FLOP *** [Jh 4h Ah]
hasky156: bets $3
Zubrik AnD: folds
Uncalled bet ($3) returned to hasky156
hasky156 collected $11.76 from pot
*** SUMMARY ***
Total pot $12 | Rake $0.24
Board [Jh 4h Ah]
Seat 1: hasky156 (big blind) collected ($11.76)
Seat 4: Zubrik AnD (button) (small blind) folded on the Flop


PokerStars Hand #162722720747:  Hold'em Limit ($3/$6 USD) - 2016/12/10 12:28:27 ET
Table 'Pieksamaki' 6-max Seat #1 is the button
Seat 1: hasky156 ($76.58 in chips)
Seat 4: Zubrik AnD ($135.91 in chips)
hasky156: posts small blind $1
Zubrik AnD: posts big blind $3
*** HOLE CARDS ***
hasky156: raises $3 to $6
Zubrik AnD: raises $3 to $9
hasky156: calls $3
*** FLOP *** [Ac Qh 8c]
Zubrik AnD: bets $3
hasky156: calls $3
*** TURN *** [Ac Qh 8c] [Js]
Zubrik AnD: checks
hasky156: bets $6
Zubrik AnD: raises $6 to $12
hasky156: calls $6
*** RIVER *** [Ac Qh 8c Js] [7d]
Zubrik AnD: bets $6
hasky156: calls $6
*** SHOW DOWN ***
Zubrik AnD: shows [Qd Ad] (two pair, Aces and Queens)
hasky156: mucks hand
Zubrik AnD collected $59.50 from pot
*** SUMMARY ***
Total pot $60 | Rake $0.50
Board [Ac Qh 8c Js 7d]
Seat 1: hasky156 (button) (small blind) mucked
Seat 4: Zubrik AnD (big blind) showed [Qd Ad] and won ($59.50) with two pair, Aces and Queens


PokerStars Hand #162722780844:  Hold'em Limit ($3/$6 USD) - 2016/12/10 12:29:35 ET
Table 'Pieksamaki' 6-max Seat #1 is the button
Seat 1: hasky156 ($82.84 in chips)
Seat 4: Zubrik AnD ($128.41 in chips)
hasky156: posts small blind $1
Zubrik AnD: posts big blind $3
*** HOLE CARDS ***
hasky156: folds
Uncalled bet ($2) returned to Zubrik AnD
Zubrik AnD collected $2 from pot
Zubrik AnD: doesn't show hand
*** SUMMARY ***
Total pot $2 | Rake $0
Seat 1: hasky156 (button) (small blind) folded before Flop
Seat 4: Zubrik AnD (big blind) collected ($2)


PokerStars Hand #162722776031:  Hold'em Limit ($3/$6 USD) - 2016/12/10 12:29:29 ET
Table 'Pieksamaki' 6-max Seat #4 is the button
Seat 1: hasky156 ($81.84 in chips)
Seat 4: Zubrik AnD ($129.41 in chips)
Zubrik AnD: posts small blind $1
hasky156: posts big blind $3
*** HOLE CARDS ***
Zubrik AnD: folds
Uncalled bet ($2) returned to hasky156
hasky156 collected $2 from pot
*** SUMMARY ***
Total pot $2 | Rake $0
Seat 1: hasky156 (big blind) collected ($2)
Seat 4: Zubrik AnD (button) (small blind) folded before Flop


PokerStars Hand #162722817165:  Hold'em Limit ($3/$6 USD) - 2016/12/10 12:30:17 ET
Table 'Pieksamaki' 6-max Seat #4 is the button
Seat 1: hasky156 ($74.84 in chips)
Seat 4: Zubrik AnD ($136.17 in chips)
Zubrik AnD: posts small blind $1
hasky156: posts big blind $3
*** HOLE CARDS ***
Zubrik AnD: folds
Uncalled bet ($2) returned to hasky156
hasky156 collected $2 from pot
*** SUMMARY ***
Total pot $2 | Rake $0
Seat 1: hasky156 (big blind) collected ($2)
Seat 4: Zubrik AnD (button) (small blind) folded before Flop


PokerStars Hand #162722813003:  Hold'em Limit ($3/$6 USD) - 2016/12/10 12:30:12 ET
Table 'Pieksamaki' 6-max Seat #1 is the button
Seat 1: hasky156 ($75.84 in chips)
Seat 4: Zubrik AnD ($135.17 in chips)
hasky156: posts small blind $1
Zubrik AnD: posts big blind $3
*** HOLE CARDS ***
hasky156: folds
Uncalled bet ($2) returned to Zubrik AnD
Zubrik AnD collected $2 from pot
Zubrik AnD: doesn't show hand
*** SUMMARY ***
Total pot $2 | Rake $0
Seat 1: hasky156 (button) (small blind) folded before Flop
Seat 4: Zubrik AnD (big blind) collected ($2)


PokerStars Hand #162722801949:  Hold'em Limit ($3/$6 USD) - 2016/12/10 12:30:00 ET
Table 'Pieksamaki' 6-max Seat #4 is the button
Seat 1: hasky156 ($81.84 in chips)
Seat 4: Zubrik AnD ($129.41 in chips)
Zubrik AnD: posts small blind $1
hasky156: posts big blind $3
*** HOLE CARDS ***
Zubrik AnD: raises $3 to $6
hasky156: calls $3
*** FLOP *** [Ah 2d Qc]
hasky156: checks
Zubrik AnD: bets $3
hasky156: folds
Uncalled bet ($3) returned to Zubrik AnD
Zubrik AnD collected $11.76 from pot
Zubrik AnD: doesn't show hand
*** SUMMARY ***
Total pot $12 | Rake $0.24
Board [Ah 2d Qc]
Seat 1: hasky156 (big blind) folded on the Flop
Seat 4: Zubrik AnD (button) (small blind) collected ($11.76)


PokerStars Hand #162722836558:  Hold'em Limit ($3/$6 USD) - 2016/12/10 12:30:36 ET
Table 'Pieksamaki' 6-max Seat #4 is the button
Seat 1: hasky156 ($81.60 in chips)
Seat 4: Zubrik AnD ($129.17 in chips)
Zubrik AnD: posts small blind $1
hasky156: posts big blind $3
*** HOLE CARDS ***
Zubrik AnD: raises $3 to $6
hasky156: folds
Uncalled bet ($3) returned to Zubrik AnD
Zubrik AnD collected $6 from pot
Zubrik AnD: doesn't show hand
*** SUMMARY ***
Total pot $6 | Rake $0
Seat 1: hasky156 (big blind) folded before Flop
Seat 4: Zubrik AnD (button) (small blind) collected ($6)


PokerStars Hand #162722821175:  Hold'em Limit ($3/$6 USD) - 2016/12/10 12:30:22 ET
Table 'Pieksamaki' 6-max Seat #1 is the button
Seat 1: hasky156 ($75.84 in chips)
Seat 4: Zubrik AnD ($135.17 in chips)
hasky156: posts small blind $1
Zubrik AnD: posts big blind $3
*** HOLE CARDS ***
hasky156: raises $3 to $6
Zubrik AnD: calls $3
*** FLOP *** [Th 3h 2d]
Zubrik AnD: checks
hasky156: bets $3
Zubrik AnD: folds
Uncalled bet ($3) returned to hasky156
hasky156 collected $11.76 from pot
*** SUMMARY ***
Total pot $12 | Rake $0.24
Board [Th 3h 2d]
Seat 1: hasky156 (button) (small blind) collected ($11.76)
Seat 4: Zubrik AnD (big blind) folded on the Flop


PokerStars Hand #162722796896:  Hold'em Limit ($3/$6 USD) - 2016/12/10 12:29:55 ET
Table 'Pieksamaki' 6-max Seat #1 is the button
Seat 1: hasky156 ($82.84 in chips)
Seat 4: Zubrik AnD ($128.41 in chips)
hasky156: posts small blind $1
Zubrik AnD: posts big blind $3
*** HOLE CARDS ***
hasky156: folds
Uncalled bet ($2) returned to Zubrik AnD
Zubrik AnD collected $2 from pot
Zubrik AnD: doesn't show hand
*** SUMMARY ***
Total pot $2 | Rake $0
Seat 1: hasky156 (button) (small blind) folded before Flop
Seat 4: Zubrik AnD (big blind) collected ($2)


PokerStars Hand #162722792685:  Hold'em Limit ($3/$6 USD) - 2016/12/10 12:29:50 ET
Table 'Pieksamaki' 6-max Seat #4 is the button
Seat 1: hasky156 ($81.84 in chips)
Seat 4: Zubrik AnD ($129.41 in chips)
Zubrik AnD: posts small blind $1
hasky156: posts big blind $3
*** HOLE CARDS ***
Zubrik AnD: folds
Uncalled bet ($2) returned to hasky156
hasky156 collected $2 from pot
*** SUMMARY ***
Total pot $2 | Rake $0
Seat 1: hasky156 (big blind) collected ($2)
Seat 4: Zubrik AnD (button) (small blind) folded before Flop


PokerStars Hand #162722788841:  Hold'em Limit ($3/$6 USD) - 2016/12/10 12:29:45 ET
Table 'Pieksamaki' 6-max Seat #1 is the button
Seat 1: hasky156 ($82.84 in chips)
Seat 4: Zubrik AnD ($128.41 in chips)
hasky156: posts small blind $1
Zubrik AnD: posts big blind $3
*** HOLE CARDS ***
hasky156: folds
Uncalled bet ($2) returned to Zubrik AnD
Zubrik AnD collected $2 from pot
Zubrik AnD: doesn't show hand
*** SUMMARY ***
Total pot $2 | Rake $0
Seat 1: hasky156 (button) (small blind) folded before Flop
Seat 4: Zubrik AnD (big blind) collected ($2)


PokerStars Hand #162722785062:  Hold'em Limit ($3/$6 USD) - 2016/12/10 12:29:41 ET
Table 'Pieksamaki' 6-max Seat #4 is the button
Seat 1: hasky156 ($81.84 in chips)
Seat 4: Zubrik AnD ($129.41 in chips)
Zubrik AnD: posts small blind $1
hasky156: posts big blind $3
*** HOLE CARDS ***
Zubrik AnD: folds
Uncalled bet ($2) returned to hasky156
hasky156 collected $2 from pot
*** SUMMARY ***
Total pot $2 | Rake $0
Seat 1: hasky156 (big blind) collected ($2)
Seat 4: Zubrik AnD (button) (small blind) folded before Flop


PokerStars Hand #162722874781:  Hold'em Limit ($3/$6 USD) - 2016/12/10 12:31:19 ET
Table 'Pieksamaki' 6-max Seat #4 is the button
Seat 1: hasky156 ($88 in chips)
Seat 4: Zubrik AnD ($122.17 in chips)
Zubrik AnD: posts small blind $1
hasky156: posts big blind $3
*** HOLE CARDS ***
Zubrik AnD: folds
Uncalled bet ($2) returned to hasky156
hasky156 collected $2 from pot
*** SUMMARY ***
Total pot $2 | Rake $0
Seat 1: hasky156 (big blind) collected ($2)
Seat 4: Zubrik AnD (button) (small blind) folded before Flop


PokerStars Hand #162722860841:  Hold'em Limit ($3/$6 USD) - 2016/12/10 12:31:03 ET
Table 'Pieksamaki' 6-max Seat #1 is the button
Seat 1: hasky156 ($79.36 in chips)
Seat 4: Zubrik AnD ($131.17 in chips)
hasky156: posts small blind $1
Zubrik AnD: posts big blind $3
*** HOLE CARDS ***
hasky156: calls $2
Zubrik AnD: checks
*** FLOP *** [Ks 5c Qh]
Zubrik AnD: checks
hasky156: checks
*** TURN *** [Ks 5c Qh] [Kc]
Zubrik AnD: bets $6
hasky156: calls $6
*** RIVER *** [Ks 5c Qh Kc] [6d]
Zubrik AnD: checks
hasky156: checks
*** SHOW DOWN ***
Zubrik AnD: shows [Jc 4c] (a pair of Kings)
hasky156: shows [7c 6c] (two pair, Kings and Sixes)
hasky156 collected $17.64 from pot
*** SUMMARY ***
Total pot $18 | Rake $0.36
Board [Ks 5c Qh Kc 6d]
Seat 1: hasky156 (button) (small blind) showed [7c 6c] and won ($17.64) with two pair, Kings and Sixes
Seat 4: Zubrik AnD (big blind) showed [Jc 4c] and lost with a pair of Kings


PokerStars Hand #162722852650:  Hold'em Limit ($3/$6 USD) - 2016/12/10 12:30:54 ET
Table 'Pieksamaki' 6-max Seat #4 is the button
Seat 1: hasky156 ($73.60 in chips)
Seat 4: Zubrik AnD ($137.17 in chips)
Zubrik AnD: posts small blind $1
hasky156: posts big blind $3
*** HOLE CARDS ***
Zubrik AnD: raises $3 to $6
hasky156: calls $3
*** FLOP *** [Jd 3c Qc]
hasky156: bets $3
Zubrik AnD: folds
Uncalled bet ($3) returned to hasky156
hasky156 collected $11.76 from pot
*** SUMMARY ***
Total pot $12 | Rake $0.24
Board [Jd 3c Qc]
Seat 1: hasky156 (big blind) collected ($11.76)
Seat 4: Zubrik AnD (button) (small blind) folded on the Flop


PokerStars Hand #162722848622:  Hold'em Limit ($3/$6 USD) - 2016/12/10 12:30:49 ET
Table 'Pieksamaki' 6-max Seat #1 is the button
Seat 1: hasky156 ($74.60 in chips)
Seat 4: Zubrik AnD ($136.17 in chips)
hasky156: posts small blind $1
Zubrik AnD: posts big blind $3
*** HOLE CARDS ***
hasky156: folds
Uncalled bet ($2) returned to Zubrik AnD
Zubrik AnD collected $2 from pot
Zubrik AnD: doesn't show hand
*** SUMMARY ***
Total pot $2 | Rake $0
Seat 1: hasky156 (button) (small blind) folded before Flop
Seat 4: Zubrik AnD (big blind) collected ($2)


PokerStars Hand #162722844596:  Hold'em Limit ($3/$6 USD) - 2016/12/10 12:30:45 ET
Table 'Pieksamaki' 6-max Seat #4 is the button
Seat 1: hasky156 ($77.60 in chips)
Seat 4: Zubrik AnD ($133.17 in chips)
Zubrik AnD: posts small blind $1
hasky156: posts big blind $3
*** HOLE CARDS ***
Zubrik AnD: raises $3 to $6
hasky156: folds
Uncalled bet ($3) returned to Zubrik AnD
Zubrik AnD collected $6 from pot
Zubrik AnD: doesn't show hand
*** SUMMARY ***
Total pot $6 | Rake $0
Seat 1: hasky156 (big blind) folded before Flop
Seat 4: Zubrik AnD (button) (small blind) collected ($6)


PokerStars Hand #162722840821:  Hold'em Limit ($3/$6 USD) - 2016/12/10 12:30:40 ET
Table 'Pieksamaki' 6-max Seat #1 is the button
Seat 1: hasky156 ($78.60 in chips)
Seat 4: Zubrik AnD ($132.17 in chips)
hasky156: posts small blind $1
Zubrik AnD: posts big blind $3
*** HOLE CARDS ***
hasky156: folds
Uncalled bet ($2) returned to Zubrik AnD
Zubrik AnD collected $2 from pot
Zubrik AnD: doesn't show hand
*** SUMMARY ***
Total pot $2 | Rake $0
Seat 1: hasky156 (button) (small blind) folded before Flop
Seat 4: Zubrik AnD (big blind) collected ($2)


PokerStars Hand #162722891434:  Hold'em Limit ($3/$6 USD) - 2016/12/10 12:31:36 ET
Table 'Pieksamaki' 6-max Seat #1 is the button
Seat 1: hasky156 ($89 in chips)
Seat 4: Zubrik AnD ($121.17 in chips)
hasky156: posts small blind $1
Zubrik AnD: posts big blind $3
*** HOLE CARDS ***
hasky156: folds
Uncalled bet ($2) returned to Zubrik AnD
Zubrik AnD collected $2 from pot
Zubrik AnD: doesn't show hand
*** SUMMARY ***
Total pot $2 | Rake $0
Seat 1: hasky156 (button) (small blind) folded before Flop
Seat 4: Zubrik AnD (big blind) collected ($2)


PokerStars Hand #162722887055:  Hold'em Limit ($3/$6 USD) - 2016/12/10 12:31:32 ET
Table 'Pieksamaki' 6-max Seat #4 is the button
Seat 1: hasky156 ($88 in chips)
Seat 4: Zubrik AnD ($122.17 in chips)
Zubrik AnD: posts small blind $1
hasky156: posts big blind $3
*** HOLE CARDS ***
Zubrik AnD: folds
Uncalled bet ($2) returned to hasky156
hasky156 collected $2 from pot
*** SUMMARY ***
Total pot $2 | Rake $0
Seat 1: hasky156 (big blind) collected ($2)
Seat 4: Zubrik AnD (button) (small blind) folded before Flop


PokerStars Hand #162722878977:  Hold'em Limit ($3/$6 USD) - 2016/12/10 12:31:23 ET
Table 'Pieksamaki' 6-max Seat #1 is the button
Seat 1: hasky156 ($89 in chips)
Seat 4: Zubrik AnD ($121.17 in chips)
hasky156: posts small blind $1
Zubrik AnD: posts big blind $3
*** HOLE CARDS ***
hasky156: folds
Uncalled bet ($2) returned to Zubrik AnD
Zubrik AnD collected $2 from pot
Zubrik AnD: doesn't show hand
*** SUMMARY ***
Total pot $2 | Rake $0
Seat 1: hasky156 (button) (small blind) folded before Flop
Seat 4: Zubrik AnD (big blind) collected ($2)


PokerStars Hand #162722895852:  Hold'em Limit ($3/$6 USD) - 2016/12/10 12:31:41 ET
Table 'Pieksamaki' 6-max Seat #4 is the button
Seat 1: hasky156 ($88 in chips)
Seat 4: Zubrik AnD ($122.17 in chips)
Zubrik AnD: posts small blind $1
hasky156: posts big blind $3
*** HOLE CARDS ***
Zubrik AnD: folds
Uncalled bet ($2) returned to hasky156
hasky156 collected $2 from pot
*** SUMMARY ***
Total pot $2 | Rake $0
Seat 1: hasky156 (big blind) collected ($2)
Seat 4: Zubrik AnD (button) (small blind) folded before Flop


PokerStars Hand #162722906768:  Hold'em Limit ($3/$6 USD) - 2016/12/10 12:31:52 ET
Table 'Pieksamaki' 6-max Seat #4 is the button
Seat 1: hasky156 ($88 in chips)
Seat 4: Zubrik AnD ($122.17 in chips)
Zubrik AnD: posts small blind $1
hasky156: posts big blind $3
*** HOLE CARDS ***
Zubrik AnD: raises $3 to $6
hasky156: folds
Uncalled bet ($3) returned to Zubrik AnD
Zubrik AnD collected $6 from pot
Zubrik AnD: doesn't show hand
*** SUMMARY ***
Total pot $6 | Rake $0
Seat 1: hasky156 (big blind) folded before Flop
Seat 4: Zubrik AnD (button) (small blind) collected ($6)


PokerStars Hand #162722900672:  Hold'em Limit ($3/$6 USD) - 2016/12/10 12:31:46 ET
Table 'Pieksamaki' 6-max Seat #1 is the button
Seat 1: hasky156 ($89 in chips)
Seat 4: Zubrik AnD ($121.17 in chips)
hasky156: posts small blind $1
Zubrik AnD: posts big blind $3
*** HOLE CARDS ***
hasky156: folds
Uncalled bet ($2) returned to Zubrik AnD
Zubrik AnD collected $2 from pot
Zubrik AnD: doesn't show hand
*** SUMMARY ***
Total pot $2 | Rake $0
Seat 1: hasky156 (button) (small blind) folded before Flop
Seat 4: Zubrik AnD (big blind) collected ($2)


PokerStars Hand #162722915264:  Hold'em Limit ($3/$6 USD) - 2016/12/10 12:32:01 ET
Table 'Pieksamaki' 6-max Seat #1 is the button
Seat 1: hasky156 ($85 in chips)
Seat 4: Zubrik AnD ($125.17 in chips)
hasky156: posts small blind $1
Zubrik AnD: posts big blind $3
*** HOLE CARDS ***
hasky156: folds
Uncalled bet ($2) returned to Zubrik AnD
Zubrik AnD collected $2 from pot
Zubrik AnD: doesn't show hand
*** SUMMARY ***
Total pot $2 | Rake $0
Seat 1: hasky156 (button) (small blind) folded before Flop
Seat 4: Zubrik AnD (big blind) collected ($2)


