PokerStars Hand #166871962127:  Hold'em Limit ($3/$6 USD) - 2017/02/27 16:55:35 ET
Table 'Pierretta II' 6-max Seat #2 is the button
Seat 2: xBAPBAPx ($180.61 in chips)
Seat 6: Pfuenph ($84.11 in chips)
xBAPBAPx: posts small blind $1
Great_Kang: is sitting out
zxkz: is sitting out
Pfuenph: posts big blind $3
*** HOLE CARDS ***
xBAPBAPx: raises $3 to $6
zxkz leaves the table
laapin leaves the table
Pfuenph: calls $3
*** FLOP *** [Ac 8c 4c]
Pfuenph: checks
xBAPBAPx: bets $3
Pfuenph: folds
Uncalled bet ($3) returned to xBAPBAPx
xBAPBAPx collected $11.76 from pot
*** SUMMARY ***
Total pot $12 | Rake $0.24
Board [Ac 8c 4c]
Seat 2: xBAPBAPx (button) (small blind) collected ($11.76)
Seat 6: Pfuenph (big blind) folded on the Flop


PokerStars Hand #166871973741:  Hold'em Limit ($3/$6 USD) - 2017/02/27 16:55:51 ET
Table 'Pierretta II' 6-max Seat #6 is the button
Seat 2: xBAPBAPx ($186.37 in chips)
Seat 6: Pfuenph ($78.11 in chips)
Pfuenph: posts small blind $1
xBAPBAPx: posts big blind $3
*** HOLE CARDS ***
Pfuenph: folds
Uncalled bet ($2) returned to xBAPBAPx
nimzon joins the table at seat #5
xBAPBAPx collected $2 from pot
_fayzulllo_ joins the table at seat #3
*** SUMMARY ***
Total pot $2 | Rake $0
Seat 2: xBAPBAPx (big blind) collected ($2)
Seat 6: Pfuenph (button) (small blind) folded before Flop


