PokerStars Hand #169837516198:  Hold'em Limit ($3/$6 USD) - 2017/05/01 22:04:54 ET
Table 'Pierretta' 6-max Seat #5 is the button
Seat 5: TinaTurner72 ($190.40 in chips)
Seat 6: keni3917 ($105 in chips)
TinaTurner72: posts small blind $1
keni3917: posts big blind $3
*** HOLE CARDS ***
TinaTurner72: raises $3 to $6
keni3917: raises $3 to $9
TinaTurner72: calls $3
*** FLOP *** [4s Ts Td]
keni3917: bets $3
TinaTurner72: calls $3
*** TURN *** [4s Ts Td] [Ad]
keni3917: bets $6
TinaTurner72: calls $6
*** RIVER *** [4s Ts Td Ad] [5h]
keni3917: bets $6
TinaTurner72: calls $6
*** SHOW DOWN ***
keni3917: shows [Jc 9s] (a pair of Tens)
TinaTurner72: shows [Qh Kc] (a pair of Tens - Ace+King kicker)
TinaTurner72 collected $47.50 from pot
*** SUMMARY ***
Total pot $48 | Rake $0.50
Board [4s Ts Td Ad 5h]
Seat 5: TinaTurner72 (button) (small blind) showed [Qh Kc] and won ($47.50) with a pair of Tens
Seat 6: keni3917 (big blind) showed [Jc 9s] and lost with a pair of Tens


PokerStars Hand #169837510325:  Hold'em Limit ($3/$6 USD) - 2017/05/01 22:04:38 ET
Table 'Pierretta' 6-max Seat #6 is the button
Seat 5: TinaTurner72 ($181.76 in chips)
Seat 6: keni3917 ($114 in chips)
keni3917: posts small blind $1
TinaTurner72: posts big blind $3
*** HOLE CARDS ***
keni3917: raises $3 to $6
TinaTurner72: raises $3 to $9
keni3917: calls $3
*** FLOP *** [As 2s 9c]
TinaTurner72: bets $3
keni3917: folds
Uncalled bet ($3) returned to TinaTurner72
TinaTurner72 collected $17.64 from pot
TinaTurner72: doesn't show hand
*** SUMMARY ***
Total pot $18 | Rake $0.36
Board [As 2s 9c]
Seat 5: TinaTurner72 (big blind) collected ($17.64)
Seat 6: keni3917 (button) (small blind) folded on the Flop


PokerStars Hand #169837502252:  Hold'em Limit ($3/$6 USD) - 2017/05/01 22:04:16 ET
Table 'Pierretta' 6-max Seat #5 is the button
Seat 5: TinaTurner72 ($176 in chips)
Seat 6: keni3917 ($120 in chips)
TinaTurner72: posts small blind $1
keni3917: posts big blind $3
*** HOLE CARDS ***
TinaTurner72: raises $3 to $6
keni3917: calls $3
*** FLOP *** [4h Jh 7c]
keni3917: checks
TinaTurner72: bets $3
keni3917: folds
Uncalled bet ($3) returned to TinaTurner72
TinaTurner72 collected $11.76 from pot
TinaTurner72: doesn't show hand
*** SUMMARY ***
Total pot $12 | Rake $0.24
Board [4h Jh 7c]
Seat 5: TinaTurner72 (button) (small blind) collected ($11.76)
Seat 6: keni3917 (big blind) folded on the Flop


PokerStars Hand #169837545489:  Hold'em Limit ($3/$6 USD) - 2017/05/01 22:06:16 ET
Table 'Pierretta' 6-max Seat #6 is the button
Seat 5: TinaTurner72 ($231.40 in chips)
Seat 6: keni3917 ($62.76 in chips)
keni3917: posts small blind $1
TinaTurner72: posts big blind $3
*** HOLE CARDS ***
keni3917: folds
Uncalled bet ($2) returned to TinaTurner72
TinaTurner72 collected $2 from pot
TinaTurner72: doesn't show hand
*** SUMMARY ***
Total pot $2 | Rake $0
Seat 5: TinaTurner72 (big blind) collected ($2)
Seat 6: keni3917 (button) (small blind) folded before Flop


PokerStars Hand #169837535953:  Hold'em Limit ($3/$6 USD) - 2017/05/01 22:05:49 ET
Table 'Pierretta' 6-max Seat #5 is the button
Seat 5: TinaTurner72 ($207.90 in chips)
Seat 6: keni3917 ($86.76 in chips)
TinaTurner72: posts small blind $1
keni3917: posts big blind $3
*** HOLE CARDS ***
TinaTurner72: raises $3 to $6
keni3917: raises $3 to $9
TinaTurner72: calls $3
*** FLOP *** [9h 5s 4s]
keni3917: bets $3
TinaTurner72: calls $3
*** TURN *** [9h 5s 4s] [6s]
keni3917: bets $6
TinaTurner72: raises $6 to $12
keni3917: calls $6
*** RIVER *** [9h 5s 4s 6s] [9d]
keni3917: checks
TinaTurner72: bets $6
keni3917: folds
Uncalled bet ($6) returned to TinaTurner72
TinaTurner72 collected $47.50 from pot
TinaTurner72: doesn't show hand
*** SUMMARY ***
Total pot $48 | Rake $0.50
Board [9h 5s 4s 6s 9d]
Seat 5: TinaTurner72 (button) (small blind) collected ($47.50)
Seat 6: keni3917 (big blind) folded on the River


PokerStars Hand #169837527914:  Hold'em Limit ($3/$6 USD) - 2017/05/01 22:05:26 ET
Table 'Pierretta' 6-max Seat #6 is the button
Seat 5: TinaTurner72 ($213.90 in chips)
Seat 6: keni3917 ($81 in chips)
keni3917: posts small blind $1
TinaTurner72: posts big blind $3
*** HOLE CARDS ***
keni3917: raises $3 to $6
TinaTurner72: calls $3
*** FLOP *** [Ts 8s Ad]
TinaTurner72: checks
keni3917: bets $3
TinaTurner72: folds
Uncalled bet ($3) returned to keni3917
keni3917 collected $11.76 from pot
*** SUMMARY ***
Total pot $12 | Rake $0.24
Board [Ts 8s Ad]
Seat 5: TinaTurner72 (big blind) folded on the Flop
Seat 6: keni3917 (button) (small blind) collected ($11.76)


PokerStars Hand #169837565639:  Hold'em Limit ($3/$6 USD) - 2017/05/01 22:07:12 ET
Table 'Pierretta' 6-max Seat #6 is the button
Seat 5: TinaTurner72 ($265.66 in chips)
Seat 6: keni3917 ($27.76 in chips)
keni3917: posts small blind $1
TinaTurner72: posts big blind $3
*** HOLE CARDS ***
keni3917: folds
Uncalled bet ($2) returned to TinaTurner72
TinaTurner72 collected $2 from pot
TinaTurner72: doesn't show hand
*** SUMMARY ***
Total pot $2 | Rake $0
Seat 5: TinaTurner72 (big blind) collected ($2)
Seat 6: keni3917 (button) (small blind) folded before Flop


PokerStars Hand #169837557930:  Hold'em Limit ($3/$6 USD) - 2017/05/01 22:06:50 ET
Table 'Pierretta' 6-max Seat #5 is the button
Seat 5: TinaTurner72 ($239.16 in chips)
Seat 6: keni3917 ($54.76 in chips)
TinaTurner72: posts small blind $1
keni3917: posts big blind $3
*** HOLE CARDS ***
TinaTurner72: raises $3 to $6
keni3917: raises $3 to $9
TinaTurner72: raises $3 to $12
Betting is capped
keni3917: calls $3
*** FLOP *** [9c Ah 4h]
keni3917: bets $3
TinaTurner72: calls $3
*** TURN *** [9c Ah 4h] [Ks]
keni3917: bets $6
TinaTurner72: calls $6
*** RIVER *** [9c Ah 4h Ks] [6s]
keni3917: bets $6
TinaTurner72: calls $6
*** SHOW DOWN ***
keni3917: shows [9h 8d] (a pair of Nines)
TinaTurner72: shows [Ts As] (a pair of Aces)
TinaTurner72 collected $53.50 from pot
*** SUMMARY ***
Total pot $54 | Rake $0.50
Board [9c Ah 4h Ks 6s]
Seat 5: TinaTurner72 (button) (small blind) showed [Ts As] and won ($53.50) with a pair of Aces
Seat 6: keni3917 (big blind) showed [9h 8d] and lost with a pair of Nines


PokerStars Hand #169837555935:  Hold'em Limit ($3/$6 USD) - 2017/05/01 22:06:45 ET
Table 'Pierretta' 6-max Seat #6 is the button
Seat 5: TinaTurner72 ($238.16 in chips)
Seat 6: keni3917 ($55.76 in chips)
keni3917: posts small blind $1
TinaTurner72: posts big blind $3
*** HOLE CARDS ***
keni3917: folds
Uncalled bet ($2) returned to TinaTurner72
TinaTurner72 collected $2 from pot
TinaTurner72: doesn't show hand
*** SUMMARY ***
Total pot $2 | Rake $0
Seat 5: TinaTurner72 (big blind) collected ($2)
Seat 6: keni3917 (button) (small blind) folded before Flop


PokerStars Hand #169837547367:  Hold'em Limit ($3/$6 USD) - 2017/05/01 22:06:21 ET
Table 'Pierretta' 6-max Seat #5 is the button
Seat 5: TinaTurner72 ($232.40 in chips)
Seat 6: keni3917 ($61.76 in chips)
TinaTurner72: posts small blind $1
keni3917: posts big blind $3
*** HOLE CARDS ***
TinaTurner72: raises $3 to $6
keni3917: calls $3
*** FLOP *** [3c Qc 9d]
keni3917: checks
TinaTurner72: bets $3
keni3917: folds
Uncalled bet ($3) returned to TinaTurner72
TinaTurner72 collected $11.76 from pot
TinaTurner72: doesn't show hand
*** SUMMARY ***
Total pot $12 | Rake $0.24
Board [3c Qc 9d]
Seat 5: TinaTurner72 (button) (small blind) collected ($11.76)
Seat 6: keni3917 (big blind) folded on the Flop


PokerStars Hand #169837567472:  Hold'em Limit ($3/$6 USD) - 2017/05/01 22:07:17 ET
Table 'Pierretta' 6-max Seat #5 is the button
Seat 5: TinaTurner72 ($266.66 in chips)
Seat 6: keni3917 ($26.76 in chips)
TinaTurner72: posts small blind $1
keni3917: posts big blind $3
*** HOLE CARDS ***
TinaTurner72: calls $2
keni3917: raises $3 to $6
TinaTurner72: calls $3
*** FLOP *** [7s 6s 4h]
keni3917: bets $3
TinaTurner72: calls $3
*** TURN *** [7s 6s 4h] [Qc]
keni3917: bets $6
TinaTurner72: raises $6 to $12
keni3917: raises $5.76 to $17.76 and is all-in
TinaTurner72: calls $5.76
*** RIVER *** [7s 6s 4h Qc] [4d]
*** SHOW DOWN ***
keni3917: shows [6d 9c] (two pair, Sixes and Fours)
TinaTurner72: shows [8h 5c] (a straight, Four to Eight)
TinaTurner72 collected $53.02 from pot
*** SUMMARY ***
Total pot $53.52 | Rake $0.50
Board [7s 6s 4h Qc 4d]
Seat 5: TinaTurner72 (button) (small blind) showed [8h 5c] and won ($53.02) with a straight, Four to Eight
Seat 6: keni3917 (big blind) showed [6d 9c] and lost with two pair, Sixes and Fours


