PokerStars Hand #147977958185:  Hold'em Limit ($3/$6 USD) - 2016/01/31 3:58:43 ET
Table 'Pierretta' 2-max Seat #2 is the button
Seat 1: kaputnikoff ($240 in chips)
Seat 2: xcgxcg2005 ($120 in chips)
xcgxcg2005: posts small blind $1
kaputnikoff: posts big blind $3
*** HOLE CARDS ***
xcgxcg2005: raises $3 to $6
kaputnikoff: calls $3
*** FLOP *** [Td Ah Ks]
kaputnikoff: checks
xcgxcg2005: bets $3
kaputnikoff: raises $3 to $6
xcgxcg2005: raises $3 to $9
kaputnikoff: calls $3
*** TURN *** [Td Ah Ks] [8s]
kaputnikoff: checks
xcgxcg2005: bets $6
kaputnikoff: calls $6
*** RIVER *** [Td Ah Ks 8s] [Ad]
kaputnikoff: checks
xcgxcg2005: bets $6
kaputnikoff: calls $6
*** SHOW DOWN ***
xcgxcg2005: shows [9s As] (three of a kind, Aces)
kaputnikoff: shows [Ac 5h] (three of a kind, Aces)
kaputnikoff collected $26.75 from pot
xcgxcg2005 collected $26.75 from pot
*** SUMMARY ***
Total pot $54 | Rake $0.50
Board [Td Ah Ks 8s Ad]
Seat 1: kaputnikoff (big blind) showed [Ac 5h] and won ($26.75) with three of a kind, Aces
Seat 2: xcgxcg2005 (button) (small blind) showed [9s As] and won ($26.75) with three of a kind, Aces


PokerStars Hand #147977973466:  Hold'em Limit ($3/$6 USD) - 2016/01/31 3:59:21 ET
Table 'Pierretta' 2-max Seat #1 is the button
Seat 1: kaputnikoff ($239.75 in chips)
Seat 2: xcgxcg2005 ($119.75 in chips)
kaputnikoff: posts small blind $1
xcgxcg2005: posts big blind $3
*** HOLE CARDS ***
kaputnikoff: raises $3 to $6
xcgxcg2005: raises $3 to $9
kaputnikoff: calls $3
*** FLOP *** [8d 4d Qd]
xcgxcg2005: bets $3
kaputnikoff: calls $3
*** TURN *** [8d 4d Qd] [6h]
xcgxcg2005: bets $6
kaputnikoff: calls $6
*** RIVER *** [8d 4d Qd 6h] [9c]
xcgxcg2005: bets $6
kaputnikoff: calls $6
*** SHOW DOWN ***
xcgxcg2005: shows [3h Qc] (a pair of Queens)
kaputnikoff: mucks hand
xcgxcg2005 collected $47.50 from pot
*** SUMMARY ***
Total pot $48 | Rake $0.50
Board [8d 4d Qd 6h 9c]
Seat 1: kaputnikoff (button) (small blind) mucked
Seat 2: xcgxcg2005 (big blind) showed [3h Qc] and won ($47.50) with a pair of Queens


PokerStars Hand #147977983349:  Hold'em Limit ($3/$6 USD) - 2016/01/31 3:59:48 ET
Table 'Pierretta' 2-max Seat #2 is the button
Seat 1: kaputnikoff ($215.75 in chips)
Seat 2: xcgxcg2005 ($143.25 in chips)
xcgxcg2005: posts small blind $1
kaputnikoff: posts big blind $3
*** HOLE CARDS ***
xcgxcg2005: raises $3 to $6
kaputnikoff: calls $3
*** FLOP *** [8c 6h 6c]
kaputnikoff: checks
xcgxcg2005: bets $3
kaputnikoff: raises $3 to $6
xcgxcg2005: folds
Uncalled bet ($3) returned to kaputnikoff
kaputnikoff collected $17.64 from pot
kaputnikoff: doesn't show hand
*** SUMMARY ***
Total pot $18 | Rake $0.36
Board [8c 6h 6c]
Seat 1: kaputnikoff (big blind) collected ($17.64)
Seat 2: xcgxcg2005 (button) (small blind) folded on the Flop


PokerStars Hand #147977990241:  Hold'em Limit ($3/$6 USD) - 2016/01/31 4:00:06 ET
Table 'Pierretta' 2-max Seat #1 is the button
Seat 1: kaputnikoff ($224.39 in chips)
Seat 2: xcgxcg2005 ($134.25 in chips)
kaputnikoff: posts small blind $1
xcgxcg2005: posts big blind $3
*** HOLE CARDS ***
kaputnikoff: raises $3 to $6
xcgxcg2005: raises $3 to $9
kaputnikoff: calls $3
*** FLOP *** [4c Jh 5c]
xcgxcg2005: bets $3
kaputnikoff: folds
Uncalled bet ($3) returned to xcgxcg2005
xcgxcg2005 collected $17.64 from pot
xcgxcg2005: doesn't show hand
*** SUMMARY ***
Total pot $18 | Rake $0.36
Board [4c Jh 5c]
Seat 1: kaputnikoff (button) (small blind) folded on the Flop
Seat 2: xcgxcg2005 (big blind) collected ($17.64)


PokerStars Hand #147978001797:  Hold'em Limit ($3/$6 USD) - 2016/01/31 4:00:35 ET
Table 'Pierretta' 2-max Seat #2 is the button
Seat 1: kaputnikoff ($219.39 in chips)
Seat 2: xcgxcg2005 ($138.89 in chips)
xcgxcg2005: posts small blind $1
kaputnikoff: posts big blind $3
*** HOLE CARDS ***
xcgxcg2005: folds
Uncalled bet ($2) returned to kaputnikoff
kaputnikoff collected $2 from pot
kaputnikoff: doesn't show hand
*** SUMMARY ***
Total pot $2 | Rake $0
Seat 1: kaputnikoff (big blind) collected ($2)
Seat 2: xcgxcg2005 (button) (small blind) folded before Flop


PokerStars Hand #147977998114:  Hold'em Limit ($3/$6 USD) - 2016/01/31 4:00:26 ET
Table 'Pierretta' 2-max Seat #1 is the button
Seat 1: kaputnikoff ($216.39 in chips)
Seat 2: xcgxcg2005 ($141.89 in chips)
kaputnikoff: posts small blind $1
xcgxcg2005: posts big blind $3
*** HOLE CARDS ***
kaputnikoff: raises $3 to $6
xcgxcg2005: folds
Uncalled bet ($3) returned to kaputnikoff
kaputnikoff collected $6 from pot
kaputnikoff: doesn't show hand
*** SUMMARY ***
Total pot $6 | Rake $0
Seat 1: kaputnikoff (button) (small blind) collected ($6)
Seat 2: xcgxcg2005 (big blind) folded before Flop


PokerStars Hand #147978005762:  Hold'em Limit ($3/$6 USD) - 2016/01/31 4:00:45 ET
Table 'Pierretta' 2-max Seat #2 is the button
Seat 1: kaputnikoff ($223.39 in chips)
Seat 2: xcgxcg2005 ($134.89 in chips)
xcgxcg2005: posts small blind $1
kaputnikoff: posts big blind $3
*** HOLE CARDS ***
xcgxcg2005: folds
Uncalled bet ($2) returned to kaputnikoff
kaputnikoff collected $2 from pot
kaputnikoff: doesn't show hand
*** SUMMARY ***
Total pot $2 | Rake $0
Seat 1: kaputnikoff (big blind) collected ($2)
Seat 2: xcgxcg2005 (button) (small blind) folded before Flop


PokerStars Hand #147977996326:  Hold'em Limit ($3/$6 USD) - 2016/01/31 4:00:21 ET
Table 'Pierretta' 2-max Seat #2 is the button
Seat 1: kaputnikoff ($215.39 in chips)
Seat 2: xcgxcg2005 ($142.89 in chips)
xcgxcg2005: posts small blind $1
kaputnikoff: posts big blind $3
*** HOLE CARDS ***
xcgxcg2005: folds
Uncalled bet ($2) returned to kaputnikoff
kaputnikoff collected $2 from pot
kaputnikoff: doesn't show hand
*** SUMMARY ***
Total pot $2 | Rake $0
Seat 1: kaputnikoff (big blind) collected ($2)
Seat 2: xcgxcg2005 (button) (small blind) folded before Flop


