PokerStars Hand #149543887364:  Hold'em Limit ($3/$6 USD) - 2016/02/28 4:20:25 ET
Table 'Pilcher' 6-max Seat #3 is the button
Seat 3: Puzanchik 11 ($77.40 in chips)
Seat 4: kolaz03 ($88.47 in chips)
Puzanchik 11: posts small blind $1
kolaz03: posts big blind $3
*** HOLE CARDS ***
Puzanchik 11: folds
Uncalled bet ($2) returned to kolaz03
kolaz03 collected $2 from pot
kolaz03: doesn't show hand
*** SUMMARY ***
Total pot $2 | Rake $0
Seat 3: Puzanchik 11 (button) (small blind) folded before Flop
Seat 4: kolaz03 (big blind) collected ($2)


PokerStars Hand #149543871490:  Hold'em Limit ($3/$6 USD) - 2016/02/28 4:19:48 ET
Table 'Pilcher' 6-max Seat #4 is the button
Seat 3: Puzanchik 11 ($65.88 in chips)
Seat 4: kolaz03 ($100.47 in chips)
kolaz03: posts small blind $1
Krazy90: is sitting out
Puzanchik 11: posts big blind $3
*** HOLE CARDS ***
Krazy90 leaves the table
kolaz03: raises $3 to $6
Puzanchik 11: calls $3
*** FLOP *** [Ad Qc 3h]
Puzanchik 11: checks
kolaz03: bets $3
Puzanchik 11: raises $3 to $6
kolaz03: calls $3
*** TURN *** [Ad Qc 3h] [Qh]
Puzanchik 11: bets $6
kolaz03: folds
Uncalled bet ($6) returned to Puzanchik 11
Puzanchik 11 collected $23.52 from pot
*** SUMMARY ***
Total pot $24 | Rake $0.48
Board [Ad Qc 3h Qh]
Seat 3: Puzanchik 11 (big blind) collected ($23.52)
Seat 4: kolaz03 (button) (small blind) folded on the Turn


PokerStars Hand #149543921121:  Hold'em Limit ($3/$6 USD) - 2016/02/28 4:21:41 ET
Table 'Pilcher' 6-max Seat #4 is the button
Seat 3: Puzanchik 11 ($105.66 in chips)
Seat 4: kolaz03 ($72 in chips)
kolaz03: posts small blind $1
Puzanchik 11: posts big blind $3
*** HOLE CARDS ***
kolaz03: raises $3 to $6
Puzanchik 11: folds
Uncalled bet ($3) returned to kolaz03
kolaz03 collected $6 from pot
kolaz03: doesn't show hand
*** SUMMARY ***
Total pot $6 | Rake $0
Seat 3: Puzanchik 11 (big blind) folded before Flop
Seat 4: kolaz03 (button) (small blind) collected ($6)


PokerStars Hand #149543909145:  Hold'em Limit ($3/$6 USD) - 2016/02/28 4:21:14 ET
Table 'Pilcher' 6-max Seat #3 is the button
Seat 3: Puzanchik 11 ($99.90 in chips)
Seat 4: kolaz03 ($72 in chips)
Puzanchik 11: posts small blind $1
kolaz03: posts big blind $3
*** HOLE CARDS ***
Puzanchik 11: raises $3 to $6
kolaz03: calls $3
*** FLOP *** [8c 5d 5h]
kolaz03: checks
Puzanchik 11: bets $3
kolaz03: folds
Uncalled bet ($3) returned to Puzanchik 11
Puzanchik 11 collected $11.76 from pot
*** SUMMARY ***
Total pot $12 | Rake $0.24
Board [8c 5d 5h]
Seat 3: Puzanchik 11 (button) (small blind) collected ($11.76)
Seat 4: kolaz03 (big blind) folded on the Flop


PokerStars Hand #149543890664:  Hold'em Limit ($3/$6 USD) - 2016/02/28 4:20:32 ET
Table 'Pilcher' 6-max Seat #4 is the button
Seat 3: Puzanchik 11 ($76.40 in chips)
Seat 4: kolaz03 ($89.47 in chips)
kolaz03: posts small blind $1
Puzanchik 11: posts big blind $3
*** HOLE CARDS ***
kolaz03: raises $3 to $6
Puzanchik 11: raises $3 to $9
kolaz03: calls $3
*** FLOP *** [4h 3s Qc]
Puzanchik 11: bets $3
kolaz03: calls $3
*** TURN *** [4h 3s Qc] [8h]
Puzanchik 11: bets $6
kolaz03: calls $6
*** RIVER *** [4h 3s Qc 8h] [6d]
Puzanchik 11: bets $6
kolaz03: calls $6
*** SHOW DOWN ***
Puzanchik 11: shows [8s 8d] (three of a kind, Eights)
kolaz03: mucks hand
Puzanchik 11 collected $47.50 from pot
*** SUMMARY ***
Total pot $48 | Rake $0.50
Board [4h 3s Qc 8h 6d]
Seat 3: Puzanchik 11 (big blind) showed [8s 8d] and won ($47.50) with three of a kind, Eights
Seat 4: kolaz03 (button) (small blind) mucked


PokerStars Hand #149543925494:  Hold'em Limit ($3/$6 USD) - 2016/02/28 4:21:51 ET
Table 'Pilcher' 6-max Seat #3 is the button
Seat 3: Puzanchik 11 ($102.66 in chips)
Seat 4: kolaz03 ($75 in chips)
Puzanchik 11: posts small blind $1
kolaz03: posts big blind $3
*** HOLE CARDS ***
Puzanchik 11: raises $3 to $6
kolaz03: calls $3
*** FLOP *** [Kh Jc 3d]
kolaz03: checks
Puzanchik 11: checks
*** TURN *** [Kh Jc 3d] [2h]
kolaz03: bets $6
Puzanchik 11: calls $6
*** RIVER *** [Kh Jc 3d 2h] [6h]
kolaz03: bets $6
Puzanchik 11: calls $6
*** SHOW DOWN ***
kolaz03: shows [Jh 7h] (a flush, King high)
Puzanchik 11: mucks hand
kolaz03 collected $35.50 from pot
*** SUMMARY ***
Total pot $36 | Rake $0.50
Board [Kh Jc 3d 2h 6h]
Seat 3: Puzanchik 11 (button) (small blind) mucked
Seat 4: kolaz03 (big blind) showed [Jh 7h] and won ($35.50) with a flush, King high


PokerStars Hand #149543933933:  Hold'em Limit ($3/$6 USD) - 2016/02/28 4:22:10 ET
Table 'Pilcher' 6-max Seat #4 is the button
Seat 3: Puzanchik 11 ($84.66 in chips)
Seat 4: kolaz03 ($92.50 in chips)
kolaz03: posts small blind $1
Puzanchik 11: posts big blind $3
*** HOLE CARDS ***
kolaz03: raises $3 to $6
Puzanchik 11: raises $3 to $9
kolaz03: calls $3
*** FLOP *** [5d 2c 6c]
Puzanchik 11: bets $3
kolaz03: calls $3
*** TURN *** [5d 2c 6c] [8s]
Puzanchik 11: bets $6
kolaz03: calls $6
*** RIVER *** [5d 2c 6c 8s] [Jh]
Puzanchik 11: checks
kolaz03: checks
*** SHOW DOWN ***
Puzanchik 11: shows [7d Td] (high card Jack)
kolaz03: shows [Ac 7h] (high card Ace)
kolaz03 collected $35.50 from pot
*** SUMMARY ***
Total pot $36 | Rake $0.50
Board [5d 2c 6c 8s Jh]
Seat 3: Puzanchik 11 (big blind) showed [7d Td] and lost with high card Jack
Seat 4: kolaz03 (button) (small blind) showed [Ac 7h] and won ($35.50) with high card Ace


PokerStars Hand #149543958115:  Hold'em Limit ($3/$6 USD) - 2016/02/28 4:23:05 ET
Table 'Pilcher' 6-max Seat #3 is the button
Seat 3: Puzanchik 11 ($66.66 in chips)
Seat 4: kolaz03 ($110 in chips)
Puzanchik 11: posts small blind $1
kolaz03: posts big blind $3
*** HOLE CARDS ***
Puzanchik 11: folds
Uncalled bet ($2) returned to kolaz03
kolaz03 collected $2 from pot
kolaz03: doesn't show hand
*** SUMMARY ***
Total pot $2 | Rake $0
Seat 3: Puzanchik 11 (button) (small blind) folded before Flop
Seat 4: kolaz03 (big blind) collected ($2)


PokerStars Hand #149543954218:  Hold'em Limit ($3/$6 USD) - 2016/02/28 4:22:56 ET
Table 'Pilcher' 6-max Seat #4 is the button
Seat 3: Puzanchik 11 ($69.66 in chips)
Seat 4: kolaz03 ($107 in chips)
kolaz03: posts small blind $1
Puzanchik 11: posts big blind $3
*** HOLE CARDS ***
kolaz03: raises $3 to $6
Puzanchik 11: folds
Uncalled bet ($3) returned to kolaz03
kolaz03 collected $6 from pot
kolaz03: doesn't show hand
*** SUMMARY ***
Total pot $6 | Rake $0
Seat 3: Puzanchik 11 (big blind) folded before Flop
Seat 4: kolaz03 (button) (small blind) collected ($6)


PokerStars Hand #149543950566:  Hold'em Limit ($3/$6 USD) - 2016/02/28 4:22:47 ET
Table 'Pilcher' 6-max Seat #3 is the button
Seat 3: Puzanchik 11 ($66.66 in chips)
Seat 4: kolaz03 ($110 in chips)
Puzanchik 11: posts small blind $1
kolaz03: posts big blind $3
*** HOLE CARDS ***
Puzanchik 11: raises $3 to $6
kolaz03: folds
Uncalled bet ($3) returned to Puzanchik 11
Puzanchik 11 collected $6 from pot
*** SUMMARY ***
Total pot $6 | Rake $0
Seat 3: Puzanchik 11 (button) (small blind) collected ($6)
Seat 4: kolaz03 (big blind) folded before Flop


PokerStars Hand #149543960297:  Hold'em Limit ($3/$6 USD) - 2016/02/28 4:23:09 ET
Table 'Pilcher' 6-max Seat #4 is the button
Seat 3: Puzanchik 11 ($65.66 in chips)
Seat 4: kolaz03 ($111 in chips)
kolaz03: posts small blind $1
Puzanchik 11: posts big blind $3
*** HOLE CARDS ***
kolaz03: raises $3 to $6
Puzanchik 11: calls $3
*** FLOP *** [As Kc 7c]
Puzanchik 11: checks
kolaz03: bets $3
Puzanchik 11: folds
Uncalled bet ($3) returned to kolaz03
kolaz03 collected $11.76 from pot
kolaz03: doesn't show hand
*** SUMMARY ***
Total pot $12 | Rake $0.24
Board [As Kc 7c]
Seat 3: Puzanchik 11 (big blind) folded on the Flop
Seat 4: kolaz03 (button) (small blind) collected ($11.76)


PokerStars Hand #149543966629:  Hold'em Limit ($3/$6 USD) - 2016/02/28 4:23:24 ET
Table 'Pilcher' 6-max Seat #3 is the button
Seat 3: Puzanchik 11 ($59.66 in chips)
Seat 4: kolaz03 ($116.76 in chips)
Puzanchik 11: posts small blind $1
kolaz03: posts big blind $3
*** HOLE CARDS ***
Puzanchik 11: folds
Uncalled bet ($2) returned to kolaz03
kolaz03 collected $2 from pot
kolaz03: doesn't show hand
*** SUMMARY ***
Total pot $2 | Rake $0
Seat 3: Puzanchik 11 (button) (small blind) folded before Flop
Seat 4: kolaz03 (big blind) collected ($2)


PokerStars Hand #149543989576:  Hold'em Limit ($3/$6 USD) - 2016/02/28 4:24:16 ET
Table 'Pilcher' 6-max Seat #3 is the button
Seat 3: Puzanchik 11 ($55.66 in chips)
Seat 4: kolaz03 ($120.76 in chips)
Puzanchik 11: posts small blind $1
kolaz03: posts big blind $3
*** HOLE CARDS ***
Puzanchik 11: raises $3 to $6
kolaz03: folds
Uncalled bet ($3) returned to Puzanchik 11
Puzanchik 11 collected $6 from pot
*** SUMMARY ***
Total pot $6 | Rake $0
Seat 3: Puzanchik 11 (button) (small blind) collected ($6)
Seat 4: kolaz03 (big blind) folded before Flop


PokerStars Hand #149543986416:  Hold'em Limit ($3/$6 USD) - 2016/02/28 4:24:09 ET
Table 'Pilcher' 6-max Seat #4 is the button
Seat 3: Puzanchik 11 ($54.66 in chips)
Seat 4: kolaz03 ($121.76 in chips)
kolaz03: posts small blind $1
Puzanchik 11: posts big blind $3
*** HOLE CARDS ***
kolaz03: folds
Uncalled bet ($2) returned to Puzanchik 11
Puzanchik 11 collected $2 from pot
*** SUMMARY ***
Total pot $2 | Rake $0
Seat 3: Puzanchik 11 (big blind) collected ($2)
Seat 4: kolaz03 (button) (small blind) folded before Flop


PokerStars Hand #149543983624:  Hold'em Limit ($3/$6 USD) - 2016/02/28 4:24:02 ET
Table 'Pilcher' 6-max Seat #3 is the button
Seat 3: Puzanchik 11 ($55.66 in chips)
Seat 4: kolaz03 ($120.76 in chips)
Puzanchik 11: posts small blind $1
kolaz03: posts big blind $3
*** HOLE CARDS ***
Puzanchik 11: folds
Uncalled bet ($2) returned to kolaz03
kolaz03 collected $2 from pot
kolaz03: doesn't show hand
*** SUMMARY ***
Total pot $2 | Rake $0
Seat 3: Puzanchik 11 (button) (small blind) folded before Flop
Seat 4: kolaz03 (big blind) collected ($2)


PokerStars Hand #149543973456:  Hold'em Limit ($3/$6 USD) - 2016/02/28 4:23:39 ET
Table 'Pilcher' 6-max Seat #4 is the button
Seat 3: Puzanchik 11 ($58.66 in chips)
Seat 4: kolaz03 ($117.76 in chips)
kolaz03: posts small blind $1
Puzanchik 11: posts big blind $3
*** HOLE CARDS ***
kolaz03: raises $3 to $6
Puzanchik 11: folds
Uncalled bet ($3) returned to kolaz03
kolaz03 collected $6 from pot
kolaz03: doesn't show hand
*** SUMMARY ***
Total pot $6 | Rake $0
Seat 3: Puzanchik 11 (big blind) folded before Flop
Seat 4: kolaz03 (button) (small blind) collected ($6)


PokerStars Hand #149544019759:  Hold'em Limit ($3/$6 USD) - 2016/02/28 4:25:23 ET
Table 'Pilcher' 6-max Seat #4 is the button
Seat 3: Puzanchik 11 ($70.16 in chips)
Seat 4: kolaz03 ($105.52 in chips)
kolaz03: posts small blind $1
Puzanchik 11: posts big blind $3
*** HOLE CARDS ***
kolaz03: folds
Uncalled bet ($2) returned to Puzanchik 11
Puzanchik 11 collected $2 from pot
*** SUMMARY ***
Total pot $2 | Rake $0
Seat 3: Puzanchik 11 (big blind) collected ($2)
Seat 4: kolaz03 (button) (small blind) folded before Flop


PokerStars Hand #149544017108:  Hold'em Limit ($3/$6 USD) - 2016/02/28 4:25:17 ET
Table 'Pilcher' 6-max Seat #3 is the button
Seat 3: Puzanchik 11 ($71.16 in chips)
Seat 4: kolaz03 ($104.52 in chips)
Puzanchik 11: posts small blind $1
kolaz03: posts big blind $3
*** HOLE CARDS ***
Puzanchik 11: folds
Uncalled bet ($2) returned to kolaz03
kolaz03 collected $2 from pot
kolaz03: doesn't show hand
*** SUMMARY ***
Total pot $2 | Rake $0
Seat 3: Puzanchik 11 (button) (small blind) folded before Flop
Seat 4: kolaz03 (big blind) collected ($2)


PokerStars Hand #149544014264:  Hold'em Limit ($3/$6 USD) - 2016/02/28 4:25:11 ET
Table 'Pilcher' 6-max Seat #4 is the button
Seat 3: Puzanchik 11 ($70.16 in chips)
Seat 4: kolaz03 ($105.52 in chips)
kolaz03: posts small blind $1
Puzanchik 11: posts big blind $3
*** HOLE CARDS ***
kolaz03: folds
Uncalled bet ($2) returned to Puzanchik 11
Puzanchik 11 collected $2 from pot
*** SUMMARY ***
Total pot $2 | Rake $0
Seat 3: Puzanchik 11 (big blind) collected ($2)
Seat 4: kolaz03 (button) (small blind) folded before Flop


PokerStars Hand #149544007581:  Hold'em Limit ($3/$6 USD) - 2016/02/28 4:24:56 ET
Table 'Pilcher' 6-max Seat #3 is the button
Seat 3: Puzanchik 11 ($76.16 in chips)
Seat 4: kolaz03 ($99.76 in chips)
Puzanchik 11: posts small blind $1
kolaz03: posts big blind $3
*** HOLE CARDS ***
Puzanchik 11: raises $3 to $6
kolaz03: calls $3
*** FLOP *** [Jd Kc Kd]
kolaz03: checks
Puzanchik 11: checks
*** TURN *** [Jd Kc Kd] [6d]
kolaz03: bets $6
Puzanchik 11: folds
Uncalled bet ($6) returned to kolaz03
kolaz03 collected $11.76 from pot
kolaz03: doesn't show hand
*** SUMMARY ***
Total pot $12 | Rake $0.24
Board [Jd Kc Kd 6d]
Seat 3: Puzanchik 11 (button) (small blind) folded on the Turn
Seat 4: kolaz03 (big blind) collected ($11.76)


PokerStars Hand #149544022428:  Hold'em Limit ($3/$6 USD) - 2016/02/28 4:25:29 ET
Table 'Pilcher' 6-max Seat #3 is the button
Seat 3: Puzanchik 11 ($71.16 in chips)
Seat 4: kolaz03 ($104.52 in chips)
Puzanchik 11: posts small blind $1
kolaz03: posts big blind $3
*** HOLE CARDS ***
Puzanchik 11: folds
Uncalled bet ($2) returned to kolaz03
kolaz03 collected $2 from pot
kolaz03: doesn't show hand
*** SUMMARY ***
Total pot $2 | Rake $0
Seat 3: Puzanchik 11 (button) (small blind) folded before Flop
Seat 4: kolaz03 (big blind) collected ($2)


PokerStars Hand #149544025831:  Hold'em Limit ($3/$6 USD) - 2016/02/28 4:25:36 ET
Table 'Pilcher' 6-max Seat #4 is the button
Seat 3: Puzanchik 11 ($70.16 in chips)
Seat 4: kolaz03 ($105.52 in chips)
kolaz03: posts small blind $1
Puzanchik 11: posts big blind $3
*** HOLE CARDS ***
kolaz03: raises $3 to $6
Puzanchik 11: calls $3
*** FLOP *** [Qs Td Qh]
Puzanchik 11: checks
kolaz03: bets $3
Puzanchik 11: folds
Uncalled bet ($3) returned to kolaz03
kolaz03 collected $11.76 from pot
kolaz03: doesn't show hand
*** SUMMARY ***
Total pot $12 | Rake $0.24
Board [Qs Td Qh]
Seat 3: Puzanchik 11 (big blind) folded on the Flop
Seat 4: kolaz03 (button) (small blind) collected ($11.76)


PokerStars Hand #149544051979:  Hold'em Limit ($3/$6 USD) - 2016/02/28 4:26:35 ET
Table 'Pilcher' 6-max Seat #3 is the button
Seat 3: Puzanchik 11 ($70.92 in chips)
Seat 4: kolaz03 ($104.28 in chips)
Puzanchik 11: posts small blind $1
kolaz03: posts big blind $3
*** HOLE CARDS ***
Puzanchik 11: folds
Uncalled bet ($2) returned to kolaz03
kolaz03 collected $2 from pot
kolaz03: doesn't show hand
*** SUMMARY ***
Total pot $2 | Rake $0
Seat 3: Puzanchik 11 (button) (small blind) folded before Flop
Seat 4: kolaz03 (big blind) collected ($2)


PokerStars Hand #149544047561:  Hold'em Limit ($3/$6 USD) - 2016/02/28 4:26:25 ET
Table 'Pilcher' 6-max Seat #4 is the button
Seat 3: Puzanchik 11 ($69.92 in chips)
Seat 4: kolaz03 ($105.28 in chips)
kolaz03: posts small blind $1
Puzanchik 11: posts big blind $3
*** HOLE CARDS ***
kolaz03: folds
Uncalled bet ($2) returned to Puzanchik 11
Puzanchik 11 collected $2 from pot
*** SUMMARY ***
Total pot $2 | Rake $0
Seat 3: Puzanchik 11 (big blind) collected ($2)
Seat 4: kolaz03 (button) (small blind) folded before Flop


PokerStars Hand #149544044819:  Hold'em Limit ($3/$6 USD) - 2016/02/28 4:26:19 ET
Table 'Pilcher' 6-max Seat #3 is the button
Seat 3: Puzanchik 11 ($70.92 in chips)
Seat 4: kolaz03 ($104.28 in chips)
Puzanchik 11: posts small blind $1
kolaz03: posts big blind $3
*** HOLE CARDS ***
Puzanchik 11: folds
Uncalled bet ($2) returned to kolaz03
kolaz03 collected $2 from pot
kolaz03: doesn't show hand
*** SUMMARY ***
Total pot $2 | Rake $0
Seat 3: Puzanchik 11 (button) (small blind) folded before Flop
Seat 4: kolaz03 (big blind) collected ($2)


PokerStars Hand #149544042558:  Hold'em Limit ($3/$6 USD) - 2016/02/28 4:26:14 ET
Table 'Pilcher' 6-max Seat #4 is the button
Seat 3: Puzanchik 11 ($69.92 in chips)
Seat 4: kolaz03 ($105.28 in chips)
kolaz03: posts small blind $1
Puzanchik 11: posts big blind $3
*** HOLE CARDS ***
kolaz03: folds
Uncalled bet ($2) returned to Puzanchik 11
Puzanchik 11 collected $2 from pot
*** SUMMARY ***
Total pot $2 | Rake $0
Seat 3: Puzanchik 11 (big blind) collected ($2)
Seat 4: kolaz03 (button) (small blind) folded before Flop


PokerStars Hand #149544032342:  Hold'em Limit ($3/$6 USD) - 2016/02/28 4:25:51 ET
Table 'Pilcher' 6-max Seat #3 is the button
Seat 3: Puzanchik 11 ($64.16 in chips)
Seat 4: kolaz03 ($111.28 in chips)
Puzanchik 11: posts small blind $1
kolaz03: posts big blind $3
*** HOLE CARDS ***
Puzanchik 11: raises $3 to $6
kolaz03: calls $3
*** FLOP *** [2s Qh Qc]
kolaz03: checks
Puzanchik 11: checks
*** TURN *** [2s Qh Qc] [7c]
kolaz03: checks
Puzanchik 11: bets $6
kolaz03: folds
Uncalled bet ($6) returned to Puzanchik 11
Puzanchik 11 collected $11.76 from pot
*** SUMMARY ***
Total pot $12 | Rake $0.24
Board [2s Qh Qc 7c]
Seat 3: Puzanchik 11 (button) (small blind) collected ($11.76)
Seat 4: kolaz03 (big blind) folded on the Turn


PokerStars Hand #149544068269:  Hold'em Limit ($3/$6 USD) - 2016/02/28 4:27:11 ET
Table 'Pilcher' 6-max Seat #3 is the button
Seat 3: Puzanchik 11 ($93.42 in chips)
Seat 4: kolaz03 ($81.28 in chips)
Puzanchik 11: posts small blind $1
kolaz03: posts big blind $3
*** HOLE CARDS ***
Puzanchik 11: folds
Uncalled bet ($2) returned to kolaz03
kolaz03 collected $2 from pot
kolaz03: doesn't show hand
*** SUMMARY ***
Total pot $2 | Rake $0
Seat 3: Puzanchik 11 (button) (small blind) folded before Flop
Seat 4: kolaz03 (big blind) collected ($2)


PokerStars Hand #149544054546:  Hold'em Limit ($3/$6 USD) - 2016/02/28 4:26:40 ET
Table 'Pilcher' 6-max Seat #4 is the button
Seat 3: Puzanchik 11 ($69.92 in chips)
Seat 4: kolaz03 ($105.28 in chips)
kolaz03: posts small blind $1
Puzanchik 11: posts big blind $3
*** HOLE CARDS ***
kolaz03: raises $3 to $6
Puzanchik 11: raises $3 to $9
kolaz03: calls $3
*** FLOP *** [5c Td 8s]
Puzanchik 11: bets $3
PrayFTR joins the table at seat #5
kolaz03: calls $3
*** TURN *** [5c Td 8s] [Tc]
Puzanchik 11: bets $6
kolaz03: calls $6
*** RIVER *** [5c Td 8s Tc] [Ts]
Puzanchik 11: bets $6
kolaz03: calls $6
*** SHOW DOWN ***
Puzanchik 11: shows [Jc Js] (a full house, Tens full of Jacks)
kolaz03: mucks hand
Puzanchik 11 collected $47.50 from pot
*** SUMMARY ***
Total pot $48 | Rake $0.50
Board [5c Td 8s Tc Ts]
Seat 3: Puzanchik 11 (big blind) showed [Jc Js] and won ($47.50) with a full house, Tens full of Jacks
Seat 4: kolaz03 (button) (small blind) mucked


