PokerStars Hand #156924599786:  Hold'em Limit ($3/$6 USD) - 2016/08/06 2:52:08 ET
Table 'Pilcher' 6-max Seat #2 is the button
Seat 2: 19woody58 ($108.40 in chips)
Seat 3: VolkovDmitri ($145.10 in chips)
19woody58: posts small blind $1
VolkovDmitri: posts big blind $3
*** HOLE CARDS ***
19woody58: folds
Uncalled bet ($2) returned to VolkovDmitri
VolkovDmitri collected $2 from pot
VolkovDmitri: doesn't show hand
*** SUMMARY ***
Total pot $2 | Rake $0
Seat 2: 19woody58 (button) (small blind) folded before Flop
Seat 3: VolkovDmitri (big blind) collected ($2)


PokerStars Hand #156924589364:  Hold'em Limit ($3/$6 USD) - 2016/08/06 2:51:27 ET
Table 'Pilcher' 6-max Seat #3 is the button
Seat 2: 19woody58 ($117.40 in chips)
Seat 3: VolkovDmitri ($136.46 in chips)
VolkovDmitri: posts small blind $1
19woody58: posts big blind $3
*** HOLE CARDS ***
VolkovDmitri: raises $3 to $6
19woody58: calls $3
*** FLOP *** [3s 8c Qc]
19woody58: checks
VolkovDmitri: bets $3
19woody58: calls $3
*** TURN *** [3s 8c Qc] [Td]
19woody58: checks
VolkovDmitri: checks
*** RIVER *** [3s 8c Qc Td] [Ks]
19woody58: checks
VolkovDmitri: bets $6
19woody58: folds
Uncalled bet ($6) returned to VolkovDmitri
VolkovDmitri collected $17.64 from pot
VolkovDmitri: doesn't show hand
*** SUMMARY ***
Total pot $18 | Rake $0.36
Board [3s 8c Qc Td Ks]
Seat 2: 19woody58 (big blind) folded on the River
Seat 3: VolkovDmitri (button) (small blind) collected ($17.64)


PokerStars Hand #156924601355:  Hold'em Limit ($3/$6 USD) - 2016/08/06 2:52:14 ET
Table 'Pilcher' 6-max Seat #3 is the button
Seat 2: 19woody58 ($107.40 in chips)
Seat 3: VolkovDmitri ($146.10 in chips)
VolkovDmitri: posts small blind $1
19woody58: posts big blind $3
*** HOLE CARDS ***
VolkovDmitri: raises $3 to $6
19woody58: folds
Uncalled bet ($3) returned to VolkovDmitri
VolkovDmitri collected $6 from pot
*** SUMMARY ***
Total pot $6 | Rake $0
Seat 2: 19woody58 (big blind) folded before Flop
Seat 3: VolkovDmitri (button) (small blind) collected ($6)


PokerStars Hand #156924604949:  Hold'em Limit ($3/$6 USD) - 2016/08/06 2:52:28 ET
Table 'Pilcher' 6-max Seat #2 is the button
Seat 2: 19woody58 ($104.40 in chips)
Seat 3: VolkovDmitri ($149.10 in chips)
19woody58: posts small blind $1
VolkovDmitri: posts big blind $3
*** HOLE CARDS ***
19woody58: raises $3 to $6
VolkovDmitri: folds
Uncalled bet ($3) returned to 19woody58
19woody58 collected $6 from pot
*** SUMMARY ***
Total pot $6 | Rake $0
Seat 2: 19woody58 (button) (small blind) collected ($6)
Seat 3: VolkovDmitri (big blind) folded before Flop


PokerStars Hand #156924608607:  Hold'em Limit ($3/$6 USD) - 2016/08/06 2:52:41 ET
Table 'Pilcher' 6-max Seat #3 is the button
Seat 2: 19woody58 ($107.40 in chips)
Seat 3: VolkovDmitri ($146.10 in chips)
VolkovDmitri: posts small blind $1
19woody58: posts big blind $3
*** HOLE CARDS ***
VolkovDmitri: raises $3 to $6
19woody58: calls $3
*** FLOP *** [4d Js 6h]
19woody58: checks
VolkovDmitri: bets $3
19woody58: folds
Uncalled bet ($3) returned to VolkovDmitri
VolkovDmitri collected $11.76 from pot
VolkovDmitri: doesn't show hand
*** SUMMARY ***
Total pot $12 | Rake $0.24
Board [4d Js 6h]
Seat 2: 19woody58 (big blind) folded on the Flop
Seat 3: VolkovDmitri (button) (small blind) collected ($11.76)


PokerStars Hand #156924614442:  Hold'em Limit ($3/$6 USD) - 2016/08/06 2:53:04 ET
Table 'Pilcher' 6-max Seat #2 is the button
Seat 2: 19woody58 ($101.40 in chips)
Seat 3: VolkovDmitri ($151.86 in chips)
19woody58: posts small blind $1
VolkovDmitri: posts big blind $3
*** HOLE CARDS ***
19woody58: calls $2
VolkovDmitri: raises $3 to $6
19woody58: calls $3
*** FLOP *** [Ac 8s 5c]
VolkovDmitri: bets $3
19woody58: folds
Uncalled bet ($3) returned to VolkovDmitri
VolkovDmitri collected $11.76 from pot
VolkovDmitri: doesn't show hand
*** SUMMARY ***
Total pot $12 | Rake $0.24
Board [Ac 8s 5c]
Seat 2: 19woody58 (button) (small blind) folded on the Flop
Seat 3: VolkovDmitri (big blind) collected ($11.76)


PokerStars Hand #156924617432:  Hold'em Limit ($3/$6 USD) - 2016/08/06 2:53:15 ET
Table 'Pilcher' 6-max Seat #3 is the button
Seat 2: 19woody58 ($95.40 in chips)
Seat 3: VolkovDmitri ($157.62 in chips)
VolkovDmitri: posts small blind $1
19woody58: posts big blind $3
*** HOLE CARDS ***
VolkovDmitri: raises $3 to $6
19woody58: calls $3
*** FLOP *** [4s 6d Jc]
19woody58: checks
VolkovDmitri: bets $3
19woody58: calls $3
*** TURN *** [4s 6d Jc] [Js]
19woody58: checks
VolkovDmitri: checks
*** RIVER *** [4s 6d Jc Js] [6s]
19woody58: bets $6
VolkovDmitri: folds
Uncalled bet ($6) returned to 19woody58
19woody58 collected $17.64 from pot
*** SUMMARY ***
Total pot $18 | Rake $0.36
Board [4s 6d Jc Js 6s]
Seat 2: 19woody58 (big blind) collected ($17.64)
Seat 3: VolkovDmitri (button) (small blind) folded on the River


PokerStars Hand #156924631463:  Hold'em Limit ($3/$6 USD) - 2016/08/06 2:54:08 ET
Table 'Pilcher' 6-max Seat #2 is the button
Seat 2: 19woody58 ($104.04 in chips)
Seat 3: VolkovDmitri ($148.62 in chips)
19woody58: posts small blind $1
VolkovDmitri: posts big blind $3
*** HOLE CARDS ***
19woody58: folds
Uncalled bet ($2) returned to VolkovDmitri
VolkovDmitri collected $2 from pot
VolkovDmitri: doesn't show hand
*** SUMMARY ***
Total pot $2 | Rake $0
Seat 2: 19woody58 (button) (small blind) folded before Flop
Seat 3: VolkovDmitri (big blind) collected ($2)


PokerStars Hand #156924632833:  Hold'em Limit ($3/$6 USD) - 2016/08/06 2:54:13 ET
Table 'Pilcher' 6-max Seat #3 is the button
Seat 2: 19woody58 ($103.04 in chips)
Seat 3: VolkovDmitri ($149.62 in chips)
VolkovDmitri: posts small blind $1
19woody58: posts big blind $3
*** HOLE CARDS ***
VolkovDmitri: raises $3 to $6
19woody58: calls $3
*** FLOP *** [3s Kh Tc]
19woody58: checks
VolkovDmitri: bets $3
19woody58: calls $3
*** TURN *** [3s Kh Tc] [Kc]
19woody58: checks
VolkovDmitri: bets $6
19woody58: calls $6
*** RIVER *** [3s Kh Tc Kc] [6s]
19woody58: checks
VolkovDmitri: bets $6
19woody58: calls $6
*** SHOW DOWN ***
VolkovDmitri: shows [2s Ks] (three of a kind, Kings)
19woody58: shows [Kd 9c] (three of a kind, Kings - Ten+Nine kicker)
19woody58 collected $41.50 from pot
*** SUMMARY ***
Total pot $42 | Rake $0.50
Board [3s Kh Tc Kc 6s]
Seat 2: 19woody58 (big blind) showed [Kd 9c] and won ($41.50) with three of a kind, Kings
Seat 3: VolkovDmitri (button) (small blind) showed [2s Ks] and lost with three of a kind, Kings


PokerStars Hand #156924652706:  Hold'em Limit ($3/$6 USD) - 2016/08/06 2:55:30 ET
Table 'Pilcher' 6-max Seat #2 is the button
Seat 2: 19woody58 ($120.54 in chips)
Seat 3: VolkovDmitri ($131.38 in chips)
19woody58: posts small blind $1
VolkovDmitri: posts big blind $3
*** HOLE CARDS ***
19woody58: folds
Uncalled bet ($2) returned to VolkovDmitri
VolkovDmitri collected $2 from pot
VolkovDmitri: doesn't show hand
*** SUMMARY ***
Total pot $2 | Rake $0
Seat 2: 19woody58 (button) (small blind) folded before Flop
Seat 3: VolkovDmitri (big blind) collected ($2)


PokerStars Hand #156924647670:  Hold'em Limit ($3/$6 USD) - 2016/08/06 2:55:10 ET
Table 'Pilcher' 6-max Seat #3 is the button
Seat 2: 19woody58 ($126.54 in chips)
Seat 3: VolkovDmitri ($125.62 in chips)
VolkovDmitri: posts small blind $1
19woody58: posts big blind $3
*** HOLE CARDS ***
VolkovDmitri: raises $3 to $6
19woody58: calls $3
*** FLOP *** [4s 6h Ah]
19woody58: checks
VolkovDmitri: bets $3
19woody58: folds
Uncalled bet ($3) returned to VolkovDmitri
VolkovDmitri collected $11.76 from pot
VolkovDmitri: doesn't show hand
*** SUMMARY ***
Total pot $12 | Rake $0.24
Board [4s 6h Ah]
Seat 2: 19woody58 (big blind) folded on the Flop
Seat 3: VolkovDmitri (button) (small blind) collected ($11.76)


PokerStars Hand #156924643605:  Hold'em Limit ($3/$6 USD) - 2016/08/06 2:54:54 ET
Table 'Pilcher' 6-max Seat #2 is the button
Seat 2: 19woody58 ($123.54 in chips)
Seat 3: VolkovDmitri ($128.62 in chips)
19woody58: posts small blind $1
VolkovDmitri: posts big blind $3
*** HOLE CARDS ***
19woody58: raises $3 to $6
VolkovDmitri: folds
Uncalled bet ($3) returned to 19woody58
19woody58 collected $6 from pot
*** SUMMARY ***
Total pot $6 | Rake $0
Seat 2: 19woody58 (button) (small blind) collected ($6)
Seat 3: VolkovDmitri (big blind) folded before Flop


PokerStars Hand #156924653878:  Hold'em Limit ($3/$6 USD) - 2016/08/06 2:55:36 ET
Table 'Pilcher' 6-max Seat #3 is the button
Seat 2: 19woody58 ($119.54 in chips)
Seat 3: VolkovDmitri ($132.38 in chips)
VolkovDmitri: posts small blind $1
19woody58: posts big blind $3
*** HOLE CARDS ***
VolkovDmitri: raises $3 to $6
19woody58: calls $3
*** FLOP *** [Jd Ad 7h]
19woody58: checks
VolkovDmitri: bets $3
19woody58: folds
Uncalled bet ($3) returned to VolkovDmitri
VolkovDmitri collected $11.76 from pot
VolkovDmitri: doesn't show hand
*** SUMMARY ***
Total pot $12 | Rake $0.24
Board [Jd Ad 7h]
Seat 2: 19woody58 (big blind) folded on the Flop
Seat 3: VolkovDmitri (button) (small blind) collected ($11.76)


PokerStars Hand #156924666159:  Hold'em Limit ($3/$6 USD) - 2016/08/06 2:56:28 ET
Table 'Pilcher' 6-max Seat #3 is the button
Seat 2: 19woody58 ($119.30 in chips)
Seat 3: VolkovDmitri ($132.14 in chips)
VolkovDmitri: posts small blind $1
19woody58: posts big blind $3
*** HOLE CARDS ***
VolkovDmitri: raises $3 to $6
19woody58: folds
Uncalled bet ($3) returned to VolkovDmitri
VolkovDmitri collected $6 from pot
VolkovDmitri: doesn't show hand
*** SUMMARY ***
Total pot $6 | Rake $0
Seat 2: 19woody58 (big blind) folded before Flop
Seat 3: VolkovDmitri (button) (small blind) collected ($6)


PokerStars Hand #156924683566:  Hold'em Limit ($3/$6 USD) - 2016/08/06 2:57:40 ET
Table 'Pilcher' 6-max Seat #3 is the button
Seat 2: 19woody58 ($133.80 in chips)
Seat 3: VolkovDmitri ($120 in chips)
VolkovDmitri: posts small blind $1
19woody58: posts big blind $3
*** HOLE CARDS ***
VolkovDmitri: raises $3 to $6
19woody58: folds
Uncalled bet ($3) returned to VolkovDmitri
VolkovDmitri collected $6 from pot
VolkovDmitri: doesn't show hand
*** SUMMARY ***
Total pot $6 | Rake $0
Seat 2: 19woody58 (big blind) folded before Flop
Seat 3: VolkovDmitri (button) (small blind) collected ($6)


PokerStars Hand #156924670878:  Hold'em Limit ($3/$6 USD) - 2016/08/06 2:56:48 ET
Table 'Pilcher' 6-max Seat #2 is the button
Seat 2: 19woody58 ($116.30 in chips)
Seat 3: VolkovDmitri ($135.14 in chips)
19woody58: posts small blind $1
VolkovDmitri: posts big blind $3
*** HOLE CARDS ***
19woody58: raises $3 to $6
VolkovDmitri: raises $3 to $9
19woody58: calls $3
*** FLOP *** [Kh 7s 2d]
VolkovDmitri: bets $3
19woody58: calls $3
*** TURN *** [Kh 7s 2d] [3c]
VolkovDmitri: bets $6
19woody58: calls $6
*** RIVER *** [Kh 7s 2d 3c] [7c]
VolkovDmitri: checks
19woody58: checks
*** SHOW DOWN ***
VolkovDmitri: shows [9s Ad] (a pair of Sevens)
19woody58: shows [Tc Ks] (two pair, Kings and Sevens)
19woody58 collected $35.50 from pot
*** SUMMARY ***
Total pot $36 | Rake $0.50
Board [Kh 7s 2d 3c 7c]
Seat 2: 19woody58 (button) (small blind) showed [Tc Ks] and won ($35.50) with two pair, Kings and Sevens
Seat 3: VolkovDmitri (big blind) showed [9s Ad] and lost with a pair of Sevens


PokerStars Hand #156924695953:  Hold'em Limit ($3/$6 USD) - 2016/08/06 2:58:32 ET
Table 'Pilcher' 6-max Seat #2 is the button
Seat 2: 19woody58 ($122.80 in chips)
Seat 3: VolkovDmitri ($130.64 in chips)
19woody58: posts small blind $1
VolkovDmitri: posts big blind $3
*** HOLE CARDS ***
19woody58: folds
Uncalled bet ($2) returned to VolkovDmitri
VolkovDmitri collected $2 from pot
VolkovDmitri: doesn't show hand
*** SUMMARY ***
Total pot $2 | Rake $0
Seat 2: 19woody58 (button) (small blind) folded before Flop
Seat 3: VolkovDmitri (big blind) collected ($2)


PokerStars Hand #156924692836:  Hold'em Limit ($3/$6 USD) - 2016/08/06 2:58:19 ET
Table 'Pilcher' 6-max Seat #3 is the button
Seat 2: 19woody58 ($121.80 in chips)
Seat 3: VolkovDmitri ($131.64 in chips)
VolkovDmitri: posts small blind $1
19woody58: posts big blind $3
*** HOLE CARDS ***
VolkovDmitri: folds
Uncalled bet ($2) returned to 19woody58
19woody58 collected $2 from pot
*** SUMMARY ***
Total pot $2 | Rake $0
Seat 2: 19woody58 (big blind) collected ($2)
Seat 3: VolkovDmitri (button) (small blind) folded before Flop


PokerStars Hand #156924685263:  Hold'em Limit ($3/$6 USD) - 2016/08/06 2:57:47 ET
Table 'Pilcher' 6-max Seat #2 is the button
Seat 2: 19woody58 ($130.80 in chips)
Seat 3: VolkovDmitri ($123 in chips)
19woody58: posts small blind $1
VolkovDmitri: posts big blind $3
*** HOLE CARDS ***
19woody58: raises $3 to $6
VolkovDmitri: calls $3
*** FLOP *** [Th Jh 5d]
VolkovDmitri: checks
19woody58: bets $3
VolkovDmitri: raises $3 to $6
19woody58: folds
Uncalled bet ($3) returned to VolkovDmitri
VolkovDmitri collected $17.64 from pot
VolkovDmitri: doesn't show hand
*** SUMMARY ***
Total pot $18 | Rake $0.36
Board [Th Jh 5d]
Seat 2: 19woody58 (button) (small blind) folded on the Flop
Seat 3: VolkovDmitri (big blind) collected ($17.64)


PokerStars Hand #156924714948:  Hold'em Limit ($3/$6 USD) - 2016/08/06 2:59:50 ET
Table 'Pilcher' 6-max Seat #3 is the button
Seat 2: 19woody58 ($114.44 in chips)
Seat 3: VolkovDmitri ($138.16 in chips)
VolkovDmitri: posts small blind $1
19woody58: posts big blind $3
*** HOLE CARDS ***
VolkovDmitri: raises $3 to $6
19woody58: folds
Uncalled bet ($3) returned to VolkovDmitri
VolkovDmitri collected $6 from pot
VolkovDmitri: doesn't show hand
*** SUMMARY ***
Total pot $6 | Rake $0
Seat 2: 19woody58 (big blind) folded before Flop
Seat 3: VolkovDmitri (button) (small blind) collected ($6)


PokerStars Hand #156924707148:  Hold'em Limit ($3/$6 USD) - 2016/08/06 2:59:18 ET
Table 'Pilcher' 6-max Seat #2 is the button
Seat 2: 19woody58 ($130.44 in chips)
Seat 3: VolkovDmitri ($122.64 in chips)
19woody58: posts small blind $1
VolkovDmitri: posts big blind $3
*** HOLE CARDS ***
19woody58: folds
Uncalled bet ($2) returned to VolkovDmitri
VolkovDmitri collected $2 from pot
VolkovDmitri: doesn't show hand
*** SUMMARY ***
Total pot $2 | Rake $0
Seat 2: 19woody58 (button) (small blind) folded before Flop
Seat 3: VolkovDmitri (big blind) collected ($2)


PokerStars Hand #156924697203:  Hold'em Limit ($3/$6 USD) - 2016/08/06 2:58:37 ET
Table 'Pilcher' 6-max Seat #3 is the button
Seat 2: 19woody58 ($121.80 in chips)
Seat 3: VolkovDmitri ($131.64 in chips)
VolkovDmitri: posts small blind $1
19woody58: posts big blind $3
*** HOLE CARDS ***
VolkovDmitri: raises $3 to $6
19woody58: calls $3
*** FLOP *** [Qd 8d As]
19woody58: checks
VolkovDmitri: bets $3
19woody58: calls $3
*** TURN *** [Qd 8d As] [5s]
19woody58: checks
VolkovDmitri: checks
*** RIVER *** [Qd 8d As 5s] [Qh]
19woody58: bets $6
VolkovDmitri: folds
Uncalled bet ($6) returned to 19woody58
19woody58 collected $17.64 from pot
*** SUMMARY ***
Total pot $18 | Rake $0.36
Board [Qd 8d As 5s Qh]
Seat 2: 19woody58 (big blind) collected ($17.64)
Seat 3: VolkovDmitri (button) (small blind) folded on the River


PokerStars Hand #156924710720:  Hold'em Limit ($3/$6 USD) - 2016/08/06 2:59:33 ET
Table 'Pilcher' 6-max Seat #2 is the button
Seat 2: 19woody58 ($126.44 in chips)
Seat 3: VolkovDmitri ($126.64 in chips)
19woody58: posts small blind $1
VolkovDmitri: posts big blind $3
*** HOLE CARDS ***
19woody58: raises $3 to $6
VolkovDmitri: raises $3 to $9
19woody58: calls $3
*** FLOP *** [2d 5c 4h]
VolkovDmitri: bets $3
19woody58: calls $3
*** TURN *** [2d 5c 4h] [6s]
VolkovDmitri: bets $6
19woody58: folds
Uncalled bet ($6) returned to VolkovDmitri
VolkovDmitri collected $23.52 from pot
VolkovDmitri: doesn't show hand
*** SUMMARY ***
Total pot $24 | Rake $0.48
Board [2d 5c 4h 6s]
Seat 2: 19woody58 (button) (small blind) folded on the Turn
Seat 3: VolkovDmitri (big blind) collected ($23.52)


PokerStars Hand #156924708328:  Hold'em Limit ($3/$6 USD) - 2016/08/06 2:59:23 ET
Table 'Pilcher' 6-max Seat #3 is the button
Seat 2: 19woody58 ($129.44 in chips)
Seat 3: VolkovDmitri ($123.64 in chips)
VolkovDmitri: posts small blind $1
19woody58: posts big blind $3
*** HOLE CARDS ***
VolkovDmitri: raises $3 to $6
19woody58: folds
Uncalled bet ($3) returned to VolkovDmitri
VolkovDmitri collected $6 from pot
VolkovDmitri: doesn't show hand
*** SUMMARY ***
Total pot $6 | Rake $0
Seat 2: 19woody58 (big blind) folded before Flop
Seat 3: VolkovDmitri (button) (small blind) collected ($6)


PokerStars Hand #156924724684:  Hold'em Limit ($3/$6 USD) - 2016/08/06 3:00:29 ET
Table 'Pilcher' 6-max Seat #3 is the button
Seat 2: 19woody58 ($96.44 in chips)
Seat 3: VolkovDmitri ($155.66 in chips)
VolkovDmitri: posts small blind $1
19woody58: posts big blind $3
*** HOLE CARDS ***
VolkovDmitri: folds
Uncalled bet ($2) returned to 19woody58
19woody58 collected $2 from pot
*** SUMMARY ***
Total pot $2 | Rake $0
Seat 2: 19woody58 (big blind) collected ($2)
Seat 3: VolkovDmitri (button) (small blind) folded before Flop


PokerStars Hand #156924716522:  Hold'em Limit ($3/$6 USD) - 2016/08/06 2:59:56 ET
Table 'Pilcher' 6-max Seat #2 is the button
Seat 2: 19woody58 ($111.44 in chips)
Seat 3: VolkovDmitri ($141.16 in chips)
19woody58: posts small blind $1
VolkovDmitri: posts big blind $3
*** HOLE CARDS ***
19woody58: calls $2
VolkovDmitri: raises $3 to $6
19woody58: calls $3
*** FLOP *** [5c 9c 6h]
VolkovDmitri: bets $3
19woody58: calls $3
*** TURN *** [5c 9c 6h] [Jd]
VolkovDmitri: bets $6
19woody58: calls $6
*** RIVER *** [5c 9c 6h Jd] [Jh]
VolkovDmitri: bets $6
19woody58: folds
Uncalled bet ($6) returned to VolkovDmitri
VolkovDmitri collected $29.50 from pot
VolkovDmitri: doesn't show hand
*** SUMMARY ***
Total pot $30 | Rake $0.50
Board [5c 9c 6h Jd Jh]
Seat 2: 19woody58 (button) (small blind) folded on the River
Seat 3: VolkovDmitri (big blind) collected ($29.50)


PokerStars Hand #156924742092:  Hold'em Limit ($3/$6 USD) - 2016/08/06 3:01:37 ET
Table 'Pilcher' 6-max Seat #3 is the button
Seat 2: 19woody58 ($76.20 in chips)
Seat 3: VolkovDmitri ($175.16 in chips)
VolkovDmitri: posts small blind $1
19woody58: posts big blind $3
*** HOLE CARDS ***
VolkovDmitri: raises $3 to $6
19woody58: calls $3
*** FLOP *** [9h 2s 5d]
19woody58: checks
VolkovDmitri: bets $3
19woody58: calls $3
*** TURN *** [9h 2s 5d] [5h]
19woody58: checks
VolkovDmitri: bets $6
19woody58: folds
Uncalled bet ($6) returned to VolkovDmitri
VolkovDmitri collected $17.64 from pot
VolkovDmitri: doesn't show hand
*** SUMMARY ***
Total pot $18 | Rake $0.36
Board [9h 2s 5d 5h]
Seat 2: 19woody58 (big blind) folded on the Turn
Seat 3: VolkovDmitri (button) (small blind) collected ($17.64)


PokerStars Hand #156924727099:  Hold'em Limit ($3/$6 USD) - 2016/08/06 3:00:39 ET
Table 'Pilcher' 6-max Seat #2 is the button
Seat 2: 19woody58 ($97.44 in chips)
Seat 3: VolkovDmitri ($154.66 in chips)
19woody58: posts small blind $1
VolkovDmitri: posts big blind $3
*** HOLE CARDS ***
19woody58: raises $3 to $6
VolkovDmitri: calls $3
*** FLOP *** [7c 3c 8h]
VolkovDmitri: checks
19woody58: bets $3
VolkovDmitri: raises $3 to $6
19woody58: calls $3
*** TURN *** [7c 3c 8h] [9d]
VolkovDmitri: bets $6
19woody58: calls $6
*** RIVER *** [7c 3c 8h 9d] [Js]
VolkovDmitri: bets $6
19woody58: calls $6
*** SHOW DOWN ***
VolkovDmitri: shows [2c Tc] (a straight, Seven to Jack)
19woody58: mucks hand
VolkovDmitri collected $47.50 from pot
*** SUMMARY ***
Total pot $48 | Rake $0.50
Board [7c 3c 8h 9d Js]
Seat 2: 19woody58 (button) (small blind) mucked
Seat 3: VolkovDmitri (big blind) showed [2c Tc] and won ($47.50) with a straight, Seven to Jack


PokerStars Hand #156924747452:  Hold'em Limit ($3/$6 USD) - 2016/08/06 3:01:57 ET
Table 'Pilcher' 6-max Seat #2 is the button
Seat 2: 19woody58 ($67.20 in chips)
Seat 3: VolkovDmitri ($183.80 in chips)
19woody58: posts small blind $1
VolkovDmitri: posts big blind $3
*** HOLE CARDS ***
19woody58: raises $3 to $6
VolkovDmitri: raises $3 to $9
19woody58: calls $3
*** FLOP *** [4s Qh Qd]
VolkovDmitri: bets $3
19woody58: folds
Uncalled bet ($3) returned to VolkovDmitri
VolkovDmitri collected $17.64 from pot
VolkovDmitri: doesn't show hand
*** SUMMARY ***
Total pot $18 | Rake $0.36
Board [4s Qh Qd]
Seat 2: 19woody58 (button) (small blind) folded on the Flop
Seat 3: VolkovDmitri (big blind) collected ($17.64)


