PokerStars Hand #147048913665:  Hold'em Limit ($3/$6 USD) - 2016/01/14 17:56:57 ET
Table 'Pilcher II' 2-max Seat #2 is the button
Seat 1: yirkape ($136.64 in chips)
Seat 2: Mordnilap ($76 in chips)
Mordnilap: posts small blind $1
yirkape: posts big blind $3
*** HOLE CARDS ***
Mordnilap: raises $3 to $6
yirkape: calls $3
*** FLOP *** [6d 6s 4c]
yirkape: bets $3
Mordnilap: calls $3
*** TURN *** [6d 6s 4c] [2d]
yirkape: checks
Mordnilap: checks
*** RIVER *** [6d 6s 4c 2d] [Jd]
yirkape: checks
Mordnilap: bets $6
yirkape: folds
Uncalled bet ($6) returned to Mordnilap
Mordnilap collected $17.64 from pot
Mordnilap: doesn't show hand
*** SUMMARY ***
Total pot $18 | Rake $0.36
Board [6d 6s 4c 2d Jd]
Seat 1: yirkape (big blind) folded on the River
Seat 2: Mordnilap (button) (small blind) collected ($17.64)


PokerStars Hand #147048910149:  Hold'em Limit ($3/$6 USD) - 2016/01/14 17:56:53 ET
Table 'Pilcher II' 2-max Seat #1 is the button
Seat 1: yirkape ($137.64 in chips)
Seat 2: Mordnilap ($75 in chips)
yirkape: posts small blind $1
Mordnilap: posts big blind $3
*** HOLE CARDS ***
yirkape: folds
Uncalled bet ($2) returned to Mordnilap
Mordnilap collected $2 from pot
Mordnilap: doesn't show hand
*** SUMMARY ***
Total pot $2 | Rake $0
Seat 1: yirkape (button) (small blind) folded before Flop
Seat 2: Mordnilap (big blind) collected ($2)


PokerStars Hand #147048993133:  Hold'em Limit ($3/$6 USD) - 2016/01/14 17:58:28 ET
Table 'Pilcher II' 2-max Seat #2 is the button
Seat 1: yirkape ($142.14 in chips)
Seat 2: Mordnilap ($89.28 in chips)
Mordnilap: posts small blind $1
yirkape: posts big blind $3
*** HOLE CARDS ***
Mordnilap: raises $3 to $6
yirkape: calls $3
*** FLOP *** [4s Ac Jc]
yirkape: checks
Mordnilap: bets $3
yirkape: raises $3 to $6
Mordnilap: calls $3
*** TURN *** [4s Ac Jc] [3c]
yirkape: bets $6
Mordnilap: calls $6
*** RIVER *** [4s Ac Jc 3c] [6h]
yirkape: bets $6
Mordnilap: calls $6
*** SHOW DOWN ***
yirkape: shows [Jd 3h] (two pair, Jacks and Threes)
Mordnilap: mucks hand
yirkape collected $47.50 from pot
*** SUMMARY ***
Total pot $48 | Rake $0.50
Board [4s Ac Jc 3c 6h]
Seat 1: yirkape (big blind) showed [Jd 3h] and won ($47.50) with two pair, Jacks and Threes
Seat 2: Mordnilap (button) (small blind) mucked


PokerStars Hand #147048980204:  Hold'em Limit ($3/$6 USD) - 2016/01/14 17:58:15 ET
Table 'Pilcher II' 2-max Seat #1 is the button
Seat 1: yirkape ($151.14 in chips)
Seat 2: Mordnilap ($80.64 in chips)
yirkape: posts small blind $1
Mordnilap: posts big blind $3
*** HOLE CARDS ***
yirkape: raises $3 to $6
Mordnilap: calls $3
*** FLOP *** [2h Jh 2s]
Mordnilap: checks
yirkape: bets $3
Mordnilap: calls $3
*** TURN *** [2h Jh 2s] [2c]
Mordnilap: checks
yirkape: checks
*** RIVER *** [2h Jh 2s 2c] [4d]
Mordnilap: bets $6
yirkape: folds
Uncalled bet ($6) returned to Mordnilap
Mordnilap collected $17.64 from pot
Mordnilap: doesn't show hand
*** SUMMARY ***
Total pot $18 | Rake $0.36
Board [2h Jh 2s 2c 4d]
Seat 1: yirkape (button) (small blind) folded on the River
Seat 2: Mordnilap (big blind) collected ($17.64)


PokerStars Hand #147048961134:  Hold'em Limit ($3/$6 USD) - 2016/01/14 17:57:59 ET
Table 'Pilcher II' 2-max Seat #2 is the button
Seat 1: yirkape ($160.14 in chips)
Seat 2: Mordnilap ($72 in chips)
Mordnilap: posts small blind $1
yirkape: posts big blind $3
*** HOLE CARDS ***
Mordnilap: raises $3 to $6
yirkape: calls $3
*** FLOP *** [4d 7h 8s]
yirkape: checks
Mordnilap: bets $3
yirkape: calls $3
*** TURN *** [4d 7h 8s] [Js]
yirkape: checks
Mordnilap: bets $6
yirkape: folds
Uncalled bet ($6) returned to Mordnilap
Mordnilap collected $17.64 from pot
Mordnilap: doesn't show hand
*** SUMMARY ***
Total pot $18 | Rake $0.36
Board [4d 7h 8s Js]
Seat 1: yirkape (big blind) folded on the Turn
Seat 2: Mordnilap (button) (small blind) collected ($17.64)


PokerStars Hand #147048939885:  Hold'em Limit ($3/$6 USD) - 2016/01/14 17:57:31 ET
Table 'Pilcher II' 2-max Seat #1 is the button
Seat 1: yirkape ($127.64 in chips)
Seat 2: Mordnilap ($84.64 in chips)
yirkape: posts small blind $1
Mordnilap: posts big blind $3
*** HOLE CARDS ***
yirkape: raises $3 to $6
Mordnilap: calls $3
*** FLOP *** [6h 6d 5s]
Mordnilap: checks
yirkape: bets $3
Mordnilap: calls $3
*** TURN *** [6h 6d 5s] [Kd]
Mordnilap: checks
yirkape: bets $6
Mordnilap: raises $6 to $12
yirkape: calls $6
*** RIVER *** [6h 6d 5s Kd] [Td]
Mordnilap: bets $6
yirkape: raises $6 to $12
Mordnilap: calls $6
*** SHOW DOWN ***
yirkape: shows [Th Ts] (a full house, Tens full of Sixes)
Mordnilap: mucks hand
yirkape collected $65.50 from pot
*** SUMMARY ***
Total pot $66 | Rake $0.50
Board [6h 6d 5s Kd Td]
Seat 1: yirkape (button) (small blind) showed [Th Ts] and won ($65.50) with a full house, Tens full of Sixes
Seat 2: Mordnilap (big blind) mucked


PokerStars Hand #147049008287:  Hold'em Limit ($3/$6 USD) - 2016/01/14 17:58:46 ET
Table 'Pilcher II' 2-max Seat #1 is the button
Seat 1: yirkape ($165.64 in chips)
Seat 2: Mordnilap ($72 in chips)
yirkape: posts small blind $1
Mordnilap: posts big blind $3
*** HOLE CARDS ***
yirkape: calls $2
Mordnilap: checks
*** FLOP *** [Ks Qc 6h]
Mordnilap: checks
yirkape: checks
*** TURN *** [Ks Qc 6h] [6s]
Mordnilap: bets $6
yirkape: folds
Uncalled bet ($6) returned to Mordnilap
Mordnilap collected $5.88 from pot
Mordnilap: doesn't show hand
*** SUMMARY ***
Total pot $6 | Rake $0.12
Board [Ks Qc 6h 6s]
Seat 1: yirkape (button) (small blind) folded on the Turn
Seat 2: Mordnilap (big blind) collected ($5.88)


