PokerStars Hand #149800061422:  Hold'em Limit ($3/$6 USD) - 2016/03/03 19:44:02 ET
Table 'Pippa' 6-max Seat #3 is the button
Seat 3: poooohpooh ($120 in chips)
Seat 4: BuzovaPro ($72 in chips)
poooohpooh: posts small blind $1
BuzovaPro: posts big blind $3
*** HOLE CARDS ***
poooohpooh: folds
Uncalled bet ($2) returned to BuzovaPro
BuzovaPro collected $2 from pot
BuzovaPro: doesn't show hand
*** SUMMARY ***
Total pot $2 | Rake $0
Seat 3: poooohpooh (button) (small blind) folded before Flop
Seat 4: BuzovaPro (big blind) collected ($2)


PokerStars Hand #149800083249:  Hold'em Limit ($3/$6 USD) - 2016/03/03 19:44:39 ET
Table 'Pippa' 6-max Seat #3 is the button
Seat 3: poooohpooh ($95 in chips)
Seat 4: BuzovaPro ($96.50 in chips)
poooohpooh: posts small blind $1
BuzovaPro: posts big blind $3
*** HOLE CARDS ***
poooohpooh: raises $3 to $6
BuzovaPro: calls $3
*** FLOP *** [6d Jh Jd]
BuzovaPro: checks
poooohpooh: bets $3
BuzovaPro: calls $3
*** TURN *** [6d Jh Jd] [2d]
BuzovaPro: checks
poooohpooh: checks
*** RIVER *** [6d Jh Jd 2d] [Qd]
BuzovaPro: bets $6
poooohpooh: folds
Uncalled bet ($6) returned to BuzovaPro
BuzovaPro collected $17.64 from pot
BuzovaPro: doesn't show hand
*** SUMMARY ***
Total pot $18 | Rake $0.36
Board [6d Jh Jd 2d Qd]
Seat 3: poooohpooh (button) (small blind) folded on the River
Seat 4: BuzovaPro (big blind) collected ($17.64)


PokerStars Hand #149800067560:  Hold'em Limit ($3/$6 USD) - 2016/03/03 19:44:12 ET
Table 'Pippa' 6-max Seat #4 is the button
Seat 3: poooohpooh ($119 in chips)
Seat 4: BuzovaPro ($73 in chips)
BuzovaPro: posts small blind $1
poooohpooh: posts big blind $3
*** HOLE CARDS ***
BuzovaPro: raises $3 to $6
poooohpooh: raises $3 to $9
BuzovaPro: calls $3
*** FLOP *** [Ts 3c Ad]
poooohpooh: bets $3
BuzovaPro: calls $3
*** TURN *** [Ts 3c Ad] [7d]
poooohpooh: bets $6
BuzovaPro: calls $6
*** RIVER *** [Ts 3c Ad 7d] [3s]
poooohpooh: bets $6
BuzovaPro: calls $6
*** SHOW DOWN ***
poooohpooh: shows [9h Jh] (a pair of Threes)
BuzovaPro: shows [Kc 6h] (a pair of Threes - Ace+King kicker)
BuzovaPro collected $47.50 from pot
*** SUMMARY ***
Total pot $48 | Rake $0.50
Board [Ts 3c Ad 7d 3s]
Seat 3: poooohpooh (big blind) showed [9h Jh] and lost with a pair of Threes
Seat 4: BuzovaPro (button) (small blind) showed [Kc 6h] and won ($47.50) with a pair of Threes


PokerStars Hand #149800113803:  Hold'em Limit ($3/$6 USD) - 2016/03/03 19:45:32 ET
Table 'Pippa' 6-max Seat #4 is the button
Seat 3: poooohpooh ($97.50 in chips)
Seat 4: BuzovaPro ($93.14 in chips)
BuzovaPro: posts small blind $1
poooohpooh: posts big blind $3
*** HOLE CARDS ***
BuzovaPro: raises $3 to $6
poooohpooh: folds
Uncalled bet ($3) returned to BuzovaPro
BuzovaPro collected $6 from pot
BuzovaPro: doesn't show hand
*** SUMMARY ***
Total pot $6 | Rake $0
Seat 3: poooohpooh (big blind) folded before Flop
Seat 4: BuzovaPro (button) (small blind) collected ($6)


PokerStars Hand #149800104500:  Hold'em Limit ($3/$6 USD) - 2016/03/03 19:45:16 ET
Table 'Pippa' 6-max Seat #3 is the button
Seat 3: poooohpooh ($83 in chips)
Seat 4: BuzovaPro ($108.14 in chips)
poooohpooh: posts small blind $1
BuzovaPro: posts big blind $3
*** HOLE CARDS ***
poooohpooh: raises $3 to $6
BuzovaPro: calls $3
*** FLOP *** [Ad 9s 4h]
BuzovaPro: checks
poooohpooh: bets $3
BuzovaPro: calls $3
*** TURN *** [Ad 9s 4h] [Kc]
BuzovaPro: checks
poooohpooh: checks
*** RIVER *** [Ad 9s 4h Kc] [5s]
BuzovaPro: bets $6
poooohpooh: calls $6
*** SHOW DOWN ***
BuzovaPro: shows [5h Qh] (a pair of Fives)
poooohpooh: shows [8s 8h] (a pair of Eights)
poooohpooh collected $29.50 from pot
*** SUMMARY ***
Total pot $30 | Rake $0.50
Board [Ad 9s 4h Kc 5s]
Seat 3: poooohpooh (button) (small blind) showed [8s 8h] and won ($29.50) with a pair of Eights
Seat 4: BuzovaPro (big blind) showed [5h Qh] and lost with a pair of Fives


PokerStars Hand #149800101236:  Hold'em Limit ($3/$6 USD) - 2016/03/03 19:45:11 ET
Table 'Pippa' 6-max Seat #4 is the button
Seat 3: poooohpooh ($86 in chips)
Seat 4: BuzovaPro ($105.14 in chips)
BuzovaPro: posts small blind $1
poooohpooh: posts big blind $3
*** HOLE CARDS ***
BuzovaPro: raises $3 to $6
poooohpooh: folds
Uncalled bet ($3) returned to BuzovaPro
BuzovaPro collected $6 from pot
BuzovaPro: doesn't show hand
*** SUMMARY ***
Total pot $6 | Rake $0
Seat 3: poooohpooh (big blind) folded before Flop
Seat 4: BuzovaPro (button) (small blind) collected ($6)


