PokerStars Hand #172120309638:  Hold'em Limit ($3/$6 USD) - 2017/06/22 21:01:51 ET
Table 'Pippa' 6-max Seat #1 is the button
Seat 1: Chessnok ($120 in chips)
Seat 3: cojo777 ($60 in chips)
Chessnok: posts small blind $1
cojo777: posts big blind $3
*** HOLE CARDS ***
Chessnok: raises $3 to $6
cojo777: calls $3
*** FLOP *** [Jc Qd 8h]
cojo777: checks
Jack_Wu1985 joins the table at seat #4
Chessnok: bets $3
cojo777: raises $3 to $6
Chessnok: calls $3
*** TURN *** [Jc Qd 8h] [Jd]
cojo777: bets $6
Chessnok: calls $6
*** RIVER *** [Jc Qd 8h Jd] [6c]
cojo777: bets $6
Chessnok: calls $6
*** SHOW DOWN ***
cojo777: shows [9h 5c] (a pair of Jacks)
Chessnok: shows [Kc Qh] (two pair, Queens and Jacks)
Chessnok collected $47.50 from pot
*** SUMMARY ***
Total pot $48 | Rake $0.50
Board [Jc Qd 8h Jd 6c]
Seat 1: Chessnok (button) (small blind) showed [Kc Qh] and won ($47.50) with two pair, Queens and Jacks
Seat 3: cojo777 (big blind) showed [9h 5c] and lost with a pair of Jacks


PokerStars Hand #172120639132:  Hold'em Limit ($3/$6 USD) - 2017/06/22 21:15:20 ET
Table 'Pippa' 6-max Seat #1 is the button
Seat 1: Chessnok ($92.46 in chips)
Seat 5: scorpio04 ($173.50 in chips)
Chessnok: posts small blind $1
scorpio04: posts big blind $3
*** HOLE CARDS ***
Chessnok: raises $3 to $6
scorpio04: calls $3
*** FLOP *** [7h 3s Ah]
scorpio04: checks
Chessnok: bets $3
scorpio04: raises $3 to $6
Chessnok: raises $3 to $9
scorpio04: raises $3 to $12
Betting is capped
Chessnok: calls $3
*** TURN *** [7h 3s Ah] [4s]
scorpio04: bets $6
Chessnok: calls $6
*** RIVER *** [7h 3s Ah 4s] [6c]
scorpio04: bets $6
Chessnok: calls $6
*** SHOW DOWN ***
scorpio04: shows [As 6d] (two pair, Aces and Sixes)
Chessnok: mucks hand
scorpio04 collected $59.50 from pot
*** SUMMARY ***
Total pot $60 | Rake $0.50
Board [7h 3s Ah 4s 6c]
Seat 1: Chessnok (button) (small blind) mucked
Seat 5: scorpio04 (big blind) showed [As 6d] and won ($59.50) with two pair, Aces and Sixes


PokerStars Hand #172120631439:  Hold'em Limit ($3/$6 USD) - 2017/06/22 21:15:00 ET
Table 'Pippa' 6-max Seat #5 is the button
Seat 1: Chessnok ($116.46 in chips)
Seat 5: scorpio04 ($150 in chips)
scorpio04: posts small blind $1
EVBET: is sitting out
EVBET leaves the table
Chessnok: posts big blind $3
*** HOLE CARDS ***
scorpio04: raises $3 to $6
Chessnok: calls $3
*** FLOP *** [Jh 4c Th]
Chessnok: checks
scorpio04: checks
*** TURN *** [Jh 4c Th] [6c]
Chessnok: bets $6
scorpio04: raises $6 to $12
Chessnok: calls $6
*** RIVER *** [Jh 4c Th 6c] [Ad]
Chessnok: checks
scorpio04: bets $6
Chessnok: calls $6
*** SHOW DOWN ***
scorpio04: shows [4s Td] (two pair, Tens and Fours)
Chessnok: mucks hand
scorpio04 collected $47.50 from pot
*** SUMMARY ***
Total pot $48 | Rake $0.50
Board [Jh 4c Th 6c Ad]
Seat 1: Chessnok (big blind) mucked
Seat 5: scorpio04 (button) (small blind) showed [4s Td] and won ($47.50) with two pair, Tens and Fours


