PokerStars Hand #149734744760:  Hold'em Limit ($3/$6 USD) - 2016/03/02 15:16:19 ET
Table 'Pippa' 6-max Seat #4 is the button
Seat 3: BADBEATTER1 ($97.50 in chips)
Seat 4: AzureCaper ($72 in chips)
AzureCaper: posts small blind $1
BADBEATTER1: posts big blind $3
*** HOLE CARDS ***
AzureCaper: raises $3 to $6
BADBEATTER1: calls $3
*** FLOP *** [7d 5c 9h]
BADBEATTER1: bets $3
AzureCaper: raises $3 to $6
BADBEATTER1: calls $3
*** TURN *** [7d 5c 9h] [As]
BADBEATTER1: checks
AzureCaper: bets $6
BADBEATTER1: calls $6
*** RIVER *** [7d 5c 9h As] [Ts]
BADBEATTER1: checks
AzureCaper: bets $6
BADBEATTER1: calls $6
*** SHOW DOWN ***
AzureCaper: shows [Qs Ah] (a pair of Aces)
BADBEATTER1: mucks hand
AzureCaper collected $47.50 from pot
*** SUMMARY ***
Total pot $48 | Rake $0.50
Board [7d 5c 9h As Ts]
Seat 3: BADBEATTER1 (big blind) mucked
Seat 4: AzureCaper (button) (small blind) showed [Qs Ah] and won ($47.50) with a pair of Aces


PokerStars Hand #149734773236:  Hold'em Limit ($3/$6 USD) - 2016/03/02 15:16:48 ET
Table 'Pippa' 6-max Seat #4 is the button
Seat 3: BADBEATTER1 ($72.50 in chips)
Seat 4: AzureCaper ($96.50 in chips)
AzureCaper: posts small blind $1
BADBEATTER1: posts big blind $3
*** HOLE CARDS ***
AzureCaper: folds
Uncalled bet ($2) returned to BADBEATTER1
BADBEATTER1 collected $2 from pot
BADBEATTER1: doesn't show hand
*** SUMMARY ***
Total pot $2 | Rake $0
Seat 3: BADBEATTER1 (big blind) collected ($2)
Seat 4: AzureCaper (button) (small blind) folded before Flop


PokerStars Hand #149734768949:  Hold'em Limit ($3/$6 USD) - 2016/03/02 15:16:44 ET
Table 'Pippa' 6-max Seat #3 is the button
Seat 3: BADBEATTER1 ($73.50 in chips)
Seat 4: AzureCaper ($95.50 in chips)
BADBEATTER1: posts small blind $1
AzureCaper: posts big blind $3
*** HOLE CARDS ***
BADBEATTER1: folds
Uncalled bet ($2) returned to AzureCaper
AzureCaper collected $2 from pot
AzureCaper: doesn't show hand
*** SUMMARY ***
Total pot $2 | Rake $0
Seat 3: BADBEATTER1 (button) (small blind) folded before Flop
Seat 4: AzureCaper (big blind) collected ($2)


PokerStars Hand #149734777726:  Hold'em Limit ($3/$6 USD) - 2016/03/02 15:16:52 ET
Table 'Pippa' 6-max Seat #3 is the button
Seat 3: BADBEATTER1 ($73.50 in chips)
Seat 4: AzureCaper ($95.50 in chips)
BADBEATTER1: posts small blind $1
AzureCaper: posts big blind $3
*** HOLE CARDS ***
BADBEATTER1: raises $3 to $6
AzureCaper: calls $3
*** FLOP *** [7s Kc 8s]
AzureCaper: checks
BADBEATTER1: bets $3
AzureCaper: folds
Uncalled bet ($3) returned to BADBEATTER1
BADBEATTER1 collected $11.76 from pot
BADBEATTER1: doesn't show hand
*** SUMMARY ***
Total pot $12 | Rake $0.24
Board [7s Kc 8s]
Seat 3: BADBEATTER1 (button) (small blind) collected ($11.76)
Seat 4: AzureCaper (big blind) folded on the Flop


PokerStars Hand #149734789079:  Hold'em Limit ($3/$6 USD) - 2016/03/02 15:17:04 ET
Table 'Pippa' 6-max Seat #4 is the button
Seat 3: BADBEATTER1 ($79.26 in chips)
Seat 4: AzureCaper ($89.50 in chips)
AzureCaper: posts small blind $1
BADBEATTER1: posts big blind $3
*** HOLE CARDS ***
AzureCaper: raises $3 to $6
BADBEATTER1: calls $3
*** FLOP *** [Ad 2h 3d]
BADBEATTER1: checks
AzureCaper: bets $3
BADBEATTER1: folds
Uncalled bet ($3) returned to AzureCaper
AzureCaper collected $11.76 from pot
AzureCaper: doesn't show hand
*** SUMMARY ***
Total pot $12 | Rake $0.24
Board [Ad 2h 3d]
Seat 3: BADBEATTER1 (big blind) folded on the Flop
Seat 4: AzureCaper (button) (small blind) collected ($11.76)


PokerStars Hand #149734824904:  Hold'em Limit ($3/$6 USD) - 2016/03/02 15:17:41 ET
Table 'Pippa' 6-max Seat #4 is the button
Seat 3: BADBEATTER1 ($72.26 in chips)
Seat 4: AzureCaper ($96.26 in chips)
AzureCaper: posts small blind $1
BADBEATTER1: posts big blind $3
*** HOLE CARDS ***
AzureCaper: raises $3 to $6
BADBEATTER1: folds
Uncalled bet ($3) returned to AzureCaper
AzureCaper collected $6 from pot
AzureCaper: doesn't show hand
*** SUMMARY ***
Total pot $6 | Rake $0
Seat 3: BADBEATTER1 (big blind) folded before Flop
Seat 4: AzureCaper (button) (small blind) collected ($6)


PokerStars Hand #149734831789:  Hold'em Limit ($3/$6 USD) - 2016/03/02 15:17:48 ET
Table 'Pippa' 6-max Seat #3 is the button
Seat 3: BADBEATTER1 ($69.26 in chips)
Seat 4: AzureCaper ($99.26 in chips)
BADBEATTER1: posts small blind $1
AzureCaper: posts big blind $3
*** HOLE CARDS ***
BADBEATTER1: folds
Uncalled bet ($2) returned to AzureCaper
AzureCaper collected $2 from pot
AzureCaper: doesn't show hand
*** SUMMARY ***
Total pot $2 | Rake $0
Seat 3: BADBEATTER1 (button) (small blind) folded before Flop
Seat 4: AzureCaper (big blind) collected ($2)


PokerStars Hand #149734852244:  Hold'em Limit ($3/$6 USD) - 2016/03/02 15:18:09 ET
Table 'Pippa' 6-max Seat #3 is the button
Seat 3: BADBEATTER1 ($76.90 in chips)
Seat 4: AzureCaper ($91.26 in chips)
BADBEATTER1: posts small blind $1
AzureCaper: posts big blind $3
*** HOLE CARDS ***
BADBEATTER1: folds
Uncalled bet ($2) returned to AzureCaper
AzureCaper collected $2 from pot
AzureCaper: doesn't show hand
*** SUMMARY ***
Total pot $2 | Rake $0
Seat 3: BADBEATTER1 (button) (small blind) folded before Flop
Seat 4: AzureCaper (big blind) collected ($2)


PokerStars Hand #149734839173:  Hold'em Limit ($3/$6 USD) - 2016/03/02 15:17:55 ET
Table 'Pippa' 6-max Seat #4 is the button
Seat 3: BADBEATTER1 ($68.26 in chips)
Seat 4: AzureCaper ($100.26 in chips)
AzureCaper: posts small blind $1
BADBEATTER1: posts big blind $3
*** HOLE CARDS ***
AzureCaper: raises $3 to $6
BADBEATTER1: calls $3
*** FLOP *** [4c Jh 6s]
BADBEATTER1: checks
AzureCaper: bets $3
BADBEATTER1: raises $3 to $6
AzureCaper: folds
Uncalled bet ($3) returned to BADBEATTER1
BADBEATTER1 collected $17.64 from pot
BADBEATTER1: doesn't show hand
*** SUMMARY ***
Total pot $18 | Rake $0.36
Board [4c Jh 6s]
Seat 3: BADBEATTER1 (big blind) collected ($17.64)
Seat 4: AzureCaper (button) (small blind) folded on the Flop


PokerStars Hand #149734856295:  Hold'em Limit ($3/$6 USD) - 2016/03/02 15:18:13 ET
Table 'Pippa' 6-max Seat #4 is the button
Seat 3: BADBEATTER1 ($75.90 in chips)
Seat 4: AzureCaper ($92.26 in chips)
AzureCaper: posts small blind $1
BADBEATTER1: posts big blind $3
*** HOLE CARDS ***
AzureCaper: raises $3 to $6
BADBEATTER1: calls $3
*** FLOP *** [Qh Th 6h]
BADBEATTER1: checks
AzureCaper: bets $3
BADBEATTER1: folds
Uncalled bet ($3) returned to AzureCaper
AzureCaper collected $11.76 from pot
AzureCaper: doesn't show hand
*** SUMMARY ***
Total pot $12 | Rake $0.24
Board [Qh Th 6h]
Seat 3: BADBEATTER1 (big blind) folded on the Flop
Seat 4: AzureCaper (button) (small blind) collected ($11.76)


PokerStars Hand #149734818519:  Hold'em Limit ($3/$6 USD) - 2016/03/02 15:17:34 ET
Table 'Pippa' 6-max Seat #3 is the button
Seat 3: BADBEATTER1 ($73.26 in chips)
Seat 4: AzureCaper ($95.26 in chips)
BADBEATTER1: posts small blind $1
AzureCaper: posts big blind $3
*** HOLE CARDS ***
BADBEATTER1: folds
Uncalled bet ($2) returned to AzureCaper
AzureCaper collected $2 from pot
AzureCaper: doesn't show hand
*** SUMMARY ***
Total pot $2 | Rake $0
Seat 3: BADBEATTER1 (button) (small blind) folded before Flop
Seat 4: AzureCaper (big blind) collected ($2)


PokerStars Hand #149734869433:  Hold'em Limit ($3/$6 USD) - 2016/03/02 15:18:26 ET
Table 'Pippa' 6-max Seat #4 is the button
Seat 3: BADBEATTER1 ($68.90 in chips)
Seat 4: AzureCaper ($99.02 in chips)
AzureCaper: posts small blind $1
BADBEATTER1: posts big blind $3
*** HOLE CARDS ***
AzureCaper: raises $3 to $6
BADBEATTER1: folds
Uncalled bet ($3) returned to AzureCaper
AzureCaper collected $6 from pot
AzureCaper: doesn't show hand
*** SUMMARY ***
Total pot $6 | Rake $0
Seat 3: BADBEATTER1 (big blind) folded before Flop
Seat 4: AzureCaper (button) (small blind) collected ($6)


PokerStars Hand #149734864811:  Hold'em Limit ($3/$6 USD) - 2016/03/02 15:18:22 ET
Table 'Pippa' 6-max Seat #3 is the button
Seat 3: BADBEATTER1 ($69.90 in chips)
Seat 4: AzureCaper ($98.02 in chips)
BADBEATTER1: posts small blind $1
AzureCaper: posts big blind $3
*** HOLE CARDS ***
BADBEATTER1: folds
Uncalled bet ($2) returned to AzureCaper
AzureCaper collected $2 from pot
AzureCaper: doesn't show hand
*** SUMMARY ***
Total pot $2 | Rake $0
Seat 3: BADBEATTER1 (button) (small blind) folded before Flop
Seat 4: AzureCaper (big blind) collected ($2)


PokerStars Hand #149734891258:  Hold'em Limit ($3/$6 USD) - 2016/03/02 15:18:48 ET
Table 'Pippa' 6-max Seat #3 is the button
Seat 3: BADBEATTER1 ($77.54 in chips)
Seat 4: AzureCaper ($90.02 in chips)
BADBEATTER1: posts small blind $1
AzureCaper: posts big blind $3
*** HOLE CARDS ***
BADBEATTER1: folds
Uncalled bet ($2) returned to AzureCaper
AzureCaper collected $2 from pot
AzureCaper: doesn't show hand
*** SUMMARY ***
Total pot $2 | Rake $0
Seat 3: BADBEATTER1 (button) (small blind) folded before Flop
Seat 4: AzureCaper (big blind) collected ($2)


PokerStars Hand #149734879512:  Hold'em Limit ($3/$6 USD) - 2016/03/02 15:18:36 ET
Table 'Pippa' 6-max Seat #4 is the button
Seat 3: BADBEATTER1 ($68.90 in chips)
Seat 4: AzureCaper ($99.02 in chips)
AzureCaper: posts small blind $1
BADBEATTER1: posts big blind $3
*** HOLE CARDS ***
AzureCaper: raises $3 to $6
feilinho joins the table at seat #5
BADBEATTER1: raises $3 to $9
AzureCaper: calls $3
*** FLOP *** [Js 5h 3s]
BADBEATTER1: bets $3
AzureCaper: folds
Uncalled bet ($3) returned to BADBEATTER1
BADBEATTER1 collected $17.64 from pot
BADBEATTER1: doesn't show hand
*** SUMMARY ***
Total pot $18 | Rake $0.36
Board [Js 5h 3s]
Seat 3: BADBEATTER1 (big blind) collected ($17.64)
Seat 4: AzureCaper (button) (small blind) folded on the Flop


PokerStars Hand #149734873958:  Hold'em Limit ($3/$6 USD) - 2016/03/02 15:18:31 ET
Table 'Pippa' 6-max Seat #3 is the button
Seat 3: BADBEATTER1 ($65.90 in chips)
Seat 4: AzureCaper ($102.02 in chips)
BADBEATTER1: posts small blind $1
AzureCaper: posts big blind $3
*** HOLE CARDS ***
BADBEATTER1: raises $3 to $6
AzureCaper: folds
Uncalled bet ($3) returned to BADBEATTER1
BADBEATTER1 collected $6 from pot
BADBEATTER1: doesn't show hand
*** SUMMARY ***
Total pot $6 | Rake $0
Seat 3: BADBEATTER1 (button) (small blind) collected ($6)
Seat 4: AzureCaper (big blind) folded before Flop


