PokerStars Hand #174130423987:  Hold'em Limit ($3/$6 USD) - 2017/08/09 16:41:34 ET
Table 'Pirola' 6-max Seat #3 is the button
Seat 3: Mailley ($32.84 in chips)
Seat 5: GoliafUa ($120 in chips)
Mailley: posts small blind $1
GoliafUa: posts big blind $3
*** HOLE CARDS ***
Mailley: raises $3 to $6
GoliafUa: calls $3
*** FLOP *** [8d Tc 3s]
GoliafUa: checks
Mailley: bets $3
GoliafUa: raises $3 to $6
Mailley: calls $3
*** TURN *** [8d Tc 3s] [5h]
GoliafUa: bets $6
Mailley: folds
Uncalled bet ($6) returned to GoliafUa
GoliafUa collected $23.52 from pot
GoliafUa: doesn't show hand
*** SUMMARY ***
Total pot $24 | Rake $0.48
Board [8d Tc 3s 5h]
Seat 3: Mailley (button) (small blind) folded on the Turn
Seat 5: GoliafUa (big blind) collected ($23.52)


PokerStars Hand #174130433754:  Hold'em Limit ($3/$6 USD) - 2017/08/09 16:41:47 ET
Table 'Pirola' 6-max Seat #5 is the button
Seat 3: Mailley ($20.84 in chips)
Seat 5: GoliafUa ($131.52 in chips)
GoliafUa: posts small blind $1
Mailley: posts big blind $3
*** HOLE CARDS ***
GoliafUa: raises $3 to $6
Mailley: raises $3 to $9
GoliafUa: raises $3 to $12
Betting is capped
Mailley: calls $3
*** FLOP *** [4s 8c Qs]
Mailley: bets $3
vestimokrec joins the table at seat #4
GoliafUa: calls $3
*** TURN *** [4s 8c Qs] [8d]
Mailley: bets $5.84 and is all-in
GoliafUa: calls $5.84
*** RIVER *** [4s 8c Qs 8d] [Tc]
*** SHOW DOWN ***
Mailley: shows [4h 2s] (two pair, Eights and Fours)
GoliafUa: shows [9s 9c] (two pair, Nines and Eights)
GoliafUa collected $41.18 from pot
*** SUMMARY ***
Total pot $41.68 | Rake $0.50
Board [4s 8c Qs 8d Tc]
Seat 3: Mailley (big blind) showed [4h 2s] and lost with two pair, Eights and Fours
Seat 5: GoliafUa (button) (small blind) showed [9s 9c] and won ($41.18) with two pair, Nines and Eights


PokerStars Hand #174132136824:  Hold'em Limit ($3/$6 USD) - 2017/08/09 17:20:25 ET
Table 'Pirola' 6-max Seat #3 is the button
Seat 3: Fetish73 ($120 in chips)
Seat 4: krytalex ($120 in chips)
Fetish73: posts small blind $1
krytalex: posts big blind $3
*** HOLE CARDS ***
GoliafUa leaves the table
Fetish73: raises $3 to $6
krytalex: folds
Uncalled bet ($3) returned to Fetish73
Fetish73 collected $6 from pot
*** SUMMARY ***
Total pot $6 | Rake $0
Seat 3: Fetish73 (button) (small blind) collected ($6)
Seat 4: krytalex (big blind) folded before Flop


PokerStars Hand #174132216966:  Hold'em Limit ($3/$6 USD) - 2017/08/09 17:22:02 ET
Table 'Pirola' 6-max Seat #3 is the button
Seat 3: Fetish73 ($87 in chips)
Seat 4: krytalex ($152.14 in chips)
Fetish73: posts small blind $1
krytalex: posts big blind $3
*** HOLE CARDS ***
Fetish73: folds
Uncalled bet ($2) returned to krytalex
krytalex collected $2 from pot
*** SUMMARY ***
Total pot $2 | Rake $0
Seat 3: Fetish73 (button) (small blind) folded before Flop
Seat 4: krytalex (big blind) collected ($2)


PokerStars Hand #174132209293:  Hold'em Limit ($3/$6 USD) - 2017/08/09 17:21:52 ET
Table 'Pirola' 6-max Seat #4 is the button
Seat 3: Fetish73 ($90 in chips)
Seat 4: krytalex ($149.14 in chips)
krytalex: posts small blind $1
Fetish73: posts big blind $3
*** HOLE CARDS ***
krytalex: raises $3 to $6
Fetish73: folds
Uncalled bet ($3) returned to krytalex
krytalex collected $6 from pot
*** SUMMARY ***
Total pot $6 | Rake $0
Seat 3: Fetish73 (big blind) folded before Flop
Seat 4: krytalex (button) (small blind) collected ($6)


PokerStars Hand #174132194108:  Hold'em Limit ($3/$6 USD) - 2017/08/09 17:21:32 ET
Table 'Pirola' 6-max Seat #3 is the button
Seat 3: Fetish73 ($99 in chips)
Seat 4: krytalex ($140.50 in chips)
Fetish73: posts small blind $1
krytalex: posts big blind $3
*** HOLE CARDS ***
Fetish73: raises $3 to $6
krytalex: raises $3 to $9
Fetish73: calls $3
*** FLOP *** [As 3d Qd]
krytalex: bets $3
Fetish73: folds
Uncalled bet ($3) returned to krytalex
krytalex collected $17.64 from pot
*** SUMMARY ***
Total pot $18 | Rake $0.36
Board [As 3d Qd]
Seat 3: Fetish73 (button) (small blind) folded on the Flop
Seat 4: krytalex (big blind) collected ($17.64)


PokerStars Hand #174132151449:  Hold'em Limit ($3/$6 USD) - 2017/08/09 17:20:44 ET
Table 'Pirola' 6-max Seat #4 is the button
Seat 3: Fetish73 ($123 in chips)
Seat 4: krytalex ($117 in chips)
krytalex: posts small blind $1
Fetish73: posts big blind $3
*** HOLE CARDS ***
krytalex: raises $3 to $6
Fetish73: raises $3 to $9
krytalex: calls $3
*** FLOP *** [Jh Qc 5d]
Fetish73: bets $3
krytalex: calls $3
*** TURN *** [Jh Qc 5d] [Ks]
Fetish73: bets $6
krytalex: calls $6
*** RIVER *** [Jh Qc 5d Ks] [9h]
Fetish73: checks
krytalex: bets $6
Fetish73: calls $6
*** SHOW DOWN ***
krytalex: shows [Kh Td] (a straight, Nine to King)
Fetish73: mucks hand
krytalex collected $47.50 from pot
*** SUMMARY ***
Total pot $48 | Rake $0.50
Board [Jh Qc 5d Ks 9h]
Seat 3: Fetish73 (big blind) mucked
Seat 4: krytalex (button) (small blind) showed [Kh Td] and won ($47.50) with a straight, Nine to King


PokerStars Hand #174132236496:  Hold'em Limit ($3/$6 USD) - 2017/08/09 17:22:29 ET
Table 'Pirola' 6-max Seat #4 is the button
Seat 3: Fetish73 ($90 in chips)
Seat 4: krytalex ($149.14 in chips)
krytalex: posts small blind $1
Fetish73: posts big blind $3
*** HOLE CARDS ***
krytalex: folds
Uncalled bet ($2) returned to Fetish73
Fetish73 collected $2 from pot
*** SUMMARY ***
Total pot $2 | Rake $0
Seat 3: Fetish73 (big blind) collected ($2)
Seat 4: krytalex (button) (small blind) folded before Flop


PokerStars Hand #174132227210:  Hold'em Limit ($3/$6 USD) - 2017/08/09 17:22:16 ET
Table 'Pirola' 6-max Seat #3 is the button
Seat 3: Fetish73 ($87 in chips)
Seat 4: krytalex ($152.14 in chips)
Fetish73: posts small blind $1
krytalex: posts big blind $3
*** HOLE CARDS ***
Fetish73: raises $3 to $6
krytalex: folds
Uncalled bet ($3) returned to Fetish73
Fetish73 collected $6 from pot
*** SUMMARY ***
Total pot $6 | Rake $0
Seat 3: Fetish73 (button) (small blind) collected ($6)
Seat 4: krytalex (big blind) folded before Flop


PokerStars Hand #174132220524:  Hold'em Limit ($3/$6 USD) - 2017/08/09 17:22:07 ET
Table 'Pirola' 6-max Seat #4 is the button
Seat 3: Fetish73 ($86 in chips)
Seat 4: krytalex ($153.14 in chips)
krytalex: posts small blind $1
Fetish73: posts big blind $3
*** HOLE CARDS ***
krytalex: folds
Uncalled bet ($2) returned to Fetish73
Fetish73 collected $2 from pot
*** SUMMARY ***
Total pot $2 | Rake $0
Seat 3: Fetish73 (big blind) collected ($2)
Seat 4: krytalex (button) (small blind) folded before Flop


PokerStars Hand #174132283852:  Hold'em Limit ($3/$6 USD) - 2017/08/09 17:23:33 ET
Table 'Pirola' 6-max Seat #3 is the button
Seat 3: Fetish73 ($105.40 in chips)
Seat 4: krytalex ($133.14 in chips)
Fetish73: posts small blind $1
krytalex: posts big blind $3
*** HOLE CARDS ***
Fetish73: raises $3 to $6
krytalex: raises $3 to $9
Fetish73: calls $3
*** FLOP *** [Qh Ts 3h]
krytalex: bets $3
Fetish73: calls $3
*** TURN *** [Qh Ts 3h] [Ah]
krytalex: bets $6
Fetish73: calls $6
*** RIVER *** [Qh Ts 3h Ah] [Td]
krytalex: bets $6
Fetish73: calls $6
*** SHOW DOWN ***
krytalex: shows [9h Ad] (two pair, Aces and Tens)
Fetish73: mucks hand
krytalex collected $47.50 from pot
*** SUMMARY ***
Total pot $48 | Rake $0.50
Board [Qh Ts 3h Ah Td]
Seat 3: Fetish73 (button) (small blind) mucked
Seat 4: krytalex (big blind) showed [9h Ad] and won ($47.50) with two pair, Aces and Tens


PokerStars Hand #174132270818:  Hold'em Limit ($3/$6 USD) - 2017/08/09 17:23:15 ET
Table 'Pirola' 6-max Seat #4 is the button
Seat 3: Fetish73 ($96.76 in chips)
Seat 4: krytalex ($142.14 in chips)
krytalex: posts small blind $1
Fetish73: posts big blind $3
*** HOLE CARDS ***
krytalex: raises $3 to $6
Fetish73: raises $3 to $9
krytalex: calls $3
*** FLOP *** [7s 4d Td]
Fetish73: bets $3
krytalex: folds
Uncalled bet ($3) returned to Fetish73
Fetish73 collected $17.64 from pot
*** SUMMARY ***
Total pot $18 | Rake $0.36
Board [7s 4d Td]
Seat 3: Fetish73 (big blind) collected ($17.64)
Seat 4: krytalex (button) (small blind) folded on the Flop


PokerStars Hand #174132244311:  Hold'em Limit ($3/$6 USD) - 2017/08/09 17:22:39 ET
Table 'Pirola' 6-max Seat #3 is the button
Seat 3: Fetish73 ($91 in chips)
Seat 4: krytalex ($148.14 in chips)
Fetish73: posts small blind $1
krytalex: posts big blind $3
*** HOLE CARDS ***
Fetish73: raises $3 to $6
krytalex: calls $3
*** FLOP *** [Th Qc 8c]
krytalex: checks
Fetish73: bets $3
krytalex: folds
Uncalled bet ($3) returned to Fetish73
Fetish73 collected $11.76 from pot
*** SUMMARY ***
Total pot $12 | Rake $0.24
Board [Th Qc 8c]
Seat 3: Fetish73 (button) (small blind) collected ($11.76)
Seat 4: krytalex (big blind) folded on the Flop


PokerStars Hand #174132302473:  Hold'em Limit ($3/$6 USD) - 2017/08/09 17:23:58 ET
Table 'Pirola' 6-max Seat #4 is the button
Seat 3: Fetish73 ($81.40 in chips)
Seat 4: krytalex ($156.64 in chips)
krytalex: posts small blind $1
Fetish73: posts big blind $3
*** HOLE CARDS ***
krytalex: raises $3 to $6
Fetish73: calls $3
*** FLOP *** [Ts Td Kh]
Fetish73: checks
krytalex: bets $3
Fetish73: folds
Uncalled bet ($3) returned to krytalex
krytalex collected $11.76 from pot
*** SUMMARY ***
Total pot $12 | Rake $0.24
Board [Ts Td Kh]
Seat 3: Fetish73 (big blind) folded on the Flop
Seat 4: krytalex (button) (small blind) collected ($11.76)


PokerStars Hand #174132314003:  Hold'em Limit ($3/$6 USD) - 2017/08/09 17:24:14 ET
Table 'Pirola' 6-max Seat #3 is the button
Seat 3: Fetish73 ($75.40 in chips)
Seat 4: krytalex ($162.40 in chips)
Fetish73: posts small blind $1
krytalex: posts big blind $3
*** HOLE CARDS ***
Fetish73: raises $3 to $6
krytalex: calls $3
*** FLOP *** [3s 6d Jd]
alfa_sigma joins the table at seat #6
krytalex: checks
Fetish73: checks
*** TURN *** [3s 6d Jd] [Ad]
krytalex: bets $6
Fetish73: raises $6 to $12
krytalex: calls $6
*** RIVER *** [3s 6d Jd Ad] [Ts]
krytalex: checks
Fetish73: bets $6
krytalex: calls $6
*** SHOW DOWN ***
Fetish73: shows [5d 8c] (high card Ace)
krytalex: shows [Ac 9d] (a pair of Aces)
krytalex collected $47.50 from pot
*** SUMMARY ***
Total pot $48 | Rake $0.50
Board [3s 6d Jd Ad Ts]
Seat 3: Fetish73 (button) (small blind) showed [5d 8c] and lost with high card Ace
Seat 4: krytalex (big blind) showed [Ac 9d] and won ($47.50) with a pair of Aces


