PokerStars Hand #159029090664:  Hold'em Limit ($3/$6 USD) - 2016/09/24 11:16:56 ET
Table 'Pirola' 6-max Seat #1 is the button
Seat 1: LifeisagameX ($84 in chips)
Seat 2: hairy1961 ($50 in chips)
LifeisagameX: posts small blind $1
hairy1961: posts big blind $3
*** HOLE CARDS ***
LifeisagameX: raises $3 to $6
hairy1961: folds
Uncalled bet ($3) returned to LifeisagameX
LifeisagameX collected $6 from pot
*** SUMMARY ***
Total pot $6 | Rake $0
Seat 1: LifeisagameX (button) (small blind) collected ($6)
Seat 2: hairy1961 (big blind) folded before Flop


PokerStars Hand #159029098147:  Hold'em Limit ($3/$6 USD) - 2016/09/24 11:17:09 ET
Table 'Pirola' 6-max Seat #2 is the button
Seat 1: LifeisagameX ($87 in chips)
Seat 2: hairy1961 ($47 in chips)
hairy1961: posts small blind $1
LifeisagameX: posts big blind $3
*** HOLE CARDS ***
hairy1961: folds
Uncalled bet ($2) returned to LifeisagameX
LifeisagameX collected $2 from pot
LifeisagameX: doesn't show hand
*** SUMMARY ***
Total pot $2 | Rake $0
Seat 1: LifeisagameX (big blind) collected ($2)
Seat 2: hairy1961 (button) (small blind) folded before Flop


PokerStars Hand #159029113737:  Hold'em Limit ($3/$6 USD) - 2016/09/24 11:17:34 ET
Table 'Pirola' 6-max Seat #2 is the button
Seat 1: LifeisagameX ($87 in chips)
Seat 2: hairy1961 ($47 in chips)
hairy1961: posts small blind $1
LifeisagameX: posts big blind $3
*** HOLE CARDS ***
hairy1961: folds
Uncalled bet ($2) returned to LifeisagameX
LifeisagameX collected $2 from pot
LifeisagameX: doesn't show hand
*** SUMMARY ***
Total pot $2 | Rake $0
Seat 1: LifeisagameX (big blind) collected ($2)
Seat 2: hairy1961 (button) (small blind) folded before Flop


PokerStars Hand #159029101777:  Hold'em Limit ($3/$6 USD) - 2016/09/24 11:17:15 ET
Table 'Pirola' 6-max Seat #1 is the button
Seat 1: LifeisagameX ($88 in chips)
Seat 2: hairy1961 ($46 in chips)
LifeisagameX: posts small blind $1
hairy1961: posts big blind $3
*** HOLE CARDS ***
LifeisagameX: folds
Uncalled bet ($2) returned to hairy1961
hairy1961 collected $2 from pot
*** SUMMARY ***
Total pot $2 | Rake $0
Seat 1: LifeisagameX (button) (small blind) folded before Flop
Seat 2: hairy1961 (big blind) collected ($2)


PokerStars Hand #159029117592:  Hold'em Limit ($3/$6 USD) - 2016/09/24 11:17:40 ET
Table 'Pirola' 6-max Seat #1 is the button
Seat 1: LifeisagameX ($88 in chips)
Seat 2: hairy1961 ($46 in chips)
LifeisagameX: posts small blind $1
hairy1961: posts big blind $3
*** HOLE CARDS ***
LifeisagameX: raises $3 to $6
hairy1961: raises $3 to $9
LifeisagameX: calls $3
*** FLOP *** [Ah 8h 3c]
hairy1961: bets $3
LifeisagameX: calls $3
*** TURN *** [Ah 8h 3c] [Qc]
hairy1961: bets $6
LifeisagameX: folds
Uncalled bet ($6) returned to hairy1961
hairy1961 collected $23.52 from pot
*** SUMMARY ***
Total pot $24 | Rake $0.48
Board [Ah 8h 3c Qc]
Seat 1: LifeisagameX (button) (small blind) folded on the Turn
Seat 2: hairy1961 (big blind) collected ($23.52)


PokerStars Hand #159029154352:  Hold'em Limit ($3/$6 USD) - 2016/09/24 11:18:42 ET
Table 'Pirola' 6-max Seat #2 is the button
Seat 1: LifeisagameX ($84 in chips)
Seat 2: hairy1961 ($57.52 in chips)
hairy1961: posts small blind $1
LifeisagameX: posts big blind $3
*** HOLE CARDS ***
hairy1961: folds
Uncalled bet ($2) returned to LifeisagameX
LifeisagameX collected $2 from pot
LifeisagameX: doesn't show hand
*** SUMMARY ***
Total pot $2 | Rake $0
Seat 1: LifeisagameX (big blind) collected ($2)
Seat 2: hairy1961 (button) (small blind) folded before Flop


PokerStars Hand #159029157988:  Hold'em Limit ($3/$6 USD) - 2016/09/24 11:18:48 ET
Table 'Pirola' 6-max Seat #1 is the button
Seat 1: LifeisagameX ($85 in chips)
Seat 2: hairy1961 ($56.52 in chips)
LifeisagameX: posts small blind $1
hairy1961: posts big blind $3
*** HOLE CARDS ***
LifeisagameX: raises $3 to $6
hairy1961: calls $3
*** FLOP *** [5d 3s 4h]
hairy1961: checks
LifeisagameX: bets $3
hairy1961: raises $3 to $6
LifeisagameX: calls $3
*** TURN *** [5d 3s 4h] [Qc]
hairy1961: bets $6
LifeisagameX: raises $6 to $12
hairy1961: calls $6
*** RIVER *** [5d 3s 4h Qc] [2d]
hairy1961: checks
LifeisagameX: bets $6
hairy1961: calls $6
*** SHOW DOWN ***
LifeisagameX: shows [As Qd] (a straight, Ace to Five)
hairy1961: mucks hand
LifeisagameX collected $59.50 from pot
*** SUMMARY ***
Total pot $60 | Rake $0.50
Board [5d 3s 4h Qc 2d]
Seat 1: LifeisagameX (button) (small blind) showed [As Qd] and won ($59.50) with a straight, Ace to Five
Seat 2: hairy1961 (big blind) mucked


PokerStars Hand #159029203611:  Hold'em Limit ($3/$6 USD) - 2016/09/24 11:20:02 ET
Table 'Pirola' 6-max Seat #2 is the button
Seat 1: LifeisagameX ($114.50 in chips)
Seat 2: hairy1961 ($26.52 in chips)
hairy1961: posts small blind $1
LifeisagameX: posts big blind $3
*** HOLE CARDS ***
hairy1961: raises $3 to $6
LifeisagameX: calls $3
*** FLOP *** [3d 4d Qc]
LifeisagameX: checks
hairy1961: checks
*** TURN *** [3d 4d Qc] [5s]
LifeisagameX: bets $6
hairy1961: raises $6 to $12
LifeisagameX: calls $6
*** RIVER *** [3d 4d Qc 5s] [9c]
LifeisagameX: checks
hairy1961: bets $6
LifeisagameX: calls $6
*** SHOW DOWN ***
hairy1961: shows [2s 9h] (a pair of Nines)
LifeisagameX: mucks hand
hairy1961 collected $47.50 from pot
*** SUMMARY ***
Total pot $48 | Rake $0.50
Board [3d 4d Qc 5s 9c]
Seat 1: LifeisagameX (big blind) mucked
Seat 2: hairy1961 (button) (small blind) showed [2s 9h] and won ($47.50) with a pair of Nines


PokerStars Hand #159029248324:  Hold'em Limit ($3/$6 USD) - 2016/09/24 11:21:14 ET
Table 'Pirola' 6-max Seat #1 is the button
Seat 1: LifeisagameX ($90.50 in chips)
Seat 2: hairy1961 ($50.02 in chips)
LifeisagameX: posts small blind $1
hairy1961: posts big blind $3
*** HOLE CARDS ***
LifeisagameX: raises $3 to $6
hairy1961: folds
Uncalled bet ($3) returned to LifeisagameX
LifeisagameX collected $6 from pot
LifeisagameX: doesn't show hand
*** SUMMARY ***
Total pot $6 | Rake $0
Seat 1: LifeisagameX (button) (small blind) collected ($6)
Seat 2: hairy1961 (big blind) folded before Flop


PokerStars Hand #159029256284:  Hold'em Limit ($3/$6 USD) - 2016/09/24 11:21:27 ET
Table 'Pirola' 6-max Seat #2 is the button
Seat 1: LifeisagameX ($93.50 in chips)
Seat 2: hairy1961 ($47.02 in chips)
hairy1961: posts small blind $1
LifeisagameX: posts big blind $3
*** HOLE CARDS ***
hairy1961: folds
Uncalled bet ($2) returned to LifeisagameX
LifeisagameX collected $2 from pot
LifeisagameX: doesn't show hand
*** SUMMARY ***
Total pot $2 | Rake $0
Seat 1: LifeisagameX (big blind) collected ($2)
Seat 2: hairy1961 (button) (small blind) folded before Flop


PokerStars Hand #159029259781:  Hold'em Limit ($3/$6 USD) - 2016/09/24 11:21:33 ET
Table 'Pirola' 6-max Seat #1 is the button
Seat 1: LifeisagameX ($94.50 in chips)
Seat 2: hairy1961 ($46.02 in chips)
LifeisagameX: posts small blind $1
hairy1961: posts big blind $3
*** HOLE CARDS ***
LifeisagameX: raises $3 to $6
hairy1961: calls $3
*** FLOP *** [2c 6c 8c]
hairy1961: checks
LifeisagameX: bets $3
hairy1961: calls $3
*** TURN *** [2c 6c 8c] [2h]
hairy1961: checks
LifeisagameX: bets $6
hairy1961: raises $6 to $12
LifeisagameX: calls $6
*** RIVER *** [2c 6c 8c 2h] [4h]
hairy1961: bets $6
LifeisagameX: calls $6
*** SHOW DOWN ***
hairy1961: shows [Td 2s] (three of a kind, Deuces)
LifeisagameX: mucks hand
hairy1961 collected $53.50 from pot
*** SUMMARY ***
Total pot $54 | Rake $0.50
Board [2c 6c 8c 2h 4h]
Seat 1: LifeisagameX (button) (small blind) mucked
Seat 2: hairy1961 (big blind) showed [Td 2s] and won ($53.50) with three of a kind, Deuces


PokerStars Hand #159029296069:  Hold'em Limit ($3/$6 USD) - 2016/09/24 11:22:32 ET
Table 'Pirola' 6-max Seat #2 is the button
Seat 1: LifeisagameX ($84 in chips)
Seat 2: hairy1961 ($72.52 in chips)
hairy1961: posts small blind $1
LifeisagameX: posts big blind $3
*** HOLE CARDS ***
hairy1961: folds
Uncalled bet ($2) returned to LifeisagameX
LifeisagameX collected $2 from pot
LifeisagameX: doesn't show hand
*** SUMMARY ***
Total pot $2 | Rake $0
Seat 1: LifeisagameX (big blind) collected ($2)
Seat 2: hairy1961 (button) (small blind) folded before Flop


PokerStars Hand #159029300334:  Hold'em Limit ($3/$6 USD) - 2016/09/24 11:22:39 ET
Table 'Pirola' 6-max Seat #1 is the button
Seat 1: LifeisagameX ($85 in chips)
Seat 2: hairy1961 ($71.52 in chips)
LifeisagameX: posts small blind $1
hairy1961: posts big blind $3
*** HOLE CARDS ***
LifeisagameX: raises $3 to $6
hairy1961: calls $3
*** FLOP *** [Tc Js 9h]
hairy1961: checks
LifeisagameX: bets $3
hairy1961: raises $3 to $6
LifeisagameX: raises $3 to $9
hairy1961: calls $3
*** TURN *** [Tc Js 9h] [3s]
hairy1961: checks
LifeisagameX: checks
*** RIVER *** [Tc Js 9h 3s] [3c]
hairy1961: bets $6
LifeisagameX: calls $6
*** SHOW DOWN ***
hairy1961: shows [Ad Jc] (two pair, Jacks and Threes)
LifeisagameX: mucks hand
hairy1961 collected $41.50 from pot
*** SUMMARY ***
Total pot $42 | Rake $0.50
Board [Tc Js 9h 3s 3c]
Seat 1: LifeisagameX (button) (small blind) mucked
Seat 2: hairy1961 (big blind) showed [Ad Jc] and won ($41.50) with two pair, Jacks and Threes


PokerStars Hand #159029333437:  Hold'em Limit ($3/$6 USD) - 2016/09/24 11:23:32 ET
Table 'Pirola' 6-max Seat #2 is the button
Seat 1: LifeisagameX ($84 in chips)
Seat 2: hairy1961 ($92.02 in chips)
hairy1961: posts small blind $1
LifeisagameX: posts big blind $3
*** HOLE CARDS ***
hairy1961: raises $3 to $6
LifeisagameX: calls $3
*** FLOP *** [5c Jc Qs]
LifeisagameX: checks
hairy1961: checks
*** TURN *** [5c Jc Qs] [5d]
LifeisagameX: checks
hairy1961: checks
*** RIVER *** [5c Jc Qs 5d] [3d]
LifeisagameX: bets $6
hairy1961: folds
Uncalled bet ($6) returned to LifeisagameX
LifeisagameX collected $11.76 from pot
LifeisagameX: doesn't show hand
*** SUMMARY ***
Total pot $12 | Rake $0.24
Board [5c Jc Qs 5d 3d]
Seat 1: LifeisagameX (big blind) collected ($11.76)
Seat 2: hairy1961 (button) (small blind) folded on the River


PokerStars Hand #159029357898:  Hold'em Limit ($3/$6 USD) - 2016/09/24 11:24:12 ET
Table 'Pirola' 6-max Seat #1 is the button
Seat 1: LifeisagameX ($89.76 in chips)
Seat 2: hairy1961 ($86.02 in chips)
LifeisagameX: posts small blind $1
hairy1961: posts big blind $3
*** HOLE CARDS ***
LifeisagameX: raises $3 to $6
hairy1961: folds
Uncalled bet ($3) returned to LifeisagameX
LifeisagameX collected $6 from pot
LifeisagameX: doesn't show hand
*** SUMMARY ***
Total pot $6 | Rake $0
Seat 1: LifeisagameX (button) (small blind) collected ($6)
Seat 2: hairy1961 (big blind) folded before Flop


PokerStars Hand #159029362090:  Hold'em Limit ($3/$6 USD) - 2016/09/24 11:24:19 ET
Table 'Pirola' 6-max Seat #2 is the button
Seat 1: LifeisagameX ($92.76 in chips)
Seat 2: hairy1961 ($83.02 in chips)
hairy1961: posts small blind $1
LifeisagameX: posts big blind $3
*** HOLE CARDS ***
hairy1961: folds
Uncalled bet ($2) returned to LifeisagameX
LifeisagameX collected $2 from pot
LifeisagameX: doesn't show hand
*** SUMMARY ***
Total pot $2 | Rake $0
Seat 1: LifeisagameX (big blind) collected ($2)
Seat 2: hairy1961 (button) (small blind) folded before Flop


PokerStars Hand #159029365838:  Hold'em Limit ($3/$6 USD) - 2016/09/24 11:24:25 ET
Table 'Pirola' 6-max Seat #1 is the button
Seat 1: LifeisagameX ($93.76 in chips)
Seat 2: hairy1961 ($82.02 in chips)
LifeisagameX: posts small blind $1
hairy1961: posts big blind $3
*** HOLE CARDS ***
LifeisagameX: raises $3 to $6
hairy1961: calls $3
*** FLOP *** [Qs Ad 3d]
hairy1961: checks
LifeisagameX: bets $3
hairy1961: calls $3
*** TURN *** [Qs Ad 3d] [9h]
hairy1961: checks
LifeisagameX: bets $6
hairy1961: calls $6
*** RIVER *** [Qs Ad 3d 9h] [Jh]
hairy1961: checks
LifeisagameX: checks
*** SHOW DOWN ***
hairy1961: shows [2d 5h] (high card Ace)
LifeisagameX: shows [3s Ks] (a pair of Threes)
LifeisagameX collected $29.50 from pot
*** SUMMARY ***
Total pot $30 | Rake $0.50
Board [Qs Ad 3d 9h Jh]
Seat 1: LifeisagameX (button) (small blind) showed [3s Ks] and won ($29.50) with a pair of Threes
Seat 2: hairy1961 (big blind) showed [2d 5h] and lost with high card Ace


PokerStars Hand #159029402119:  Hold'em Limit ($3/$6 USD) - 2016/09/24 11:25:24 ET
Table 'Pirola' 6-max Seat #1 is the button
Seat 1: LifeisagameX ($102.26 in chips)
Seat 2: hairy1961 ($72.78 in chips)
LifeisagameX: posts small blind $1
hairy1961: posts big blind $3
*** HOLE CARDS ***
LifeisagameX: raises $3 to $6
hairy1961: folds
Uncalled bet ($3) returned to LifeisagameX
LifeisagameX collected $6 from pot
LifeisagameX: doesn't show hand
*** SUMMARY ***
Total pot $6 | Rake $0
Seat 1: LifeisagameX (button) (small blind) collected ($6)
Seat 2: hairy1961 (big blind) folded before Flop


PokerStars Hand #159029406766:  Hold'em Limit ($3/$6 USD) - 2016/09/24 11:25:32 ET
Table 'Pirola' 6-max Seat #2 is the button
Seat 1: LifeisagameX ($105.26 in chips)
Seat 2: hairy1961 ($69.78 in chips)
hairy1961: posts small blind $1
LifeisagameX: posts big blind $3
*** HOLE CARDS ***
hairy1961: raises $3 to $6
LifeisagameX: calls $3
*** FLOP *** [7s 9d 8h]
LifeisagameX: checks
hairy1961: checks
*** TURN *** [7s 9d 8h] [9c]
LifeisagameX: checks
hairy1961: bets $6
LifeisagameX: calls $6
*** RIVER *** [7s 9d 8h 9c] [3h]
LifeisagameX: checks
hairy1961: checks
*** SHOW DOWN ***
LifeisagameX: shows [Qc Kd] (a pair of Nines)
hairy1961: shows [As 4d] (a pair of Nines - Ace kicker)
hairy1961 collected $23.52 from pot
*** SUMMARY ***
Total pot $24 | Rake $0.48
Board [7s 9d 8h 9c 3h]
Seat 1: LifeisagameX (big blind) showed [Qc Kd] and lost with a pair of Nines
Seat 2: hairy1961 (button) (small blind) showed [As 4d] and won ($23.52) with a pair of Nines


PokerStars Hand #159029428260:  Hold'em Limit ($3/$6 USD) - 2016/09/24 11:26:06 ET
Table 'Pirola' 6-max Seat #1 is the button
Seat 1: LifeisagameX ($93.26 in chips)
Seat 2: hairy1961 ($81.30 in chips)
LifeisagameX: posts small blind $1
hairy1961: posts big blind $3
*** HOLE CARDS ***
LifeisagameX: raises $3 to $6
hairy1961: folds
Uncalled bet ($3) returned to LifeisagameX
LifeisagameX collected $6 from pot
LifeisagameX: doesn't show hand
*** SUMMARY ***
Total pot $6 | Rake $0
Seat 1: LifeisagameX (button) (small blind) collected ($6)
Seat 2: hairy1961 (big blind) folded before Flop


PokerStars Hand #159029436279:  Hold'em Limit ($3/$6 USD) - 2016/09/24 11:26:19 ET
Table 'Pirola' 6-max Seat #2 is the button
Seat 1: LifeisagameX ($96.26 in chips)
Seat 2: hairy1961 ($78.30 in chips)
hairy1961: posts small blind $1
LifeisagameX: posts big blind $3
*** HOLE CARDS ***
hairy1961: raises $3 to $6
LifeisagameX: calls $3
*** FLOP *** [3d 2s Ts]
LifeisagameX: checks
hairy1961: bets $3
LifeisagameX: folds
Uncalled bet ($3) returned to hairy1961
hairy1961 collected $11.76 from pot
*** SUMMARY ***
Total pot $12 | Rake $0.24
Board [3d 2s Ts]
Seat 1: LifeisagameX (big blind) folded on the Flop
Seat 2: hairy1961 (button) (small blind) collected ($11.76)


PokerStars Hand #159029447627:  Hold'em Limit ($3/$6 USD) - 2016/09/24 11:26:37 ET
Table 'Pirola' 6-max Seat #1 is the button
Seat 1: LifeisagameX ($90.26 in chips)
Seat 2: hairy1961 ($84.06 in chips)
LifeisagameX: posts small blind $1
hairy1961: posts big blind $3
*** HOLE CARDS ***
LifeisagameX: raises $3 to $6
hairy1961: calls $3
*** FLOP *** [Ts 2c 3d]
hairy1961: bets $3
LifeisagameX: calls $3
*** TURN *** [Ts 2c 3d] [4h]
hairy1961: bets $6
LifeisagameX: calls $6
*** RIVER *** [Ts 2c 3d 4h] [9s]
hairy1961: bets $6
LWNS joins the table at seat #4
LifeisagameX: calls $6
*** SHOW DOWN ***
hairy1961: shows [8c Ad] (high card Ace)
LifeisagameX: shows [2d 7h] (a pair of Deuces)
LifeisagameX collected $41.50 from pot
*** SUMMARY ***
Total pot $42 | Rake $0.50
Board [Ts 2c 3d 4h 9s]
Seat 1: LifeisagameX (button) (small blind) showed [2d 7h] and won ($41.50) with a pair of Deuces
Seat 2: hairy1961 (big blind) showed [8c Ad] and lost with high card Ace


PokerStars Hand #159029532751:  Hold'em Limit ($3/$6 USD) - 2016/09/24 11:28:54 ET
Table 'Pirola' 6-max Seat #4 is the button
Seat 2: hairy1961 ($73.34 in chips)
Seat 4: LWNS ($54 in chips)
Ben_ab34 will be allowed to play after the button
LWNS: posts small blind $1
hairy1961: posts big blind $3
*** HOLE CARDS ***
LWNS: raises $3 to $6
hairy1961: raises $3 to $9
LWNS: raises $3 to $12
Betting is capped
hairy1961: calls $3
*** FLOP *** [3c 4d 3d]
LifeisagameX leaves the table
Ben_ab34 leaves the table
hairy1961: checks
LWNS: bets $3
hairy1961: calls $3
*** TURN *** [3c 4d 3d] [5s]
sim5sim5 leaves the table
hairy1961: checks
LWNS: bets $6
hairy1961: folds
Uncalled bet ($6) returned to LWNS
LWNS collected $29.50 from pot
LWNS: doesn't show hand
*** SUMMARY ***
Total pot $30 | Rake $0.50
Board [3c 4d 3d 5s]
Seat 2: hairy1961 (big blind) folded on the Turn
Seat 4: LWNS (button) (small blind) collected ($29.50)


