PokerStars Hand #175575643619:  Hold'em Limit ($3/$6 USD) - 2017/09/12 23:34:46 ET
Table 'Pirola' 6-max Seat #1 is the button
Seat 1: LifeisagameX ($84 in chips)
Seat 3: libaikang ($120 in chips)
LifeisagameX: posts small blind $1
libaikang: posts big blind $3
*** HOLE CARDS ***
LifeisagameX: raises $3 to $6
libaikang: calls $3
*** FLOP *** [Ad 2s Qh]
libaikang: checks
LifeisagameX: checks
*** TURN *** [Ad 2s Qh] [7h]
libaikang: checks
LifeisagameX: bets $6
libaikang: calls $6
*** RIVER *** [Ad 2s Qh 7h] [5c]
libaikang: checks
LifeisagameX: bets $6
libaikang: calls $6
*** SHOW DOWN ***
LifeisagameX: shows [Kh Qc] (a pair of Queens)
libaikang: mucks hand
LifeisagameX collected $35.50 from pot
*** SUMMARY ***
Total pot $36 | Rake $0.50
Board [Ad 2s Qh 7h 5c]
Seat 1: LifeisagameX (button) (small blind) showed [Kh Qc] and won ($35.50) with a pair of Queens
Seat 3: libaikang (big blind) mucked


PokerStars Hand #175575666105:  Hold'em Limit ($3/$6 USD) - 2017/09/12 23:36:07 ET
Table 'Pirola' 6-max Seat #1 is the button
Seat 1: LifeisagameX ($116 in chips)
Seat 3: libaikang ($87 in chips)
LifeisagameX: posts small blind $1
libaikang: posts big blind $3
*** HOLE CARDS ***
LifeisagameX: raises $3 to $6
libaikang: raises $3 to $9
LifeisagameX: calls $3
*** FLOP *** [6s Ts 8h]
libaikang: checks
LifeisagameX: bets $3
libaikang: calls $3
*** TURN *** [6s Ts 8h] [Qh]
libaikang: bets $6
LifeisagameX: calls $6
*** RIVER *** [6s Ts 8h Qh] [Ks]
libaikang: bets $6
aleksei19945 joins the table at seat #5
LifeisagameX: calls $6
*** SHOW DOWN ***
libaikang: shows [Ac 5c] (high card Ace)
LifeisagameX: shows [4d Th] (a pair of Tens)
LifeisagameX collected $47.50 from pot
*** SUMMARY ***
Total pot $48 | Rake $0.50
Board [6s Ts 8h Qh Ks]
Seat 1: LifeisagameX (button) (small blind) showed [4d Th] and won ($47.50) with a pair of Tens
Seat 3: libaikang (big blind) showed [Ac 5c] and lost with high card Ace


PokerStars Hand #175575655333:  Hold'em Limit ($3/$6 USD) - 2017/09/12 23:35:28 ET
Table 'Pirola' 6-max Seat #3 is the button
Seat 1: LifeisagameX ($101.50 in chips)
Seat 3: libaikang ($102 in chips)
libaikang: posts small blind $1
LifeisagameX: posts big blind $3
*** HOLE CARDS ***
libaikang: calls $2
LifeisagameX: checks
*** FLOP *** [Kh 2d 6d]
LifeisagameX: checks
libaikang: checks
*** TURN *** [Kh 2d 6d] [3d]
LifeisagameX: bets $6
libaikang: calls $6
*** RIVER *** [Kh 2d 6d 3d] [7d]
LifeisagameX: bets $6
libaikang: calls $6
*** SHOW DOWN ***
LifeisagameX: shows [5h 9d] (a flush, Nine high)
libaikang: mucks hand
LifeisagameX collected $29.50 from pot
*** SUMMARY ***
Total pot $30 | Rake $0.50
Board [Kh 2d 6d 3d 7d]
Seat 1: LifeisagameX (big blind) showed [5h 9d] and won ($29.50) with a flush, Nine high
Seat 3: libaikang (button) (small blind) mucked


PokerStars Hand #175575687733:  Hold'em Limit ($3/$6 USD) - 2017/09/12 23:37:25 ET
Table 'Pirola' 6-max Seat #1 is the button
Seat 1: LifeisagameX ($139.08 in chips)
Seat 5: aleksei19945 ($119.59 in chips)
B_loJkl will be allowed to play after the button
LifeisagameX: posts small blind $1
aleksei19945: posts big blind $3
*** HOLE CARDS ***
LifeisagameX: raises $3 to $6
aleksei19945: folds
Uncalled bet ($3) returned to LifeisagameX
LifeisagameX collected $6 from pot
LifeisagameX: doesn't show hand
*** SUMMARY ***
Total pot $6 | Rake $0
Seat 1: LifeisagameX (button) (small blind) collected ($6)
Seat 5: aleksei19945 (big blind) folded before Flop


PokerStars Hand #175575720200:  Hold'em Limit ($3/$6 USD) - 2017/09/12 23:39:17 ET
Table 'Pirola' 6-max Seat #6 is the button
Seat 5: aleksei19945 ($81.59 in chips)
Seat 6: B_loJkl ($147 in chips)
B_loJkl: posts small blind $1
aleksei19945: posts big blind $3
*** HOLE CARDS ***
B_loJkl: raises $3 to $6
aleksei19945: raises $3 to $9
B_loJkl: calls $3
*** FLOP *** [Kd Th 7c]
aleksei19945: bets $3
B_loJkl: raises $3 to $6
aleksei19945: calls $3
*** TURN *** [Kd Th 7c] [7s]
aleksei19945: checks
B_loJkl: bets $6
aleksei19945: calls $6
*** RIVER *** [Kd Th 7c 7s] [Ad]
aleksei19945: checks
B_loJkl: checks
*** SHOW DOWN ***
aleksei19945: shows [Qd Ac] (two pair, Aces and Sevens)
B_loJkl: mucks hand
aleksei19945 collected $41.50 from pot
*** SUMMARY ***
Total pot $42 | Rake $0.50
Board [Kd Th 7c 7s Ad]
Seat 5: aleksei19945 (big blind) showed [Qd Ac] and won ($41.50) with two pair, Aces and Sevens
Seat 6: B_loJkl (button) (small blind) mucked


PokerStars Hand #175575718642:  Hold'em Limit ($3/$6 USD) - 2017/09/12 23:39:11 ET
Table 'Pirola' 6-max Seat #5 is the button
Seat 5: aleksei19945 ($82.59 in chips)
Seat 6: B_loJkl ($146 in chips)
aleksei19945: posts small blind $1
B_loJkl: posts big blind $3
*** HOLE CARDS ***
aleksei19945: folds
Uncalled bet ($2) returned to B_loJkl
LifeisagameX leaves the table
B_loJkl collected $2 from pot
B_loJkl: doesn't show hand
*** SUMMARY ***
Total pot $2 | Rake $0
Seat 5: aleksei19945 (button) (small blind) folded before Flop
Seat 6: B_loJkl (big blind) collected ($2)


PokerStars Hand #175575731590:  Hold'em Limit ($3/$6 USD) - 2017/09/12 23:39:58 ET
Table 'Pirola' 6-max Seat #5 is the button
Seat 5: aleksei19945 ($102.09 in chips)
Seat 6: B_loJkl ($126 in chips)
aleksei19945: posts small blind $1
B_loJkl: posts big blind $3
*** HOLE CARDS ***
aleksei19945: raises $3 to $6
B_loJkl: raises $3 to $9
aleksei19945: raises $3 to $12
Betting is capped
B_loJkl: calls $3
*** FLOP *** [3c 9c Qs]
B_loJkl: checks
aleksei19945: bets $3
B_loJkl: calls $3
*** TURN *** [3c 9c Qs] [Ac]
B_loJkl: checks
aleksei19945: bets $6
B_loJkl: calls $6
*** RIVER *** [3c 9c Qs Ac] [3s]
B_loJkl: checks
aleksei19945: bets $6
B_loJkl: calls $6
*** SHOW DOWN ***
aleksei19945: shows [Kh Qc] (two pair, Queens and Threes)
B_loJkl: mucks hand
aleksei19945 collected $53.50 from pot
*** SUMMARY ***
Total pot $54 | Rake $0.50
Board [3c 9c Qs Ac 3s]
Seat 5: aleksei19945 (button) (small blind) showed [Kh Qc] and won ($53.50) with two pair, Queens and Threes
Seat 6: B_loJkl (big blind) mucked


PokerStars Hand #175575755803:  Hold'em Limit ($3/$6 USD) - 2017/09/12 23:41:25 ET
Table 'Pirola' 6-max Seat #5 is the button
Seat 5: aleksei19945 ($113.59 in chips)
Seat 6: B_loJkl ($113.50 in chips)
aleksei19945: posts small blind $1
B_loJkl: posts big blind $3
*** HOLE CARDS ***
aleksei19945: raises $3 to $6
B_loJkl: calls $3
*** FLOP *** [As Kc 7c]
B_loJkl: checks
aleksei19945: bets $3
B_loJkl: folds
Uncalled bet ($3) returned to aleksei19945
aleksei19945 collected $11.76 from pot
*** SUMMARY ***
Total pot $12 | Rake $0.24
Board [As Kc 7c]
Seat 5: aleksei19945 (button) (small blind) collected ($11.76)
Seat 6: B_loJkl (big blind) folded on the Flop


PokerStars Hand #175575746668:  Hold'em Limit ($3/$6 USD) - 2017/09/12 23:40:52 ET
Table 'Pirola' 6-max Seat #6 is the button
Seat 5: aleksei19945 ($128.59 in chips)
Seat 6: B_loJkl ($99 in chips)
B_loJkl: posts small blind $1
aleksei19945: posts big blind $3
*** HOLE CARDS ***
B_loJkl: raises $3 to $6
aleksei19945: calls $3
*** FLOP *** [3d 3h 7h]
aleksei19945: checks
B_loJkl: bets $3
aleksei19945: calls $3
*** TURN *** [3d 3h 7h] [Th]
aleksei19945: checks
B_loJkl: checks
*** RIVER *** [3d 3h 7h Th] [8s]
aleksei19945: bets $6
B_loJkl: calls $6
*** SHOW DOWN ***
aleksei19945: shows [4s Ac] (a pair of Threes)
B_loJkl: shows [7d 5c] (two pair, Sevens and Threes)
B_loJkl collected $29.50 from pot
*** SUMMARY ***
Total pot $30 | Rake $0.50
Board [3d 3h 7h Th 8s]
Seat 5: aleksei19945 (big blind) showed [4s Ac] and lost with a pair of Threes
Seat 6: B_loJkl (button) (small blind) showed [7d 5c] and won ($29.50) with two pair, Sevens and Threes


PokerStars Hand #175575775347:  Hold'em Limit ($3/$6 USD) - 2017/09/12 23:42:37 ET
Table 'Pirola' 6-max Seat #6 is the button
Seat 5: aleksei19945 ($118.10 in chips)
Seat 6: B_loJkl ($108.25 in chips)
B_loJkl: posts small blind $1
aleksei19945: posts big blind $3
*** HOLE CARDS ***
B_loJkl: raises $3 to $6
aleksei19945: calls $3
*** FLOP *** [Qs 7h As]
aleksei19945: checks
B_loJkl: bets $3
aleksei19945: folds
Uncalled bet ($3) returned to B_loJkl
B_loJkl collected $11.76 from pot
B_loJkl: doesn't show hand
*** SUMMARY ***
Total pot $12 | Rake $0.24
Board [Qs 7h As]
Seat 5: aleksei19945 (big blind) folded on the Flop
Seat 6: B_loJkl (button) (small blind) collected ($11.76)


PokerStars Hand #175575773414:  Hold'em Limit ($3/$6 USD) - 2017/09/12 23:42:30 ET
Table 'Pirola' 6-max Seat #5 is the button
Seat 5: aleksei19945 ($119.10 in chips)
Seat 6: B_loJkl ($107.25 in chips)
aleksei19945: posts small blind $1
B_loJkl: posts big blind $3
*** HOLE CARDS ***
aleksei19945: folds
Uncalled bet ($2) returned to B_loJkl
B_loJkl collected $2 from pot
B_loJkl: doesn't show hand
*** SUMMARY ***
Total pot $2 | Rake $0
Seat 5: aleksei19945 (button) (small blind) folded before Flop
Seat 6: B_loJkl (big blind) collected ($2)


PokerStars Hand #175575763531:  Hold'em Limit ($3/$6 USD) - 2017/09/12 23:41:54 ET
Table 'Pirola' 6-max Seat #6 is the button
Seat 5: aleksei19945 ($119.35 in chips)
Seat 6: B_loJkl ($107.50 in chips)
B_loJkl: posts small blind $1
aleksei19945: posts big blind $3
*** HOLE CARDS ***
B_loJkl: raises $3 to $6
aleksei19945: calls $3
*** FLOP *** [8s Jd Js]
aleksei19945: checks
B_loJkl: bets $3
aleksei19945: raises $3 to $6
B_loJkl: calls $3
*** TURN *** [8s Jd Js] [Ah]
aleksei19945: bets $6
B_loJkl: calls $6
*** RIVER *** [8s Jd Js Ah] [Td]
aleksei19945: checks
B_loJkl: checks
*** SHOW DOWN ***
aleksei19945: shows [Kc 6d] (a pair of Jacks)
B_loJkl: shows [5h Kh] (a pair of Jacks)
aleksei19945 collected $17.75 from pot
B_loJkl collected $17.75 from pot
*** SUMMARY ***
Total pot $36 | Rake $0.50
Board [8s Jd Js Ah Td]
Seat 5: aleksei19945 (big blind) showed [Kc 6d] and won ($17.75) with a pair of Jacks
Seat 6: B_loJkl (button) (small blind) showed [5h Kh] and won ($17.75) with a pair of Jacks


PokerStars Hand #175575785216:  Hold'em Limit ($3/$6 USD) - 2017/09/12 23:43:13 ET
Table 'Pirola' 6-max Seat #5 is the button
Seat 5: aleksei19945 ($116.10 in chips)
Seat 6: B_loJkl ($110.01 in chips)
aleksei19945: posts small blind $1
B_loJkl: posts big blind $3
*** HOLE CARDS ***
aleksei19945: raises $3 to $6
B_loJkl: calls $3
*** FLOP *** [Ks 7s Qd]
B_loJkl: checks
aleksei19945: bets $3
B_loJkl: folds
Uncalled bet ($3) returned to aleksei19945
aleksei19945 collected $11.76 from pot
aleksei19945: doesn't show hand
*** SUMMARY ***
Total pot $12 | Rake $0.24
Board [Ks 7s Qd]
Seat 5: aleksei19945 (button) (small blind) collected ($11.76)
Seat 6: B_loJkl (big blind) folded on the Flop


PokerStars Hand #175575783550:  Hold'em Limit ($3/$6 USD) - 2017/09/12 23:43:07 ET
Table 'Pirola' 6-max Seat #6 is the button
Seat 5: aleksei19945 ($115.10 in chips)
Seat 6: B_loJkl ($111.01 in chips)
B_loJkl: posts small blind $1
aleksei19945: posts big blind $3
*** HOLE CARDS ***
B_loJkl: folds
Uncalled bet ($2) returned to aleksei19945
aleksei19945 collected $2 from pot
aleksei19945: doesn't show hand
*** SUMMARY ***
Total pot $2 | Rake $0
Seat 5: aleksei19945 (big blind) collected ($2)
Seat 6: B_loJkl (button) (small blind) folded before Flop


PokerStars Hand #175575792543:  Hold'em Limit ($3/$6 USD) - 2017/09/12 23:43:40 ET
Table 'Pirola' 6-max Seat #6 is the button
Seat 5: aleksei19945 ($121.86 in chips)
Seat 6: B_loJkl ($104.01 in chips)
B_loJkl: posts small blind $1
aleksei19945: posts big blind $3
*** HOLE CARDS ***
B_loJkl: raises $3 to $6
aleksei19945: folds
Uncalled bet ($3) returned to B_loJkl
B_loJkl collected $6 from pot
B_loJkl: doesn't show hand
*** SUMMARY ***
Total pot $6 | Rake $0
Seat 5: aleksei19945 (big blind) folded before Flop
Seat 6: B_loJkl (button) (small blind) collected ($6)


PokerStars Hand #175575779478:  Hold'em Limit ($3/$6 USD) - 2017/09/12 23:42:52 ET
Table 'Pirola' 6-max Seat #5 is the button
Seat 5: aleksei19945 ($112.10 in chips)
Seat 6: B_loJkl ($114.01 in chips)
aleksei19945: posts small blind $1
B_loJkl: posts big blind $3
*** HOLE CARDS ***
aleksei19945: raises $3 to $6
B_loJkl: folds
Uncalled bet ($3) returned to aleksei19945
aleksei19945 collected $6 from pot
aleksei19945: doesn't show hand
*** SUMMARY ***
Total pot $6 | Rake $0
Seat 5: aleksei19945 (button) (small blind) collected ($6)
Seat 6: B_loJkl (big blind) folded before Flop


PokerStars Hand #175575800585:  Hold'em Limit ($3/$6 USD) - 2017/09/12 23:44:09 ET
Table 'Pirola' 6-max Seat #6 is the button
Seat 5: aleksei19945 ($121.86 in chips)
Seat 6: B_loJkl ($104.01 in chips)
B_loJkl: posts small blind $1
aleksei19945: posts big blind $3
*** HOLE CARDS ***
B_loJkl: raises $3 to $6
aleksei19945: calls $3
*** FLOP *** [7h Qh 4h]
aleksei19945: bets $3
B_loJkl: calls $3
*** TURN *** [7h Qh 4h] [2d]
aleksei19945: bets $6
B_loJkl: calls $6
*** RIVER *** [7h Qh 4h 2d] [2c]
aleksei19945: bets $6
B_loJkl: calls $6
*** SHOW DOWN ***
aleksei19945: shows [9s 6d] (a pair of Deuces)
B_loJkl: shows [5c Kc] (a pair of Deuces - King kicker)
B_loJkl collected $41.50 from pot
*** SUMMARY ***
Total pot $42 | Rake $0.50
Board [7h Qh 4h 2d 2c]
Seat 5: aleksei19945 (big blind) showed [9s 6d] and lost with a pair of Deuces
Seat 6: B_loJkl (button) (small blind) showed [5c Kc] and won ($41.50) with a pair of Deuces


PokerStars Hand #175575796228:  Hold'em Limit ($3/$6 USD) - 2017/09/12 23:43:53 ET
Table 'Pirola' 6-max Seat #5 is the button
Seat 5: aleksei19945 ($118.86 in chips)
Seat 6: B_loJkl ($107.01 in chips)
aleksei19945: posts small blind $1
B_loJkl: posts big blind $3
*** HOLE CARDS ***
aleksei19945: raises $3 to $6
B_loJkl: folds
Uncalled bet ($3) returned to aleksei19945
aleksei19945 collected $6 from pot
aleksei19945: doesn't show hand
*** SUMMARY ***
Total pot $6 | Rake $0
Seat 5: aleksei19945 (button) (small blind) collected ($6)
Seat 6: B_loJkl (big blind) folded before Flop


PokerStars Hand #175575811808:  Hold'em Limit ($3/$6 USD) - 2017/09/12 23:44:41 ET
Table 'Pirola' 6-max Seat #5 is the button
Seat 5: aleksei19945 ($100.86 in chips)
Seat 6: B_loJkl ($124.51 in chips)
aleksei19945: posts small blind $1
B_loJkl: posts big blind $3
*** HOLE CARDS ***
aleksei19945: raises $3 to $6
B_loJkl: calls $3
*** FLOP *** [Td Ks Ac]
B_loJkl: checks
aleksei19945: bets $3
B_loJkl: calls $3
*** TURN *** [Td Ks Ac] [5h]
B_loJkl: checks
aleksei19945: bets $6
B_loJkl: calls $6
*** RIVER *** [Td Ks Ac 5h] [9d]
B_loJkl: checks
aleksei19945: checks
*** SHOW DOWN ***
B_loJkl: shows [Kc 3d] (a pair of Kings)
aleksei19945: mucks hand
B_loJkl collected $29.50 from pot
*** SUMMARY ***
Total pot $30 | Rake $0.50
Board [Td Ks Ac 5h 9d]
Seat 5: aleksei19945 (button) (small blind) mucked
Seat 6: B_loJkl (big blind) showed [Kc 3d] and won ($29.50) with a pair of Kings


PokerStars Hand #175575819904:  Hold'em Limit ($3/$6 USD) - 2017/09/12 23:45:11 ET
Table 'Pirola' 6-max Seat #6 is the button
Seat 5: aleksei19945 ($85.86 in chips)
Seat 6: B_loJkl ($139.01 in chips)
B_loJkl: posts small blind $1
aleksei19945: posts big blind $3
*** HOLE CARDS ***
B_loJkl: raises $3 to $6
aleksei19945: raises $3 to $9
B_loJkl: calls $3
*** FLOP *** [2c Kd 7d]
aleksei19945: bets $3
B_loJkl: calls $3
*** TURN *** [2c Kd 7d] [Tc]
aleksei19945: bets $6
B_loJkl: calls $6
*** RIVER *** [2c Kd 7d Tc] [6h]
aleksei19945: checks
B_loJkl: checks
*** SHOW DOWN ***
aleksei19945: shows [Js Ah] (high card Ace)
B_loJkl: mucks hand
aleksei19945 collected $35.50 from pot
*** SUMMARY ***
Total pot $36 | Rake $0.50
Board [2c Kd 7d Tc 6h]
Seat 5: aleksei19945 (big blind) showed [Js Ah] and won ($35.50) with high card Ace
Seat 6: B_loJkl (button) (small blind) mucked


PokerStars Hand #175575829066:  Hold'em Limit ($3/$6 USD) - 2017/09/12 23:45:45 ET
Table 'Pirola' 6-max Seat #5 is the button
Seat 5: aleksei19945 ($103.36 in chips)
Seat 6: B_loJkl ($121.01 in chips)
aleksei19945: posts small blind $1
B_loJkl: posts big blind $3
*** HOLE CARDS ***
aleksei19945: raises $3 to $6
B_loJkl: calls $3
*** FLOP *** [Kh Kc 6s]
B_loJkl: checks
aleksei19945: bets $3
B_loJkl: raises $3 to $6
aleksei19945: folds
Uncalled bet ($3) returned to B_loJkl
B_loJkl collected $17.64 from pot
B_loJkl: doesn't show hand
*** SUMMARY ***
Total pot $18 | Rake $0.36
Board [Kh Kc 6s]
Seat 5: aleksei19945 (button) (small blind) folded on the Flop
Seat 6: B_loJkl (big blind) collected ($17.64)


PokerStars Hand #175575835835:  Hold'em Limit ($3/$6 USD) - 2017/09/12 23:46:10 ET
Table 'Pirola' 6-max Seat #6 is the button
Seat 5: aleksei19945 ($94.36 in chips)
Seat 6: B_loJkl ($129.65 in chips)
B_loJkl: posts small blind $1
aleksei19945: posts big blind $3
*** HOLE CARDS ***
B_loJkl: raises $3 to $6
aleksei19945: calls $3
*** FLOP *** [Jc 3s 9c]
aleksei19945: checks
B_loJkl: bets $3
aleksei19945: calls $3
*** TURN *** [Jc 3s 9c] [5s]
aleksei19945: checks
B_loJkl: bets $6
aleksei19945: folds
Uncalled bet ($6) returned to B_loJkl
B_loJkl collected $17.64 from pot
B_loJkl: doesn't show hand
*** SUMMARY ***
Total pot $18 | Rake $0.36
Board [Jc 3s 9c 5s]
Seat 5: aleksei19945 (big blind) folded on the Turn
Seat 6: B_loJkl (button) (small blind) collected ($17.64)


PokerStars Hand #175575844102:  Hold'em Limit ($3/$6 USD) - 2017/09/12 23:46:41 ET
Table 'Pirola' 6-max Seat #5 is the button
Seat 5: aleksei19945 ($85.36 in chips)
Seat 6: B_loJkl ($138.29 in chips)
aleksei19945: posts small blind $1
B_loJkl: posts big blind $3
*** HOLE CARDS ***
aleksei19945: raises $3 to $6
B_loJkl: folds
Uncalled bet ($3) returned to aleksei19945
aleksei19945 collected $6 from pot
aleksei19945: doesn't show hand
*** SUMMARY ***
Total pot $6 | Rake $0
Seat 5: aleksei19945 (button) (small blind) collected ($6)
Seat 6: B_loJkl (big blind) folded before Flop


PokerStars Hand #175575852269:  Hold'em Limit ($3/$6 USD) - 2017/09/12 23:47:12 ET
Table 'Pirola' 6-max Seat #5 is the button
Seat 5: aleksei19945 ($97 in chips)
Seat 6: B_loJkl ($126.29 in chips)
aleksei19945: posts small blind $1
B_loJkl: posts big blind $3
*** HOLE CARDS ***
aleksei19945: folds
Uncalled bet ($2) returned to B_loJkl
B_loJkl collected $2 from pot
B_loJkl: doesn't show hand
*** SUMMARY ***
Total pot $2 | Rake $0
Seat 5: aleksei19945 (button) (small blind) folded before Flop
Seat 6: B_loJkl (big blind) collected ($2)


PokerStars Hand #175575847013:  Hold'em Limit ($3/$6 USD) - 2017/09/12 23:46:52 ET
Table 'Pirola' 6-max Seat #6 is the button
Seat 5: aleksei19945 ($88.36 in chips)
Seat 6: B_loJkl ($135.29 in chips)
B_loJkl: posts small blind $1
aleksei19945: posts big blind $3
*** HOLE CARDS ***
B_loJkl: raises $3 to $6
aleksei19945: raises $3 to $9
B_loJkl: calls $3
*** FLOP *** [Ad 8c As]
aleksei19945: bets $3
B_loJkl: folds
Uncalled bet ($3) returned to aleksei19945
aleksei19945 collected $17.64 from pot
aleksei19945: doesn't show hand
*** SUMMARY ***
Total pot $18 | Rake $0.36
Board [Ad 8c As]
Seat 5: aleksei19945 (big blind) collected ($17.64)
Seat 6: B_loJkl (button) (small blind) folded on the Flop


PokerStars Hand #175575853924:  Hold'em Limit ($3/$6 USD) - 2017/09/12 23:47:18 ET
Table 'Pirola' 6-max Seat #6 is the button
Seat 5: aleksei19945 ($96 in chips)
Seat 6: B_loJkl ($127.29 in chips)
B_loJkl: posts small blind $1
aleksei19945: posts big blind $3
*** HOLE CARDS ***
B_loJkl: folds
Uncalled bet ($2) returned to aleksei19945
aleksei19945 collected $2 from pot
aleksei19945: doesn't show hand
*** SUMMARY ***
Total pot $2 | Rake $0
Seat 5: aleksei19945 (big blind) collected ($2)
Seat 6: B_loJkl (button) (small blind) folded before Flop


PokerStars Hand #175575855535:  Hold'em Limit ($3/$6 USD) - 2017/09/12 23:47:25 ET
Table 'Pirola' 6-max Seat #5 is the button
Seat 5: aleksei19945 ($97 in chips)
Seat 6: B_loJkl ($126.29 in chips)
aleksei19945: posts small blind $1
B_loJkl: posts big blind $3
*** HOLE CARDS ***
aleksei19945: raises $3 to $6
B_loJkl: calls $3
*** FLOP *** [2h 3s Jc]
Snuffymo joins the table at seat #4
B_loJkl: bets $3
aleksei19945: raises $3 to $6
B_loJkl: calls $3
*** TURN *** [2h 3s Jc] [Th]
B_loJkl: checks
aleksei19945: bets $6
B_loJkl: calls $6
*** RIVER *** [2h 3s Jc Th] [8c]
B_loJkl: checks
aleksei19945: bets $6
B_loJkl: calls $6
*** SHOW DOWN ***
aleksei19945: shows [4s Ts] (a pair of Tens)
B_loJkl: mucks hand
aleksei19945 collected $47.50 from pot
*** SUMMARY ***
Total pot $48 | Rake $0.50
Board [2h 3s Jc Th 8c]
Seat 5: aleksei19945 (button) (small blind) showed [4s Ts] and won ($47.50) with a pair of Tens
Seat 6: B_loJkl (big blind) mucked


PokerStars Hand #175581280284:  Hold'em Limit ($3/$6 USD) - 2017/09/13 5:34:19 ET
Table 'Pirola' 6-max Seat #2 is the button
Seat 2: muzixibei ($148.68 in chips)
Seat 5: Rus29APX ($196.80 in chips)
muzixibei: posts small blind $1
IASK: is sitting out
Rus29APX: posts big blind $3
*** HOLE CARDS ***
muzixibei: raises $3 to $6
Rus29APX: raises $3 to $9
IASK leaves the table
muzixibei: calls $3
*** FLOP *** [9s 6c 6s]
Rus29APX: bets $3
muzixibei: calls $3
*** TURN *** [9s 6c 6s] [9c]
Rus29APX: bets $6
muzixibei: calls $6
*** RIVER *** [9s 6c 6s 9c] [3h]
Rus29APX: checks
muzixibei: checks
*** SHOW DOWN ***
Rus29APX: shows [Js Ts] (two pair, Nines and Sixes)
muzixibei: shows [Qc 4c] (two pair, Nines and Sixes - Queen kicker)
muzixibei collected $35.50 from pot
*** SUMMARY ***
Total pot $36 | Rake $0.50
Board [9s 6c 6s 9c 3h]
Seat 2: muzixibei (button) (small blind) showed [Qc 4c] and won ($35.50) with two pair, Nines and Sixes
Seat 5: Rus29APX (big blind) showed [Js Ts] and lost with two pair, Nines and Sixes


