PokerStars Hand #158747853123:  Hold'em Limit ($3/$6 USD) - 2016/09/17 21:52:34 ET
Table 'Pisces' 10-max Seat #8 is the button
Seat 7: BuzovaPro ($92.50 in chips)
Seat 8: PrayFTR ($43.22 in chips)
PrayFTR: posts small blind $1
BuzovaPro: posts big blind $3
*** HOLE CARDS ***
PrayFTR: raises $3 to $6
BuzovaPro: folds
Uncalled bet ($3) returned to PrayFTR
PrayFTR collected $6 from pot
PrayFTR: doesn't show hand
*** SUMMARY ***
Total pot $6 | Rake $0
Seat 7: BuzovaPro (big blind) folded before Flop
Seat 8: PrayFTR (button) (small blind) collected ($6)


PokerStars Hand #158747834670:  Hold'em Limit ($3/$6 USD) - 2016/09/17 21:51:42 ET
Table 'Pisces' 10-max Seat #7 is the button
Seat 7: BuzovaPro ($72 in chips)
Seat 8: PrayFTR ($64.22 in chips)
BuzovaPro: posts small blind $1
PrayFTR: posts big blind $3
*** HOLE CARDS ***
BuzovaPro: raises $3 to $6
PrayFTR: calls $3
*** FLOP *** [7s Jd 3h]
PrayFTR: checks
BuzovaPro: bets $3
PrayFTR: calls $3
*** TURN *** [7s Jd 3h] [Ac]
PrayFTR: checks
BuzovaPro: bets $6
PrayFTR: calls $6
*** RIVER *** [7s Jd 3h Ac] [9s]
PrayFTR: checks
BuzovaPro: bets $6
PrayFTR: calls $6
*** SHOW DOWN ***
BuzovaPro: shows [Ad 8s] (a pair of Aces)
PrayFTR: mucks hand
BuzovaPro collected $41.50 from pot
*** SUMMARY ***
Total pot $42 | Rake $0.50
Board [7s Jd 3h Ac 9s]
Seat 7: BuzovaPro (button) (small blind) showed [Ad 8s] and won ($41.50) with a pair of Aces
Seat 8: PrayFTR (big blind) mucked


PokerStars Hand #158747867542:  Hold'em Limit ($3/$6 USD) - 2016/09/17 21:53:13 ET
Table 'Pisces' 10-max Seat #7 is the button
Seat 7: BuzovaPro ($82.50 in chips)
Seat 8: PrayFTR ($52.98 in chips)
BuzovaPro: posts small blind $1
PrayFTR: posts big blind $3
*** HOLE CARDS ***
dash548 joins the table at seat #4
BuzovaPro: folds
Uncalled bet ($2) returned to PrayFTR
PrayFTR collected $2 from pot
PrayFTR: doesn't show hand
*** SUMMARY ***
Total pot $2 | Rake $0
Seat 7: BuzovaPro (button) (small blind) folded before Flop
Seat 8: PrayFTR (big blind) collected ($2)


PokerStars Hand #158747858608:  Hold'em Limit ($3/$6 USD) - 2016/09/17 21:52:49 ET
Table 'Pisces' 10-max Seat #7 is the button
Seat 7: BuzovaPro ($89.50 in chips)
Seat 8: PrayFTR ($46.22 in chips)
BuzovaPro: posts small blind $1
PrayFTR: posts big blind $3
*** HOLE CARDS ***
BuzovaPro: folds
Uncalled bet ($2) returned to PrayFTR
PrayFTR collected $2 from pot
PrayFTR: doesn't show hand
*** SUMMARY ***
Total pot $2 | Rake $0
Seat 7: BuzovaPro (button) (small blind) folded before Flop
Seat 8: PrayFTR (big blind) collected ($2)


PokerStars Hand #158747860578:  Hold'em Limit ($3/$6 USD) - 2016/09/17 21:52:54 ET
Table 'Pisces' 10-max Seat #8 is the button
Seat 7: BuzovaPro ($88.50 in chips)
Seat 8: PrayFTR ($47.22 in chips)
PrayFTR: posts small blind $1
BuzovaPro: posts big blind $3
*** HOLE CARDS ***
PrayFTR: raises $3 to $6
BuzovaPro: calls $3
*** FLOP *** [7h 7s Th]
BuzovaPro: checks
PrayFTR: bets $3
BuzovaPro: folds
Uncalled bet ($3) returned to PrayFTR
PrayFTR collected $11.76 from pot
PrayFTR: doesn't show hand
*** SUMMARY ***
Total pot $12 | Rake $0.24
Board [7h 7s Th]
Seat 7: BuzovaPro (big blind) folded on the Flop
Seat 8: PrayFTR (button) (small blind) collected ($11.76)


PokerStars Hand #158748133991:  Hold'em Limit ($3/$6 USD) - 2016/09/17 22:06:08 ET
Table 'Pisces' 10-max Seat #8 is the button
Seat 5: xRauIx ($145.40 in chips)
Seat 8: PrayFTR ($102.57 in chips)
PrayFTR: posts small blind $1
xRauIx: posts big blind $3
*** HOLE CARDS ***
PrayFTR: raises $3 to $6
xRauIx: folds
Uncalled bet ($3) returned to PrayFTR
PrayFTR collected $6 from pot
PrayFTR: doesn't show hand
*** SUMMARY ***
Total pot $6 | Rake $0
Seat 5: xRauIx (big blind) folded before Flop
Seat 8: PrayFTR (button) (small blind) collected ($6)


PokerStars Hand #158748136572:  Hold'em Limit ($3/$6 USD) - 2016/09/17 22:06:16 ET
Table 'Pisces' 10-max Seat #5 is the button
Seat 5: xRauIx ($142.40 in chips)
Seat 8: PrayFTR ($105.57 in chips)
xRauIx: posts small blind $1
PrayFTR: posts big blind $3
*** HOLE CARDS ***
xRauIx: raises $3 to $6
PrayFTR: calls $3
*** FLOP *** [Kh Js 3d]
PrayFTR: checks
xRauIx: bets $3
PrayFTR: folds
Uncalled bet ($3) returned to xRauIx
xRauIx collected $11.76 from pot
xRauIx: doesn't show hand
*** SUMMARY ***
Total pot $12 | Rake $0.24
Board [Kh Js 3d]
Seat 5: xRauIx (button) (small blind) collected ($11.76)
Seat 8: PrayFTR (big blind) folded on the Flop


PokerStars Hand #158748127525:  Hold'em Limit ($3/$6 USD) - 2016/09/17 22:05:50 ET
Table 'Pisces' 10-max Seat #5 is the button
Seat 5: xRauIx ($139.64 in chips)
Seat 8: PrayFTR ($108.57 in chips)
xRauIx: posts small blind $1
BuzovaPro: is sitting out
PrayFTR: posts big blind $3
*** HOLE CARDS ***
xRauIx: raises $3 to $6
BuzovaPro leaves the table
PrayFTR: calls $3
*** FLOP *** [7h Qc As]
PrayFTR: checks
xRauIx: bets $3
PrayFTR: folds
Uncalled bet ($3) returned to xRauIx
xRauIx collected $11.76 from pot
xRauIx: doesn't show hand
*** SUMMARY ***
Total pot $12 | Rake $0.24
Board [7h Qc As]
Seat 5: xRauIx (button) (small blind) collected ($11.76)
Seat 8: PrayFTR (big blind) folded on the Flop


PokerStars Hand #158748140022:  Hold'em Limit ($3/$6 USD) - 2016/09/17 22:06:25 ET
Table 'Pisces' 10-max Seat #8 is the button
Seat 5: xRauIx ($148.16 in chips)
Seat 8: PrayFTR ($99.57 in chips)
PrayFTR: posts small blind $1
xRauIx: posts big blind $3
*** HOLE CARDS ***
PrayFTR: folds
Uncalled bet ($2) returned to xRauIx
PrayFTR leaves the table
xRauIx collected $2 from pot
xRauIx: doesn't show hand
*** SUMMARY ***
Total pot $2 | Rake $0
Seat 5: xRauIx (big blind) collected ($2)
Seat 8: PrayFTR (button) (small blind) folded before Flop


PokerStars Hand #158754687863:  Hold'em Limit ($3/$6 USD) - 2016/09/18 4:37:49 ET
Table 'Pisces' 10-max Seat #7 is the button
Seat 7: VolkovDmitri ($189.53 in chips)
Seat 9: sermyha15 ($25.80 in chips)
VolkovDmitri: posts small blind $1
sermyha15: posts big blind $3
*** HOLE CARDS ***
VolkovDmitri: raises $3 to $6
sermyha15: calls $3
*** FLOP *** [8h 5c 9d]
sermyha15: checks
VolkovDmitri: checks
*** TURN *** [8h 5c 9d] [Js]
sermyha15: bets $6
VolkovDmitri: calls $6
*** RIVER *** [8h 5c 9d Js] [Jd]
sermyha15: bets $6
VolkovDmitri: folds
Uncalled bet ($6) returned to sermyha15
sermyha15 collected $23.52 from pot
sermyha15: doesn't show hand
*** SUMMARY ***
Total pot $24 | Rake $0.48
Board [8h 5c 9d Js Jd]
Seat 7: VolkovDmitri (button) (small blind) folded on the River
Seat 9: sermyha15 (big blind) collected ($23.52)


PokerStars Hand #158754685820:  Hold'em Limit ($3/$6 USD) - 2016/09/18 4:37:43 ET
Table 'Pisces' 10-max Seat #9 is the button
Seat 7: VolkovDmitri ($188.53 in chips)
Seat 9: sermyha15 ($26.80 in chips)
sermyha15: posts small blind $1
VolkovDmitri: posts big blind $3
*** HOLE CARDS ***
sermyha15: folds
Uncalled bet ($2) returned to VolkovDmitri
VolkovDmitri collected $2 from pot
VolkovDmitri: doesn't show hand
*** SUMMARY ***
Total pot $2 | Rake $0
Seat 7: VolkovDmitri (big blind) collected ($2)
Seat 9: sermyha15 (button) (small blind) folded before Flop


PokerStars Hand #158754670868:  Hold'em Limit ($3/$6 USD) - 2016/09/18 4:37:01 ET
Table 'Pisces' 10-max Seat #7 is the button
Seat 7: VolkovDmitri ($171.03 in chips)
Seat 9: sermyha15 ($44.80 in chips)
VolkovDmitri: posts small blind $1
sermyha15: posts big blind $3
*** HOLE CARDS ***
VolkovDmitri: raises $3 to $6
sermyha15: calls $3
*** FLOP *** [5h 8d Qs]
sermyha15: bets $3
VolkovDmitri: raises $3 to $6
sermyha15: calls $3
*** TURN *** [5h 8d Qs] [3d]
sermyha15: checks
VolkovDmitri: checks
*** RIVER *** [5h 8d Qs 3d] [6h]
sermyha15: checks
VolkovDmitri: bets $6
sermyha15: calls $6
*** SHOW DOWN ***
VolkovDmitri: shows [Th 6s] (a pair of Sixes)
sermyha15: mucks hand
VolkovDmitri collected $35.50 from pot
*** SUMMARY ***
Total pot $36 | Rake $0.50
Board [5h 8d Qs 3d 6h]
Seat 7: VolkovDmitri (button) (small blind) showed [Th 6s] and won ($35.50) with a pair of Sixes
Seat 9: sermyha15 (big blind) mucked


PokerStars Hand #158754696325:  Hold'em Limit ($3/$6 USD) - 2016/09/18 4:38:13 ET
Table 'Pisces' 10-max Seat #9 is the button
Seat 7: VolkovDmitri ($177.53 in chips)
Seat 9: sermyha15 ($37.32 in chips)
sermyha15: posts small blind $1
VolkovDmitri: posts big blind $3
*** HOLE CARDS ***
sermyha15: raises $3 to $6
VolkovDmitri: raises $3 to $9
sermyha15: raises $3 to $12
Betting is capped
VolkovDmitri: calls $3
*** FLOP *** [3h Ks 2d]
VolkovDmitri: checks
sermyha15: bets $3
VolkovDmitri: calls $3
*** TURN *** [3h Ks 2d] [Jd]
VolkovDmitri: checks
sermyha15: bets $6
VolkovDmitri: calls $6
*** RIVER *** [3h Ks 2d Jd] [3d]
VolkovDmitri: checks
sermyha15: bets $6
VolkovDmitri: calls $6
*** SHOW DOWN ***
sermyha15: shows [Qs Jh] (two pair, Jacks and Threes)
VolkovDmitri: mucks hand
sermyha15 collected $53.50 from pot
*** SUMMARY ***
Total pot $54 | Rake $0.50
Board [3h Ks 2d Jd 3d]
Seat 7: VolkovDmitri (big blind) mucked
Seat 9: sermyha15 (button) (small blind) showed [Qs Jh] and won ($53.50) with two pair, Jacks and Threes


