PokerStars Hand #161434115599:  Hold'em Limit ($3/$6 USD) - 2016/11/15 7:44:07 ET
Table 'Pisces II' 6-max Seat #3 is the button
Seat 3: GlobalChance ($120 in chips)
Seat 4: Agrotait ($72 in chips)
GlobalChance: posts small blind $1
Agrotait: posts big blind $3
*** HOLE CARDS ***
GlobalChance: raises $3 to $6
Agrotait: calls $3
*** FLOP *** [6s Tc 2c]
Agrotait: checks
GlobalChance: bets $3
Agrotait: raises $3 to $6
GlobalChance: calls $3
*** TURN *** [6s Tc 2c] [8c]
Agrotait: bets $6
GlobalChance: raises $6 to $12
Agrotait: calls $6
*** RIVER *** [6s Tc 2c 8c] [Ah]
Agrotait: checks
GlobalChance: bets $6
Agrotait: calls $6
*** SHOW DOWN ***
GlobalChance: shows [Ad Ac] (three of a kind, Aces)
Agrotait: mucks hand
GlobalChance collected $59.50 from pot
*** SUMMARY ***
Total pot $60 | Rake $0.50
Board [6s Tc 2c 8c Ah]
Seat 3: GlobalChance (button) (small blind) showed [Ad Ac] and won ($59.50) with three of a kind, Aces
Seat 4: Agrotait (big blind) mucked


PokerStars Hand #161434134538:  Hold'em Limit ($3/$6 USD) - 2016/11/15 7:44:44 ET
Table 'Pisces II' 6-max Seat #4 is the button
Seat 3: GlobalChance ($149.50 in chips)
Seat 4: Agrotait ($72 in chips)
Agrotait: posts small blind $1
GlobalChance: posts big blind $3
*** HOLE CARDS ***
Agrotait: raises $3 to $6
GlobalChance: calls $3
*** FLOP *** [Th Td 4d]
GlobalChance: checks
Agrotait: bets $3
GlobalChance: calls $3
*** TURN *** [Th Td 4d] [3c]
GlobalChance: checks
Agrotait: checks
*** RIVER *** [Th Td 4d 3c] [8d]
GlobalChance: checks
Agrotait: checks
*** SHOW DOWN ***
GlobalChance: shows [Qs 7s] (a pair of Tens)
Agrotait: shows [Kd Jh] (a pair of Tens - King kicker)
Agrotait collected $17.64 from pot
*** SUMMARY ***
Total pot $18 | Rake $0.36
Board [Th Td 4d 3c 8d]
Seat 3: GlobalChance (big blind) showed [Qs 7s] and lost with a pair of Tens
Seat 4: Agrotait (button) (small blind) showed [Kd Jh] and won ($17.64) with a pair of Tens


PokerStars Hand #161434182811:  Hold'em Limit ($3/$6 USD) - 2016/11/15 7:46:16 ET
Table 'Pisces II' 6-max Seat #4 is the button
Seat 3: GlobalChance ($166.42 in chips)
Seat 4: Agrotait ($72 in chips)
Agrotait: posts small blind $1
GlobalChance: posts big blind $3
*** HOLE CARDS ***
Agrotait: folds
Uncalled bet ($2) returned to GlobalChance
GlobalChance collected $2 from pot
GlobalChance: doesn't show hand
*** SUMMARY ***
Total pot $2 | Rake $0
Seat 3: GlobalChance (big blind) collected ($2)
Seat 4: Agrotait (button) (small blind) folded before Flop


PokerStars Hand #161434161830:  Hold'em Limit ($3/$6 USD) - 2016/11/15 7:45:36 ET
Table 'Pisces II' 6-max Seat #4 is the button
Seat 3: GlobalChance ($149.14 in chips)
Seat 4: Agrotait ($71.64 in chips)
Agrotait: posts small blind $1
GlobalChance: posts big blind $3
*** HOLE CARDS ***
Agrotait: raises $3 to $6
GlobalChance: calls $3
*** FLOP *** [2h Th Js]
GlobalChance: checks
Agrotait: bets $3
GlobalChance: raises $3 to $6
Agrotait: folds
Uncalled bet ($3) returned to GlobalChance
GlobalChance collected $17.64 from pot
GlobalChance: doesn't show hand
*** SUMMARY ***
Total pot $18 | Rake $0.36
Board [2h Th Js]
Seat 3: GlobalChance (big blind) collected ($17.64)
Seat 4: Agrotait (button) (small blind) folded on the Flop


PokerStars Hand #161434187693:  Hold'em Limit ($3/$6 USD) - 2016/11/15 7:46:25 ET
Table 'Pisces II' 6-max Seat #3 is the button
Seat 3: GlobalChance ($167.42 in chips)
Seat 4: Agrotait ($71 in chips)
GlobalChance: posts small blind $1
Agrotait: posts big blind $3
*** HOLE CARDS ***
GlobalChance: raises $3 to $6
Agrotait: raises $3 to $9
GlobalChance: calls $3
*** FLOP *** [3s 9c 4d]
Agrotait: bets $3
GlobalChance: calls $3
*** TURN *** [3s 9c 4d] [Jd]
Agrotait: bets $6
GlobalChance: folds
Uncalled bet ($6) returned to Agrotait
Agrotait collected $23.52 from pot
Agrotait: doesn't show hand
*** SUMMARY ***
Total pot $24 | Rake $0.48
Board [3s 9c 4d Jd]
Seat 3: GlobalChance (button) (small blind) folded on the Turn
Seat 4: Agrotait (big blind) collected ($23.52)


PokerStars Hand #161434195872:  Hold'em Limit ($3/$6 USD) - 2016/11/15 7:46:41 ET
Table 'Pisces II' 6-max Seat #4 is the button
Seat 3: GlobalChance ($155.42 in chips)
Seat 4: Agrotait ($82.52 in chips)
Agrotait: posts small blind $1
GlobalChance: posts big blind $3
*** HOLE CARDS ***
Agrotait: raises $3 to $6
GlobalChance: calls $3
*** FLOP *** [6c Ad Tc]
GlobalChance: checks
Agrotait: checks
*** TURN *** [6c Ad Tc] [Qs]
GlobalChance: checks
Agrotait: checks
*** RIVER *** [6c Ad Tc Qs] [6d]
GlobalChance: checks
Agrotait: checks
*** SHOW DOWN ***
GlobalChance: shows [8h Kc] (a pair of Sixes)
Agrotait: shows [Ks 8d] (a pair of Sixes)
GlobalChance collected $5.88 from pot
Agrotait collected $5.88 from pot
*** SUMMARY ***
Total pot $12 | Rake $0.24
Board [6c Ad Tc Qs 6d]
Seat 3: GlobalChance (big blind) showed [8h Kc] and won ($5.88) with a pair of Sixes
Seat 4: Agrotait (button) (small blind) showed [Ks 8d] and won ($5.88) with a pair of Sixes


PokerStars Hand #161434205267:  Hold'em Limit ($3/$6 USD) - 2016/11/15 7:46:59 ET
Table 'Pisces II' 6-max Seat #3 is the button
Seat 3: GlobalChance ($155.30 in chips)
Seat 4: Agrotait ($82.40 in chips)
GlobalChance: posts small blind $1
Agrotait: posts big blind $3
*** HOLE CARDS ***
GlobalChance: raises $3 to $6
Agrotait: calls $3
*** FLOP *** [Th 6h 2d]
Agrotait: checks
GlobalChance: bets $3
Agrotait: raises $3 to $6
GlobalChance: calls $3
*** TURN *** [Th 6h 2d] [3d]
Agrotait: checks
GlobalChance: checks
*** RIVER *** [Th 6h 2d 3d] [Kd]
Agrotait: bets $6
GlobalChance: folds
Uncalled bet ($6) returned to Agrotait
Agrotait collected $23.52 from pot
Agrotait: doesn't show hand
*** SUMMARY ***
Total pot $24 | Rake $0.48
Board [Th 6h 2d 3d Kd]
Seat 3: GlobalChance (button) (small blind) folded on the River
Seat 4: Agrotait (big blind) collected ($23.52)


PokerStars Hand #161434247016:  Hold'em Limit ($3/$6 USD) - 2016/11/15 7:48:18 ET
Table 'Pisces II' 6-max Seat #3 is the button
Seat 3: GlobalChance ($139.80 in chips)
Seat 4: Agrotait ($96.18 in chips)
GlobalChance: posts small blind $1
Agrotait: posts big blind $3
*** HOLE CARDS ***
GlobalChance: folds
Uncalled bet ($2) returned to Agrotait
Agrotait collected $2 from pot
Agrotait: doesn't show hand
*** SUMMARY ***
Total pot $2 | Rake $0
Seat 3: GlobalChance (button) (small blind) folded before Flop
Seat 4: Agrotait (big blind) collected ($2)


PokerStars Hand #161434226164:  Hold'em Limit ($3/$6 USD) - 2016/11/15 7:47:38 ET
Table 'Pisces II' 6-max Seat #3 is the button
Seat 3: GlobalChance ($125.30 in chips)
Seat 4: Agrotait ($111.42 in chips)
GlobalChance: posts small blind $1
Agrotait: posts big blind $3
*** HOLE CARDS ***
GlobalChance: raises $3 to $6
Agrotait: calls $3
*** FLOP *** [Qd Ts Js]
Agrotait: checks
GlobalChance: bets $3
Agrotait: raises $3 to $6
GlobalChance: raises $3 to $9
Agrotait: calls $3
*** TURN *** [Qd Ts Js] [4h]
Agrotait: checks
GlobalChance: checks
*** RIVER *** [Qd Ts Js 4h] [2c]
Agrotait: checks
GlobalChance: bets $6
Agrotait: calls $6
*** SHOW DOWN ***
GlobalChance: shows [Jd 9d] (a pair of Jacks)
Agrotait: mucks hand
GlobalChance collected $41.50 from pot
*** SUMMARY ***
Total pot $42 | Rake $0.50
Board [Qd Ts Js 4h 2c]
Seat 3: GlobalChance (button) (small blind) showed [Jd 9d] and won ($41.50) with a pair of Jacks
Seat 4: Agrotait (big blind) mucked


PokerStars Hand #161434240571:  Hold'em Limit ($3/$6 USD) - 2016/11/15 7:48:06 ET
Table 'Pisces II' 6-max Seat #4 is the button
Seat 3: GlobalChance ($145.80 in chips)
Seat 4: Agrotait ($90.42 in chips)
Agrotait: posts small blind $1
GlobalChance: posts big blind $3
*** HOLE CARDS ***
Agrotait: raises $3 to $6
GlobalChance: calls $3
*** FLOP *** [7h As Jh]
GlobalChance: checks
RaisemyNut$ joins the table at seat #5
Agrotait: bets $3
GlobalChance: folds
Uncalled bet ($3) returned to Agrotait
Agrotait collected $11.76 from pot
Agrotait: doesn't show hand
*** SUMMARY ***
Total pot $12 | Rake $0.24
Board [7h As Jh]
Seat 3: GlobalChance (big blind) folded on the Flop
Seat 4: Agrotait (button) (small blind) collected ($11.76)


PokerStars Hand #161434216826:  Hold'em Limit ($3/$6 USD) - 2016/11/15 7:47:21 ET
Table 'Pisces II' 6-max Seat #4 is the button
Seat 3: GlobalChance ($143.30 in chips)
Seat 4: Agrotait ($93.92 in chips)
Agrotait: posts small blind $1
GlobalChance: posts big blind $3
*** HOLE CARDS ***
Agrotait: raises $3 to $6
GlobalChance: calls $3
*** FLOP *** [Ac 3d 7d]
GlobalChance: checks
Agrotait: bets $3
GlobalChance: raises $3 to $6
Agrotait: calls $3
*** TURN *** [Ac 3d 7d] [2h]
GlobalChance: bets $6
Agrotait: calls $6
*** RIVER *** [Ac 3d 7d 2h] [5h]
GlobalChance: checks
Agrotait: checks
*** SHOW DOWN ***
GlobalChance: shows [6d Td] (high card Ace)
Agrotait: shows [3s 6s] (a pair of Threes)
Agrotait collected $35.50 from pot
*** SUMMARY ***
Total pot $36 | Rake $0.50
Board [Ac 3d 7d 2h 5h]
Seat 3: GlobalChance (big blind) showed [6d Td] and lost with high card Ace
Seat 4: Agrotait (button) (small blind) showed [3s 6s] and won ($35.50) with a pair of Threes


PokerStars Hand #161436430663:  Hold'em Limit ($3/$6 USD) - 2016/11/15 8:53:01 ET
Table 'Pisces II' 6-max Seat #5 is the button
Seat 4: vitamin168 ($41.96 in chips)
Seat 5: RaisemyNut$ ($256.85 in chips)
RaisemyNut$: posts small blind $1
sinsadir: is sitting out
vitamin168: posts big blind $3
*** HOLE CARDS ***
RaisemyNut$: raises $3 to $6
sinsadir leaves the table
Alexsandr.NT leaves the table
vitamin168: calls $3
*** FLOP *** [4s Kh 6h]
vitamin168: checks
RaisemyNut$: bets $3
vitamin168: folds
Uncalled bet ($3) returned to RaisemyNut$
RaisemyNut$ collected $11.76 from pot
RaisemyNut$: doesn't show hand
*** SUMMARY ***
Total pot $12 | Rake $0.24
Board [4s Kh 6h]
Seat 4: vitamin168 (big blind) folded on the Flop
Seat 5: RaisemyNut$ (button) (small blind) collected ($11.76)


PokerStars Hand #161436440350:  Hold'em Limit ($3/$6 USD) - 2016/11/15 8:53:18 ET
Table 'Pisces II' 6-max Seat #4 is the button
Seat 4: vitamin168 ($35.96 in chips)
Seat 5: RaisemyNut$ ($262.61 in chips)
vitamin168: posts small blind $1
RaisemyNut$: posts big blind $3
*** HOLE CARDS ***
vitamin168: raises $3 to $6
RaisemyNut$: calls $3
*** FLOP *** [9h 9c Js]
RaisemyNut$: checks
vitamin168: checks
*** TURN *** [9h 9c Js] [8c]
RaisemyNut$: bets $6
vitamin168: calls $6
*** RIVER *** [9h 9c Js 8c] [Ah]
RaisemyNut$: bets $6
vitamin168: raises $6 to $12
RaisemyNut$: folds
Uncalled bet ($6) returned to vitamin168
vitamin168 collected $35.50 from pot
vitamin168: doesn't show hand
*** SUMMARY ***
Total pot $36 | Rake $0.50
Board [9h 9c Js 8c Ah]
Seat 4: vitamin168 (button) (small blind) collected ($35.50)
Seat 5: RaisemyNut$ (big blind) folded on the River


PokerStars Hand #161436466517:  Hold'em Limit ($3/$6 USD) - 2016/11/15 8:54:03 ET
Table 'Pisces II' 6-max Seat #5 is the button
Seat 4: vitamin168 ($66.96 in chips)
Seat 5: RaisemyNut$ ($230.61 in chips)
RaisemyNut$: posts small blind $1
vitamin168: posts big blind $3
*** HOLE CARDS ***
RaisemyNut$: folds
Uncalled bet ($2) returned to vitamin168
vitamin168 collected $2 from pot
vitamin168: doesn't show hand
*** SUMMARY ***
Total pot $2 | Rake $0
Seat 4: vitamin168 (big blind) collected ($2)
Seat 5: RaisemyNut$ (button) (small blind) folded before Flop


PokerStars Hand #161436463576:  Hold'em Limit ($3/$6 USD) - 2016/11/15 8:53:57 ET
Table 'Pisces II' 6-max Seat #4 is the button
Seat 4: vitamin168 ($67.96 in chips)
Seat 5: RaisemyNut$ ($229.61 in chips)
vitamin168: posts small blind $1
RaisemyNut$: posts big blind $3
*** HOLE CARDS ***
vitamin168: folds
Uncalled bet ($2) returned to RaisemyNut$
RaisemyNut$ collected $2 from pot
RaisemyNut$: doesn't show hand
*** SUMMARY ***
Total pot $2 | Rake $0
Seat 4: vitamin168 (button) (small blind) folded before Flop
Seat 5: RaisemyNut$ (big blind) collected ($2)


PokerStars Hand #161436451836:  Hold'em Limit ($3/$6 USD) - 2016/11/15 8:53:38 ET
Table 'Pisces II' 6-max Seat #5 is the button
Seat 4: vitamin168 ($53.46 in chips)
Seat 5: RaisemyNut$ ($244.61 in chips)
RaisemyNut$: posts small blind $1
vitamin168: posts big blind $3
*** HOLE CARDS ***
RaisemyNut$: raises $3 to $6
vitamin168: calls $3
*** FLOP *** [Td 9d Qd]
vitamin168: checks
RaisemyNut$: bets $3
vitamin168: calls $3
*** TURN *** [Td 9d Qd] [2c]
vitamin168: checks
RaisemyNut$: bets $6
vitamin168: calls $6
*** RIVER *** [Td 9d Qd 2c] [Jc]
vitamin168: checks
RaisemyNut$: checks
*** SHOW DOWN ***
vitamin168: shows [9c 6s] (a pair of Nines)
RaisemyNut$: mucks hand
vitamin168 collected $29.50 from pot
*** SUMMARY ***
Total pot $30 | Rake $0.50
Board [Td 9d Qd 2c Jc]
Seat 4: vitamin168 (big blind) showed [9c 6s] and won ($29.50) with a pair of Nines
Seat 5: RaisemyNut$ (button) (small blind) mucked


PokerStars Hand #161436470478:  Hold'em Limit ($3/$6 USD) - 2016/11/15 8:54:09 ET
Table 'Pisces II' 6-max Seat #4 is the button
Seat 4: vitamin168 ($67.96 in chips)
Seat 5: RaisemyNut$ ($229.61 in chips)
vitamin168: posts small blind $1
RaisemyNut$: posts big blind $3
*** HOLE CARDS ***
vitamin168: raises $3 to $6
RaisemyNut$: calls $3
*** FLOP *** [9d 7d 5s]
RaisemyNut$: checks
vitamin168: bets $3
RaisemyNut$: calls $3
*** TURN *** [9d 7d 5s] [Jh]
RaisemyNut$: checks
vitamin168: bets $6
RaisemyNut$: folds
Uncalled bet ($6) returned to vitamin168
vitamin168 collected $17.64 from pot
vitamin168: doesn't show hand
*** SUMMARY ***
Total pot $18 | Rake $0.36
Board [9d 7d 5s Jh]
Seat 4: vitamin168 (button) (small blind) collected ($17.64)
Seat 5: RaisemyNut$ (big blind) folded on the Turn


PokerStars Hand #161436514547:  Hold'em Limit ($3/$6 USD) - 2016/11/15 8:55:28 ET
Table 'Pisces II' 6-max Seat #5 is the button
Seat 4: vitamin168 ($102.10 in chips)
Seat 5: RaisemyNut$ ($194.61 in chips)
RaisemyNut$: posts small blind $1
vitamin168: posts big blind $3
*** HOLE CARDS ***
RaisemyNut$: raises $3 to $6
vitamin168: calls $3
*** FLOP *** [4c 7c Ad]
vitamin168: checks
RaisemyNut$: bets $3
vitamin168: raises $3 to $6
RaisemyNut$: calls $3
*** TURN *** [4c 7c Ad] [Td]
vitamin168: checks
RaisemyNut$: bets $6
vitamin168: calls $6
*** RIVER *** [4c 7c Ad Td] [8d]
vitamin168: checks
RaisemyNut$: bets $6
vitamin168: calls $6
*** SHOW DOWN ***
RaisemyNut$: shows [4d Ah] (two pair, Aces and Fours)
vitamin168: mucks hand
RaisemyNut$ collected $47.50 from pot
*** SUMMARY ***
Total pot $48 | Rake $0.50
Board [4c 7c Ad Td 8d]
Seat 4: vitamin168 (big blind) mucked
Seat 5: RaisemyNut$ (button) (small blind) showed [4d Ah] and won ($47.50) with two pair, Aces and Fours


PokerStars Hand #161436512107:  Hold'em Limit ($3/$6 USD) - 2016/11/15 8:55:23 ET
Table 'Pisces II' 6-max Seat #4 is the button
Seat 4: vitamin168 ($103.10 in chips)
Seat 5: RaisemyNut$ ($193.61 in chips)
vitamin168: posts small blind $1
RaisemyNut$: posts big blind $3
*** HOLE CARDS ***
vitamin168: folds
Uncalled bet ($2) returned to RaisemyNut$
RaisemyNut$ collected $2 from pot
RaisemyNut$: doesn't show hand
*** SUMMARY ***
Total pot $2 | Rake $0
Seat 4: vitamin168 (button) (small blind) folded before Flop
Seat 5: RaisemyNut$ (big blind) collected ($2)


PokerStars Hand #161436509456:  Hold'em Limit ($3/$6 USD) - 2016/11/15 8:55:18 ET
Table 'Pisces II' 6-max Seat #5 is the button
Seat 4: vitamin168 ($102.10 in chips)
Seat 5: RaisemyNut$ ($194.61 in chips)
RaisemyNut$: posts small blind $1
vitamin168: posts big blind $3
*** HOLE CARDS ***
RaisemyNut$: folds
Uncalled bet ($2) returned to vitamin168
vitamin168 collected $2 from pot
vitamin168: doesn't show hand
*** SUMMARY ***
Total pot $2 | Rake $0
Seat 4: vitamin168 (big blind) collected ($2)
Seat 5: RaisemyNut$ (button) (small blind) folded before Flop


PokerStars Hand #161436506762:  Hold'em Limit ($3/$6 USD) - 2016/11/15 8:55:13 ET
Table 'Pisces II' 6-max Seat #4 is the button
Seat 4: vitamin168 ($103.10 in chips)
Seat 5: RaisemyNut$ ($193.61 in chips)
vitamin168: posts small blind $1
RaisemyNut$: posts big blind $3
*** HOLE CARDS ***
vitamin168: folds
Uncalled bet ($2) returned to RaisemyNut$
RaisemyNut$ collected $2 from pot
RaisemyNut$: doesn't show hand
*** SUMMARY ***
Total pot $2 | Rake $0
Seat 4: vitamin168 (button) (small blind) folded before Flop
Seat 5: RaisemyNut$ (big blind) collected ($2)


PokerStars Hand #161436490399:  Hold'em Limit ($3/$6 USD) - 2016/11/15 8:54:43 ET
Table 'Pisces II' 6-max Seat #5 is the button
Seat 4: vitamin168 ($76.60 in chips)
Seat 5: RaisemyNut$ ($220.61 in chips)
RaisemyNut$: posts small blind $1
vitamin168: posts big blind $3
*** HOLE CARDS ***
RaisemyNut$: raises $3 to $6
vitamin168: calls $3
*** FLOP *** [Th Kh Kc]
vitamin168: checks
RaisemyNut$: bets $3
vitamin168: calls $3
*** TURN *** [Th Kh Kc] [Td]
vitamin168: checks
RaisemyNut$: bets $6
vitamin168: raises $6 to $12
RaisemyNut$: calls $6
*** RIVER *** [Th Kh Kc Td] [5c]
vitamin168: bets $6
RaisemyNut$: calls $6
*** SHOW DOWN ***
vitamin168: shows [Kd 4h] (a full house, Kings full of Tens)
RaisemyNut$: mucks hand
vitamin168 collected $53.50 from pot
*** SUMMARY ***
Total pot $54 | Rake $0.50
Board [Th Kh Kc Td 5c]
Seat 4: vitamin168 (big blind) showed [Kd 4h] and won ($53.50) with a full house, Kings full of Tens
Seat 5: RaisemyNut$ (button) (small blind) mucked


PokerStars Hand #161436553525:  Hold'em Limit ($3/$6 USD) - 2016/11/15 8:56:45 ET
Table 'Pisces II' 6-max Seat #5 is the button
Seat 4: vitamin168 ($91.60 in chips)
Seat 5: RaisemyNut$ ($204.11 in chips)
RaisemyNut$: posts small blind $1
vitamin168: posts big blind $3
*** HOLE CARDS ***
RaisemyNut$: raises $3 to $6
vitamin168: calls $3
*** FLOP *** [4c Jh 7c]
vitamin168: checks
RaisemyNut$: bets $3
vitamin168: calls $3
*** TURN *** [4c Jh 7c] [Qs]
vitamin168: checks
RaisemyNut$: bets $6
vitamin168: calls $6
*** RIVER *** [4c Jh 7c Qs] [3d]
vitamin168: checks
RaisemyNut$: bets $6
vitamin168: calls $6
*** SHOW DOWN ***
RaisemyNut$: shows [8c 5h] (high card Queen)
vitamin168: shows [As 6h] (high card Ace)
vitamin168 collected $41.50 from pot
*** SUMMARY ***
Total pot $42 | Rake $0.50
Board [4c Jh 7c Qs 3d]
Seat 4: vitamin168 (big blind) showed [As 6h] and won ($41.50) with high card Ace
Seat 5: RaisemyNut$ (button) (small blind) showed [8c 5h] and lost with high card Queen


PokerStars Hand #161436550439:  Hold'em Limit ($3/$6 USD) - 2016/11/15 8:56:39 ET
Table 'Pisces II' 6-max Seat #4 is the button
Seat 4: vitamin168 ($92.60 in chips)
Seat 5: RaisemyNut$ ($203.11 in chips)
vitamin168: posts small blind $1
RaisemyNut$: posts big blind $3
*** HOLE CARDS ***
vitamin168: folds
Uncalled bet ($2) returned to RaisemyNut$
RaisemyNut$ collected $2 from pot
RaisemyNut$: doesn't show hand
*** SUMMARY ***
Total pot $2 | Rake $0
Seat 4: vitamin168 (button) (small blind) folded before Flop
Seat 5: RaisemyNut$ (big blind) collected ($2)


PokerStars Hand #161436546543:  Hold'em Limit ($3/$6 USD) - 2016/11/15 8:56:31 ET
Table 'Pisces II' 6-max Seat #5 is the button
Seat 4: vitamin168 ($95.60 in chips)
Seat 5: RaisemyNut$ ($200.11 in chips)
RaisemyNut$: posts small blind $1
vitamin168: posts big blind $3
*** HOLE CARDS ***
RaisemyNut$: raises $3 to $6
vitamin168: folds
Uncalled bet ($3) returned to RaisemyNut$
RaisemyNut$ collected $6 from pot
RaisemyNut$: doesn't show hand
*** SUMMARY ***
Total pot $6 | Rake $0
Seat 4: vitamin168 (big blind) folded before Flop
Seat 5: RaisemyNut$ (button) (small blind) collected ($6)


PokerStars Hand #161436528169:  Hold'em Limit ($3/$6 USD) - 2016/11/15 8:55:55 ET
Table 'Pisces II' 6-max Seat #4 is the button
Seat 4: vitamin168 ($78.10 in chips)
Seat 5: RaisemyNut$ ($218.11 in chips)
vitamin168: posts small blind $1
RaisemyNut$: posts big blind $3
*** HOLE CARDS ***
vitamin168: raises $3 to $6
RaisemyNut$: raises $3 to $9
vitamin168: calls $3
*** FLOP *** [2s 9h 2c]
RaisemyNut$: bets $3
vitamin168: calls $3
*** TURN *** [2s 9h 2c] [8d]
RaisemyNut$: checks
vitamin168: checks
*** RIVER *** [2s 9h 2c 8d] [6c]
RaisemyNut$: bets $6
vitamin168: calls $6
*** SHOW DOWN ***
RaisemyNut$: shows [Qs Td] (a pair of Deuces)
vitamin168: shows [7c Kc] (a pair of Deuces - King kicker)
vitamin168 collected $35.50 from pot
*** SUMMARY ***
Total pot $36 | Rake $0.50
Board [2s 9h 2c 8d 6c]
Seat 4: vitamin168 (button) (small blind) showed [7c Kc] and won ($35.50) with a pair of Deuces
Seat 5: RaisemyNut$ (big blind) showed [Qs Td] and lost with a pair of Deuces


PokerStars Hand #161436584087:  Hold'em Limit ($3/$6 USD) - 2016/11/15 8:57:44 ET
Table 'Pisces II' 6-max Seat #5 is the button
Seat 4: vitamin168 ($93.10 in chips)
Seat 5: RaisemyNut$ ($201.61 in chips)
RaisemyNut$: posts small blind $1
vitamin168: posts big blind $3
*** HOLE CARDS ***
RaisemyNut$: raises $3 to $6
vitamin168: calls $3
*** FLOP *** [7h 8s 5s]
vitamin168: checks
RaisemyNut$: bets $3
vitamin168: raises $3 to $6
RaisemyNut$: calls $3
*** TURN *** [7h 8s 5s] [Kd]
vitamin168: checks
RaisemyNut$: checks
*** RIVER *** [7h 8s 5s Kd] [9d]
vitamin168: checks
RaisemyNut$: checks
*** SHOW DOWN ***
vitamin168: shows [7s Th] (a pair of Sevens)
RaisemyNut$: mucks hand
vitamin168 collected $23.52 from pot
*** SUMMARY ***
Total pot $24 | Rake $0.48
Board [7h 8s 5s Kd 9d]
Seat 4: vitamin168 (big blind) showed [7s Th] and won ($23.52) with a pair of Sevens
Seat 5: RaisemyNut$ (button) (small blind) mucked


PokerStars Hand #161436581577:  Hold'em Limit ($3/$6 USD) - 2016/11/15 8:57:39 ET
Table 'Pisces II' 6-max Seat #4 is the button
Seat 4: vitamin168 ($94.10 in chips)
Seat 5: RaisemyNut$ ($200.61 in chips)
vitamin168: posts small blind $1
RaisemyNut$: posts big blind $3
*** HOLE CARDS ***
vitamin168: folds
Uncalled bet ($2) returned to RaisemyNut$
RaisemyNut$ collected $2 from pot
RaisemyNut$: doesn't show hand
*** SUMMARY ***
Total pot $2 | Rake $0
Seat 4: vitamin168 (button) (small blind) folded before Flop
Seat 5: RaisemyNut$ (big blind) collected ($2)


PokerStars Hand #161436569737:  Hold'em Limit ($3/$6 USD) - 2016/11/15 8:57:16 ET
Table 'Pisces II' 6-max Seat #5 is the button
Seat 4: vitamin168 ($115.10 in chips)
Seat 5: RaisemyNut$ ($180.11 in chips)
RaisemyNut$: posts small blind $1
vitamin168: posts big blind $3
*** HOLE CARDS ***
RaisemyNut$: raises $3 to $6
vitamin168: calls $3
*** FLOP *** [9h Kh Ah]
vitamin168: checks
RaisemyNut$: bets $3
vitamin168: calls $3
*** TURN *** [9h Kh Ah] [5c]
vitamin168: checks
RaisemyNut$: bets $6
vitamin168: calls $6
*** RIVER *** [9h Kh Ah 5c] [3d]
vitamin168: checks
RaisemyNut$: bets $6
vitamin168: calls $6
*** SHOW DOWN ***
RaisemyNut$: shows [5d Kc] (two pair, Kings and Fives)
vitamin168: mucks hand
RaisemyNut$ collected $41.50 from pot
*** SUMMARY ***
Total pot $42 | Rake $0.50
Board [9h Kh Ah 5c 3d]
Seat 4: vitamin168 (big blind) mucked
Seat 5: RaisemyNut$ (button) (small blind) showed [5d Kc] and won ($41.50) with two pair, Kings and Fives


PokerStars Hand #161436565824:  Hold'em Limit ($3/$6 USD) - 2016/11/15 8:57:08 ET
Table 'Pisces II' 6-max Seat #4 is the button
Seat 4: vitamin168 ($112.10 in chips)
Seat 5: RaisemyNut$ ($183.11 in chips)
vitamin168: posts small blind $1
RaisemyNut$: posts big blind $3
*** HOLE CARDS ***
vitamin168: raises $3 to $6
RaisemyNut$: folds
Uncalled bet ($3) returned to vitamin168
vitamin168 collected $6 from pot
vitamin168: doesn't show hand
*** SUMMARY ***
Total pot $6 | Rake $0
Seat 4: vitamin168 (button) (small blind) collected ($6)
Seat 5: RaisemyNut$ (big blind) folded before Flop


PokerStars Hand #161436608220:  Hold'em Limit ($3/$6 USD) - 2016/11/15 8:58:29 ET
Table 'Pisces II' 6-max Seat #4 is the button
Seat 4: vitamin168 ($97.62 in chips)
Seat 5: RaisemyNut$ ($196.37 in chips)
vitamin168: posts small blind $1
RaisemyNut$: posts big blind $3
*** HOLE CARDS ***
vitamin168: folds
Uncalled bet ($2) returned to RaisemyNut$
RaisemyNut$ collected $2 from pot
RaisemyNut$: doesn't show hand
*** SUMMARY ***
Total pot $2 | Rake $0
Seat 4: vitamin168 (button) (small blind) folded before Flop
Seat 5: RaisemyNut$ (big blind) collected ($2)


PokerStars Hand #161436600129:  Hold'em Limit ($3/$6 USD) - 2016/11/15 8:58:14 ET
Table 'Pisces II' 6-max Seat #5 is the button
Seat 4: vitamin168 ($103.62 in chips)
Seat 5: RaisemyNut$ ($190.61 in chips)
RaisemyNut$: posts small blind $1
vitamin168: posts big blind $3
*** HOLE CARDS ***
davyyyyyyy joins the table at seat #6
RaisemyNut$: raises $3 to $6
vitamin168: calls $3
*** FLOP *** [Qc Kh 6d]
vitamin168: checks
RaisemyNut$: bets $3
vitamin168: folds
Uncalled bet ($3) returned to RaisemyNut$
RaisemyNut$ collected $11.76 from pot
RaisemyNut$: doesn't show hand
*** SUMMARY ***
Total pot $12 | Rake $0.24
Board [Qc Kh 6d]
Seat 4: vitamin168 (big blind) folded on the Flop
Seat 5: RaisemyNut$ (button) (small blind) collected ($11.76)


PokerStars Hand #161436597400:  Hold'em Limit ($3/$6 USD) - 2016/11/15 8:58:09 ET
Table 'Pisces II' 6-max Seat #4 is the button
Seat 4: vitamin168 ($104.62 in chips)
Seat 5: RaisemyNut$ ($189.61 in chips)
vitamin168: posts small blind $1
RaisemyNut$: posts big blind $3
*** HOLE CARDS ***
vitamin168: folds
Uncalled bet ($2) returned to RaisemyNut$
RaisemyNut$ collected $2 from pot
RaisemyNut$: doesn't show hand
*** SUMMARY ***
Total pot $2 | Rake $0
Seat 4: vitamin168 (button) (small blind) folded before Flop
Seat 5: RaisemyNut$ (big blind) collected ($2)


PokerStars Hand #161436766490:  Hold'em Limit ($3/$6 USD) - 2016/11/15 9:03:13 ET
Table 'Pisces II' 6-max Seat #5 is the button
Seat 5: RaisemyNut$ ($249.45 in chips)
Seat 6: davyyyyyyy ($139 in chips)
RaisemyNut$: posts small blind $1
davyyyyyyy: posts big blind $3
*** HOLE CARDS ***
RaisemyNut$: raises $3 to $6
davyyyyyyy: calls $3
*** FLOP *** [Qs 6s 3c]
davyyyyyyy: checks
RaisemyNut$: bets $3
davyyyyyyy: calls $3
*** TURN *** [Qs 6s 3c] [2s]
davyyyyyyy: checks
RaisemyNut$: bets $6
davyyyyyyy: raises $6 to $12
RaisemyNut$: calls $6
*** RIVER *** [Qs 6s 3c 2s] [3d]
davyyyyyyy: bets $6
RaisemyNut$: folds
Uncalled bet ($6) returned to davyyyyyyy
davyyyyyyy collected $41.50 from pot
*** SUMMARY ***
Total pot $42 | Rake $0.50
Board [Qs 6s 3c 2s 3d]
Seat 5: RaisemyNut$ (button) (small blind) folded on the River
Seat 6: davyyyyyyy (big blind) collected ($41.50)


PokerStars Hand #161436809412:  Hold'em Limit ($3/$6 USD) - 2016/11/15 9:04:26 ET
Table 'Pisces II' 6-max Seat #6 is the button
Seat 5: RaisemyNut$ ($228.09 in chips)
Seat 6: davyyyyyyy ($159.14 in chips)
davyyyyyyy: posts small blind $1
RaisemyNut$: posts big blind $3
*** HOLE CARDS ***
davyyyyyyy: folds
Uncalled bet ($2) returned to RaisemyNut$
RaisemyNut$ collected $2 from pot
RaisemyNut$: doesn't show hand
*** SUMMARY ***
Total pot $2 | Rake $0
Seat 5: RaisemyNut$ (big blind) collected ($2)
Seat 6: davyyyyyyy (button) (small blind) folded before Flop


PokerStars Hand #161436798540:  Hold'em Limit ($3/$6 USD) - 2016/11/15 9:04:08 ET
Table 'Pisces II' 6-max Seat #5 is the button
Seat 5: RaisemyNut$ ($237.09 in chips)
Seat 6: davyyyyyyy ($150.50 in chips)
RaisemyNut$: posts small blind $1
davyyyyyyy: posts big blind $3
*** HOLE CARDS ***
RaisemyNut$: raises $3 to $6
davyyyyyyy: calls $3
*** FLOP *** [Tc 8c 4c]
davyyyyyyy: checks
RaisemyNut$: bets $3
davyyyyyyy: calls $3
*** TURN *** [Tc 8c 4c] [Td]
davyyyyyyy: checks
RaisemyNut$: checks
*** RIVER *** [Tc 8c 4c Td] [7c]
davyyyyyyy: bets $6
RaisemyNut$: folds
Uncalled bet ($6) returned to davyyyyyyy
davyyyyyyy collected $17.64 from pot
*** SUMMARY ***
Total pot $18 | Rake $0.36
Board [Tc 8c 4c Td 7c]
Seat 5: RaisemyNut$ (button) (small blind) folded on the River
Seat 6: davyyyyyyy (big blind) collected ($17.64)


PokerStars Hand #161436788696:  Hold'em Limit ($3/$6 USD) - 2016/11/15 9:03:51 ET
Table 'Pisces II' 6-max Seat #6 is the button
Seat 5: RaisemyNut$ ($228.45 in chips)
Seat 6: davyyyyyyy ($159.50 in chips)
davyyyyyyy: posts small blind $1
RaisemyNut$: posts big blind $3
*** HOLE CARDS ***
davyyyyyyy: raises $3 to $6
RaisemyNut$: calls $3
*** FLOP *** [Ks Kh Qc]
RaisemyNut$: checks
davyyyyyyy: bets $3
RaisemyNut$: raises $3 to $6
davyyyyyyy: folds
Uncalled bet ($3) returned to RaisemyNut$
RaisemyNut$ collected $17.64 from pot
RaisemyNut$: doesn't show hand
*** SUMMARY ***
Total pot $18 | Rake $0.36
Board [Ks Kh Qc]
Seat 5: RaisemyNut$ (big blind) collected ($17.64)
Seat 6: davyyyyyyy (button) (small blind) folded on the Flop


PokerStars Hand #161436838666:  Hold'em Limit ($3/$6 USD) - 2016/11/15 9:05:14 ET
Table 'Pisces II' 6-max Seat #6 is the button
Seat 5: RaisemyNut$ ($255.59 in chips)
Seat 6: davyyyyyyy ($131.14 in chips)
davyyyyyyy: posts small blind $1
RaisemyNut$: posts big blind $3
*** HOLE CARDS ***
davyyyyyyy: raises $3 to $6
RaisemyNut$: calls $3
*** FLOP *** [9s Qs 3c]
RaisemyNut$: checks
davyyyyyyy: bets $3
RaisemyNut$: calls $3
*** TURN *** [9s Qs 3c] [4d]
RaisemyNut$: checks
davyyyyyyy: checks
*** RIVER *** [9s Qs 3c 4d] [7h]
RaisemyNut$: checks
davyyyyyyy: checks
*** SHOW DOWN ***
RaisemyNut$: shows [Kd 6d] (high card King)
davyyyyyyy: shows [Th Kc] (high card King - Queen+Ten kicker)
davyyyyyyy collected $17.64 from pot
*** SUMMARY ***
Total pot $18 | Rake $0.36
Board [9s Qs 3c 4d 7h]
Seat 5: RaisemyNut$ (big blind) showed [Kd 6d] and lost with high card King
Seat 6: davyyyyyyy (button) (small blind) showed [Th Kc] and won ($17.64) with high card King


PokerStars Hand #161436812327:  Hold'em Limit ($3/$6 USD) - 2016/11/15 9:04:31 ET
Table 'Pisces II' 6-max Seat #5 is the button
Seat 5: RaisemyNut$ ($229.09 in chips)
Seat 6: davyyyyyyy ($158.14 in chips)
RaisemyNut$: posts small blind $1
davyyyyyyy: posts big blind $3
*** HOLE CARDS ***
RaisemyNut$: raises $3 to $6
davyyyyyyy: calls $3
*** FLOP *** [Qs 9d 5s]
davyyyyyyy: checks
RaisemyNut$: bets $3
davyyyyyyy: calls $3
*** TURN *** [Qs 9d 5s] [Th]
davyyyyyyy: checks
RaisemyNut$: bets $6
davyyyyyyy: raises $6 to $12
RaisemyNut$: calls $6
*** RIVER *** [Qs 9d 5s Th] [Ac]
davyyyyyyy: bets $6
RaisemyNut$: calls $6
*** SHOW DOWN ***
davyyyyyyy: shows [3s Ts] (a pair of Tens)
RaisemyNut$: shows [Qd Kd] (a pair of Queens)
RaisemyNut$ collected $53.50 from pot
*** SUMMARY ***
Total pot $54 | Rake $0.50
Board [Qs 9d 5s Th Ac]
Seat 5: RaisemyNut$ (button) (small blind) showed [Qd Kd] and won ($53.50) with a pair of Queens
Seat 6: davyyyyyyy (big blind) showed [3s Ts] and lost with a pair of Tens


PokerStars Hand #161436877389:  Hold'em Limit ($3/$6 USD) - 2016/11/15 9:06:18 ET
Table 'Pisces II' 6-max Seat #6 is the button
Seat 5: RaisemyNut$ ($231.59 in chips)
Seat 6: davyyyyyyy ($154.28 in chips)
davyyyyyyy: posts small blind $1
RaisemyNut$: posts big blind $3
*** HOLE CARDS ***
davyyyyyyy: raises $3 to $6
RaisemyNut$: calls $3
*** FLOP *** [7c 8d 3d]
RaisemyNut$: checks
davyyyyyyy: checks
*** TURN *** [7c 8d 3d] [Qh]
RaisemyNut$: bets $6
davyyyyyyy: calls $6
*** RIVER *** [7c 8d 3d Qh] [6s]
RaisemyNut$: checks
davyyyyyyy: bets $6
RaisemyNut$: raises $6 to $12
davyyyyyyy: raises $6 to $18
RaisemyNut$: calls $6
*** SHOW DOWN ***
davyyyyyyy: shows [Ts 9s] (a straight, Six to Ten)
RaisemyNut$: mucks hand
davyyyyyyy collected $59.50 from pot
*** SUMMARY ***
Total pot $60 | Rake $0.50
Board [7c 8d 3d Qh 6s]
Seat 5: RaisemyNut$ (big blind) mucked
Seat 6: davyyyyyyy (button) (small blind) showed [Ts 9s] and won ($59.50) with a straight, Six to Ten


PokerStars Hand #161436859795:  Hold'em Limit ($3/$6 USD) - 2016/11/15 9:05:49 ET
Table 'Pisces II' 6-max Seat #5 is the button
Seat 5: RaisemyNut$ ($246.59 in chips)
Seat 6: davyyyyyyy ($139.78 in chips)
RaisemyNut$: posts small blind $1
davyyyyyyy: posts big blind $3
*** HOLE CARDS ***
RaisemyNut$: raises $3 to $6
davyyyyyyy: calls $3
*** FLOP *** [7c Qc 4s]
davyyyyyyy: checks
RaisemyNut$: bets $3
davyyyyyyy: calls $3
*** TURN *** [7c Qc 4s] [6h]
davyyyyyyy: checks
RaisemyNut$: bets $6
davyyyyyyy: calls $6
*** RIVER *** [7c Qc 4s 6h] [2h]
davyyyyyyy: checks
RaisemyNut$: checks
*** SHOW DOWN ***
davyyyyyyy: shows [6s Jc] (a pair of Sixes)
RaisemyNut$: mucks hand
davyyyyyyy collected $29.50 from pot
*** SUMMARY ***
Total pot $30 | Rake $0.50
Board [7c Qc 4s 6h 2h]
Seat 5: RaisemyNut$ (button) (small blind) mucked
Seat 6: davyyyyyyy (big blind) showed [6s Jc] and won ($29.50) with a pair of Sixes


PokerStars Hand #161436931081:  Hold'em Limit ($3/$6 USD) - 2016/11/15 9:07:47 ET
Table 'Pisces II' 6-max Seat #6 is the button
Seat 5: RaisemyNut$ ($209.35 in chips)
Seat 6: davyyyyyyy ($175.78 in chips)
davyyyyyyy: posts small blind $1
RaisemyNut$: posts big blind $3
*** HOLE CARDS ***
davyyyyyyy: raises $3 to $6
RaisemyNut$: calls $3
*** FLOP *** [Jd 2c 2d]
RaisemyNut$: checks
davyyyyyyy: bets $3
RaisemyNut$: folds
Uncalled bet ($3) returned to davyyyyyyy
davyyyyyyy collected $11.76 from pot
*** SUMMARY ***
Total pot $12 | Rake $0.24
Board [Jd 2c 2d]
Seat 5: RaisemyNut$ (big blind) folded on the Flop
Seat 6: davyyyyyyy (button) (small blind) collected ($11.76)


PokerStars Hand #161436923836:  Hold'em Limit ($3/$6 USD) - 2016/11/15 9:07:35 ET
Table 'Pisces II' 6-max Seat #5 is the button
Seat 5: RaisemyNut$ ($206.35 in chips)
Seat 6: davyyyyyyy ($178.78 in chips)
RaisemyNut$: posts small blind $1
davyyyyyyy: posts big blind $3
*** HOLE CARDS ***
RaisemyNut$: raises $3 to $6
davyyyyyyy: folds
Uncalled bet ($3) returned to RaisemyNut$
RaisemyNut$ collected $6 from pot
RaisemyNut$: doesn't show hand
*** SUMMARY ***
Total pot $6 | Rake $0
Seat 5: RaisemyNut$ (button) (small blind) collected ($6)
Seat 6: davyyyyyyy (big blind) folded before Flop


PokerStars Hand #161436911996:  Hold'em Limit ($3/$6 USD) - 2016/11/15 9:07:15 ET
Table 'Pisces II' 6-max Seat #6 is the button
Seat 5: RaisemyNut$ ($200.59 in chips)
Seat 6: davyyyyyyy ($184.78 in chips)
davyyyyyyy: posts small blind $1
RaisemyNut$: posts big blind $3
*** HOLE CARDS ***
davyyyyyyy: raises $3 to $6
RaisemyNut$: calls $3
*** FLOP *** [Jd 3d Ks]
RaisemyNut$: bets $3
davyyyyyyy: folds
Uncalled bet ($3) returned to RaisemyNut$
RaisemyNut$ collected $11.76 from pot
RaisemyNut$: doesn't show hand
*** SUMMARY ***
Total pot $12 | Rake $0.24
Board [Jd 3d Ks]
Seat 5: RaisemyNut$ (big blind) collected ($11.76)
Seat 6: davyyyyyyy (button) (small blind) folded on the Flop


PokerStars Hand #161436904071:  Hold'em Limit ($3/$6 USD) - 2016/11/15 9:07:02 ET
Table 'Pisces II' 6-max Seat #5 is the button
Seat 5: RaisemyNut$ ($201.59 in chips)
Seat 6: davyyyyyyy ($183.78 in chips)
RaisemyNut$: posts small blind $1
davyyyyyyy is connected
davyyyyyyy: posts big blind $3
*** HOLE CARDS ***
RaisemyNut$: folds
Uncalled bet ($2) returned to davyyyyyyy
davyyyyyyy collected $2 from pot
*** SUMMARY ***
Total pot $2 | Rake $0
Seat 5: RaisemyNut$ (button) (small blind) folded before Flop
Seat 6: davyyyyyyy (big blind) collected ($2)


PokerStars Hand #161436952449:  Hold'em Limit ($3/$6 USD) - 2016/11/15 9:08:22 ET
Table 'Pisces II' 6-max Seat #6 is the button
Seat 5: RaisemyNut$ ($209.11 in chips)
Seat 6: davyyyyyyy ($175.54 in chips)
davyyyyyyy: posts small blind $1
RaisemyNut$: posts big blind $3
*** HOLE CARDS ***
davyyyyyyy: raises $3 to $6
RaisemyNut$: calls $3
*** FLOP *** [6c 2h Js]
gabiruboy joins the table at seat #3
RaisemyNut$: checks
davyyyyyyy: checks
*** TURN *** [6c 2h Js] [Kh]
RaisemyNut$: bets $6
davyyyyyyy: calls $6
*** RIVER *** [6c 2h Js Kh] [4s]
RaisemyNut$: bets $6
davyyyyyyy: calls $6
*** SHOW DOWN ***
RaisemyNut$: shows [Qc Jc] (a pair of Jacks)
davyyyyyyy: mucks hand
RaisemyNut$ collected $35.50 from pot
*** SUMMARY ***
Total pot $36 | Rake $0.50
Board [6c 2h Js Kh 4s]
Seat 5: RaisemyNut$ (big blind) showed [Qc Jc] and won ($35.50) with a pair of Jacks
Seat 6: davyyyyyyy (button) (small blind) mucked


PokerStars Hand #161436940584:  Hold'em Limit ($3/$6 USD) - 2016/11/15 9:08:02 ET
Table 'Pisces II' 6-max Seat #5 is the button
Seat 5: RaisemyNut$ ($203.35 in chips)
Seat 6: davyyyyyyy ($181.54 in chips)
RaisemyNut$: posts small blind $1
davyyyyyyy: posts big blind $3
*** HOLE CARDS ***
RaisemyNut$: raises $3 to $6
davyyyyyyy: calls $3
*** FLOP *** [Tc 8s 3h]
davyyyyyyy: checks
RaisemyNut$: bets $3
davyyyyyyy: folds
Uncalled bet ($3) returned to RaisemyNut$
RaisemyNut$ collected $11.76 from pot
RaisemyNut$: doesn't show hand
*** SUMMARY ***
Total pot $12 | Rake $0.24
Board [Tc 8s 3h]
Seat 5: RaisemyNut$ (button) (small blind) collected ($11.76)
Seat 6: davyyyyyyy (big blind) folded on the Flop


PokerStars Hand #161436967749:  Hold'em Limit ($3/$6 USD) - 2016/11/15 9:08:47 ET
Table 'Pisces II' 6-max Seat #5 is the button
Seat 5: RaisemyNut$ ($226.61 in chips)
Seat 6: davyyyyyyy ($157.54 in chips)
RaisemyNut$: posts small blind $1
davyyyyyyy: posts big blind $3
*** HOLE CARDS ***
RaisemyNut$: raises $3 to $6
davyyyyyyy: raises $3 to $9
RaisemyNut$: calls $3
*** FLOP *** [Ah 2c Jc]
davyyyyyyy: bets $3
RaisemyNut$: raises $3 to $6
davyyyyyyy: calls $3
*** TURN *** [Ah 2c Jc] [4d]
davyyyyyyy: checks
RaisemyNut$: bets $6
davyyyyyyy: calls $6
*** RIVER *** [Ah 2c Jc 4d] [9h]
davyyyyyyy: checks
RaisemyNut$: bets $6
davyyyyyyy: calls $6
*** SHOW DOWN ***
RaisemyNut$: shows [Ad Th] (a pair of Aces)
davyyyyyyy: mucks hand
RaisemyNut$ collected $53.50 from pot
*** SUMMARY ***
Total pot $54 | Rake $0.50
Board [Ah 2c Jc 4d 9h]
Seat 5: RaisemyNut$ (button) (small blind) showed [Ad Th] and won ($53.50) with a pair of Aces
Seat 6: davyyyyyyy (big blind) mucked


PokerStars Hand #161437817240:  Hold'em Limit ($3/$6 USD) - 2016/11/15 9:31:50 ET
Table 'Pisces II' 6-max Seat #5 is the button
Seat 5: RaisemyNut$ ($265.06 in chips)
Seat 6: davyyyyyyy ($275.21 in chips)
RaisemyNut$: posts small blind $1
davyyyyyyy: posts big blind $3
*** HOLE CARDS ***
RaisemyNut$: folds
Uncalled bet ($2) returned to davyyyyyyy
davyyyyyyy collected $2 from pot
*** SUMMARY ***
Total pot $2 | Rake $0
Seat 5: RaisemyNut$ (button) (small blind) folded before Flop
Seat 6: davyyyyyyy (big blind) collected ($2)


PokerStars Hand #161437801526:  Hold'em Limit ($3/$6 USD) - 2016/11/15 9:31:25 ET
Table 'Pisces II' 6-max Seat #6 is the button
Seat 5: RaisemyNut$ ($283.06 in chips)
Seat 6: davyyyyyyy ($257.71 in chips)
davyyyyyyy: posts small blind $1
sinsadir: is sitting out
RaisemyNut$: posts big blind $3
*** HOLE CARDS ***
davyyyyyyy: raises $3 to $6
RaisemyNut$: raises $3 to $9
sinsadir leaves the table
davyyyyyyy: calls $3
*** FLOP *** [9s 8h 6s]
RaisemyNut$: bets $3
davyyyyyyy: calls $3
*** TURN *** [9s 8h 6s] [5d]
RaisemyNut$: checks
davyyyyyyy: bets $6
RaisemyNut$: calls $6
*** RIVER *** [9s 8h 6s 5d] [4d]
RaisemyNut$: checks
davyyyyyyy: bets $6
RaisemyNut$: folds
Uncalled bet ($6) returned to davyyyyyyy
davyyyyyyy collected $35.50 from pot
*** SUMMARY ***
Total pot $36 | Rake $0.50
Board [9s 8h 6s 5d 4d]
Seat 5: RaisemyNut$ (big blind) folded on the River
Seat 6: davyyyyyyy (button) (small blind) collected ($35.50)


PokerStars Hand #161437850813:  Hold'em Limit ($3/$6 USD) - 2016/11/15 9:32:43 ET
Table 'Pisces II' 6-max Seat #6 is the button
Seat 5: RaisemyNut$ ($304.20 in chips)
Seat 6: davyyyyyyy ($235.21 in chips)
davyyyyyyy: posts small blind $1
RaisemyNut$: posts big blind $3
*** HOLE CARDS ***
davyyyyyyy: raises $3 to $6
RaisemyNut$: calls $3
*** FLOP *** [8d 5d 4c]
RaisemyNut$: checks
davyyyyyyy: checks
*** TURN *** [8d 5d 4c] [Js]
RaisemyNut$: bets $6
davyyyyyyy: calls $6
*** RIVER *** [8d 5d 4c Js] [7d]
RaisemyNut$: checks
davyyyyyyy: checks
*** SHOW DOWN ***
RaisemyNut$: shows [4s Ah] (a pair of Fours)
davyyyyyyy: mucks hand
RaisemyNut$ collected $23.52 from pot
*** SUMMARY ***
Total pot $24 | Rake $0.48
Board [8d 5d 4c Js 7d]
Seat 5: RaisemyNut$ (big blind) showed [4s Ah] and won ($23.52) with a pair of Fours
Seat 6: davyyyyyyy (button) (small blind) mucked


PokerStars Hand #161437847933:  Hold'em Limit ($3/$6 USD) - 2016/11/15 9:32:39 ET
Table 'Pisces II' 6-max Seat #5 is the button
Seat 5: RaisemyNut$ ($305.20 in chips)
Seat 6: davyyyyyyy ($234.21 in chips)
RaisemyNut$: posts small blind $1
davyyyyyyy: posts big blind $3
*** HOLE CARDS ***
RaisemyNut$: folds
Uncalled bet ($2) returned to davyyyyyyy
davyyyyyyy collected $2 from pot
*** SUMMARY ***
Total pot $2 | Rake $0
Seat 5: RaisemyNut$ (button) (small blind) folded before Flop
Seat 6: davyyyyyyy (big blind) collected ($2)


PokerStars Hand #161437837943:  Hold'em Limit ($3/$6 USD) - 2016/11/15 9:32:23 ET
Table 'Pisces II' 6-max Seat #6 is the button
Seat 5: RaisemyNut$ ($296.56 in chips)
Seat 6: davyyyyyyy ($243.21 in chips)
davyyyyyyy: posts small blind $1
RaisemyNut$: posts big blind $3
*** HOLE CARDS ***
davyyyyyyy: raises $3 to $6
RaisemyNut$: raises $3 to $9
davyyyyyyy: calls $3
*** FLOP *** [4s 3d Ts]
RaisemyNut$: bets $3
davyyyyyyy: folds
Uncalled bet ($3) returned to RaisemyNut$
RaisemyNut$ collected $17.64 from pot
RaisemyNut$: doesn't show hand
*** SUMMARY ***
Total pot $18 | Rake $0.36
Board [4s 3d Ts]
Seat 5: RaisemyNut$ (big blind) collected ($17.64)
Seat 6: davyyyyyyy (button) (small blind) folded on the Flop


PokerStars Hand #161437833765:  Hold'em Limit ($3/$6 USD) - 2016/11/15 9:32:16 ET
Table 'Pisces II' 6-max Seat #5 is the button
Seat 5: RaisemyNut$ ($293.56 in chips)
Seat 6: davyyyyyyy ($246.21 in chips)
RaisemyNut$: posts small blind $1
davyyyyyyy: posts big blind $3
*** HOLE CARDS ***
RaisemyNut$: raises $3 to $6
davyyyyyyy: folds
Uncalled bet ($3) returned to RaisemyNut$
RaisemyNut$ collected $6 from pot
RaisemyNut$: doesn't show hand
*** SUMMARY ***
Total pot $6 | Rake $0
Seat 5: RaisemyNut$ (button) (small blind) collected ($6)
Seat 6: davyyyyyyy (big blind) folded before Flop


PokerStars Hand #161437820550:  Hold'em Limit ($3/$6 USD) - 2016/11/15 9:31:55 ET
Table 'Pisces II' 6-max Seat #6 is the button
Seat 5: RaisemyNut$ ($264.06 in chips)
Seat 6: davyyyyyyy ($276.21 in chips)
davyyyyyyy: posts small blind $1
RaisemyNut$: posts big blind $3
*** HOLE CARDS ***
davyyyyyyy: raises $3 to $6
RaisemyNut$: raises $3 to $9
davyyyyyyy: calls $3
*** FLOP *** [9s 6s 7c]
RaisemyNut$: bets $3
davyyyyyyy: raises $3 to $6
RaisemyNut$: raises $3 to $9
davyyyyyyy: calls $3
*** TURN *** [9s 6s 7c] [8s]
RaisemyNut$: bets $6
davyyyyyyy: calls $6
*** RIVER *** [9s 6s 7c 8s] [3d]
RaisemyNut$: bets $6
davyyyyyyy: calls $6
*** SHOW DOWN ***
RaisemyNut$: shows [Th 8h] (a straight, Six to Ten)
davyyyyyyy: mucks hand
RaisemyNut$ collected $59.50 from pot
*** SUMMARY ***
Total pot $60 | Rake $0.50
Board [9s 6s 7c 8s 3d]
Seat 5: RaisemyNut$ (big blind) showed [Th 8h] and won ($59.50) with a straight, Six to Ten
Seat 6: davyyyyyyy (button) (small blind) mucked


PokerStars Hand #161437892524:  Hold'em Limit ($3/$6 USD) - 2016/11/15 9:33:49 ET
Table 'Pisces II' 6-max Seat #5 is the button
Seat 5: RaisemyNut$ ($344.22 in chips)
Seat 6: davyyyyyyy ($194.21 in chips)
RaisemyNut$: posts small blind $1
davyyyyyyy: posts big blind $3
*** HOLE CARDS ***
RaisemyNut$: raises $3 to $6
davyyyyyyy: folds
Uncalled bet ($3) returned to RaisemyNut$
RaisemyNut$ collected $6 from pot
RaisemyNut$: doesn't show hand
*** SUMMARY ***
Total pot $6 | Rake $0
Seat 5: RaisemyNut$ (button) (small blind) collected ($6)
Seat 6: davyyyyyyy (big blind) folded before Flop


PokerStars Hand #161437889380:  Hold'em Limit ($3/$6 USD) - 2016/11/15 9:33:44 ET
Table 'Pisces II' 6-max Seat #6 is the button
Seat 5: RaisemyNut$ ($343.22 in chips)
Seat 6: davyyyyyyy ($195.21 in chips)
davyyyyyyy: posts small blind $1
RaisemyNut$: posts big blind $3
*** HOLE CARDS ***
davyyyyyyy: folds
Uncalled bet ($2) returned to RaisemyNut$
RaisemyNut$ collected $2 from pot
RaisemyNut$: doesn't show hand
*** SUMMARY ***
Total pot $2 | Rake $0
Seat 5: RaisemyNut$ (big blind) collected ($2)
Seat 6: davyyyyyyy (button) (small blind) folded before Flop


PokerStars Hand #161437884128:  Hold'em Limit ($3/$6 USD) - 2016/11/15 9:33:36 ET
Table 'Pisces II' 6-max Seat #5 is the button
Seat 5: RaisemyNut$ ($340.22 in chips)
Seat 6: davyyyyyyy ($198.21 in chips)
RaisemyNut$: posts small blind $1
davyyyyyyy: posts big blind $3
*** HOLE CARDS ***
RaisemyNut$: raises $3 to $6
davyyyyyyy: folds
Uncalled bet ($3) returned to RaisemyNut$
RaisemyNut$ collected $6 from pot
RaisemyNut$: doesn't show hand
*** SUMMARY ***
Total pot $6 | Rake $0
Seat 5: RaisemyNut$ (button) (small blind) collected ($6)
Seat 6: davyyyyyyy (big blind) folded before Flop


PokerStars Hand #161437881228:  Hold'em Limit ($3/$6 USD) - 2016/11/15 9:33:31 ET
Table 'Pisces II' 6-max Seat #6 is the button
Seat 5: RaisemyNut$ ($339.22 in chips)
Seat 6: davyyyyyyy ($199.21 in chips)
davyyyyyyy: posts small blind $1
RaisemyNut$: posts big blind $3
*** HOLE CARDS ***
davyyyyyyy: folds
Uncalled bet ($2) returned to RaisemyNut$
RaisemyNut$ collected $2 from pot
RaisemyNut$: doesn't show hand
*** SUMMARY ***
Total pot $2 | Rake $0
Seat 5: RaisemyNut$ (big blind) collected ($2)
Seat 6: davyyyyyyy (button) (small blind) folded before Flop


PokerStars Hand #161437861082:  Hold'em Limit ($3/$6 USD) - 2016/11/15 9:32:59 ET
Table 'Pisces II' 6-max Seat #5 is the button
Seat 5: RaisemyNut$ ($315.72 in chips)
Seat 6: davyyyyyyy ($223.21 in chips)
RaisemyNut$: posts small blind $1
davyyyyyyy: posts big blind $3
*** HOLE CARDS ***
RaisemyNut$: raises $3 to $6
davyyyyyyy: raises $3 to $9
RaisemyNut$: calls $3
*** FLOP *** [8s Qh 5c]
davyyyyyyy: bets $3
RaisemyNut$: calls $3
*** TURN *** [8s Qh 5c] [3s]
davyyyyyyy: bets $6
RaisemyNut$: raises $6 to $12
davyyyyyyy: calls $6
*** RIVER *** [8s Qh 5c 3s] [Ks]
davyyyyyyy: checks
RaisemyNut$: bets $6
davyyyyyyy: folds
Uncalled bet ($6) returned to RaisemyNut$
RaisemyNut$ collected $47.50 from pot
RaisemyNut$: doesn't show hand
*** SUMMARY ***
Total pot $48 | Rake $0.50
Board [8s Qh 5c 3s Ks]
Seat 5: RaisemyNut$ (button) (small blind) collected ($47.50)
Seat 6: davyyyyyyy (big blind) folded on the River


PokerStars Hand #161437896723:  Hold'em Limit ($3/$6 USD) - 2016/11/15 9:33:56 ET
Table 'Pisces II' 6-max Seat #6 is the button
Seat 5: RaisemyNut$ ($347.22 in chips)
Seat 6: davyyyyyyy ($191.21 in chips)
davyyyyyyy: posts small blind $1
RaisemyNut$: posts big blind $3
*** HOLE CARDS ***
davyyyyyyy: folds
Uncalled bet ($2) returned to RaisemyNut$
RaisemyNut$ collected $2 from pot
RaisemyNut$: doesn't show hand
*** SUMMARY ***
Total pot $2 | Rake $0
Seat 5: RaisemyNut$ (big blind) collected ($2)
Seat 6: davyyyyyyy (button) (small blind) folded before Flop


PokerStars Hand #161437918969:  Hold'em Limit ($3/$6 USD) - 2016/11/15 9:34:31 ET
Table 'Pisces II' 6-max Seat #5 is the button
Seat 5: RaisemyNut$ ($359.72 in chips)
Seat 6: davyyyyyyy ($177.97 in chips)
RaisemyNut$: posts small blind $1
davyyyyyyy: posts big blind $3
*** HOLE CARDS ***
RaisemyNut$: raises $3 to $6
davyyyyyyy: raises $3 to $9
RaisemyNut$: calls $3
*** FLOP *** [As Jh 7c]
davyyyyyyy: bets $3
sinsadir joins the table at seat #1
RaisemyNut$: calls $3
*** TURN *** [As Jh 7c] [Th]
davyyyyyyy: bets $6
RaisemyNut$: calls $6
*** RIVER *** [As Jh 7c Th] [3s]
davyyyyyyy: bets $6
RaisemyNut$: calls $6
*** SHOW DOWN ***
davyyyyyyy: shows [6c 8h] (high card Ace)
RaisemyNut$: shows [Js 8s] (a pair of Jacks)
RaisemyNut$ collected $47.50 from pot
*** SUMMARY ***
Total pot $48 | Rake $0.50
Board [As Jh 7c Th 3s]
Seat 5: RaisemyNut$ (button) (small blind) showed [Js 8s] and won ($47.50) with a pair of Jacks
Seat 6: davyyyyyyy (big blind) showed [6c 8h] and lost with high card Ace


PokerStars Hand #161437912777:  Hold'em Limit ($3/$6 USD) - 2016/11/15 9:34:21 ET
Table 'Pisces II' 6-max Seat #6 is the button
Seat 5: RaisemyNut$ ($365.72 in chips)
Seat 6: davyyyyyyy ($172.21 in chips)
davyyyyyyy: posts small blind $1
RaisemyNut$: posts big blind $3
*** HOLE CARDS ***
davyyyyyyy: raises $3 to $6
RaisemyNut$: calls $3
*** FLOP *** [2s Ks 8c]
RaisemyNut$: checks
davyyyyyyy: bets $3
RaisemyNut$: folds
Uncalled bet ($3) returned to davyyyyyyy
davyyyyyyy collected $11.76 from pot
*** SUMMARY ***
Total pot $12 | Rake $0.24
Board [2s Ks 8c]
Seat 5: RaisemyNut$ (big blind) folded on the Flop
Seat 6: davyyyyyyy (button) (small blind) collected ($11.76)


PokerStars Hand #161437899595:  Hold'em Limit ($3/$6 USD) - 2016/11/15 9:34:00 ET
Table 'Pisces II' 6-max Seat #5 is the button
Seat 5: RaisemyNut$ ($348.22 in chips)
Seat 6: davyyyyyyy ($190.21 in chips)
RaisemyNut$: posts small blind $1
davyyyyyyy: posts big blind $3
*** HOLE CARDS ***
RaisemyNut$: raises $3 to $6
davyyyyyyy: raises $3 to $9
RaisemyNut$: calls $3
*** FLOP *** [7d 9h 3s]
davyyyyyyy: bets $3
RaisemyNut$: calls $3
*** TURN *** [7d 9h 3s] [6h]
davyyyyyyy: bets $6
RaisemyNut$: calls $6
*** RIVER *** [7d 9h 3s 6h] [Ts]
davyyyyyyy: checks
RaisemyNut$: checks
*** SHOW DOWN ***
davyyyyyyy: shows [4s Js] (high card Jack)
RaisemyNut$: shows [Qs Ad] (high card Ace)
RaisemyNut$ collected $35.50 from pot
*** SUMMARY ***
Total pot $36 | Rake $0.50
Board [7d 9h 3s 6h Ts]
Seat 5: RaisemyNut$ (button) (small blind) showed [Qs Ad] and won ($35.50) with high card Ace
Seat 6: davyyyyyyy (big blind) showed [4s Js] and lost with high card Jack


PokerStars Hand #161439052258:  Hold'em Limit ($3/$6 USD) - 2016/11/15 10:04:00 ET
Table 'Pisces II' 6-max Seat #5 is the button
Seat 5: RaisemyNut$ ($460.75 in chips)
Seat 6: davyyyyyyy ($158.18 in chips)
halicpac will be allowed to play after the button
RaisemyNut$: posts small blind $1
davyyyyyyy: posts big blind $3
*** HOLE CARDS ***
tamnt10549 leaves the table
RaisemyNut$: raises $3 to $6
davyyyyyyy: calls $3
*** FLOP *** [2s 9d Qd]
davyyyyyyy: checks
RaisemyNut$: bets $3
davyyyyyyy: calls $3
*** TURN *** [2s 9d Qd] [Kc]
davyyyyyyy: checks
RaisemyNut$: checks
*** RIVER *** [2s 9d Qd Kc] [Kd]
davyyyyyyy: bets $6
RaisemyNut$: folds
Uncalled bet ($6) returned to davyyyyyyy
davyyyyyyy collected $17.64 from pot
*** SUMMARY ***
Total pot $18 | Rake $0.36
Board [2s 9d Qd Kc Kd]
Seat 5: RaisemyNut$ (button) (small blind) folded on the River
Seat 6: davyyyyyyy (big blind) collected ($17.64)


PokerStars Hand #161439213177:  Hold'em Limit ($3/$6 USD) - 2016/11/15 10:08:02 ET
Table 'Pisces II' 6-max Seat #6 is the button
Seat 5: RaisemyNut$ ($471.77 in chips)
Seat 6: davyyyyyyy ($145.01 in chips)
davyyyyyyy: posts small blind $1
RaisemyNut$: posts big blind $3
*** HOLE CARDS ***
davyyyyyyy: folds
Uncalled bet ($2) returned to RaisemyNut$
RaisemyNut$ collected $2 from pot
RaisemyNut$: doesn't show hand
*** SUMMARY ***
Total pot $2 | Rake $0
Seat 5: RaisemyNut$ (big blind) collected ($2)
Seat 6: davyyyyyyy (button) (small blind) folded before Flop


PokerStars Hand #161439207735:  Hold'em Limit ($3/$6 USD) - 2016/11/15 10:07:54 ET
Table 'Pisces II' 6-max Seat #5 is the button
Seat 5: RaisemyNut$ ($468.77 in chips)
Seat 6: davyyyyyyy ($148.01 in chips)
RaisemyNut$: posts small blind $1
davyyyyyyy: posts big blind $3
*** HOLE CARDS ***
RaisemyNut$: raises $3 to $6
davyyyyyyy: folds
Uncalled bet ($3) returned to RaisemyNut$
RaisemyNut$ collected $6 from pot
RaisemyNut$: doesn't show hand
*** SUMMARY ***
Total pot $6 | Rake $0
Seat 5: RaisemyNut$ (button) (small blind) collected ($6)
Seat 6: davyyyyyyy (big blind) folded before Flop


PokerStars Hand #161439200216:  Hold'em Limit ($3/$6 USD) - 2016/11/15 10:07:42 ET
Table 'Pisces II' 6-max Seat #6 is the button
Seat 5: RaisemyNut$ ($471.77 in chips)
Seat 6: davyyyyyyy ($145.01 in chips)
davyyyyyyy: posts small blind $1
sinsadir: is sitting out
RaisemyNut$: posts big blind $3
*** HOLE CARDS ***
davyyyyyyy: raises $3 to $6
RaisemyNut$: folds
Uncalled bet ($3) returned to davyyyyyyy
davyyyyyyy collected $6 from pot
*** SUMMARY ***
Total pot $6 | Rake $0
Seat 5: RaisemyNut$ (big blind) folded before Flop
Seat 6: davyyyyyyy (button) (small blind) collected ($6)


PokerStars Hand #161439216254:  Hold'em Limit ($3/$6 USD) - 2016/11/15 10:08:06 ET
Table 'Pisces II' 6-max Seat #5 is the button
Seat 5: RaisemyNut$ ($472.77 in chips)
Seat 6: davyyyyyyy ($144.01 in chips)
RaisemyNut$: posts small blind $1
davyyyyyyy: posts big blind $3
*** HOLE CARDS ***
RaisemyNut$: folds
Uncalled bet ($2) returned to davyyyyyyy
davyyyyyyy collected $2 from pot
*** SUMMARY ***
Total pot $2 | Rake $0
Seat 5: RaisemyNut$ (button) (small blind) folded before Flop
Seat 6: davyyyyyyy (big blind) collected ($2)


PokerStars Hand #161439219859:  Hold'em Limit ($3/$6 USD) - 2016/11/15 10:08:12 ET
Table 'Pisces II' 6-max Seat #6 is the button
Seat 5: RaisemyNut$ ($471.77 in chips)
Seat 6: davyyyyyyy ($145.01 in chips)
davyyyyyyy: posts small blind $1
RaisemyNut$: posts big blind $3
*** HOLE CARDS ***
davyyyyyyy: raises $3 to $6
RaisemyNut$: raises $3 to $9
davyyyyyyy: calls $3
*** FLOP *** [8s 9c 5h]
RaisemyNut$: bets $3
davyyyyyyy: raises $3 to $6
RaisemyNut$: raises $3 to $9
davyyyyyyy: calls $3
*** TURN *** [8s 9c 5h] [Jc]
nicmct joins the table at seat #2
RaisemyNut$: bets $6
davyyyyyyy: calls $6
*** RIVER *** [8s 9c 5h Jc] [3s]
RaisemyNut$: bets $6
davyyyyyyy: raises $6 to $12
RaisemyNut$: raises $6 to $18
davyyyyyyy: calls $6
*** SHOW DOWN ***
RaisemyNut$: shows [8h Jh] (two pair, Jacks and Eights)
davyyyyyyy: mucks hand
RaisemyNut$ collected $83.50 from pot
*** SUMMARY ***
Total pot $84 | Rake $0.50
Board [8s 9c 5h Jc 3s]
Seat 5: RaisemyNut$ (big blind) showed [8h Jh] and won ($83.50) with two pair, Jacks and Eights
Seat 6: davyyyyyyy (button) (small blind) mucked


PokerStars Hand #161439250381:  Hold'em Limit ($3/$6 USD) - 2016/11/15 10:08:57 ET
Table 'Pisces II' 6-max Seat #5 is the button
Seat 5: RaisemyNut$ ($513.27 in chips)
Seat 6: davyyyyyyy ($103.01 in chips)
RaisemyNut$: posts small blind $1
davyyyyyyy: posts big blind $3
*** HOLE CARDS ***
RaisemyNut$: raises $3 to $6
davyyyyyyy: raises $3 to $9
RaisemyNut$: calls $3
*** FLOP *** [2h 5c Kc]
davyyyyyyy: bets $3
RaisemyNut$: folds
Uncalled bet ($3) returned to davyyyyyyy
davyyyyyyy collected $17.64 from pot
*** SUMMARY ***
Total pot $18 | Rake $0.36
Board [2h 5c Kc]
Seat 5: RaisemyNut$ (button) (small blind) folded on the Flop
Seat 6: davyyyyyyy (big blind) collected ($17.64)


PokerStars Hand #161442820274:  Hold'em Limit ($3/$6 USD) - 2016/11/15 11:32:55 ET
Table 'Pisces II' 6-max Seat #3 is the button
Seat 3: B_loJkl ($117 in chips)
Seat 5: RaisemyNut$ ($600.32 in chips)
B_loJkl: posts small blind $1
RaisemyNut$: posts big blind $3
*** HOLE CARDS ***
B_loJkl: folds
Uncalled bet ($2) returned to RaisemyNut$
RaisemyNut$ collected $2 from pot
RaisemyNut$: doesn't show hand
*** SUMMARY ***
Total pot $2 | Rake $0
Seat 3: B_loJkl (button) (small blind) folded before Flop
Seat 5: RaisemyNut$ (big blind) collected ($2)


PokerStars Hand #161442801646:  Hold'em Limit ($3/$6 USD) - 2016/11/15 11:32:30 ET
Table 'Pisces II' 6-max Seat #5 is the button
Seat 3: B_loJkl ($126 in chips)
Seat 5: RaisemyNut$ ($591.68 in chips)
RaisemyNut$: posts small blind $1
B_loJkl: posts big blind $3
*** HOLE CARDS ***
RaisemyNut$: raises $3 to $6
B_loJkl: calls $3
*** FLOP *** [Jd 9d Ts]
B_loJkl: checks
RaisemyNut$: bets $3
B_loJkl: calls $3
*** TURN *** [Jd 9d Ts] [Ac]
B_loJkl: checks
RaisemyNut$: bets $6
B_loJkl: folds
Uncalled bet ($6) returned to RaisemyNut$
RaisemyNut$ collected $17.64 from pot
RaisemyNut$: doesn't show hand
*** SUMMARY ***
Total pot $18 | Rake $0.36
Board [Jd 9d Ts Ac]
Seat 3: B_loJkl (big blind) folded on the Turn
Seat 5: RaisemyNut$ (button) (small blind) collected ($17.64)


