PokerStars Hand #158986221821:  Hold'em Limit ($3/$6 USD) - 2016/09/23 11:35:08 ET
Table 'Pisces' 6-max Seat #1 is the button
Seat 1: LifeisagameX ($84 in chips)
Seat 2: popeluha ($37.06 in chips)
LifeisagameX: posts small blind $1
popeluha: posts big blind $3
*** HOLE CARDS ***
LifeisagameX: raises $3 to $6
popeluha: folds
Uncalled bet ($3) returned to LifeisagameX
LifeisagameX collected $6 from pot
LifeisagameX: doesn't show hand
*** SUMMARY ***
Total pot $6 | Rake $0
Seat 1: LifeisagameX (button) (small blind) collected ($6)
Seat 2: popeluha (big blind) folded before Flop


PokerStars Hand #158986246831:  Hold'em Limit ($3/$6 USD) - 2016/09/23 11:35:49 ET
Table 'Pisces' 6-max Seat #1 is the button
Seat 1: LifeisagameX ($84 in chips)
Seat 2: popeluha ($39.82 in chips)
LifeisagameX: posts small blind $1
popeluha: posts big blind $3
*** HOLE CARDS ***
LifeisagameX: raises $3 to $6
popeluha: calls $3
*** FLOP *** [Tc Js 6h]
popeluha: checks
LifeisagameX: bets $3
popeluha: calls $3
*** TURN *** [Tc Js 6h] [7s]
Donrodolfo joins the table at seat #5
popeluha: checks
LifeisagameX: bets $6
popeluha: calls $6
*** RIVER *** [Tc Js 6h 7s] [Th]
popeluha: checks
LifeisagameX: bets $6
popeluha: folds
Uncalled bet ($6) returned to LifeisagameX
LifeisagameX collected $29.50 from pot
LifeisagameX: doesn't show hand
*** SUMMARY ***
Total pot $30 | Rake $0.50
Board [Tc Js 6h 7s Th]
Seat 1: LifeisagameX (button) (small blind) collected ($29.50)
Seat 2: popeluha (big blind) folded on the River


PokerStars Hand #158986239504:  Hold'em Limit ($3/$6 USD) - 2016/09/23 11:35:37 ET
Table 'Pisces' 6-max Seat #2 is the button
Seat 1: LifeisagameX ($87 in chips)
Seat 2: popeluha ($34.06 in chips)
popeluha: posts small blind $1
LifeisagameX: posts big blind $3
*** HOLE CARDS ***
popeluha: raises $3 to $6
LifeisagameX: calls $3
*** FLOP *** [Tc Jh 7s]
LifeisagameX: checks
popeluha: bets $3
LifeisagameX: folds
Uncalled bet ($3) returned to popeluha
popeluha collected $11.76 from pot
*** SUMMARY ***
Total pot $12 | Rake $0.24
Board [Tc Jh 7s]
Seat 1: LifeisagameX (big blind) folded on the Flop
Seat 2: popeluha (button) (small blind) collected ($11.76)


PokerStars Hand #158986342204:  Hold'em Limit ($3/$6 USD) - 2016/09/23 11:38:23 ET
Table 'Pisces' 6-max Seat #5 is the button
Seat 2: popeluha ($20.82 in chips)
Seat 5: Donrodolfo ($36.25 in chips)
shampBTgogo will be allowed to play after the button
Donrodolfo: posts small blind $1
popeluha: posts big blind $3
*** HOLE CARDS ***
Donrodolfo: calls $2
popeluha: checks
*** FLOP *** [4s 7s 6d]
popeluha: bets $3
Donrodolfo: calls $3
*** TURN *** [4s 7s 6d] [8h]
popeluha: bets $6
Donrodolfo: calls $6
*** RIVER *** [4s 7s 6d 8h] [4d]
popeluha: bets $6
Donrodolfo: calls $6
*** SHOW DOWN ***
popeluha: shows [4c 5h] (a straight, Four to Eight)
Donrodolfo: mucks hand
popeluha collected $35.50 from pot
*** SUMMARY ***
Total pot $36 | Rake $0.50
Board [4s 7s 6d 8h 4d]
Seat 2: popeluha (big blind) showed [4c 5h] and won ($35.50) with a straight, Four to Eight
Seat 5: Donrodolfo (button) (small blind) mucked


PokerStars Hand #159002959080:  Hold'em Limit ($3/$6 USD) - 2016/09/23 17:49:31 ET
Table 'Pisces' 6-max Seat #4 is the button
Seat 3: RaisemyNut$ ($94 in chips)
Seat 4: Coldhandnik ($169.84 in chips)
Coldhandnik: posts small blind $1
ToDaFelt: is sitting out
RaisemyNut$: posts big blind $3
*** HOLE CARDS ***
Coldhandnik: raises $3 to $6
RaisemyNut$: calls $3
*** FLOP *** [8s 8h 4d]
RaisemyNut$: checks
Coldhandnik: checks
*** TURN *** [8s 8h 4d] [6s]
ToDaFelt leaves the table
RaisemyNut$: bets $6
Coldhandnik: calls $6
*** RIVER *** [8s 8h 4d 6s] [Ts]
RaisemyNut$: bets $6
Coldhandnik: raises $6 to $12
RaisemyNut$: raises $6 to $18
Coldhandnik: calls $6
*** SHOW DOWN ***
RaisemyNut$: shows [7s 9d] (a straight, Six to Ten)
Coldhandnik: mucks hand
RaisemyNut$ collected $59.50 from pot
*** SUMMARY ***
Total pot $60 | Rake $0.50
Board [8s 8h 4d 6s Ts]
Seat 3: RaisemyNut$ (big blind) showed [7s 9d] and won ($59.50) with a straight, Six to Ten
Seat 4: Coldhandnik (button) (small blind) mucked


PokerStars Hand #159003010763:  Hold'em Limit ($3/$6 USD) - 2016/09/23 17:50:40 ET
Table 'Pisces' 6-max Seat #3 is the button
Seat 3: RaisemyNut$ ($144 in chips)
Seat 4: Coldhandnik ($118.84 in chips)
RaisemyNut$: posts small blind $1
Coldhandnik: posts big blind $3
*** HOLE CARDS ***
RaisemyNut$: raises $3 to $6
Coldhandnik: folds
Uncalled bet ($3) returned to RaisemyNut$
RaisemyNut$ collected $6 from pot
RaisemyNut$: doesn't show hand
*** SUMMARY ***
Total pot $6 | Rake $0
Seat 3: RaisemyNut$ (button) (small blind) collected ($6)
Seat 4: Coldhandnik (big blind) folded before Flop


PokerStars Hand #159003003853:  Hold'em Limit ($3/$6 USD) - 2016/09/23 17:50:31 ET
Table 'Pisces' 6-max Seat #4 is the button
Seat 3: RaisemyNut$ ($147 in chips)
Seat 4: Coldhandnik ($115.84 in chips)
Coldhandnik: posts small blind $1
ZOGI was removed from the table for failing to post
RaisemyNut$: posts big blind $3
*** HOLE CARDS ***
Coldhandnik: raises $3 to $6
RaisemyNut$: folds
Uncalled bet ($3) returned to Coldhandnik
Coldhandnik collected $6 from pot
Coldhandnik: doesn't show hand
*** SUMMARY ***
Total pot $6 | Rake $0
Seat 3: RaisemyNut$ (big blind) folded before Flop
Seat 4: Coldhandnik (button) (small blind) collected ($6)


PokerStars Hand #159003015197:  Hold'em Limit ($3/$6 USD) - 2016/09/23 17:50:46 ET
Table 'Pisces' 6-max Seat #4 is the button
Seat 3: RaisemyNut$ ($147 in chips)
Seat 4: Coldhandnik ($115.84 in chips)
Coldhandnik: posts small blind $1
RaisemyNut$: posts big blind $3
*** HOLE CARDS ***
Coldhandnik: raises $3 to $6
RaisemyNut$: raises $3 to $9
Coldhandnik: raises $3 to $12
Betting is capped
RaisemyNut$: calls $3
*** FLOP *** [3d Js 9s]
RaisemyNut$: checks
Coldhandnik: bets $3
RaisemyNut$: calls $3
*** TURN *** [3d Js 9s] [Kc]
RaisemyNut$: checks
Coldhandnik: bets $6
RaisemyNut$: calls $6
*** RIVER *** [3d Js 9s Kc] [Qh]
RaisemyNut$: checks
Coldhandnik: checks
*** SHOW DOWN ***
RaisemyNut$: shows [Jh Ac] (a pair of Jacks)
Coldhandnik: shows [Kh 6d] (a pair of Kings)
Coldhandnik collected $41.50 from pot
*** SUMMARY ***
Total pot $42 | Rake $0.50
Board [3d Js 9s Kc Qh]
Seat 3: RaisemyNut$ (big blind) showed [Jh Ac] and lost with a pair of Jacks
Seat 4: Coldhandnik (button) (small blind) showed [Kh 6d] and won ($41.50) with a pair of Kings


PokerStars Hand #159002981963:  Hold'em Limit ($3/$6 USD) - 2016/09/23 17:50:01 ET
Table 'Pisces' 6-max Seat #3 is the button
Seat 3: RaisemyNut$ ($123.50 in chips)
Seat 4: Coldhandnik ($139.84 in chips)
RaisemyNut$: posts small blind $1
Coldhandnik: posts big blind $3
*** HOLE CARDS ***
RaisemyNut$: raises $3 to $6
Coldhandnik: calls $3
*** FLOP *** [5h 3s Ts]
Coldhandnik: checks
RaisemyNut$: bets $3
Coldhandnik: raises $3 to $6
RaisemyNut$: calls $3
*** TURN *** [5h 3s Ts] [Js]
Coldhandnik: bets $6
RaisemyNut$: calls $6
*** RIVER *** [5h 3s Ts Js] [7d]
Coldhandnik: bets $6
RaisemyNut$: calls $6
*** SHOW DOWN ***
Coldhandnik: shows [Qs 3d] (a pair of Threes)
RaisemyNut$: shows [6c 5c] (a pair of Fives)
RaisemyNut$ collected $47.50 from pot
*** SUMMARY ***
Total pot $48 | Rake $0.50
Board [5h 3s Ts Js 7d]
Seat 3: RaisemyNut$ (button) (small blind) showed [6c 5c] and won ($47.50) with a pair of Fives
Seat 4: Coldhandnik (big blind) showed [Qs 3d] and lost with a pair of Threes


PokerStars Hand #159003053278:  Hold'em Limit ($3/$6 USD) - 2016/09/23 17:51:37 ET
Table 'Pisces' 6-max Seat #4 is the button
Seat 3: RaisemyNut$ ($149.50 in chips)
Seat 4: Coldhandnik ($112.34 in chips)
Coldhandnik: posts small blind $1
RaisemyNut$: posts big blind $3
*** HOLE CARDS ***
Coldhandnik: folds
Uncalled bet ($2) returned to RaisemyNut$
RaisemyNut$ collected $2 from pot
RaisemyNut$: doesn't show hand
*** SUMMARY ***
Total pot $2 | Rake $0
Seat 3: RaisemyNut$ (big blind) collected ($2)
Seat 4: Coldhandnik (button) (small blind) folded before Flop


PokerStars Hand #159003035951:  Hold'em Limit ($3/$6 USD) - 2016/09/23 17:51:14 ET
Table 'Pisces' 6-max Seat #3 is the button
Seat 3: RaisemyNut$ ($126 in chips)
Seat 4: Coldhandnik ($136.34 in chips)
RaisemyNut$: posts small blind $1
Coldhandnik: posts big blind $3
*** HOLE CARDS ***
RaisemyNut$: raises $3 to $6
Coldhandnik: calls $3
*** FLOP *** [9h Ks Qh]
Coldhandnik: checks
RaisemyNut$: bets $3
Coldhandnik: raises $3 to $6
RaisemyNut$: calls $3
*** TURN *** [9h Ks Qh] [2s]
Coldhandnik: bets $6
RaisemyNut$: calls $6
*** RIVER *** [9h Ks Qh 2s] [5s]
Coldhandnik: bets $6
RaisemyNut$: calls $6
*** SHOW DOWN ***
Coldhandnik: shows [7d 9d] (a pair of Nines)
RaisemyNut$: shows [8d Qd] (a pair of Queens)
RaisemyNut$ collected $47.50 from pot
*** SUMMARY ***
Total pot $48 | Rake $0.50
Board [9h Ks Qh 2s 5s]
Seat 3: RaisemyNut$ (button) (small blind) showed [8d Qd] and won ($47.50) with a pair of Queens
Seat 4: Coldhandnik (big blind) showed [7d 9d] and lost with a pair of Nines


PokerStars Hand #159003083563:  Hold'em Limit ($3/$6 USD) - 2016/09/23 17:52:18 ET
Table 'Pisces' 6-max Seat #4 is the button
Seat 3: RaisemyNut$ ($126.50 in chips)
Seat 4: Coldhandnik ($134.84 in chips)
Coldhandnik: posts small blind $1
Ag3r0n was removed from the table for failing to post
RaisemyNut$: posts big blind $3
*** HOLE CARDS ***
Coldhandnik: raises $3 to $6
RaisemyNut$: calls $3
*** FLOP *** [Qc 3h 8h]
RaisemyNut$: checks
Coldhandnik: checks
*** TURN *** [Qc 3h 8h] [Ah]
RaisemyNut$: bets $6
Coldhandnik: raises $6 to $12
RaisemyNut$: calls $6
*** RIVER *** [Qc 3h 8h Ah] [9s]
RaisemyNut$: checks
Coldhandnik: bets $6
RaisemyNut$: calls $6
*** SHOW DOWN ***
Coldhandnik: shows [Ad 7s] (a pair of Aces)
RaisemyNut$: mucks hand
Coldhandnik collected $47.50 from pot
*** SUMMARY ***
Total pot $48 | Rake $0.50
Board [Qc 3h 8h Ah 9s]
Seat 3: RaisemyNut$ (big blind) mucked
Seat 4: Coldhandnik (button) (small blind) showed [Ad 7s] and won ($47.50) with a pair of Aces


PokerStars Hand #159003109926:  Hold'em Limit ($3/$6 USD) - 2016/09/23 17:52:50 ET
Table 'Pisces' 6-max Seat #4 is the button
Seat 3: RaisemyNut$ ($105.50 in chips)
Seat 4: Coldhandnik ($155.34 in chips)
Coldhandnik: posts small blind $1
RaisemyNut$: posts big blind $3
*** HOLE CARDS ***
Coldhandnik: folds
Uncalled bet ($2) returned to RaisemyNut$
RaisemyNut$ collected $2 from pot
RaisemyNut$: doesn't show hand
*** SUMMARY ***
Total pot $2 | Rake $0
Seat 3: RaisemyNut$ (big blind) collected ($2)
Seat 4: Coldhandnik (button) (small blind) folded before Flop


PokerStars Hand #159003102439:  Hold'em Limit ($3/$6 USD) - 2016/09/23 17:52:40 ET
Table 'Pisces' 6-max Seat #3 is the button
Seat 3: RaisemyNut$ ($102.50 in chips)
Seat 4: Coldhandnik ($158.34 in chips)
RaisemyNut$: posts small blind $1
Coldhandnik: posts big blind $3
*** HOLE CARDS ***
RaisemyNut$: raises $3 to $6
Coldhandnik: folds
Uncalled bet ($3) returned to RaisemyNut$
RaisemyNut$ collected $6 from pot
RaisemyNut$: doesn't show hand
*** SUMMARY ***
Total pot $6 | Rake $0
Seat 3: RaisemyNut$ (button) (small blind) collected ($6)
Seat 4: Coldhandnik (big blind) folded before Flop


PokerStars Hand #159003057639:  Hold'em Limit ($3/$6 USD) - 2016/09/23 17:51:43 ET
Table 'Pisces' 6-max Seat #3 is the button
Seat 3: RaisemyNut$ ($150.50 in chips)
Seat 4: Coldhandnik ($111.34 in chips)
RaisemyNut$: posts small blind $1
Coldhandnik: posts big blind $3
*** HOLE CARDS ***
RaisemyNut$: raises $3 to $6
Coldhandnik: raises $3 to $9
RaisemyNut$: calls $3
*** FLOP *** [9h Qh 9d]
Coldhandnik: bets $3
RaisemyNut$: calls $3
*** TURN *** [9h Qh 9d] [4s]
Coldhandnik: bets $6
RaisemyNut$: raises $6 to $12
Coldhandnik: calls $6
*** RIVER *** [9h Qh 9d 4s] [As]
Coldhandnik: bets $6
RaisemyNut$: folds
Uncalled bet ($6) returned to Coldhandnik
Coldhandnik collected $47.50 from pot
Coldhandnik: doesn't show hand
*** SUMMARY ***
Total pot $48 | Rake $0.50
Board [9h Qh 9d 4s As]
Seat 3: RaisemyNut$ (button) (small blind) folded on the River
Seat 4: Coldhandnik (big blind) collected ($47.50)


