PokerStars Hand #154135564973:  Hold'em Limit ($3/$6 USD) - 2016/06/01 8:44:08 ET
Table 'Pisces' 10-max Seat #4 is the button
Seat 4: Defaultuser6 ($50 in chips)
Seat 6: Agrotait ($72 in chips)
Defaultuser6: posts small blind $1
Agrotait: posts big blind $3
*** HOLE CARDS ***
samurai.ru joins the table at seat #5
Defaultuser6: calls $2
Agrotait: checks
*** FLOP *** [7c Kd Ks]
Agrotait: bets $3
Mullern joins the table at seat #7
Defaultuser6: folds
Uncalled bet ($3) returned to Agrotait
Agrotait collected $5.88 from pot
Agrotait: doesn't show hand
*** SUMMARY ***
Total pot $6 | Rake $0.12
Board [7c Kd Ks]
Seat 4: Defaultuser6 (button) (small blind) folded on the Flop
Seat 6: Agrotait (big blind) collected ($5.88)


PokerStars Hand #154135664637:  Hold'em Limit ($3/$6 USD) - 2016/06/01 8:47:24 ET
Table 'Pisces' 10-max Seat #4 is the button
Seat 4: Defaultuser6 ($55.92 in chips)
Seat 7: Mullern ($48.13 in chips)
Defaultuser6: posts small blind $1
Mullern: posts big blind $3
*** HOLE CARDS ***
Defaultuser6: folds
Uncalled bet ($2) returned to Mullern
Mullern collected $2 from pot
Mullern: doesn't show hand
*** SUMMARY ***
Total pot $2 | Rake $0
Seat 4: Defaultuser6 (button) (small blind) folded before Flop
Seat 7: Mullern (big blind) collected ($2)


PokerStars Hand #154135662569:  Hold'em Limit ($3/$6 USD) - 2016/06/01 8:47:20 ET
Table 'Pisces' 10-max Seat #7 is the button
Seat 4: Defaultuser6 ($54.92 in chips)
Seat 7: Mullern ($49.13 in chips)
Mullern: posts small blind $1
Defaultuser6: posts big blind $3
*** HOLE CARDS ***
Mullern: folds
Uncalled bet ($2) returned to Defaultuser6
Defaultuser6 collected $2 from pot
Defaultuser6: doesn't show hand
*** SUMMARY ***
Total pot $2 | Rake $0
Seat 4: Defaultuser6 (big blind) collected ($2)
Seat 7: Mullern (button) (small blind) folded before Flop


PokerStars Hand #154135657577:  Hold'em Limit ($3/$6 USD) - 2016/06/01 8:47:10 ET
Table 'Pisces' 10-max Seat #4 is the button
Seat 4: Defaultuser6 ($55.92 in chips)
Seat 7: Mullern ($48.13 in chips)
Defaultuser6: posts small blind $1
Mullern: posts big blind $3
*** HOLE CARDS ***
Defaultuser6: folds
Uncalled bet ($2) returned to Mullern
Mullern collected $2 from pot
Mullern: doesn't show hand
*** SUMMARY ***
Total pot $2 | Rake $0
Seat 4: Defaultuser6 (button) (small blind) folded before Flop
Seat 7: Mullern (big blind) collected ($2)


PokerStars Hand #154135650388:  Hold'em Limit ($3/$6 USD) - 2016/06/01 8:46:56 ET
Table 'Pisces' 10-max Seat #7 is the button
Seat 4: Defaultuser6 ($61.92 in chips)
Seat 7: Mullern ($42.37 in chips)
Mullern: posts small blind $1
Defaultuser6: posts big blind $3
*** HOLE CARDS ***
Mullern: raises $3 to $6
Defaultuser6: calls $3
*** FLOP *** [8h Kh Jd]
Defaultuser6: checks
Mullern: checks
*** TURN *** [8h Kh Jd] [Kd]
Defaultuser6: checks
Mullern: bets $6
Defaultuser6: folds
Uncalled bet ($6) returned to Mullern
Mullern collected $11.76 from pot
Mullern: doesn't show hand
*** SUMMARY ***
Total pot $12 | Rake $0.24
Board [8h Kh Jd Kd]
Seat 4: Defaultuser6 (big blind) folded on the Turn
Seat 7: Mullern (button) (small blind) collected ($11.76)


PokerStars Hand #154135647386:  Hold'em Limit ($3/$6 USD) - 2016/06/01 8:46:50 ET
Table 'Pisces' 10-max Seat #4 is the button
Seat 4: Defaultuser6 ($62.92 in chips)
Seat 7: Mullern ($41.37 in chips)
Defaultuser6: posts small blind $1
samurai.ru: is sitting out
Mullern: posts big blind $3
*** HOLE CARDS ***
Defaultuser6: folds
Uncalled bet ($2) returned to Mullern
Mullern collected $2 from pot
Mullern: doesn't show hand
*** SUMMARY ***
Total pot $2 | Rake $0
Seat 4: Defaultuser6 (button) (small blind) folded before Flop
Seat 7: Mullern (big blind) collected ($2)


PokerStars Hand #154135693551:  Hold'em Limit ($3/$6 USD) - 2016/06/01 8:48:20 ET
Table 'Pisces' 10-max Seat #7 is the button
Seat 4: Defaultuser6 ($78.30 in chips)
Seat 7: Mullern ($25.13 in chips)
Mullern: posts small blind $1
Defaultuser6: posts big blind $3
*** HOLE CARDS ***
Mullern: folds
Uncalled bet ($2) returned to Defaultuser6
Defaultuser6 collected $2 from pot
Defaultuser6: doesn't show hand
*** SUMMARY ***
Total pot $2 | Rake $0
Seat 4: Defaultuser6 (big blind) collected ($2)
Seat 7: Mullern (button) (small blind) folded before Flop


PokerStars Hand #154135689212:  Hold'em Limit ($3/$6 USD) - 2016/06/01 8:48:12 ET
Table 'Pisces' 10-max Seat #4 is the button
Seat 4: Defaultuser6 ($79.30 in chips)
Seat 7: Mullern ($24.13 in chips)
Defaultuser6: posts small blind $1
Mullern: posts big blind $3
*** HOLE CARDS ***
Defaultuser6: folds
Uncalled bet ($2) returned to Mullern
Mullern collected $2 from pot
Mullern: doesn't show hand
*** SUMMARY ***
Total pot $2 | Rake $0
Seat 4: Defaultuser6 (button) (small blind) folded before Flop
Seat 7: Mullern (big blind) collected ($2)


PokerStars Hand #154135687226:  Hold'em Limit ($3/$6 USD) - 2016/06/01 8:48:08 ET
Table 'Pisces' 10-max Seat #7 is the button
Seat 4: Defaultuser6 ($78.30 in chips)
Seat 7: Mullern ($25.13 in chips)
Mullern: posts small blind $1
Defaultuser6: posts big blind $3
*** HOLE CARDS ***
Mullern: folds
Uncalled bet ($2) returned to Defaultuser6
Defaultuser6 collected $2 from pot
Defaultuser6: doesn't show hand
*** SUMMARY ***
Total pot $2 | Rake $0
Seat 4: Defaultuser6 (big blind) collected ($2)
Seat 7: Mullern (button) (small blind) folded before Flop


PokerStars Hand #154135679581:  Hold'em Limit ($3/$6 USD) - 2016/06/01 8:47:53 ET
Table 'Pisces' 10-max Seat #4 is the button
Seat 4: Defaultuser6 ($75.42 in chips)
Seat 7: Mullern ($28.13 in chips)
Defaultuser6: posts small blind $1
Mullern: posts big blind $3
*** HOLE CARDS ***
Defaultuser6: calls $2
Mullern: checks
*** FLOP *** [Ad Qd As]
Mullern: checks
Defaultuser6: checks
*** TURN *** [Ad Qd As] [Qh]
Mullern: checks
Defaultuser6: bets $6
Mullern: folds
Uncalled bet ($6) returned to Defaultuser6
Defaultuser6 collected $5.88 from pot
Defaultuser6: doesn't show hand
*** SUMMARY ***
Total pot $6 | Rake $0.12
Board [Ad Qd As Qh]
Seat 4: Defaultuser6 (button) (small blind) collected ($5.88)
Seat 7: Mullern (big blind) folded on the Turn


PokerStars Hand #154135667173:  Hold'em Limit ($3/$6 USD) - 2016/06/01 8:47:28 ET
Table 'Pisces' 10-max Seat #7 is the button
Seat 4: Defaultuser6 ($54.92 in chips)
Seat 7: Mullern ($49.13 in chips)
Mullern: posts small blind $1
Defaultuser6: posts big blind $3
*** HOLE CARDS ***
Mullern: raises $3 to $6
Defaultuser6: calls $3
*** FLOP *** [6h 3c Ts]
Defaultuser6: checks
Mullern: bets $3
Defaultuser6: calls $3
*** TURN *** [6h 3c Ts] [Qc]
Defaultuser6: checks
samurai.ru leaves the table
Mullern: bets $6
Defaultuser6: raises $6 to $12
Mullern: calls $6
*** RIVER *** [6h 3c Ts Qc] [Jh]
Defaultuser6: checks
Mullern: checks
*** SHOW DOWN ***
Defaultuser6: shows [Ac Qd] (a pair of Queens)
Mullern: mucks hand
Defaultuser6 collected $41.50 from pot
*** SUMMARY ***
Total pot $42 | Rake $0.50
Board [6h 3c Ts Qc Jh]
Seat 4: Defaultuser6 (big blind) showed [Ac Qd] and won ($41.50) with a pair of Queens
Seat 7: Mullern (button) (small blind) mucked


PokerStars Hand #154135715637:  Hold'em Limit ($3/$6 USD) - 2016/06/01 8:49:04 ET
Table 'Pisces' 10-max Seat #4 is the button
Seat 4: Defaultuser6 ($51.30 in chips)
Seat 7: Mullern ($51.63 in chips)
Defaultuser6: posts small blind $1
Mullern: posts big blind $3
*** HOLE CARDS ***
Fantomet joins the table at seat #5
Defaultuser6: calls $2
Mullern: checks
*** FLOP *** [As 6s 3d]
Mullern: checks
Defaultuser6: bets $3
Mullern: folds
Uncalled bet ($3) returned to Defaultuser6
Defaultuser6 collected $5.88 from pot
Defaultuser6: doesn't show hand
*** SUMMARY ***
Total pot $6 | Rake $0.12
Board [As 6s 3d]
Seat 4: Defaultuser6 (button) (small blind) collected ($5.88)
Seat 7: Mullern (big blind) folded on the Flop


PokerStars Hand #154135711188:  Hold'em Limit ($3/$6 USD) - 2016/06/01 8:48:55 ET
Table 'Pisces' 10-max Seat #7 is the button
Seat 4: Defaultuser6 ($54.30 in chips)
Seat 7: Mullern ($48.63 in chips)
Mullern: posts small blind $1
Defaultuser6: posts big blind $3
*** HOLE CARDS ***
Mullern: raises $3 to $6
Defaultuser6: folds
Uncalled bet ($3) returned to Mullern
Mullern collected $6 from pot
Mullern: doesn't show hand
*** SUMMARY ***
Total pot $6 | Rake $0
Seat 4: Defaultuser6 (big blind) folded before Flop
Seat 7: Mullern (button) (small blind) collected ($6)


PokerStars Hand #154135707961:  Hold'em Limit ($3/$6 USD) - 2016/06/01 8:48:49 ET
Table 'Pisces' 10-max Seat #4 is the button
Seat 4: Defaultuser6 ($55.30 in chips)
Seat 7: Mullern ($47.63 in chips)
Defaultuser6: posts small blind $1
Mullern: posts big blind $3
*** HOLE CARDS ***
Defaultuser6: folds
Uncalled bet ($2) returned to Mullern
Mullern collected $2 from pot
Mullern: doesn't show hand
*** SUMMARY ***
Total pot $2 | Rake $0
Seat 4: Defaultuser6 (button) (small blind) folded before Flop
Seat 7: Mullern (big blind) collected ($2)


PokerStars Hand #154135705326:  Hold'em Limit ($3/$6 USD) - 2016/06/01 8:48:44 ET
Table 'Pisces' 10-max Seat #7 is the button
Seat 4: Defaultuser6 ($58.30 in chips)
Seat 7: Mullern ($44.63 in chips)
Mullern: posts small blind $1
Defaultuser6: posts big blind $3
*** HOLE CARDS ***
Mullern: raises $3 to $6
Defaultuser6: folds
Uncalled bet ($3) returned to Mullern
Mullern collected $6 from pot
Mullern: doesn't show hand
*** SUMMARY ***
Total pot $6 | Rake $0
Seat 4: Defaultuser6 (big blind) folded before Flop
Seat 7: Mullern (button) (small blind) collected ($6)


PokerStars Hand #154135695754:  Hold'em Limit ($3/$6 USD) - 2016/06/01 8:48:25 ET
Table 'Pisces' 10-max Seat #4 is the button
Seat 4: Defaultuser6 ($79.30 in chips)
Seat 7: Mullern ($24.13 in chips)
Defaultuser6: posts small blind $1
Mullern: posts big blind $3
*** HOLE CARDS ***
Defaultuser6: calls $2
Mullern: raises $3 to $6
Defaultuser6: calls $3
*** FLOP *** [4h 3d 8h]
Mullern: bets $3
Defaultuser6: calls $3
*** TURN *** [4h 3d 8h] [9c]
Mullern: bets $6
Defaultuser6: calls $6
*** RIVER *** [4h 3d 8h 9c] [8s]
Mullern: bets $6
Defaultuser6: calls $6
*** SHOW DOWN ***
Mullern: shows [Jh Jd] (two pair, Jacks and Eights)
Defaultuser6: mucks hand
Mullern collected $41.50 from pot
*** SUMMARY ***
Total pot $42 | Rake $0.50
Board [4h 3d 8h 9c 8s]
Seat 4: Defaultuser6 (button) (small blind) mucked
Seat 7: Mullern (big blind) showed [Jh Jd] and won ($41.50) with two pair, Jacks and Eights


PokerStars Hand #154135721878:  Hold'em Limit ($3/$6 USD) - 2016/06/01 8:49:16 ET
Table 'Pisces' 10-max Seat #7 is the button
Seat 4: Defaultuser6 ($54.18 in chips)
Seat 7: Mullern ($48.63 in chips)
Mullern: posts small blind $1
Defaultuser6: posts big blind $3
*** HOLE CARDS ***
Mullern: raises $3 to $6
Defaultuser6: calls $3
*** FLOP *** [Qh 3c 8s]
Defaultuser6: checks
Mullern: checks
*** TURN *** [Qh 3c 8s] [2c]
Defaultuser6: bets $6
Mullern: calls $6
*** RIVER *** [Qh 3c 8s 2c] [Ac]
Defaultuser6: bets $6
Mullern: calls $6
*** SHOW DOWN ***
Defaultuser6: shows [8h 2s] (two pair, Eights and Deuces)
Mullern: mucks hand
kolaz03 joins the table at seat #6
Defaultuser6 collected $35.50 from pot
*** SUMMARY ***
Total pot $36 | Rake $0.50
Board [Qh 3c 8s 2c Ac]
Seat 4: Defaultuser6 (big blind) showed [8h 2s] and won ($35.50) with two pair, Eights and Deuces
Seat 7: Mullern (button) (small blind) mucked


PokerStars Hand #154148162195:  Hold'em Limit ($3/$6 USD) - 2016/06/01 14:13:07 ET
Table 'Pisces' 10-max Seat #5 is the button
Seat 5: simper11 ($121 in chips)
Seat 10: SeanPeary ($119 in chips)
simper11: posts small blind $1
SeanPeary: posts big blind $3
*** HOLE CARDS ***
simper11 has timed out
simper11: folds
Uncalled bet ($2) returned to SeanPeary
SeanPeary collected $2 from pot
SeanPeary: doesn't show hand
*** SUMMARY ***
Total pot $2 | Rake $0
Seat 5: simper11 (button) (small blind) folded before Flop
Seat 10: SeanPeary (big blind) collected ($2)


PokerStars Hand #154152304826:  Hold'em Limit ($3/$6 USD) - 2016/06/01 15:34:41 ET
Table 'Pisces' 10-max Seat #5 is the button
Seat 5: simper11 ($120 in chips)
Seat 6: SeanPeary ($132.52 in chips)
simper11: posts small blind $1
SeanPeary: posts big blind $3
*** HOLE CARDS ***
simper11: folds
Uncalled bet ($2) returned to SeanPeary
SeanPeary collected $2 from pot
*** SUMMARY ***
Total pot $2 | Rake $0
Seat 5: simper11 (button) (small blind) folded before Flop
Seat 6: SeanPeary (big blind) collected ($2)


PokerStars Hand #154152283561:  Hold'em Limit ($3/$6 USD) - 2016/06/01 15:34:18 ET
Table 'Pisces' 10-max Seat #6 is the button
Seat 5: simper11 ($120 in chips)
Seat 6: SeanPeary ($126.76 in chips)
SeanPeary: posts small blind $1
simper11: posts big blind $3
*** HOLE CARDS ***
SeanPeary: raises $3 to $6
simper11: calls $3
*** FLOP *** [7h As Th]
simper11: checks
SeanPeary: bets $3
BuzovaPro joins the table at seat #7
simper11: folds
Uncalled bet ($3) returned to SeanPeary
SeanPeary collected $11.76 from pot
SeanPeary: doesn't show hand
*** SUMMARY ***
Total pot $12 | Rake $0.24
Board [7h As Th]
Seat 5: simper11 (big blind) folded on the Flop
Seat 6: SeanPeary (button) (small blind) collected ($11.76)


PokerStars Hand #154152278713:  Hold'em Limit ($3/$6 USD) - 2016/06/01 15:34:12 ET
Table 'Pisces' 10-max Seat #5 is the button
Seat 5: simper11 ($120 in chips)
Seat 6: SeanPeary ($125.76 in chips)
simper11: posts small blind $1
SeanPeary: posts big blind $3
*** HOLE CARDS ***
simper11: folds
Uncalled bet ($2) returned to SeanPeary
SeanPeary collected $2 from pot
SeanPeary: doesn't show hand
*** SUMMARY ***
Total pot $2 | Rake $0
Seat 5: simper11 (button) (small blind) folded before Flop
Seat 6: SeanPeary (big blind) collected ($2)


PokerStars Hand #154152272914:  Hold'em Limit ($3/$6 USD) - 2016/06/01 15:34:06 ET
Table 'Pisces' 10-max Seat #6 is the button
Seat 5: simper11 ($123 in chips)
Seat 6: SeanPeary ($122.76 in chips)
SeanPeary: posts small blind $1
simper11: posts big blind $3
*** HOLE CARDS ***
SeanPeary: raises $3 to $6
simper11: folds
Uncalled bet ($3) returned to SeanPeary
SeanPeary collected $6 from pot
SeanPeary: doesn't show hand
*** SUMMARY ***
Total pot $6 | Rake $0
Seat 5: simper11 (big blind) folded before Flop
Seat 6: SeanPeary (button) (small blind) collected ($6)


PokerStars Hand #154152267414:  Hold'em Limit ($3/$6 USD) - 2016/06/01 15:34:00 ET
Table 'Pisces' 10-max Seat #5 is the button
Seat 5: simper11 ($120 in chips)
Seat 6: SeanPeary ($125.76 in chips)
simper11: posts small blind $1
SeanPeary: posts big blind $3
*** HOLE CARDS ***
simper11: raises $3 to $6
SeanPeary: folds
Uncalled bet ($3) returned to simper11
simper11 collected $6 from pot
simper11: doesn't show hand
*** SUMMARY ***
Total pot $6 | Rake $0
Seat 5: simper11 (button) (small blind) collected ($6)
Seat 6: SeanPeary (big blind) folded before Flop


PokerStars Hand #154152254573:  Hold'em Limit ($3/$6 USD) - 2016/06/01 15:33:45 ET
Table 'Pisces' 10-max Seat #6 is the button
Seat 5: simper11 ($120 in chips)
Seat 6: SeanPeary ($120 in chips)
SeanPeary: posts small blind $1
simper11: posts big blind $3
*** HOLE CARDS ***
SeanPeary: raises $3 to $6
simper11: calls $3
*** FLOP *** [5d Kd 9h]
simper11: checks
SeanPeary: bets $3
simper11: folds
Uncalled bet ($3) returned to SeanPeary
SeanPeary collected $11.76 from pot
*** SUMMARY ***
Total pot $12 | Rake $0.24
Board [5d Kd 9h]
Seat 5: simper11 (big blind) folded on the Flop
Seat 6: SeanPeary (button) (small blind) collected ($11.76)


PokerStars Hand #154153520877:  Hold'em Limit ($3/$6 USD) - 2016/06/01 15:57:20 ET
Table 'Pisces' 10-max Seat #8 is the button
Seat 6: LeifiBlomero ($59.07 in chips)
Seat 8: confususs ($105.71 in chips)
confususs: posts small blind $1
LeifiBlomero: posts big blind $3
*** HOLE CARDS ***
confususs: calls $2
LeifiBlomero: checks
*** FLOP *** [4s As 9s]
LeifiBlomero: checks
confususs: checks
*** TURN *** [4s As 9s] [2s]
LeifiBlomero: checks
confususs: bets $6
LeifiBlomero: calls $6
*** RIVER *** [4s As 9s 2s] [Qc]
LeifiBlomero: checks
confususs: checks
*** SHOW DOWN ***
LeifiBlomero: shows [3s 5d] (a flush, Ace high)
confususs: shows [Jh 7s] (a flush, Ace high - Seven higher)
confususs collected $17.64 from pot
*** SUMMARY ***
Total pot $18 | Rake $0.36
Board [4s As 9s 2s Qc]
Seat 6: LeifiBlomero (big blind) showed [3s 5d] and lost with a flush, Ace high
Seat 8: confususs (button) (small blind) showed [Jh 7s] and won ($17.64) with a flush, Ace high


PokerStars Hand #154153537988:  Hold'em Limit ($3/$6 USD) - 2016/06/01 15:57:44 ET
Table 'Pisces' 10-max Seat #6 is the button
Seat 6: LeifiBlomero ($50.07 in chips)
Seat 8: confususs ($114.35 in chips)
LeifiBlomero: posts small blind $1
confususs: posts big blind $3
*** HOLE CARDS ***
LeifiBlomero: raises $3 to $6
confususs: calls $3
*** FLOP *** [Jd 3d Kh]
confususs: bets $3
LeifiBlomero: calls $3
*** TURN *** [Jd 3d Kh] [3h]
confususs: checks
LeifiBlomero: checks
*** RIVER *** [Jd 3d Kh 3h] [6h]
confususs: bets $6
LeifiBlomero: calls $6
*** SHOW DOWN ***
confususs: shows [Js 4h] (two pair, Jacks and Threes)
LeifiBlomero: mucks hand
confususs collected $29.50 from pot
*** SUMMARY ***
Total pot $30 | Rake $0.50
Board [Jd 3d Kh 3h 6h]
Seat 6: LeifiBlomero (button) (small blind) mucked
Seat 8: confususs (big blind) showed [Js 4h] and won ($29.50) with two pair, Jacks and Threes


PokerStars Hand #154153551658:  Hold'em Limit ($3/$6 USD) - 2016/06/01 15:58:02 ET
Table 'Pisces' 10-max Seat #8 is the button
Seat 6: LeifiBlomero ($35.07 in chips)
Seat 8: confususs ($128.85 in chips)
confususs: posts small blind $1
LeifiBlomero: posts big blind $3
*** HOLE CARDS ***
confususs: raises $3 to $6
LeifiBlomero: folds
Uncalled bet ($3) returned to confususs
confususs collected $6 from pot
confususs: doesn't show hand
*** SUMMARY ***
Total pot $6 | Rake $0
Seat 6: LeifiBlomero (big blind) folded before Flop
Seat 8: confususs (button) (small blind) collected ($6)


PokerStars Hand #154153556873:  Hold'em Limit ($3/$6 USD) - 2016/06/01 15:58:09 ET
Table 'Pisces' 10-max Seat #6 is the button
Seat 6: LeifiBlomero ($32.07 in chips)
Seat 8: confususs ($131.85 in chips)
LeifiBlomero: posts small blind $1
confususs: posts big blind $3
*** HOLE CARDS ***
LeifiBlomero: raises $3 to $6
confususs: calls $3
*** FLOP *** [Ts Jh 5d]
Leko joins the table at seat #5
confususs: bets $3
LeifiBlomero: folds
Uncalled bet ($3) returned to confususs
confususs collected $11.76 from pot
confususs: doesn't show hand
*** SUMMARY ***
Total pot $12 | Rake $0.24
Board [Ts Jh 5d]
Seat 6: LeifiBlomero (button) (small blind) folded on the Flop
Seat 8: confususs (big blind) collected ($11.76)


PokerStars Hand #154157319634:  Hold'em Limit ($3/$6 USD) - 2016/06/01 17:08:44 ET
Table 'Pisces' 10-max Seat #3 is the button
Seat 3: sydd7 ($133.95 in chips)
Seat 7: tomte999 ($90.99 in chips)
sydd7: posts small blind $1
tomte999: posts big blind $3
*** HOLE CARDS ***
sydd7: folds
Uncalled bet ($2) returned to tomte999
tomte999 collected $2 from pot
tomte999: doesn't show hand
*** SUMMARY ***
Total pot $2 | Rake $0
Seat 3: sydd7 (button) (small blind) folded before Flop
Seat 7: tomte999 (big blind) collected ($2)


PokerStars Hand #154157323572:  Hold'em Limit ($3/$6 USD) - 2016/06/01 17:08:49 ET
Table 'Pisces' 10-max Seat #7 is the button
Seat 3: sydd7 ($132.95 in chips)
Seat 7: tomte999 ($91.99 in chips)
tomte999: posts small blind $1
sydd7: posts big blind $3
*** HOLE CARDS ***
tomte999: raises $3 to $6
sydd7: calls $3
*** FLOP *** [7s 4s 8c]
sydd7: bets $3
tomte999: calls $3
*** TURN *** [7s 4s 8c] [4h]
sydd7: bets $6
tomte999: calls $6
*** RIVER *** [7s 4s 8c 4h] [8h]
sydd7: bets $6
tomte999: calls $6
*** SHOW DOWN ***
sydd7: shows [Jc 7d] (two pair, Eights and Sevens)
tomte999: mucks hand
sydd7 collected $41.50 from pot
*** SUMMARY ***
Total pot $42 | Rake $0.50
Board [7s 4s 8c 4h 8h]
Seat 3: sydd7 (big blind) showed [Jc 7d] and won ($41.50) with two pair, Eights and Sevens
Seat 7: tomte999 (button) (small blind) mucked


PokerStars Hand #154157337797:  Hold'em Limit ($3/$6 USD) - 2016/06/01 17:09:05 ET
Table 'Pisces' 10-max Seat #3 is the button
Seat 3: sydd7 ($153.45 in chips)
Seat 7: tomte999 ($72 in chips)
sydd7: posts small blind $1
tomte999: posts big blind $3
*** HOLE CARDS ***
sydd7: folds
Uncalled bet ($2) returned to tomte999
tomte999 collected $2 from pot
tomte999: doesn't show hand
*** SUMMARY ***
Total pot $2 | Rake $0
Seat 3: sydd7 (button) (small blind) folded before Flop
Seat 7: tomte999 (big blind) collected ($2)


PokerStars Hand #154157341629:  Hold'em Limit ($3/$6 USD) - 2016/06/01 17:09:10 ET
Table 'Pisces' 10-max Seat #7 is the button
Seat 3: sydd7 ($152.45 in chips)
Seat 7: tomte999 ($73 in chips)
tomte999: posts small blind $1
sydd7: posts big blind $3
*** HOLE CARDS ***
tomte999: raises $3 to $6
sydd7: raises $3 to $9
tomte999: calls $3
*** FLOP *** [7c 7d Qs]
sydd7: bets $3
tomte999: folds
Uncalled bet ($3) returned to sydd7
sydd7 collected $17.64 from pot
sydd7: doesn't show hand
*** SUMMARY ***
Total pot $18 | Rake $0.36
Board [7c 7d Qs]
Seat 3: sydd7 (big blind) collected ($17.64)
Seat 7: tomte999 (button) (small blind) folded on the Flop


PokerStars Hand #154157355806:  Hold'em Limit ($3/$6 USD) - 2016/06/01 17:09:26 ET
Table 'Pisces' 10-max Seat #3 is the button
Seat 3: sydd7 ($161.09 in chips)
Seat 7: tomte999 ($72 in chips)
sydd7: posts small blind $1
tomte999: posts big blind $3
*** HOLE CARDS ***
sydd7: raises $3 to $6
tomte999: calls $3
*** FLOP *** [Kh Qc Qs]
tomte999: bets $3
sydd7: folds
Uncalled bet ($3) returned to tomte999
tomte999 collected $11.76 from pot
tomte999: doesn't show hand
*** SUMMARY ***
Total pot $12 | Rake $0.24
Board [Kh Qc Qs]
Seat 3: sydd7 (button) (small blind) folded on the Flop
Seat 7: tomte999 (big blind) collected ($11.76)


PokerStars Hand #154157370511:  Hold'em Limit ($3/$6 USD) - 2016/06/01 17:09:43 ET
Table 'Pisces' 10-max Seat #7 is the button
Seat 3: sydd7 ($155.09 in chips)
Seat 7: tomte999 ($77.76 in chips)
tomte999: posts small blind $1
sydd7: posts big blind $3
*** HOLE CARDS ***
tomte999: raises $3 to $6
sydd7: calls $3
*** FLOP *** [6c 8h Th]
sydd7: checks
tomte999: checks
*** TURN *** [6c 8h Th] [2c]
sydd7: checks
tomte999: bets $6
sydd7: folds
Uncalled bet ($6) returned to tomte999
tomte999 collected $11.76 from pot
tomte999: doesn't show hand
*** SUMMARY ***
Total pot $12 | Rake $0.24
Board [6c 8h Th 2c]
Seat 3: sydd7 (big blind) folded on the Turn
Seat 7: tomte999 (button) (small blind) collected ($11.76)


PokerStars Hand #154157386930:  Hold'em Limit ($3/$6 USD) - 2016/06/01 17:10:02 ET
Table 'Pisces' 10-max Seat #3 is the button
Seat 3: sydd7 ($149.09 in chips)
Seat 7: tomte999 ($83.52 in chips)
sydd7: posts small blind $1
tomte999: posts big blind $3
*** HOLE CARDS ***
sydd7: raises $3 to $6
tomte999: raises $3 to $9
sydd7: calls $3
*** FLOP *** [7d 2h 3c]
tomte999: bets $3
sydd7: calls $3
*** TURN *** [7d 2h 3c] [Js]
tomte999: bets $6
sydd7: calls $6
*** RIVER *** [7d 2h 3c Js] [9d]
tomte999: bets $6
sydd7: folds
Uncalled bet ($6) returned to tomte999
tomte999 collected $35.50 from pot
tomte999: doesn't show hand
*** SUMMARY ***
Total pot $36 | Rake $0.50
Board [7d 2h 3c Js 9d]
Seat 3: sydd7 (button) (small blind) folded on the River
Seat 7: tomte999 (big blind) collected ($35.50)


PokerStars Hand #154157418579:  Hold'em Limit ($3/$6 USD) - 2016/06/01 17:10:39 ET
Table 'Pisces' 10-max Seat #3 is the button
Seat 3: sydd7 ($104.09 in chips)
Seat 7: tomte999 ($127.52 in chips)
sydd7: posts small blind $1
tomte999: posts big blind $3
*** HOLE CARDS ***
sydd7: folds
Uncalled bet ($2) returned to tomte999
tomte999 collected $2 from pot
tomte999: doesn't show hand
*** SUMMARY ***
Total pot $2 | Rake $0
Seat 3: sydd7 (button) (small blind) folded before Flop
Seat 7: tomte999 (big blind) collected ($2)


PokerStars Hand #154157400480:  Hold'em Limit ($3/$6 USD) - 2016/06/01 17:10:18 ET
Table 'Pisces' 10-max Seat #7 is the button
Seat 3: sydd7 ($131.09 in chips)
Seat 7: tomte999 ($101.02 in chips)
tomte999: posts small blind $1
sydd7: posts big blind $3
*** HOLE CARDS ***
tomte999: raises $3 to $6
sydd7: calls $3
*** FLOP *** [9s 5s 3h]
sydd7: bets $3
tomte999: calls $3
*** TURN *** [9s 5s 3h] [2c]
sydd7: bets $6
tomte999: raises $6 to $12
sydd7: calls $6
*** RIVER *** [9s 5s 3h 2c] [Kd]
sydd7: checks
tomte999: bets $6
sydd7: calls $6
*** SHOW DOWN ***
tomte999: shows [8d 9c] (a pair of Nines)
sydd7: mucks hand
tomte999 collected $53.50 from pot
*** SUMMARY ***
Total pot $54 | Rake $0.50
Board [9s 5s 3h 2c Kd]
Seat 3: sydd7 (big blind) mucked
Seat 7: tomte999 (button) (small blind) showed [8d 9c] and won ($53.50) with a pair of Nines


PokerStars Hand #154157426920:  Hold'em Limit ($3/$6 USD) - 2016/06/01 17:10:48 ET
Table 'Pisces' 10-max Seat #3 is the button
Seat 3: sydd7 ($100.09 in chips)
Seat 7: tomte999 ($131.52 in chips)
sydd7: posts small blind $1
tomte999: posts big blind $3
*** HOLE CARDS ***
sydd7: folds
Uncalled bet ($2) returned to tomte999
tomte999 collected $2 from pot
tomte999: doesn't show hand
*** SUMMARY ***
Total pot $2 | Rake $0
Seat 3: sydd7 (button) (small blind) folded before Flop
Seat 7: tomte999 (big blind) collected ($2)


PokerStars Hand #154157422393:  Hold'em Limit ($3/$6 USD) - 2016/06/01 17:10:43 ET
Table 'Pisces' 10-max Seat #7 is the button
Seat 3: sydd7 ($103.09 in chips)
Seat 7: tomte999 ($128.52 in chips)
tomte999: posts small blind $1
sydd7: posts big blind $3
*** HOLE CARDS ***
tomte999: raises $3 to $6
sydd7: folds
Uncalled bet ($3) returned to tomte999
tomte999 collected $6 from pot
tomte999: doesn't show hand
*** SUMMARY ***
Total pot $6 | Rake $0
Seat 3: sydd7 (big blind) folded before Flop
Seat 7: tomte999 (button) (small blind) collected ($6)


PokerStars Hand #154157430576:  Hold'em Limit ($3/$6 USD) - 2016/06/01 17:10:53 ET
Table 'Pisces' 10-max Seat #7 is the button
Seat 3: sydd7 ($99.09 in chips)
Seat 7: tomte999 ($132.52 in chips)
tomte999: posts small blind $1
sydd7: posts big blind $3
*** HOLE CARDS ***
tomte999: raises $3 to $6
sydd7: raises $3 to $9
tomte999: calls $3
*** FLOP *** [2s 9h Kd]
sydd7: bets $3
tomte999: folds
Uncalled bet ($3) returned to sydd7
sydd7 collected $17.64 from pot
sydd7: doesn't show hand
*** SUMMARY ***
Total pot $18 | Rake $0.36
Board [2s 9h Kd]
Seat 3: sydd7 (big blind) collected ($17.64)
Seat 7: tomte999 (button) (small blind) folded on the Flop


PokerStars Hand #154157442502:  Hold'em Limit ($3/$6 USD) - 2016/06/01 17:11:07 ET
Table 'Pisces' 10-max Seat #3 is the button
Seat 3: sydd7 ($107.73 in chips)
Seat 7: tomte999 ($123.52 in chips)
sydd7: posts small blind $1
tomte999: posts big blind $3
*** HOLE CARDS ***
sydd7: raises $3 to $6
tomte999: calls $3
*** FLOP *** [Kd 3s 4h]
tomte999: checks
sydd7: bets $3
tomte999: folds
Uncalled bet ($3) returned to sydd7
sydd7 collected $11.76 from pot
sydd7: doesn't show hand
*** SUMMARY ***
Total pot $12 | Rake $0.24
Board [Kd 3s 4h]
Seat 3: sydd7 (button) (small blind) collected ($11.76)
Seat 7: tomte999 (big blind) folded on the Flop


PokerStars Hand #154157478611:  Hold'em Limit ($3/$6 USD) - 2016/06/01 17:11:43 ET
Table 'Pisces' 10-max Seat #3 is the button
Seat 3: sydd7 ($119.25 in chips)
Seat 7: tomte999 ($111.52 in chips)
sydd7: posts small blind $1
tomte999: posts big blind $3
*** HOLE CARDS ***
sydd7: folds
Uncalled bet ($2) returned to tomte999
tomte999 collected $2 from pot
tomte999: doesn't show hand
*** SUMMARY ***
Total pot $2 | Rake $0
Seat 3: sydd7 (button) (small blind) folded before Flop
Seat 7: tomte999 (big blind) collected ($2)


PokerStars Hand #154157457217:  Hold'em Limit ($3/$6 USD) - 2016/06/01 17:11:23 ET
Table 'Pisces' 10-max Seat #7 is the button
Seat 3: sydd7 ($113.49 in chips)
Seat 7: tomte999 ($117.52 in chips)
tomte999: posts small blind $1
sydd7: posts big blind $3
*** HOLE CARDS ***
tomte999: raises $3 to $6
sydd7: calls $3
*** FLOP *** [Jd 7c Td]
sydd7: bets $3
tomte999: folds
Uncalled bet ($3) returned to sydd7
sydd7 collected $11.76 from pot
sydd7: doesn't show hand
*** SUMMARY ***
Total pot $12 | Rake $0.24
Board [Jd 7c Td]
Seat 3: sydd7 (big blind) collected ($11.76)
Seat 7: tomte999 (button) (small blind) folded on the Flop


PokerStars Hand #154157501998:  Hold'em Limit ($3/$6 USD) - 2016/06/01 17:12:10 ET
Table 'Pisces' 10-max Seat #3 is the button
Seat 3: sydd7 ($97.25 in chips)
Seat 7: tomte999 ($133.02 in chips)
sydd7: posts small blind $1
tomte999: posts big blind $3
*** HOLE CARDS ***
sydd7: folds
Uncalled bet ($2) returned to tomte999
tomte999 collected $2 from pot
tomte999: doesn't show hand
*** SUMMARY ***
Total pot $2 | Rake $0
Seat 3: sydd7 (button) (small blind) folded before Flop
Seat 7: tomte999 (big blind) collected ($2)


PokerStars Hand #154157482699:  Hold'em Limit ($3/$6 USD) - 2016/06/01 17:11:48 ET
Table 'Pisces' 10-max Seat #7 is the button
Seat 3: sydd7 ($118.25 in chips)
Seat 7: tomte999 ($112.52 in chips)
tomte999: posts small blind $1
sydd7: posts big blind $3
*** HOLE CARDS ***
tomte999: raises $3 to $6
sydd7: calls $3
*** FLOP *** [Qd 7s Kd]
sydd7: bets $3
tomte999: calls $3
*** TURN *** [Qd 7s Kd] [As]
sydd7: bets $6
tomte999: calls $6
*** RIVER *** [Qd 7s Kd As] [3c]
sydd7: bets $6
tomte999: calls $6
*** SHOW DOWN ***
sydd7: shows [3d 2d] (a pair of Threes)
tomte999: shows [8s Qc] (a pair of Queens)
tomte999 collected $41.50 from pot
*** SUMMARY ***
Total pot $42 | Rake $0.50
Board [Qd 7s Kd As 3c]
Seat 3: sydd7 (big blind) showed [3d 2d] and lost with a pair of Threes
Seat 7: tomte999 (button) (small blind) showed [8s Qc] and won ($41.50) with a pair of Queens


PokerStars Hand #154157506065:  Hold'em Limit ($3/$6 USD) - 2016/06/01 17:12:15 ET
Table 'Pisces' 10-max Seat #7 is the button
Seat 3: sydd7 ($96.25 in chips)
Seat 7: tomte999 ($134.02 in chips)
tomte999: posts small blind $1
sydd7: posts big blind $3
*** HOLE CARDS ***
tomte999: folds
Uncalled bet ($2) returned to sydd7
sydd7 collected $2 from pot
sydd7: doesn't show hand
*** SUMMARY ***
Total pot $2 | Rake $0
Seat 3: sydd7 (big blind) collected ($2)
Seat 7: tomte999 (button) (small blind) folded before Flop


