PokerStars Hand #175523402629:  Hold'em Limit ($3/$6 USD) - 2017/09/11 17:51:04 ET
Table 'Planckia' 6-max Seat #3 is the button
Seat 3: cwcarr ($130.52 in chips)
Seat 4: Actionni13 ($150 in chips)
cwcarr: posts small blind $1
Actionni13: posts big blind $3
*** HOLE CARDS ***
cwcarr: folds
Uncalled bet ($2) returned to Actionni13
Actionni13 collected $2 from pot
Actionni13: doesn't show hand
*** SUMMARY ***
Total pot $2 | Rake $0
Seat 3: cwcarr (button) (small blind) folded before Flop
Seat 4: Actionni13 (big blind) collected ($2)


PokerStars Hand #175523412614:  Hold'em Limit ($3/$6 USD) - 2017/09/11 17:51:17 ET
Table 'Planckia' 6-max Seat #5 is the button
Seat 4: Actionni13 ($150 in chips)
Seat 5: Zubasa07 ($297 in chips)
Zubasa07: posts small blind $1
cwcarr: is sitting out
Actionni13: posts big blind $3
*** HOLE CARDS ***
cwcarr leaves the table
Zubasa07: folds
Uncalled bet ($2) returned to Actionni13
Actionni13 collected $2 from pot
Actionni13: doesn't show hand
*** SUMMARY ***
Total pot $2 | Rake $0
Seat 4: Actionni13 (big blind) collected ($2)
Seat 5: Zubasa07 (button) (small blind) folded before Flop


PokerStars Hand #175523387004:  Hold'em Limit ($3/$6 USD) - 2017/09/11 17:50:43 ET
Table 'Planckia' 6-max Seat #4 is the button
Seat 3: cwcarr ($119 in chips)
Seat 4: Actionni13 ($151 in chips)
Actionni13: posts small blind $1
cwcarr: posts big blind $3
*** HOLE CARDS ***
Actionni13: raises $3 to $6
cwcarr: raises $3 to $9
Zubasa07 joins the table at seat #5
Actionni13: calls $3
*** FLOP *** [Jc Kd Qc]
cwcarr: bets $3
Actionni13: calls $3
*** TURN *** [Jc Kd Qc] [Qh]
cwcarr: bets $6
Actionni13: folds
Uncalled bet ($6) returned to cwcarr
cwcarr collected $23.52 from pot
cwcarr: doesn't show hand
*** SUMMARY ***
Total pot $24 | Rake $0.48
Board [Jc Kd Qc Qh]
Seat 3: cwcarr (big blind) collected ($23.52)
Seat 4: Actionni13 (button) (small blind) folded on the Turn


PokerStars Hand #175523383284:  Hold'em Limit ($3/$6 USD) - 2017/09/11 17:50:38 ET
Table 'Planckia' 6-max Seat #3 is the button
Seat 3: cwcarr ($120 in chips)
Seat 4: Actionni13 ($150 in chips)
cwcarr: posts small blind $1
Actionni13: posts big blind $3
*** HOLE CARDS ***
cwcarr: folds
Uncalled bet ($2) returned to Actionni13
Actionni13 collected $2 from pot
Actionni13: doesn't show hand
*** SUMMARY ***
Total pot $2 | Rake $0
Seat 3: cwcarr (button) (small blind) folded before Flop
Seat 4: Actionni13 (big blind) collected ($2)


