PokerStars Hand #165044671649:  Hold'em Limit ($3/$6 USD) - 2017/01/23 11:38:36 ET
Table 'Planman' 6-max Seat #4 is the button
Seat 3: 0...TY3...0 ($50.10 in chips)
Seat 4: AzureCaper ($72 in chips)
AzureCaper: posts small blind $1
0...TY3...0: posts big blind $3
*** HOLE CARDS ***
AzureCaper: folds
Uncalled bet ($2) returned to 0...TY3...0
0...TY3...0 collected $2 from pot
0...TY3...0: doesn't show hand
*** SUMMARY ***
Total pot $2 | Rake $0
Seat 3: 0...TY3...0 (big blind) collected ($2)
Seat 4: AzureCaper (button) (small blind) folded before Flop


PokerStars Hand #165044646540:  Hold'em Limit ($3/$6 USD) - 2017/01/23 11:38:05 ET
Table 'Planman' 6-max Seat #3 is the button
Seat 3: 0...TY3...0 ($32.60 in chips)
Seat 4: AzureCaper ($72 in chips)
0...TY3...0: posts small blind $1
AzureCaper: posts big blind $3
*** HOLE CARDS ***
0...TY3...0: calls $2
AzureCaper: checks
*** FLOP *** [2d Jh 5s]
AzureCaper: bets $3
0...TY3...0: calls $3
*** TURN *** [2d Jh 5s] [7d]
AzureCaper: bets $6
0...TY3...0: calls $6
*** RIVER *** [2d Jh 5s 7d] [8d]
AzureCaper: checks
0...TY3...0: bets $6
AzureCaper: calls $6
*** SHOW DOWN ***
0...TY3...0: shows [Jc 4c] (a pair of Jacks)
AzureCaper: mucks hand
0...TY3...0 collected $35.50 from pot
*** SUMMARY ***
Total pot $36 | Rake $0.50
Board [2d Jh 5s 7d 8d]
Seat 3: 0...TY3...0 (button) (small blind) showed [Jc 4c] and won ($35.50) with a pair of Jacks
Seat 4: AzureCaper (big blind) mucked


PokerStars Hand #165044721472:  Hold'em Limit ($3/$6 USD) - 2017/01/23 11:39:37 ET
Table 'Planman' 6-max Seat #4 is the button
Seat 3: 0...TY3...0 ($55.60 in chips)
Seat 4: AzureCaper ($93.50 in chips)
AzureCaper: posts small blind $1
0...TY3...0: posts big blind $3
*** HOLE CARDS ***
AzureCaper: folds
Uncalled bet ($2) returned to 0...TY3...0
0...TY3...0 collected $2 from pot
0...TY3...0: doesn't show hand
*** SUMMARY ***
Total pot $2 | Rake $0
Seat 3: 0...TY3...0 (big blind) collected ($2)
Seat 4: AzureCaper (button) (small blind) folded before Flop


PokerStars Hand #165044716966:  Hold'em Limit ($3/$6 USD) - 2017/01/23 11:39:32 ET
Table 'Planman' 6-max Seat #3 is the button
Seat 3: 0...TY3...0 ($56.60 in chips)
Seat 4: AzureCaper ($92.50 in chips)
0...TY3...0: posts small blind $1
AzureCaper: posts big blind $3
*** HOLE CARDS ***
0...TY3...0: folds
Uncalled bet ($2) returned to AzureCaper
AzureCaper collected $2 from pot
AzureCaper: doesn't show hand
*** SUMMARY ***
Total pot $2 | Rake $0
Seat 3: 0...TY3...0 (button) (small blind) folded before Flop
Seat 4: AzureCaper (big blind) collected ($2)


PokerStars Hand #165044698224:  Hold'em Limit ($3/$6 USD) - 2017/01/23 11:39:09 ET
Table 'Planman' 6-max Seat #4 is the button
Seat 3: 0...TY3...0 ($77.60 in chips)
Seat 4: AzureCaper ($72 in chips)
AzureCaper: posts small blind $1
0...TY3...0: posts big blind $3
*** HOLE CARDS ***
AzureCaper: raises $3 to $6
0...TY3...0: calls $3
*** FLOP *** [Tc 5s Ks]
0...TY3...0: checks
AzureCaper: bets $3
0...TY3...0: calls $3
*** TURN *** [Tc 5s Ks] [3s]
0...TY3...0: checks
AzureCaper: bets $6
0...TY3...0: calls $6
*** RIVER *** [Tc 5s Ks 3s] [7h]
0...TY3...0: checks
AzureCaper: bets $6
0...TY3...0: calls $6
*** SHOW DOWN ***
AzureCaper: shows [Qs Kd] (a pair of Kings)
0...TY3...0: mucks hand
AzureCaper collected $41.50 from pot
*** SUMMARY ***
Total pot $42 | Rake $0.50
Board [Tc 5s Ks 3s 7h]
Seat 3: 0...TY3...0 (big blind) mucked
Seat 4: AzureCaper (button) (small blind) showed [Qs Kd] and won ($41.50) with a pair of Kings


PokerStars Hand #165044676235:  Hold'em Limit ($3/$6 USD) - 2017/01/23 11:38:42 ET
Table 'Planman' 6-max Seat #3 is the button
Seat 3: 0...TY3...0 ($51.10 in chips)
Seat 4: AzureCaper ($72 in chips)
0...TY3...0: posts small blind $1
AzureCaper: posts big blind $3
*** HOLE CARDS ***
0...TY3...0: calls $2
AzureCaper: raises $3 to $6
0...TY3...0: calls $3
*** FLOP *** [8s 8c 9h]
AzureCaper: bets $3
0...TY3...0: calls $3
*** TURN *** [8s 8c 9h] [6c]
AzureCaper: bets $6
0...TY3...0: calls $6
*** RIVER *** [8s 8c 9h 6c] [Jd]
AzureCaper: bets $6
0...TY3...0: raises $6 to $12
AzureCaper: calls $6
*** SHOW DOWN ***
0...TY3...0: shows [7s 5d] (a straight, Five to Nine)
AzureCaper: mucks hand
0...TY3...0 collected $53.50 from pot
*** SUMMARY ***
Total pot $54 | Rake $0.50
Board [8s 8c 9h 6c Jd]
Seat 3: 0...TY3...0 (button) (small blind) showed [7s 5d] and won ($53.50) with a straight, Five to Nine
Seat 4: AzureCaper (big blind) mucked


PokerStars Hand #165044750220:  Hold'em Limit ($3/$6 USD) - 2017/01/23 11:40:13 ET
Table 'Planman' 6-max Seat #3 is the button
Seat 3: 0...TY3...0 ($64.60 in chips)
Seat 4: AzureCaper ($84.50 in chips)
0...TY3...0: posts small blind $1
AzureCaper: posts big blind $3
*** HOLE CARDS ***
0...TY3...0: raises $3 to $6
AzureCaper: folds
Uncalled bet ($3) returned to 0...TY3...0
0...TY3...0 collected $6 from pot
0...TY3...0: doesn't show hand
*** SUMMARY ***
Total pot $6 | Rake $0
Seat 3: 0...TY3...0 (button) (small blind) collected ($6)
Seat 4: AzureCaper (big blind) folded before Flop


PokerStars Hand #165044744036:  Hold'em Limit ($3/$6 USD) - 2017/01/23 11:40:05 ET
Table 'Planman' 6-max Seat #4 is the button
Seat 3: 0...TY3...0 ($63.60 in chips)
Seat 4: AzureCaper ($85.50 in chips)
AzureCaper: posts small blind $1
0...TY3...0: posts big blind $3
*** HOLE CARDS ***
AzureCaper: folds
Uncalled bet ($2) returned to 0...TY3...0
0...TY3...0 collected $2 from pot
0...TY3...0: doesn't show hand
*** SUMMARY ***
Total pot $2 | Rake $0
Seat 3: 0...TY3...0 (big blind) collected ($2)
Seat 4: AzureCaper (button) (small blind) folded before Flop


PokerStars Hand #165044738121:  Hold'em Limit ($3/$6 USD) - 2017/01/23 11:39:58 ET
Table 'Planman' 6-max Seat #3 is the button
Seat 3: 0...TY3...0 ($60.60 in chips)
Seat 4: AzureCaper ($88.50 in chips)
0...TY3...0: posts small blind $1
AzureCaper: posts big blind $3
*** HOLE CARDS ***
0...TY3...0: raises $3 to $6
AzureCaper: folds
Uncalled bet ($3) returned to 0...TY3...0
0...TY3...0 collected $6 from pot
0...TY3...0: doesn't show hand
*** SUMMARY ***
Total pot $6 | Rake $0
Seat 3: 0...TY3...0 (button) (small blind) collected ($6)
Seat 4: AzureCaper (big blind) folded before Flop


PokerStars Hand #165044733675:  Hold'em Limit ($3/$6 USD) - 2017/01/23 11:39:52 ET
Table 'Planman' 6-max Seat #4 is the button
Seat 3: 0...TY3...0 ($59.60 in chips)
Seat 4: AzureCaper ($89.50 in chips)
AzureCaper: posts small blind $1
0...TY3...0: posts big blind $3
*** HOLE CARDS ***
AzureCaper: folds
Uncalled bet ($2) returned to 0...TY3...0
0...TY3...0 collected $2 from pot
0...TY3...0: doesn't show hand
*** SUMMARY ***
Total pot $2 | Rake $0
Seat 3: 0...TY3...0 (big blind) collected ($2)
Seat 4: AzureCaper (button) (small blind) folded before Flop


PokerStars Hand #165044725878:  Hold'em Limit ($3/$6 USD) - 2017/01/23 11:39:43 ET
Table 'Planman' 6-max Seat #3 is the button
Seat 3: 0...TY3...0 ($56.60 in chips)
Seat 4: AzureCaper ($92.50 in chips)
0...TY3...0: posts small blind $1
AzureCaper: posts big blind $3
*** HOLE CARDS ***
0...TY3...0: raises $3 to $6
AzureCaper: folds
Uncalled bet ($3) returned to 0...TY3...0
0...TY3...0 collected $6 from pot
0...TY3...0: doesn't show hand
*** SUMMARY ***
Total pot $6 | Rake $0
Seat 3: 0...TY3...0 (button) (small blind) collected ($6)
Seat 4: AzureCaper (big blind) folded before Flop


PokerStars Hand #165044799518:  Hold'em Limit ($3/$6 USD) - 2017/01/23 11:41:13 ET
Table 'Planman' 6-max Seat #3 is the button
Seat 3: 0...TY3...0 ($76.24 in chips)
Seat 4: AzureCaper ($72.50 in chips)
0...TY3...0: posts small blind $1
AzureCaper: posts big blind $3
*** HOLE CARDS ***
0...TY3...0: folds
Uncalled bet ($2) returned to AzureCaper
AzureCaper collected $2 from pot
AzureCaper: doesn't show hand
*** SUMMARY ***
Total pot $2 | Rake $0
Seat 3: 0...TY3...0 (button) (small blind) folded before Flop
Seat 4: AzureCaper (big blind) collected ($2)


PokerStars Hand #165044760339:  Hold'em Limit ($3/$6 USD) - 2017/01/23 11:40:25 ET
Table 'Planman' 6-max Seat #4 is the button
Seat 3: 0...TY3...0 ($67.60 in chips)
Seat 4: AzureCaper ($81.50 in chips)
AzureCaper: posts small blind $1
0...TY3...0: posts big blind $3
*** HOLE CARDS ***
AzureCaper: raises $3 to $6
0...TY3...0: calls $3
*** FLOP *** [Qc 2c Ah]
0...TY3...0: checks
AzureCaper: bets $3
0...TY3...0: calls $3
*** TURN *** [Qc 2c Ah] [7c]
belik555 joins the table at seat #5
0...TY3...0: bets $6
AzureCaper: folds
Uncalled bet ($6) returned to 0...TY3...0
0...TY3...0 collected $17.64 from pot
0...TY3...0: doesn't show hand
*** SUMMARY ***
Total pot $18 | Rake $0.36
Board [Qc 2c Ah 7c]
Seat 3: 0...TY3...0 (big blind) collected ($17.64)
Seat 4: AzureCaper (button) (small blind) folded on the Turn


PokerStars Hand #165045050040:  Hold'em Limit ($3/$6 USD) - 2017/01/23 11:46:12 ET
Table 'Planman' 6-max Seat #4 is the button
Seat 3: 0...TY3...0 ($54.81 in chips)
Seat 4: AzureCaper ($72 in chips)
AzureCaper: posts small blind $1
belik555: is sitting out
0...TY3...0: posts big blind $3
*** HOLE CARDS ***
belik555 leaves the table
AzureCaper: raises $3 to $6
0...TY3...0: calls $3
*** FLOP *** [Qd 9h Ad]
0...TY3...0: checks
AzureCaper: bets $3
0...TY3...0: folds
Uncalled bet ($3) returned to AzureCaper
AzureCaper collected $11.76 from pot
AzureCaper: doesn't show hand
*** SUMMARY ***
Total pot $12 | Rake $0.24
Board [Qd 9h Ad]
Seat 3: 0...TY3...0 (big blind) folded on the Flop
Seat 4: AzureCaper (button) (small blind) collected ($11.76)


PokerStars Hand #165045062435:  Hold'em Limit ($3/$6 USD) - 2017/01/23 11:46:27 ET
Table 'Planman' 6-max Seat #3 is the button
Seat 3: 0...TY3...0 ($48.81 in chips)
Seat 4: AzureCaper ($77.76 in chips)
0...TY3...0: posts small blind $1
AzureCaper: posts big blind $3
*** HOLE CARDS ***
0...TY3...0: raises $3 to $6
AzureCaper: calls $3
*** FLOP *** [8d 4s Tc]
AzureCaper: checks
0...TY3...0: bets $3
AzureCaper: calls $3
*** TURN *** [8d 4s Tc] [7c]
AzureCaper: checks
0...TY3...0: checks
*** RIVER *** [8d 4s Tc 7c] [Ts]
AzureCaper: bets $6
0...TY3...0: calls $6
*** SHOW DOWN ***
AzureCaper: shows [7s 9s] (two pair, Tens and Sevens)
0...TY3...0: mucks hand
AzureCaper collected $29.50 from pot
*** SUMMARY ***
Total pot $30 | Rake $0.50
Board [8d 4s Tc 7c Ts]
Seat 3: 0...TY3...0 (button) (small blind) mucked
Seat 4: AzureCaper (big blind) showed [7s 9s] and won ($29.50) with two pair, Tens and Sevens


