PokerStars Hand #172912289819:  Hold'em Limit ($3/$6 USD) - 2017/07/11 18:04:37 ET
Table 'Planman' 6-max Seat #4 is the button
Seat 3: mylifeluvsol ($42.76 in chips)
Seat 4: AzureCaper ($78.26 in chips)
AzureCaper: posts small blind $1
mylifeluvsol: posts big blind $3
*** HOLE CARDS ***
AzureCaper: raises $3 to $6
mylifeluvsol: folds
Uncalled bet ($3) returned to AzureCaper
AzureCaper collected $6 from pot
AzureCaper: doesn't show hand
*** SUMMARY ***
Total pot $6 | Rake $0
Seat 3: mylifeluvsol (big blind) folded before Flop
Seat 4: AzureCaper (button) (small blind) collected ($6)


PokerStars Hand #172912267045:  Hold'em Limit ($3/$6 USD) - 2017/07/11 18:04:05 ET
Table 'Planman' 6-max Seat #3 is the button
Seat 3: mylifeluvsol ($28.26 in chips)
Seat 4: AzureCaper ($93.26 in chips)
mylifeluvsol: posts small blind $1
AzureCaper: posts big blind $3
*** HOLE CARDS ***
mylifeluvsol: raises $3 to $6
AzureCaper: calls $3
*** FLOP *** [7c Jd Ts]
AzureCaper: checks
mylifeluvsol: bets $3
AzureCaper: calls $3
*** TURN *** [7c Jd Ts] [4h]
AzureCaper: checks
mylifeluvsol: bets $6
AzureCaper: calls $6
*** RIVER *** [7c Jd Ts 4h] [Ks]
AzureCaper: checks
mylifeluvsol: bets $6
AzureCaper: folds
Uncalled bet ($6) returned to mylifeluvsol
mylifeluvsol collected $29.50 from pot
mylifeluvsol: doesn't show hand
*** SUMMARY ***
Total pot $30 | Rake $0.50
Board [7c Jd Ts 4h Ks]
Seat 3: mylifeluvsol (button) (small blind) collected ($29.50)
Seat 4: AzureCaper (big blind) folded on the River


PokerStars Hand #172912335499:  Hold'em Limit ($3/$6 USD) - 2017/07/11 18:05:39 ET
Table 'Planman' 6-max Seat #3 is the button
Seat 3: mylifeluvsol ($50.26 in chips)
Seat 4: AzureCaper ($81.76 in chips)
mylifeluvsol: posts small blind $1
AzureCaper: posts big blind $3
*** HOLE CARDS ***
mylifeluvsol: raises $3 to $6
AzureCaper: folds
Uncalled bet ($3) returned to mylifeluvsol
mylifeluvsol collected $6 from pot
mylifeluvsol: doesn't show hand
*** SUMMARY ***
Total pot $6 | Rake $0
Seat 3: mylifeluvsol (button) (small blind) collected ($6)
Seat 4: AzureCaper (big blind) folded before Flop


PokerStars Hand #172912316802:  Hold'em Limit ($3/$6 USD) - 2017/07/11 18:05:13 ET
Table 'Planman' 6-max Seat #4 is the button
Seat 3: mylifeluvsol ($56.26 in chips)
Seat 4: AzureCaper ($76 in chips)
AzureCaper: posts small blind $1
mylifeluvsol: posts big blind $3
*** HOLE CARDS ***
AzureCaper: raises $3 to $6
mylifeluvsol: calls $3
*** FLOP *** [Js 4s 6c]
mylifeluvsol: checks
AzureCaper: bets $3
mylifeluvsol: folds
Uncalled bet ($3) returned to AzureCaper
AzureCaper collected $11.76 from pot
AzureCaper: doesn't show hand
*** SUMMARY ***
Total pot $12 | Rake $0.24
Board [Js 4s 6c]
Seat 3: mylifeluvsol (big blind) folded on the Flop
Seat 4: AzureCaper (button) (small blind) collected ($11.76)


PokerStars Hand #172912313002:  Hold'em Limit ($3/$6 USD) - 2017/07/11 18:05:08 ET
Table 'Planman' 6-max Seat #3 is the button
Seat 3: mylifeluvsol ($57.26 in chips)
Seat 4: AzureCaper ($75 in chips)
mylifeluvsol: posts small blind $1
AzureCaper: posts big blind $3
*** HOLE CARDS ***
mylifeluvsol: folds
Uncalled bet ($2) returned to AzureCaper
AzureCaper collected $2 from pot
AzureCaper: doesn't show hand
*** SUMMARY ***
Total pot $2 | Rake $0
Seat 3: mylifeluvsol (button) (small blind) folded before Flop
Seat 4: AzureCaper (big blind) collected ($2)


PokerStars Hand #172912309191:  Hold'em Limit ($3/$6 USD) - 2017/07/11 18:05:03 ET
Table 'Planman' 6-max Seat #4 is the button
Seat 3: mylifeluvsol ($60.26 in chips)
Seat 4: AzureCaper ($72 in chips)
AzureCaper: posts small blind $1
mylifeluvsol: posts big blind $3
*** HOLE CARDS ***
AzureCaper: raises $3 to $6
mylifeluvsol: folds
Uncalled bet ($3) returned to AzureCaper
AzureCaper collected $6 from pot
AzureCaper: doesn't show hand
*** SUMMARY ***
Total pot $6 | Rake $0
Seat 3: mylifeluvsol (big blind) folded before Flop
Seat 4: AzureCaper (button) (small blind) collected ($6)


PokerStars Hand #172912293768:  Hold'em Limit ($3/$6 USD) - 2017/07/11 18:04:42 ET
Table 'Planman' 6-max Seat #3 is the button
Seat 3: mylifeluvsol ($39.76 in chips)
Seat 4: AzureCaper ($81.26 in chips)
mylifeluvsol: posts small blind $1
AzureCaper: posts big blind $3
*** HOLE CARDS ***
mylifeluvsol: raises $3 to $6
AzureCaper: calls $3
*** FLOP *** [Td 4c Jc]
AzureCaper: checks
mylifeluvsol: bets $3
AzureCaper: calls $3
*** TURN *** [Td 4c Jc] [6c]
AzureCaper: checks
mylifeluvsol: bets $6
AzureCaper: calls $6
*** RIVER *** [Td 4c Jc 6c] [Ts]
AzureCaper: checks
mylifeluvsol: bets $6
AzureCaper: calls $6
*** SHOW DOWN ***
mylifeluvsol: shows [Kd Jh] (two pair, Jacks and Tens)
AzureCaper: mucks hand
mylifeluvsol collected $41.50 from pot
*** SUMMARY ***
Total pot $42 | Rake $0.50
Board [Td 4c Jc 6c Ts]
Seat 3: mylifeluvsol (button) (small blind) showed [Kd Jh] and won ($41.50) with two pair, Jacks and Tens
Seat 4: AzureCaper (big blind) mucked


PokerStars Hand #172912352388:  Hold'em Limit ($3/$6 USD) - 2017/07/11 18:06:02 ET
Table 'Planman' 6-max Seat #3 is the button
Seat 3: mylifeluvsol ($50.26 in chips)
Seat 4: AzureCaper ($81.76 in chips)
mylifeluvsol: posts small blind $1
AzureCaper: posts big blind $3
*** HOLE CARDS ***
mylifeluvsol: raises $3 to $6
AzureCaper: calls $3
*** FLOP *** [9d 5h 7d]
AzureCaper: checks
mylifeluvsol: checks
*** TURN *** [9d 5h 7d] [6s]
AzureCaper: bets $6
mylifeluvsol: folds
Uncalled bet ($6) returned to AzureCaper
AzureCaper collected $11.76 from pot
AzureCaper: doesn't show hand
*** SUMMARY ***
Total pot $12 | Rake $0.24
Board [9d 5h 7d 6s]
Seat 3: mylifeluvsol (button) (small blind) folded on the Turn
Seat 4: AzureCaper (big blind) collected ($11.76)


PokerStars Hand #172912347380:  Hold'em Limit ($3/$6 USD) - 2017/07/11 18:05:55 ET
Table 'Planman' 6-max Seat #4 is the button
Seat 3: mylifeluvsol ($53.26 in chips)
Seat 4: AzureCaper ($78.76 in chips)
AzureCaper: posts small blind $1
mylifeluvsol: posts big blind $3
*** HOLE CARDS ***
AzureCaper: raises $3 to $6
mylifeluvsol: folds
Uncalled bet ($3) returned to AzureCaper
AzureCaper collected $6 from pot
AzureCaper: doesn't show hand
*** SUMMARY ***
Total pot $6 | Rake $0
Seat 3: mylifeluvsol (big blind) folded before Flop
Seat 4: AzureCaper (button) (small blind) collected ($6)


PokerStars Hand #172912403096:  Hold'em Limit ($3/$6 USD) - 2017/07/11 18:07:12 ET
Table 'Planman' 6-max Seat #3 is the button
Seat 3: mylifeluvsol ($38.26 in chips)
Seat 4: AzureCaper ($93.28 in chips)
mylifeluvsol: posts small blind $1
AzureCaper: posts big blind $3
*** HOLE CARDS ***
ManuelSikora joins the table at seat #6
mylifeluvsol: folds
Uncalled bet ($2) returned to AzureCaper
AzureCaper collected $2 from pot
AzureCaper: doesn't show hand
*** SUMMARY ***
Total pot $2 | Rake $0
Seat 3: mylifeluvsol (button) (small blind) folded before Flop
Seat 4: AzureCaper (big blind) collected ($2)


PokerStars Hand #172912362988:  Hold'em Limit ($3/$6 USD) - 2017/07/11 18:06:16 ET
Table 'Planman' 6-max Seat #4 is the button
Seat 3: mylifeluvsol ($44.26 in chips)
Seat 4: AzureCaper ($87.52 in chips)
AzureCaper: posts small blind $1
mylifeluvsol: posts big blind $3
*** HOLE CARDS ***
AzureCaper: raises $3 to $6
mylifeluvsol: calls $3
*** FLOP *** [4s 2d 6h]
mylifeluvsol: checks
AzureCaper: bets $3
mylifeluvsol: folds
Uncalled bet ($3) returned to AzureCaper
AzureCaper collected $11.76 from pot
AzureCaper: doesn't show hand
*** SUMMARY ***
Total pot $12 | Rake $0.24
Board [4s 2d 6h]
Seat 3: mylifeluvsol (big blind) folded on the Flop
Seat 4: AzureCaper (button) (small blind) collected ($11.76)


PokerStars Hand #172914609017:  Hold'em Limit ($3/$6 USD) - 2017/07/11 19:02:34 ET
Table 'Planman' 6-max Seat #3 is the button
Seat 3: mylifeluvsol ($142.08 in chips)
Seat 4: AzureCaper ($95.78 in chips)
mylifeluvsol: posts small blind $1
AzureCaper: posts big blind $3
*** HOLE CARDS ***
mylifeluvsol: folds
Uncalled bet ($2) returned to AzureCaper
AzureCaper collected $2 from pot
AzureCaper: doesn't show hand
*** SUMMARY ***
Total pot $2 | Rake $0
Seat 3: mylifeluvsol (button) (small blind) folded before Flop
Seat 4: AzureCaper (big blind) collected ($2)


PokerStars Hand #172914602886:  Hold'em Limit ($3/$6 USD) - 2017/07/11 19:02:24 ET
Table 'Planman' 6-max Seat #4 is the button
Seat 3: mylifeluvsol ($148.08 in chips)
Seat 4: AzureCaper ($90.02 in chips)
AzureCaper: posts small blind $1
mylifeluvsol: posts big blind $3
*** HOLE CARDS ***
AzureCaper: raises $3 to $6
mylifeluvsol: calls $3
*** FLOP *** [Jc 9s 6h]
mylifeluvsol: checks
AzureCaper: bets $3
mylifeluvsol: folds
Uncalled bet ($3) returned to AzureCaper
AzureCaper collected $11.76 from pot
AzureCaper: doesn't show hand
*** SUMMARY ***
Total pot $12 | Rake $0.24
Board [Jc 9s 6h]
Seat 3: mylifeluvsol (big blind) folded on the Flop
Seat 4: AzureCaper (button) (small blind) collected ($11.76)


PokerStars Hand #172914592993:  Hold'em Limit ($3/$6 USD) - 2017/07/11 19:02:08 ET
Table 'Planman' 6-max Seat #3 is the button
Seat 3: mylifeluvsol ($142.32 in chips)
Seat 4: AzureCaper ($96.02 in chips)
mylifeluvsol: posts small blind $1
AzureCaper: posts big blind $3
*** HOLE CARDS ***
mylifeluvsol: raises $3 to $6
AzureCaper: calls $3
*** FLOP *** [Qd 4h 2s]
AzureCaper: checks
mylifeluvsol: bets $3
AzureCaper: folds
Uncalled bet ($3) returned to mylifeluvsol
mylifeluvsol collected $11.76 from pot
mylifeluvsol: doesn't show hand
*** SUMMARY ***
Total pot $12 | Rake $0.24
Board [Qd 4h 2s]
Seat 3: mylifeluvsol (button) (small blind) collected ($11.76)
Seat 4: AzureCaper (big blind) folded on the Flop


PokerStars Hand #172914585705:  Hold'em Limit ($3/$6 USD) - 2017/07/11 19:01:56 ET
Table 'Planman' 6-max Seat #4 is the button
Seat 3: mylifeluvsol ($133.68 in chips)
Seat 4: AzureCaper ($105.02 in chips)
AzureCaper: posts small blind $1
Chessnok: is sitting out
mylifeluvsol: posts big blind $3
*** HOLE CARDS ***
AzureCaper: raises $3 to $6
mylifeluvsol: calls $3
*** FLOP *** [Ks 7c 2d]
mylifeluvsol: checks
AzureCaper: bets $3
mylifeluvsol: raises $3 to $6
AzureCaper: folds
Uncalled bet ($3) returned to mylifeluvsol
mylifeluvsol collected $17.64 from pot
mylifeluvsol: doesn't show hand
*** SUMMARY ***
Total pot $18 | Rake $0.36
Board [Ks 7c 2d]
Seat 3: mylifeluvsol (big blind) collected ($17.64)
Seat 4: AzureCaper (button) (small blind) folded on the Flop


PokerStars Hand #172914627387:  Hold'em Limit ($3/$6 USD) - 2017/07/11 19:03:05 ET
Table 'Planman' 6-max Seat #3 is the button
Seat 3: mylifeluvsol ($126.08 in chips)
Seat 4: AzureCaper ($111.28 in chips)
mylifeluvsol: posts small blind $1
AzureCaper: posts big blind $3
*** HOLE CARDS ***
mylifeluvsol: raises $3 to $6
AzureCaper: raises $3 to $9
mylifeluvsol: raises $3 to $12
Betting is capped
AzureCaper: calls $3
*** FLOP *** [Js 2d 2c]
AzureCaper: checks
mylifeluvsol: bets $3
AzureCaper: calls $3
*** TURN *** [Js 2d 2c] [9h]
AzureCaper: checks
mylifeluvsol: bets $6
AzureCaper: calls $6
*** RIVER *** [Js 2d 2c 9h] [Th]
AzureCaper: checks
mylifeluvsol: bets $6
AzureCaper: calls $6
*** SHOW DOWN ***
mylifeluvsol: shows [9s 2s] (a full house, Deuces full of Nines)
AzureCaper: mucks hand
mylifeluvsol collected $53.50 from pot
*** SUMMARY ***
Total pot $54 | Rake $0.50
Board [Js 2d 2c 9h Th]
Seat 3: mylifeluvsol (button) (small blind) showed [9s 2s] and won ($53.50) with a full house, Deuces full of Nines
Seat 4: AzureCaper (big blind) mucked


PokerStars Hand #172914624376:  Hold'em Limit ($3/$6 USD) - 2017/07/11 19:03:00 ET
Table 'Planman' 6-max Seat #4 is the button
Seat 3: mylifeluvsol ($125.08 in chips)
Seat 4: AzureCaper ($112.28 in chips)
AzureCaper: posts small blind $1
mylifeluvsol: posts big blind $3
*** HOLE CARDS ***
AzureCaper: folds
Uncalled bet ($2) returned to mylifeluvsol
mylifeluvsol collected $2 from pot
mylifeluvsol: doesn't show hand
*** SUMMARY ***
Total pot $2 | Rake $0
Seat 3: mylifeluvsol (big blind) collected ($2)
Seat 4: AzureCaper (button) (small blind) folded before Flop


PokerStars Hand #172914621422:  Hold'em Limit ($3/$6 USD) - 2017/07/11 19:02:55 ET
Table 'Planman' 6-max Seat #3 is the button
Seat 3: mylifeluvsol ($126.08 in chips)
Seat 4: AzureCaper ($111.28 in chips)
mylifeluvsol: posts small blind $1
AzureCaper: posts big blind $3
*** HOLE CARDS ***
mylifeluvsol: folds
Uncalled bet ($2) returned to AzureCaper
AzureCaper collected $2 from pot
AzureCaper: doesn't show hand
*** SUMMARY ***
Total pot $2 | Rake $0
Seat 3: mylifeluvsol (button) (small blind) folded before Flop
Seat 4: AzureCaper (big blind) collected ($2)


PokerStars Hand #172914611819:  Hold'em Limit ($3/$6 USD) - 2017/07/11 19:02:39 ET
Table 'Planman' 6-max Seat #4 is the button
Seat 3: mylifeluvsol ($141.08 in chips)
Seat 4: AzureCaper ($96.78 in chips)
AzureCaper: posts small blind $1
mylifeluvsol: posts big blind $3
*** HOLE CARDS ***
AzureCaper: raises $3 to $6
Chessnok leaves the table
mylifeluvsol: calls $3
*** FLOP *** [Ad 8s 2h]
mylifeluvsol: checks
AzureCaper: bets $3
mylifeluvsol: calls $3
*** TURN *** [Ad 8s 2h] [Qc]
mylifeluvsol: checks
AzureCaper: checks
*** RIVER *** [Ad 8s 2h Qc] [2s]
mylifeluvsol: bets $6
AzureCaper: calls $6
*** SHOW DOWN ***
mylifeluvsol: shows [8c Jd] (two pair, Eights and Deuces)
AzureCaper: shows [5c As] (two pair, Aces and Deuces)
AzureCaper collected $29.50 from pot
*** SUMMARY ***
Total pot $30 | Rake $0.50
Board [Ad 8s 2h Qc 2s]
Seat 3: mylifeluvsol (big blind) showed [8c Jd] and lost with two pair, Eights and Deuces
Seat 4: AzureCaper (button) (small blind) showed [5c As] and won ($29.50) with two pair, Aces and Deuces


PokerStars Hand #172914666760:  Hold'em Limit ($3/$6 USD) - 2017/07/11 19:04:11 ET
Table 'Planman' 6-max Seat #4 is the button
Seat 3: mylifeluvsol ($175.72 in chips)
Seat 4: AzureCaper ($72 in chips)
AzureCaper: posts small blind $1
mylifeluvsol: posts big blind $3
*** HOLE CARDS ***
AzureCaper: raises $3 to $6
mylifeluvsol: calls $3
*** FLOP *** [9d 7s Ac]
mylifeluvsol: checks
AzureCaper: bets $3
mylifeluvsol: folds
Uncalled bet ($3) returned to AzureCaper
AzureCaper collected $11.76 from pot
AzureCaper: doesn't show hand
*** SUMMARY ***
Total pot $12 | Rake $0.24
Board [9d 7s Ac]
Seat 3: mylifeluvsol (big blind) folded on the Flop
Seat 4: AzureCaper (button) (small blind) collected ($11.76)


PokerStars Hand #172914653888:  Hold'em Limit ($3/$6 USD) - 2017/07/11 19:03:49 ET
Table 'Planman' 6-max Seat #3 is the button
Seat 3: mylifeluvsol ($167.08 in chips)
Seat 4: AzureCaper ($72 in chips)
mylifeluvsol: posts small blind $1
AzureCaper: posts big blind $3
*** HOLE CARDS ***
mylifeluvsol: calls $2
AzureCaper: raises $3 to $6
mylifeluvsol: calls $3
*** FLOP *** [Kd 6h Ts]
AzureCaper: bets $3
mylifeluvsol: calls $3
*** TURN *** [Kd 6h Ts] [Ah]
AzureCaper: checks
mylifeluvsol: checks
*** RIVER *** [Kd 6h Ts Ah] [Kh]
AzureCaper: checks
mylifeluvsol: bets $6
AzureCaper: folds
Uncalled bet ($6) returned to mylifeluvsol
mylifeluvsol collected $17.64 from pot
mylifeluvsol: doesn't show hand
*** SUMMARY ***
Total pot $18 | Rake $0.36
Board [Kd 6h Ts Ah Kh]
Seat 3: mylifeluvsol (button) (small blind) collected ($17.64)
Seat 4: AzureCaper (big blind) folded on the River


PokerStars Hand #172914643138:  Hold'em Limit ($3/$6 USD) - 2017/07/11 19:03:31 ET
Table 'Planman' 6-max Seat #4 is the button
Seat 3: mylifeluvsol ($152.58 in chips)
Seat 4: AzureCaper ($84.28 in chips)
AzureCaper: posts small blind $1
mylifeluvsol: posts big blind $3
*** HOLE CARDS ***
AzureCaper: raises $3 to $6
mylifeluvsol: calls $3
*** FLOP *** [5d 6d 2h]
mylifeluvsol: checks
AzureCaper: bets $3
mylifeluvsol: calls $3
*** TURN *** [5d 6d 2h] [Jd]
mylifeluvsol: checks
AzureCaper: checks
*** RIVER *** [5d 6d 2h Jd] [Ac]
mylifeluvsol: bets $6
AzureCaper: calls $6
*** SHOW DOWN ***
mylifeluvsol: shows [3d Td] (a flush, Jack high)
AzureCaper: mucks hand
mylifeluvsol collected $29.50 from pot
*** SUMMARY ***
Total pot $30 | Rake $0.50
Board [5d 6d 2h Jd Ac]
Seat 3: mylifeluvsol (big blind) showed [3d Td] and won ($29.50) with a flush, Jack high
Seat 4: AzureCaper (button) (small blind) mucked


PokerStars Hand #172914674065:  Hold'em Limit ($3/$6 USD) - 2017/07/11 19:04:23 ET
Table 'Planman' 6-max Seat #3 is the button
Seat 3: mylifeluvsol ($169.72 in chips)
Seat 4: AzureCaper ($77.76 in chips)
mylifeluvsol: posts small blind $1
AzureCaper: posts big blind $3
*** HOLE CARDS ***
mylifeluvsol: raises $3 to $6
AzureCaper: calls $3
*** FLOP *** [Jd 3h Tc]
AzureCaper: checks
mylifeluvsol: bets $3
AzureCaper: calls $3
*** TURN *** [Jd 3h Tc] [7c]
AzureCaper: checks
mylifeluvsol: bets $6
AzureCaper: folds
Uncalled bet ($6) returned to mylifeluvsol
mylifeluvsol collected $17.64 from pot
mylifeluvsol: doesn't show hand
*** SUMMARY ***
Total pot $18 | Rake $0.36
Board [Jd 3h Tc 7c]
Seat 3: mylifeluvsol (button) (small blind) collected ($17.64)
Seat 4: AzureCaper (big blind) folded on the Turn


PokerStars Hand #172914684106:  Hold'em Limit ($3/$6 USD) - 2017/07/11 19:04:40 ET
Table 'Planman' 6-max Seat #4 is the button
Seat 3: mylifeluvsol ($178.36 in chips)
Seat 4: AzureCaper ($72 in chips)
AzureCaper: posts small blind $1
mylifeluvsol: posts big blind $3
*** HOLE CARDS ***
AzureCaper: raises $3 to $6
mylifeluvsol: calls $3
*** FLOP *** [Qd 2h 2s]
mylifeluvsol: checks
AzureCaper: bets $3
mylifeluvsol: folds
Uncalled bet ($3) returned to AzureCaper
AzureCaper collected $11.76 from pot
AzureCaper: doesn't show hand
*** SUMMARY ***
Total pot $12 | Rake $0.24
Board [Qd 2h 2s]
Seat 3: mylifeluvsol (big blind) folded on the Flop
Seat 4: AzureCaper (button) (small blind) collected ($11.76)


PokerStars Hand #172914692795:  Hold'em Limit ($3/$6 USD) - 2017/07/11 19:04:54 ET
Table 'Planman' 6-max Seat #4 is the button
Seat 3: mylifeluvsol ($171.36 in chips)
Seat 4: AzureCaper ($78.76 in chips)
AzureCaper: posts small blind $1
mylifeluvsol: posts big blind $3
*** HOLE CARDS ***
AzureCaper: raises $3 to $6
mylifeluvsol: folds
Uncalled bet ($3) returned to AzureCaper
AzureCaper collected $6 from pot
AzureCaper: doesn't show hand
*** SUMMARY ***
Total pot $6 | Rake $0
Seat 3: mylifeluvsol (big blind) folded before Flop
Seat 4: AzureCaper (button) (small blind) collected ($6)


PokerStars Hand #172914689878:  Hold'em Limit ($3/$6 USD) - 2017/07/11 19:04:49 ET
Table 'Planman' 6-max Seat #3 is the button
Seat 3: mylifeluvsol ($172.36 in chips)
Seat 4: AzureCaper ($77.76 in chips)
mylifeluvsol: posts small blind $1
AzureCaper: posts big blind $3
*** HOLE CARDS ***
mylifeluvsol: folds
Uncalled bet ($2) returned to AzureCaper
AzureCaper collected $2 from pot
AzureCaper: doesn't show hand
*** SUMMARY ***
Total pot $2 | Rake $0
Seat 3: mylifeluvsol (button) (small blind) folded before Flop
Seat 4: AzureCaper (big blind) collected ($2)


PokerStars Hand #172914697786:  Hold'em Limit ($3/$6 USD) - 2017/07/11 19:05:02 ET
Table 'Planman' 6-max Seat #3 is the button
Seat 3: mylifeluvsol ($168.36 in chips)
Seat 4: AzureCaper ($81.76 in chips)
mylifeluvsol: posts small blind $1
AzureCaper: posts big blind $3
*** HOLE CARDS ***
swesder joins the table at seat #5
mylifeluvsol: raises $3 to $6
AzureCaper: raises $3 to $9
mylifeluvsol: raises $3 to $12
Betting is capped
AzureCaper: calls $3
*** FLOP *** [2s 3d 8h]
AzureCaper: checks
mylifeluvsol: bets $3
AzureCaper: calls $3
*** TURN *** [2s 3d 8h] [4c]
AzureCaper: checks
mylifeluvsol: bets $6
AzureCaper: calls $6
*** RIVER *** [2s 3d 8h 4c] [Ks]
AzureCaper: checks
mylifeluvsol: checks
*** SHOW DOWN ***
AzureCaper: shows [Qh Th] (high card King)
mylifeluvsol: shows [5s 5d] (a pair of Fives)
mylifeluvsol collected $41.50 from pot
*** SUMMARY ***
Total pot $42 | Rake $0.50
Board [2s 3d 8h 4c Ks]
Seat 3: mylifeluvsol (button) (small blind) showed [5s 5d] and won ($41.50) with a pair of Fives
Seat 4: AzureCaper (big blind) showed [Qh Th] and lost with high card King


PokerStars Hand #172914910028:  Hold'em Limit ($3/$6 USD) - 2017/07/11 19:10:55 ET
Table 'Planman' 6-max Seat #3 is the button
Seat 3: mylifeluvsol ($190.65 in chips)
Seat 5: swesder ($231.48 in chips)
mylifeluvsol: posts small blind $1
swesder: posts big blind $3
*** HOLE CARDS ***
mylifeluvsol: raises $3 to $6
swesder: calls $3
*** FLOP *** [3c 9c 6d]
swesder: checks
mylifeluvsol: bets $3
swesder: folds
Uncalled bet ($3) returned to mylifeluvsol
mylifeluvsol collected $11.76 from pot
mylifeluvsol: doesn't show hand
*** SUMMARY ***
Total pot $12 | Rake $0.24
Board [3c 9c 6d]
Seat 3: mylifeluvsol (button) (small blind) collected ($11.76)
Seat 5: swesder (big blind) folded on the Flop


PokerStars Hand #172914917501:  Hold'em Limit ($3/$6 USD) - 2017/07/11 19:11:08 ET
Table 'Planman' 6-max Seat #5 is the button
Seat 3: mylifeluvsol ($196.41 in chips)
Seat 5: swesder ($225.48 in chips)
swesder: posts small blind $1
mylifeluvsol: posts big blind $3
*** HOLE CARDS ***
swesder: raises $3 to $6
mylifeluvsol: raises $3 to $9
swesder: calls $3
*** FLOP *** [5s 8d As]
mylifeluvsol: bets $3
swesder: calls $3
*** TURN *** [5s 8d As] [2c]
mylifeluvsol: bets $6
swesder: raises $6 to $12
mylifeluvsol: calls $6
*** RIVER *** [5s 8d As 2c] [Js]
mylifeluvsol: checks
swesder: bets $6
mylifeluvsol: calls $6
*** SHOW DOWN ***
swesder: shows [8c 5c] (two pair, Eights and Fives)
mylifeluvsol: mucks hand
swesder collected $59.50 from pot
*** SUMMARY ***
Total pot $60 | Rake $0.50
Board [5s 8d As 2c Js]
Seat 3: mylifeluvsol (big blind) mucked
Seat 5: swesder (button) (small blind) showed [8c 5c] and won ($59.50) with two pair, Eights and Fives


PokerStars Hand #172914939156:  Hold'em Limit ($3/$6 USD) - 2017/07/11 19:11:44 ET
Table 'Planman' 6-max Seat #5 is the button
Seat 3: mylifeluvsol ($175.05 in chips)
Seat 5: swesder ($245.98 in chips)
swesder: posts small blind $1
mylifeluvsol: posts big blind $3
*** HOLE CARDS ***
swesder: folds
Uncalled bet ($2) returned to mylifeluvsol
swesder leaves the table
mylifeluvsol collected $2 from pot
mylifeluvsol: doesn't show hand
*** SUMMARY ***
Total pot $2 | Rake $0
Seat 3: mylifeluvsol (big blind) collected ($2)
Seat 5: swesder (button) (small blind) folded before Flop


PokerStars Hand #172914929576:  Hold'em Limit ($3/$6 USD) - 2017/07/11 19:11:28 ET
Table 'Planman' 6-max Seat #3 is the button
Seat 3: mylifeluvsol ($166.41 in chips)
Seat 5: swesder ($254.98 in chips)
mylifeluvsol: posts small blind $1
swesder: posts big blind $3
*** HOLE CARDS ***
mylifeluvsol: raises $3 to $6
swesder: calls $3
*** FLOP *** [6s Td Jh]
swesder: checks
mylifeluvsol: bets $3
swesder: calls $3
*** TURN *** [6s Td Jh] [Ks]
swesder: checks
mylifeluvsol: bets $6
swesder: folds
Uncalled bet ($6) returned to mylifeluvsol
mylifeluvsol collected $17.64 from pot
mylifeluvsol: doesn't show hand
*** SUMMARY ***
Total pot $18 | Rake $0.36
Board [6s Td Jh Ks]
Seat 3: mylifeluvsol (button) (small blind) collected ($17.64)
Seat 5: swesder (big blind) folded on the Turn


