PokerStars Hand #167170249540:  Hold'em Limit ($3/$6 USD) - 2017/03/05 16:56:22 ET
Table 'Planman' 6-max Seat #1 is the button
Seat 1: rik_beaul007 ($49.77 in chips)
Seat 2: TbIP-TbIP 88 ($75 in chips)
rik_beaul007: posts small blind $1
TbIP-TbIP 88: posts big blind $3
*** HOLE CARDS ***
rik_beaul007: calls $2
TbIP-TbIP 88: checks
*** FLOP *** [6d 5d 4s]
TbIP-TbIP 88: checks
rik_beaul007: checks
*** TURN *** [6d 5d 4s] [2c]
TbIP-TbIP 88: checks
rik_beaul007: checks
*** RIVER *** [6d 5d 4s 2c] [7s]
TbIP-TbIP 88: bets $6
rik_beaul007: folds
Uncalled bet ($6) returned to TbIP-TbIP 88
TbIP-TbIP 88 collected $5.88 from pot
TbIP-TbIP 88: doesn't show hand
*** SUMMARY ***
Total pot $6 | Rake $0.12
Board [6d 5d 4s 2c 7s]
Seat 1: rik_beaul007 (button) (small blind) folded on the River
Seat 2: TbIP-TbIP 88 (big blind) collected ($5.88)


PokerStars Hand #167170285177:  Hold'em Limit ($3/$6 USD) - 2017/03/05 16:57:12 ET
Table 'Planman' 6-max Seat #2 is the button
Seat 1: rik_beaul007 ($46.77 in chips)
Seat 2: TbIP-TbIP 88 ($77.88 in chips)
TbIP-TbIP 88: posts small blind $1
rik_beaul007: posts big blind $3
*** HOLE CARDS ***
TbIP-TbIP 88: raises $3 to $6
rik_beaul007: folds
Uncalled bet ($3) returned to TbIP-TbIP 88
TbIP-TbIP 88 collected $6 from pot
TbIP-TbIP 88: doesn't show hand
*** SUMMARY ***
Total pot $6 | Rake $0
Seat 1: rik_beaul007 (big blind) folded before Flop
Seat 2: TbIP-TbIP 88 (button) (small blind) collected ($6)


PokerStars Hand #167170290950:  Hold'em Limit ($3/$6 USD) - 2017/03/05 16:57:21 ET
Table 'Planman' 6-max Seat #1 is the button
Seat 1: rik_beaul007 ($43.77 in chips)
Seat 2: TbIP-TbIP 88 ($80.88 in chips)
rik_beaul007: posts small blind $1
TbIP-TbIP 88: posts big blind $3
*** HOLE CARDS ***
rik_beaul007: folds
Uncalled bet ($2) returned to TbIP-TbIP 88
TbIP-TbIP 88 collected $2 from pot
TbIP-TbIP 88: doesn't show hand
*** SUMMARY ***
Total pot $2 | Rake $0
Seat 1: rik_beaul007 (button) (small blind) folded before Flop
Seat 2: TbIP-TbIP 88 (big blind) collected ($2)


PokerStars Hand #167170298935:  Hold'em Limit ($3/$6 USD) - 2017/03/05 16:57:32 ET
Table 'Planman' 6-max Seat #2 is the button
Seat 1: rik_beaul007 ($42.77 in chips)
Seat 2: TbIP-TbIP 88 ($81.88 in chips)
TbIP-TbIP 88: posts small blind $1
rik_beaul007: posts big blind $3
*** HOLE CARDS ***
TbIP-TbIP 88: raises $3 to $6
rik_beaul007: calls $3
*** FLOP *** [Ad 5d 8d]
rik_beaul007: checks
TbIP-TbIP 88: bets $3
rik_beaul007: folds
Uncalled bet ($3) returned to TbIP-TbIP 88
TbIP-TbIP 88 collected $11.76 from pot
TbIP-TbIP 88: doesn't show hand
*** SUMMARY ***
Total pot $12 | Rake $0.24
Board [Ad 5d 8d]
Seat 1: rik_beaul007 (big blind) folded on the Flop
Seat 2: TbIP-TbIP 88 (button) (small blind) collected ($11.76)


PokerStars Hand #167170328500:  Hold'em Limit ($3/$6 USD) - 2017/03/05 16:58:14 ET
Table 'Planman' 6-max Seat #1 is the button
Seat 1: rik_beaul007 ($36.77 in chips)
Seat 2: TbIP-TbIP 88 ($87.64 in chips)
rik_beaul007: posts small blind $1
TbIP-TbIP 88: posts big blind $3
*** HOLE CARDS ***
rik_beaul007: calls $2
TbIP-TbIP 88: checks
*** FLOP *** [Ac Ad 9h]
TbIP-TbIP 88: bets $3
rik_beaul007: calls $3
*** TURN *** [Ac Ad 9h] [2s]
TbIP-TbIP 88: checks
rik_beaul007: bets $6
TbIP-TbIP 88: folds
Uncalled bet ($6) returned to rik_beaul007
rik_beaul007 collected $11.76 from pot
rik_beaul007: doesn't show hand
*** SUMMARY ***
Total pot $12 | Rake $0.24
Board [Ac Ad 9h 2s]
Seat 1: rik_beaul007 (button) (small blind) collected ($11.76)
Seat 2: TbIP-TbIP 88 (big blind) folded on the Turn


PokerStars Hand #167170399973:  Hold'em Limit ($3/$6 USD) - 2017/03/05 16:59:46 ET
Table 'Planman' 6-max Seat #2 is the button
Seat 1: rik_beaul007 ($42.41 in chips)
Seat 2: TbIP-TbIP 88 ($81.64 in chips)
TbIP-TbIP 88: posts small blind $1
rik_beaul007: posts big blind $3
*** HOLE CARDS ***
TbIP-TbIP 88: raises $3 to $6
rik_beaul007: folds
Uncalled bet ($3) returned to TbIP-TbIP 88
TbIP-TbIP 88 collected $6 from pot
TbIP-TbIP 88: doesn't show hand
*** SUMMARY ***
Total pot $6 | Rake $0
Seat 1: rik_beaul007 (big blind) folded before Flop
Seat 2: TbIP-TbIP 88 (button) (small blind) collected ($6)


PokerStars Hand #167170389199:  Hold'em Limit ($3/$6 USD) - 2017/03/05 16:59:31 ET
Table 'Planman' 6-max Seat #1 is the button
Seat 1: rik_beaul007 ($39.53 in chips)
Seat 2: TbIP-TbIP 88 ($84.64 in chips)
rik_beaul007: posts small blind $1
TbIP-TbIP 88: posts big blind $3
*** HOLE CARDS ***
rik_beaul007: calls $2
TbIP-TbIP 88: checks
*** FLOP *** [Td 6d 2h]
TbIP-TbIP 88: checks
rik_beaul007: bets $3
TbIP-TbIP 88: folds
Uncalled bet ($3) returned to rik_beaul007
rik_beaul007 collected $5.88 from pot
rik_beaul007: doesn't show hand
*** SUMMARY ***
Total pot $6 | Rake $0.12
Board [Td 6d 2h]
Seat 1: rik_beaul007 (button) (small blind) collected ($5.88)
Seat 2: TbIP-TbIP 88 (big blind) folded on the Flop


PokerStars Hand #167170380614:  Hold'em Limit ($3/$6 USD) - 2017/03/05 16:59:19 ET
Table 'Planman' 6-max Seat #2 is the button
Seat 1: rik_beaul007 ($42.53 in chips)
Seat 2: TbIP-TbIP 88 ($81.64 in chips)
TbIP-TbIP 88: posts small blind $1
rik_beaul007: posts big blind $3
*** HOLE CARDS ***
TbIP-TbIP 88: raises $3 to $6
rik_beaul007: folds
Uncalled bet ($3) returned to TbIP-TbIP 88
TbIP-TbIP 88 collected $6 from pot
TbIP-TbIP 88: doesn't show hand
*** SUMMARY ***
Total pot $6 | Rake $0
Seat 1: rik_beaul007 (big blind) folded before Flop
Seat 2: TbIP-TbIP 88 (button) (small blind) collected ($6)


PokerStars Hand #167170410456:  Hold'em Limit ($3/$6 USD) - 2017/03/05 17:00:01 ET
Table 'Planman' 6-max Seat #1 is the button
Seat 1: rik_beaul007 ($39.41 in chips)
Seat 2: TbIP-TbIP 88 ($84.64 in chips)
rik_beaul007: posts small blind $1
TbIP-TbIP 88: posts big blind $3
*** HOLE CARDS ***
rik_beaul007: folds
Uncalled bet ($2) returned to TbIP-TbIP 88
TbIP-TbIP 88 collected $2 from pot
TbIP-TbIP 88: doesn't show hand
*** SUMMARY ***
Total pot $2 | Rake $0
Seat 1: rik_beaul007 (button) (small blind) folded before Flop
Seat 2: TbIP-TbIP 88 (big blind) collected ($2)


PokerStars Hand #167170415965:  Hold'em Limit ($3/$6 USD) - 2017/03/05 17:00:08 ET
Table 'Planman' 6-max Seat #2 is the button
Seat 1: rik_beaul007 ($38.41 in chips)
Seat 2: TbIP-TbIP 88 ($85.64 in chips)
TbIP-TbIP 88: posts small blind $1
rik_beaul007: posts big blind $3
*** HOLE CARDS ***
TbIP-TbIP 88: raises $3 to $6
rik_beaul007: folds
Uncalled bet ($3) returned to TbIP-TbIP 88
TbIP-TbIP 88 collected $6 from pot
TbIP-TbIP 88: doesn't show hand
*** SUMMARY ***
Total pot $6 | Rake $0
Seat 1: rik_beaul007 (big blind) folded before Flop
Seat 2: TbIP-TbIP 88 (button) (small blind) collected ($6)


PokerStars Hand #167170460043:  Hold'em Limit ($3/$6 USD) - 2017/03/05 17:01:06 ET
Table 'Planman' 6-max Seat #2 is the button
Seat 1: rik_beaul007 ($29.41 in chips)
Seat 2: TbIP-TbIP 88 ($94.40 in chips)
TbIP-TbIP 88: posts small blind $1
rik_beaul007: posts big blind $3
*** HOLE CARDS ***
TbIP-TbIP 88: raises $3 to $6
rik_beaul007: calls $3
*** FLOP *** [5d Ah Ks]
rik_beaul007: checks
TbIP-TbIP 88: bets $3
rik_beaul007: calls $3
*** TURN *** [5d Ah Ks] [Jc]
rik_beaul007: checks
TbIP-TbIP 88: checks
*** RIVER *** [5d Ah Ks Jc] [Qd]
rik_beaul007: checks
TbIP-TbIP 88: checks
*** SHOW DOWN ***
rik_beaul007: shows [4s 6s] (high card Ace)
TbIP-TbIP 88: shows [8d Qs] (a pair of Queens)
TbIP-TbIP 88 collected $17.64 from pot
*** SUMMARY ***
Total pot $18 | Rake $0.36
Board [5d Ah Ks Jc Qd]
Seat 1: rik_beaul007 (big blind) showed [4s 6s] and lost with high card Ace
Seat 2: TbIP-TbIP 88 (button) (small blind) showed [8d Qs] and won ($17.64) with a pair of Queens


PokerStars Hand #167170427747:  Hold'em Limit ($3/$6 USD) - 2017/03/05 17:00:24 ET
Table 'Planman' 6-max Seat #1 is the button
Seat 1: rik_beaul007 ($35.41 in chips)
Seat 2: TbIP-TbIP 88 ($88.64 in chips)
rik_beaul007: posts small blind $1
TbIP-TbIP 88: posts big blind $3
*** HOLE CARDS ***
rik_beaul007: calls $2
TbIP-TbIP 88: raises $3 to $6
rik_beaul007: calls $3
*** FLOP *** [2c Kh 2h]
TbIP-TbIP 88: bets $3
rik_beaul007: folds
Uncalled bet ($3) returned to TbIP-TbIP 88
TbIP-TbIP 88 collected $11.76 from pot
TbIP-TbIP 88: doesn't show hand
*** SUMMARY ***
Total pot $12 | Rake $0.24
Board [2c Kh 2h]
Seat 1: rik_beaul007 (button) (small blind) folded on the Flop
Seat 2: TbIP-TbIP 88 (big blind) collected ($11.76)


PokerStars Hand #167170512217:  Hold'em Limit ($3/$6 USD) - 2017/03/05 17:02:09 ET
Table 'Planman' 6-max Seat #2 is the button
Seat 1: rik_beaul007 ($19.41 in chips)
Seat 2: TbIP-TbIP 88 ($104.04 in chips)
TbIP-TbIP 88: posts small blind $1
rik_beaul007: posts big blind $3
*** HOLE CARDS ***
TbIP-TbIP 88: raises $3 to $6
rik_beaul007: calls $3
*** FLOP *** [5s Kc 5c]
rik_beaul007: bets $3
TbIP-TbIP 88: calls $3
*** TURN *** [5s Kc 5c] [Jd]
rik_beaul007: bets $6
TbIP-TbIP 88: calls $6
*** RIVER *** [5s Kc 5c Jd] [2d]
rik_beaul007: bets $4.41 and is all-in
TbIP-TbIP 88: calls $4.41
*** SHOW DOWN ***
rik_beaul007: shows [Qd Ts] (a pair of Fives)
TbIP-TbIP 88: shows [As Qs] (a pair of Fives - Ace kicker)
TbIP-TbIP 88 collected $38.32 from pot
*** SUMMARY ***
Total pot $38.82 | Rake $0.50
Board [5s Kc 5c Jd 2d]
Seat 1: rik_beaul007 (big blind) showed [Qd Ts] and lost with a pair of Fives
Seat 2: TbIP-TbIP 88 (button) (small blind) showed [As Qs] and won ($38.32) with a pair of Fives


PokerStars Hand #167170507118:  Hold'em Limit ($3/$6 USD) - 2017/03/05 17:02:03 ET
Table 'Planman' 6-max Seat #1 is the button
Seat 1: rik_beaul007 ($20.41 in chips)
Seat 2: TbIP-TbIP 88 ($103.04 in chips)
rik_beaul007: posts small blind $1
TbIP-TbIP 88: posts big blind $3
*** HOLE CARDS ***
rik_beaul007: folds
Uncalled bet ($2) returned to TbIP-TbIP 88
TbIP-TbIP 88 collected $2 from pot
TbIP-TbIP 88: doesn't show hand
*** SUMMARY ***
Total pot $2 | Rake $0
Seat 1: rik_beaul007 (button) (small blind) folded before Flop
Seat 2: TbIP-TbIP 88 (big blind) collected ($2)


