PokerStars Hand #144720479368:  Hold'em Limit ($3/$6 USD) - 2015/12/02 13:56:01 ET
Table 'Platzeck II' 2-max Seat #2 is the button
Seat 1: ct-650 ($136.01 in chips)
Seat 2: kdcl ($64.54 in chips)
kdcl: posts small blind $1
ct-650: posts big blind $3
*** HOLE CARDS ***
kdcl: raises $3 to $6
ct-650: calls $3
*** FLOP *** [9d Ac Qs]
ct-650: checks
kdcl: checks
*** TURN *** [9d Ac Qs] [2s]
ct-650: checks
kdcl: checks
*** RIVER *** [9d Ac Qs 2s] [Jd]
ct-650: checks
kdcl: bets $6
ct-650: folds
Uncalled bet ($6) returned to kdcl
kdcl collected $11.76 from pot
*** SUMMARY ***
Total pot $12 | Rake $0.24
Board [9d Ac Qs 2s Jd]
Seat 1: ct-650 (big blind) folded on the River
Seat 2: kdcl (button) (small blind) collected ($11.76)


PokerStars Hand #144720475833:  Hold'em Limit ($3/$6 USD) - 2015/12/02 13:55:56 ET
Table 'Platzeck II' 2-max Seat #1 is the button
Seat 1: ct-650 ($137.01 in chips)
Seat 2: kdcl ($63.54 in chips)
ct-650: posts small blind $1
kdcl: posts big blind $3
*** HOLE CARDS ***
ct-650: folds
Uncalled bet ($2) returned to kdcl
kdcl collected $2 from pot
*** SUMMARY ***
Total pot $2 | Rake $0
Seat 1: ct-650 (button) (small blind) folded before Flop
Seat 2: kdcl (big blind) collected ($2)


PokerStars Hand #144720463149:  Hold'em Limit ($3/$6 USD) - 2015/12/02 13:55:39 ET
Table 'Platzeck II' 2-max Seat #2 is the button
Seat 1: ct-650 ($149.01 in chips)
Seat 2: kdcl ($52.02 in chips)
kdcl: posts small blind $1
ct-650: posts big blind $3
*** HOLE CARDS ***
kdcl: raises $3 to $6
ct-650: raises $3 to $9
kdcl: raises $3 to $12
Betting is capped
ct-650: calls $3
*** FLOP *** [8c 5d 3c]
ct-650: checks
kdcl: bets $3
ct-650: folds
Uncalled bet ($3) returned to kdcl
kdcl collected $23.52 from pot
*** SUMMARY ***
Total pot $24 | Rake $0.48
Board [8c 5d 3c]
Seat 1: ct-650 (big blind) folded on the Flop
Seat 2: kdcl (button) (small blind) collected ($23.52)


PokerStars Hand #144720454799:  Hold'em Limit ($3/$6 USD) - 2015/12/02 13:55:27 ET
Table 'Platzeck II' 2-max Seat #1 is the button
Seat 1: ct-650 ($143.25 in chips)
Seat 2: kdcl ($58.02 in chips)
ct-650: posts small blind $1
kdcl: posts big blind $3
*** HOLE CARDS ***
ct-650: raises $3 to $6
kdcl: calls $3
*** FLOP *** [3c 2h Jc]
kdcl: checks
ct-650: bets $3
kdcl: folds
Uncalled bet ($3) returned to ct-650
ct-650 collected $11.76 from pot
*** SUMMARY ***
Total pot $12 | Rake $0.24
Board [3c 2h Jc]
Seat 1: ct-650 (button) (small blind) collected ($11.76)
Seat 2: kdcl (big blind) folded on the Flop


PokerStars Hand #144720531005:  Hold'em Limit ($3/$6 USD) - 2015/12/02 13:57:12 ET
Table 'Platzeck II' 2-max Seat #1 is the button
Seat 1: ct-650 ($149.91 in chips)
Seat 2: kdcl ($48.82 in chips)
ct-650: posts small blind $1
kdcl: posts big blind $3
*** HOLE CARDS ***
ct-650: raises $3 to $6
kdcl: calls $3
*** FLOP *** [Ac Td Tc]
kdcl: checks
ct-650: bets $3
kdcl: folds
Uncalled bet ($3) returned to ct-650
ct-650 collected $11.76 from pot
*** SUMMARY ***
Total pot $12 | Rake $0.24
Board [Ac Td Tc]
Seat 1: ct-650 (button) (small blind) collected ($11.76)
Seat 2: kdcl (big blind) folded on the Flop


PokerStars Hand #144720522342:  Hold'em Limit ($3/$6 USD) - 2015/12/02 13:57:00 ET
Table 'Platzeck II' 2-max Seat #2 is the button
Seat 1: ct-650 ($141.27 in chips)
Seat 2: kdcl ($57.82 in chips)
kdcl: posts small blind $1
ct-650: posts big blind $3
*** HOLE CARDS ***
kdcl: raises $3 to $6
ct-650: raises $3 to $9
kdcl: calls $3
*** FLOP *** [4d As 6h]
ct-650: bets $3
kdcl: folds
Uncalled bet ($3) returned to ct-650
ct-650 collected $17.64 from pot
*** SUMMARY ***
Total pot $18 | Rake $0.36
Board [4d As 6h]
Seat 1: ct-650 (big blind) collected ($17.64)
Seat 2: kdcl (button) (small blind) folded on the Flop


PokerStars Hand #144720513383:  Hold'em Limit ($3/$6 USD) - 2015/12/02 13:56:48 ET
Table 'Platzeck II' 2-max Seat #1 is the button
Seat 1: ct-650 ($153.27 in chips)
Seat 2: kdcl ($46.30 in chips)
ct-650: posts small blind $1
kdcl: posts big blind $3
*** HOLE CARDS ***
ct-650: raises $3 to $6
kdcl: calls $3
*** FLOP *** [3h Td 4c]
kdcl: checks
ct-650: bets $3
kdcl: raises $3 to $6
ct-650: calls $3
*** TURN *** [3h Td 4c] [4h]
kdcl: bets $6
ct-650: folds
Uncalled bet ($6) returned to kdcl
kdcl collected $23.52 from pot
*** SUMMARY ***
Total pot $24 | Rake $0.48
Board [3h Td 4c 4h]
Seat 1: ct-650 (button) (small blind) folded on the Turn
Seat 2: kdcl (big blind) collected ($23.52)


PokerStars Hand #144720502356:  Hold'em Limit ($3/$6 USD) - 2015/12/02 13:56:33 ET
Table 'Platzeck II' 2-max Seat #2 is the button
Seat 1: ct-650 ($135.77 in chips)
Seat 2: kdcl ($64.30 in chips)
kdcl: posts small blind $1
ct-650: posts big blind $3
*** HOLE CARDS ***
kdcl: raises $3 to $6
ct-650: raises $3 to $9
kdcl: calls $3
*** FLOP *** [Ah 8s 9c]
ct-650: bets $3
kdcl: calls $3
*** TURN *** [Ah 8s 9c] [2s]
ct-650: bets $6
kdcl: calls $6
*** RIVER *** [Ah 8s 9c 2s] [9s]
ct-650: bets $6
kdcl: folds
Uncalled bet ($6) returned to ct-650
ct-650 collected $35.50 from pot
*** SUMMARY ***
Total pot $36 | Rake $0.50
Board [Ah 8s 9c 2s 9s]
Seat 1: ct-650 (big blind) collected ($35.50)
Seat 2: kdcl (button) (small blind) folded on the River


PokerStars Hand #144720490477:  Hold'em Limit ($3/$6 USD) - 2015/12/02 13:56:17 ET
Table 'Platzeck II' 2-max Seat #1 is the button
Seat 1: ct-650 ($130.01 in chips)
Seat 2: kdcl ($70.30 in chips)
ct-650: posts small blind $1
kdcl: posts big blind $3
*** HOLE CARDS ***
ct-650: raises $3 to $6
kdcl: calls $3
*** FLOP *** [Td Jd 4s]
kdcl: checks
ct-650: bets $3
kdcl: folds
Uncalled bet ($3) returned to ct-650
ct-650 collected $11.76 from pot
*** SUMMARY ***
Total pot $12 | Rake $0.24
Board [Td Jd 4s]
Seat 1: ct-650 (button) (small blind) collected ($11.76)
Seat 2: kdcl (big blind) folded on the Flop


PokerStars Hand #144720576377:  Hold'em Limit ($3/$6 USD) - 2015/12/02 13:58:14 ET
Table 'Platzeck II' 2-max Seat #2 is the button
Seat 1: ct-650 ($155.31 in chips)
Seat 2: kdcl ($42.46 in chips)
kdcl: posts small blind $1
ct-650: posts big blind $3
*** HOLE CARDS ***
kdcl: raises $3 to $6
ct-650: calls $3
*** FLOP *** [3h Th Ah]
ct-650: checks
kdcl: bets $3
ct-650: folds
Uncalled bet ($3) returned to kdcl
kdcl collected $11.76 from pot
*** SUMMARY ***
Total pot $12 | Rake $0.24
Board [3h Th Ah]
Seat 1: ct-650 (big blind) folded on the Flop
Seat 2: kdcl (button) (small blind) collected ($11.76)


PokerStars Hand #144720566353:  Hold'em Limit ($3/$6 USD) - 2015/12/02 13:58:00 ET
Table 'Platzeck II' 2-max Seat #1 is the button
Seat 1: ct-650 ($164.31 in chips)
Seat 2: kdcl ($33.82 in chips)
ct-650: posts small blind $1
kdcl: posts big blind $3
*** HOLE CARDS ***
ct-650: raises $3 to $6
kdcl: calls $3
*** FLOP *** [6s 7c Th]
kdcl: checks
ct-650: bets $3
kdcl: raises $3 to $6
ct-650: folds
Uncalled bet ($3) returned to kdcl
kdcl collected $17.64 from pot
*** SUMMARY ***
Total pot $18 | Rake $0.36
Board [6s 7c Th]
Seat 1: ct-650 (button) (small blind) folded on the Flop
Seat 2: kdcl (big blind) collected ($17.64)


PokerStars Hand #144720543706:  Hold'em Limit ($3/$6 USD) - 2015/12/02 13:57:29 ET
Table 'Platzeck II' 2-max Seat #2 is the button
Seat 1: ct-650 ($155.67 in chips)
Seat 2: kdcl ($42.82 in chips)
kdcl: posts small blind $1
ct-650: posts big blind $3
*** HOLE CARDS ***
kdcl: raises $3 to $6
ct-650: calls $3
*** FLOP *** [Th 9s 4c]
ct-650: bets $3
kdcl: calls $3
*** TURN *** [Th 9s 4c] [7s]
ct-650: checks
kdcl: checks
*** RIVER *** [Th 9s 4c 7s] [Ts]
ct-650: checks
kdcl: checks
*** SHOW DOWN ***
ct-650: shows [4h Qs] (two pair, Tens and Fours)
kdcl: mucks hand
ct-650 collected $17.64 from pot
*** SUMMARY ***
Total pot $18 | Rake $0.36
Board [Th 9s 4c 7s Ts]
Seat 1: ct-650 (big blind) showed [4h Qs] and won ($17.64) with two pair, Tens and Fours
Seat 2: kdcl (button) (small blind) mucked


PokerStars Hand #144720627682:  Hold'em Limit ($3/$6 USD) - 2015/12/02 13:59:24 ET
Table 'Platzeck II' 2-max Seat #2 is the button
Seat 1: ct-650 ($97.06 in chips)
Seat 2: kdcl ($98.87 in chips)
kdcl: posts small blind $1
ct-650: posts big blind $3
*** HOLE CARDS ***
kdcl: raises $3 to $6
ct-650: folds
Uncalled bet ($3) returned to kdcl
kdcl collected $6 from pot
*** SUMMARY ***
Total pot $6 | Rake $0
Seat 1: ct-650 (big blind) folded before Flop
Seat 2: kdcl (button) (small blind) collected ($6)


PokerStars Hand #144720620092:  Hold'em Limit ($3/$6 USD) - 2015/12/02 13:59:13 ET
Table 'Platzeck II' 2-max Seat #1 is the button
Seat 1: ct-650 ($106.06 in chips)
Seat 2: kdcl ($90.23 in chips)
ct-650: posts small blind $1
kdcl: posts big blind $3
*** HOLE CARDS ***
ct-650: raises $3 to $6
kdcl: calls $3
*** FLOP *** [Kh 2s Ac]
kdcl: checks
ct-650: bets $3
kdcl: raises $3 to $6
ct-650: folds
Uncalled bet ($3) returned to kdcl
kdcl collected $17.64 from pot
*** SUMMARY ***
Total pot $18 | Rake $0.36
Board [Kh 2s Ac]
Seat 1: ct-650 (button) (small blind) folded on the Flop
Seat 2: kdcl (big blind) collected ($17.64)


PokerStars Hand #144720610313:  Hold'em Limit ($3/$6 USD) - 2015/12/02 13:59:00 ET
Table 'Platzeck II' 2-max Seat #2 is the button
Seat 1: ct-650 ($106.31 in chips)
Seat 2: kdcl ($90.48 in chips)
kdcl: posts small blind $1
ct-650: posts big blind $3
*** HOLE CARDS ***
kdcl: raises $3 to $6
ct-650: calls $3
*** FLOP *** [Th Ad 9s]
ct-650: checks
kdcl: bets $3
ct-650: raises $3 to $6
kdcl: calls $3
*** TURN *** [Th Ad 9s] [2c]
ct-650: bets $6
kdcl: calls $6
*** RIVER *** [Th Ad 9s 2c] [Qh]
ct-650: bets $6
kdcl: calls $6
*** SHOW DOWN ***
ct-650: shows [Td 6s] (a pair of Tens)
kdcl: shows [Tc 3c] (a pair of Tens)
ct-650 collected $23.75 from pot
kdcl collected $23.75 from pot
*** SUMMARY ***
Total pot $48 | Rake $0.50
Board [Th Ad 9s 2c Qh]
Seat 1: ct-650 (big blind) showed [Td 6s] and won ($23.75) with a pair of Tens
Seat 2: kdcl (button) (small blind) showed [Tc 3c] and won ($23.75) with a pair of Tens


PokerStars Hand #144720607283:  Hold'em Limit ($3/$6 USD) - 2015/12/02 13:58:56 ET
Table 'Platzeck II' 2-max Seat #1 is the button
Seat 1: ct-650 ($107.31 in chips)
Seat 2: kdcl ($89.48 in chips)
ct-650: posts small blind $1
kdcl: posts big blind $3
*** HOLE CARDS ***
ct-650: folds
Uncalled bet ($2) returned to kdcl
kdcl collected $2 from pot
*** SUMMARY ***
Total pot $2 | Rake $0
Seat 1: ct-650 (button) (small blind) folded before Flop
Seat 2: kdcl (big blind) collected ($2)


PokerStars Hand #144720597466:  Hold'em Limit ($3/$6 USD) - 2015/12/02 13:58:43 ET
Table 'Platzeck II' 2-max Seat #2 is the button
Seat 1: ct-650 ($113.31 in chips)
Seat 2: kdcl ($83.72 in chips)
kdcl: posts small blind $1
ct-650: posts big blind $3
*** HOLE CARDS ***
kdcl: raises $3 to $6
ct-650: calls $3
*** FLOP *** [2c Ts 4c]
ct-650: checks
kdcl: bets $3
ct-650: folds
Uncalled bet ($3) returned to kdcl
kdcl collected $11.76 from pot
*** SUMMARY ***
Total pot $12 | Rake $0.24
Board [2c Ts 4c]
Seat 1: ct-650 (big blind) folded on the Flop
Seat 2: kdcl (button) (small blind) collected ($11.76)


PokerStars Hand #144720583722:  Hold'em Limit ($3/$6 USD) - 2015/12/02 13:58:24 ET
Table 'Platzeck II' 2-max Seat #1 is the button
Seat 1: ct-650 ($149.31 in chips)
Seat 2: kdcl ($48.22 in chips)
ct-650: posts small blind $1
kdcl: posts big blind $3
*** HOLE CARDS ***
ct-650: raises $3 to $6
kdcl: raises $3 to $9
ct-650: calls $3
*** FLOP *** [7d Qh Kd]
kdcl: bets $3
ct-650: calls $3
*** TURN *** [7d Qh Kd] [4h]
kdcl: bets $6
ct-650: raises $6 to $12
kdcl: raises $6 to $18
ct-650: calls $6
*** RIVER *** [7d Qh Kd 4h] [2c]
kdcl: bets $6
ct-650: calls $6
*** SHOW DOWN ***
kdcl: shows [Kc As] (a pair of Kings)
ct-650: mucks hand
kdcl collected $71.50 from pot
*** SUMMARY ***
Total pot $72 | Rake $0.50
Board [7d Qh Kd 4h 2c]
Seat 1: ct-650 (button) (small blind) mucked
Seat 2: kdcl (big blind) showed [Kc As] and won ($71.50) with a pair of Kings


PokerStars Hand #144720663609:  Hold'em Limit ($3/$6 USD) - 2015/12/02 14:00:12 ET
Table 'Platzeck II' 2-max Seat #1 is the button
Seat 1: ct-650 ($79.82 in chips)
Seat 2: kdcl ($115.03 in chips)
ct-650: posts small blind $1
kdcl: posts big blind $3
*** HOLE CARDS ***
ct-650: raises $3 to $6
kdcl: raises $3 to $9
ct-650: calls $3
*** FLOP *** [5h Jd 9s]
kdcl: bets $3
ct-650: calls $3
*** TURN *** [5h Jd 9s] [8s]
kdcl: bets $6
ct-650: calls $6
*** RIVER *** [5h Jd 9s 8s] [Kc]
kdcl: bets $6
ct-650: calls $6
*** SHOW DOWN ***
kdcl: shows [Ts Ks] (a pair of Kings)
ct-650: mucks hand
kdcl collected $47.50 from pot
*** SUMMARY ***
Total pot $48 | Rake $0.50
Board [5h Jd 9s 8s Kc]
Seat 1: ct-650 (button) (small blind) mucked
Seat 2: kdcl (big blind) showed [Ts Ks] and won ($47.50) with a pair of Kings


PokerStars Hand #144720659185:  Hold'em Limit ($3/$6 USD) - 2015/12/02 14:00:06 ET
Table 'Platzeck II' 2-max Seat #2 is the button
Seat 1: ct-650 ($78.82 in chips)
Seat 2: kdcl ($116.03 in chips)
kdcl: posts small blind $1
ct-650: posts big blind $3
*** HOLE CARDS ***
kdcl: folds
Uncalled bet ($2) returned to ct-650
ct-650 collected $2 from pot
*** SUMMARY ***
Total pot $2 | Rake $0
Seat 1: ct-650 (big blind) collected ($2)
Seat 2: kdcl (button) (small blind) folded before Flop


PokerStars Hand #144720651134:  Hold'em Limit ($3/$6 USD) - 2015/12/02 13:59:55 ET
Table 'Platzeck II' 2-max Seat #1 is the button
Seat 1: ct-650 ($90.82 in chips)
Seat 2: kdcl ($104.51 in chips)
ct-650: posts small blind $1
kdcl: posts big blind $3
*** HOLE CARDS ***
ct-650: raises $3 to $6
kdcl: raises $3 to $9
ct-650: calls $3
*** FLOP *** [Jc 5h 6c]
kdcl: bets $3
ct-650: calls $3
*** TURN *** [Jc 5h 6c] [8d]
kdcl: bets $6
ct-650: folds
Uncalled bet ($6) returned to kdcl
kdcl collected $23.52 from pot
*** SUMMARY ***
Total pot $24 | Rake $0.48
Board [Jc 5h 6c 8d]
Seat 1: ct-650 (button) (small blind) folded on the Turn
Seat 2: kdcl (big blind) collected ($23.52)


PokerStars Hand #144720640761:  Hold'em Limit ($3/$6 USD) - 2015/12/02 13:59:41 ET
Table 'Platzeck II' 2-max Seat #2 is the button
Seat 1: ct-650 ($99.82 in chips)
Seat 2: kdcl ($95.87 in chips)
kdcl: posts small blind $1
ct-650: posts big blind $3
*** HOLE CARDS ***
kdcl: raises $3 to $6
ct-650: calls $3
*** FLOP *** [3c Jd 4s]
ct-650: checks
kdcl: bets $3
ct-650: calls $3
*** TURN *** [3c Jd 4s] [5c]
ct-650: checks
kdcl: checks
*** RIVER *** [3c Jd 4s 5c] [Ad]
ct-650: checks
kdcl: checks
*** SHOW DOWN ***
ct-650: shows [Qd 9h] (high card Ace)
kdcl: shows [Tc Qh] (high card Ace - Queen+Jack+Ten kicker)
kdcl collected $17.64 from pot
*** SUMMARY ***
Total pot $18 | Rake $0.36
Board [3c Jd 4s 5c Ad]
Seat 1: ct-650 (big blind) showed [Qd 9h] and lost with high card Ace
Seat 2: kdcl (button) (small blind) showed [Tc Qh] and won ($17.64) with high card Ace


PokerStars Hand #144720631291:  Hold'em Limit ($3/$6 USD) - 2015/12/02 13:59:29 ET
Table 'Platzeck II' 2-max Seat #1 is the button
Seat 1: ct-650 ($94.06 in chips)
Seat 2: kdcl ($101.87 in chips)
ct-650: posts small blind $1
kdcl: posts big blind $3
*** HOLE CARDS ***
ct-650: raises $3 to $6
kdcl: calls $3
*** FLOP *** [Jc 9d 9h]
kdcl: checks
ct-650: checks
*** TURN *** [Jc 9d 9h] [3d]
kdcl: checks
ct-650: bets $6
kdcl: folds
Uncalled bet ($6) returned to ct-650
ct-650 collected $11.76 from pot
*** SUMMARY ***
Total pot $12 | Rake $0.24
Board [Jc 9d 9h 3d]
Seat 1: ct-650 (button) (small blind) collected ($11.76)
Seat 2: kdcl (big blind) folded on the Turn


PokerStars Hand #144720714277:  Hold'em Limit ($3/$6 USD) - 2015/12/02 14:01:12 ET
Table 'Platzeck II' 2-max Seat #1 is the button
Seat 1: ct-650 ($157.82 in chips)
Seat 2: kdcl ($95.53 in chips)
ct-650: posts small blind $1
kdcl: posts big blind $3
*** HOLE CARDS ***
ct-650: raises $3 to $6
kdcl: calls $3
*** FLOP *** [5c Jc 4s]
kdcl: checks
ct-650: bets $3
kdcl: calls $3
*** TURN *** [5c Jc 4s] [7h]
kdcl: checks
ct-650: checks
*** RIVER *** [5c Jc 4s 7h] [3d]
kdcl: bets $6
ct-650: folds
Uncalled bet ($6) returned to kdcl
kdcl collected $17.64 from pot
*** SUMMARY ***
Total pot $18 | Rake $0.36
Board [5c Jc 4s 7h 3d]
Seat 1: ct-650 (button) (small blind) folded on the River
Seat 2: kdcl (big blind) collected ($17.64)


PokerStars Hand #144720709806:  Hold'em Limit ($3/$6 USD) - 2015/12/02 14:01:07 ET
Table 'Platzeck II' 2-max Seat #2 is the button
Seat 1: ct-650 ($156.82 in chips)
Seat 2: kdcl ($96.53 in chips)
kdcl: posts small blind $1
ct-650: posts big blind $3
*** HOLE CARDS ***
kdcl: folds
Uncalled bet ($2) returned to ct-650
ct-650 collected $2 from pot
*** SUMMARY ***
Total pot $2 | Rake $0
Seat 1: ct-650 (big blind) collected ($2)
Seat 2: kdcl (button) (small blind) folded before Flop


PokerStars Hand #144720696605:  Hold'em Limit ($3/$6 USD) - 2015/12/02 14:00:52 ET
Table 'Platzeck II' 2-max Seat #1 is the button
Seat 1: ct-650 ($136.32 in chips)
Seat 2: kdcl ($117.53 in chips)
ct-650: posts small blind $1
kdcl: posts big blind $3
*** HOLE CARDS ***
ct-650: raises $3 to $6
kdcl: calls $3
*** FLOP *** [Td Jh 7s]
kdcl: checks
ct-650: bets $3
kdcl: calls $3
*** TURN *** [Td Jh 7s] [Qh]
kdcl: bets $6
ct-650: calls $6
*** RIVER *** [Td Jh 7s Qh] [3c]
kdcl: bets $6
ct-650: calls $6
*** SHOW DOWN ***
kdcl: shows [Qs 8h] (a pair of Queens)
ct-650: shows [7c Th] (two pair, Tens and Sevens)
ct-650 collected $41.50 from pot
*** SUMMARY ***
Total pot $42 | Rake $0.50
Board [Td Jh 7s Qh 3c]
Seat 1: ct-650 (button) (small blind) showed [7c Th] and won ($41.50) with two pair, Tens and Sevens
Seat 2: kdcl (big blind) showed [Qs 8h] and lost with a pair of Queens


PokerStars Hand #144720692827:  Hold'em Limit ($3/$6 USD) - 2015/12/02 14:00:47 ET
Table 'Platzeck II' 2-max Seat #2 is the button
Seat 1: ct-650 ($135.32 in chips)
Seat 2: kdcl ($118.53 in chips)
kdcl: posts small blind $1
ct-650: posts big blind $3
*** HOLE CARDS ***
kdcl: folds
Uncalled bet ($2) returned to ct-650
ct-650 collected $2 from pot
*** SUMMARY ***
Total pot $2 | Rake $0
Seat 1: ct-650 (big blind) collected ($2)
Seat 2: kdcl (button) (small blind) folded before Flop


PokerStars Hand #144720689254:  Hold'em Limit ($3/$6 USD) - 2015/12/02 14:00:43 ET
Table 'Platzeck II' 2-max Seat #1 is the button
Seat 1: ct-650 ($136.32 in chips)
Seat 2: kdcl ($117.53 in chips)
ct-650: posts small blind $1
kdcl: posts big blind $3
*** HOLE CARDS ***
ct-650: folds
Uncalled bet ($2) returned to kdcl
kdcl collected $2 from pot
*** SUMMARY ***
Total pot $2 | Rake $0
Seat 1: ct-650 (button) (small blind) folded before Flop
Seat 2: kdcl (big blind) collected ($2)


PokerStars Hand #144720676353:  Hold'em Limit ($3/$6 USD) - 2015/12/02 14:00:27 ET
Table 'Platzeck II' 2-max Seat #2 is the button
Seat 1: ct-650 ($55.82 in chips)
Seat 2: kdcl ($138.53 in chips)
kdcl: posts small blind $1
ct-650: posts big blind $3
*** HOLE CARDS ***
kdcl: raises $3 to $6
ct-650: calls $3
*** FLOP *** [Ah 7c Ad]
ct-650: bets $3
kdcl: calls $3
*** TURN *** [Ah 7c Ad] [Qh]
ct-650: bets $6
kdcl: calls $6
*** RIVER *** [Ah 7c Ad Qh] [Ts]
ct-650: bets $6
kdcl: calls $6
*** SHOW DOWN ***
ct-650: shows [Jc 7s] (two pair, Aces and Sevens)
kdcl: mucks hand
ct-650 collected $41.50 from pot
*** SUMMARY ***
Total pot $42 | Rake $0.50
Board [Ah 7c Ad Qh Ts]
Seat 1: ct-650 (big blind) showed [Jc 7s] and won ($41.50) with two pair, Aces and Sevens
Seat 2: kdcl (button) (small blind) mucked


PokerStars Hand #144720781617:  Hold'em Limit ($3/$6 USD) - 2015/12/02 14:02:25 ET
Table 'Platzeck II' 2-max Seat #2 is the button
Seat 1: ct-650 ($204.34 in chips)
Seat 2: kdcl ($46.67 in chips)
kdcl: posts small blind $1
ct-650: posts big blind $3
*** HOLE CARDS ***
kdcl: folds
Uncalled bet ($2) returned to ct-650
ct-650 collected $2 from pot
*** SUMMARY ***
Total pot $2 | Rake $0
Seat 1: ct-650 (big blind) collected ($2)
Seat 2: kdcl (button) (small blind) folded before Flop


PokerStars Hand #144720765348:  Hold'em Limit ($3/$6 USD) - 2015/12/02 14:02:07 ET
Table 'Platzeck II' 2-max Seat #1 is the button
Seat 1: ct-650 ($174.84 in chips)
Seat 2: kdcl ($76.67 in chips)
ct-650: posts small blind $1
kdcl: posts big blind $3
*** HOLE CARDS ***
ct-650: raises $3 to $6
kdcl: raises $3 to $9
ct-650: calls $3
*** FLOP *** [2d Td Ad]
kdcl: bets $3
ct-650: calls $3
*** TURN *** [2d Td Ad] [6c]
kdcl: bets $6
ct-650: calls $6
*** RIVER *** [2d Td Ad 6c] [7h]
kdcl: bets $6
ct-650: raises $6 to $12
kdcl: calls $6
*** SHOW DOWN ***
ct-650: shows [8s 9d] (a straight, Six to Ten)
kdcl: mucks hand
ct-650 collected $59.50 from pot
*** SUMMARY ***
Total pot $60 | Rake $0.50
Board [2d Td Ad 6c 7h]
Seat 1: ct-650 (button) (small blind) showed [8s 9d] and won ($59.50) with a straight, Six to Ten
Seat 2: kdcl (big blind) mucked


PokerStars Hand #144720753705:  Hold'em Limit ($3/$6 USD) - 2015/12/02 14:01:56 ET
Table 'Platzeck II' 2-max Seat #2 is the button
Seat 1: ct-650 ($163.32 in chips)
Seat 2: kdcl ($88.67 in chips)
kdcl: posts small blind $1
ct-650: posts big blind $3
*** HOLE CARDS ***
kdcl: raises $3 to $6
ct-650: raises $3 to $9
kdcl: calls $3
*** FLOP *** [7d Ac 4d]
ct-650: bets $3
kdcl: calls $3
*** TURN *** [7d Ac 4d] [Tc]
ct-650: bets $6
kdcl: folds
Uncalled bet ($6) returned to ct-650
ct-650 collected $23.52 from pot
*** SUMMARY ***
Total pot $24 | Rake $0.48
Board [7d Ac 4d Tc]
Seat 1: ct-650 (big blind) collected ($23.52)
Seat 2: kdcl (button) (small blind) folded on the Turn


PokerStars Hand #144720737597:  Hold'em Limit ($3/$6 USD) - 2015/12/02 14:01:38 ET
Table 'Platzeck II' 2-max Seat #1 is the button
Seat 1: ct-650 ($133.82 in chips)
Seat 2: kdcl ($118.67 in chips)
ct-650: posts small blind $1
kdcl: posts big blind $3
*** HOLE CARDS ***
ct-650: raises $3 to $6
kdcl: raises $3 to $9
ct-650: calls $3
*** FLOP *** [6d 3s 3d]
kdcl: bets $3
ct-650: calls $3
*** TURN *** [6d 3s 3d] [Kh]
kdcl: bets $6
ct-650: raises $6 to $12
kdcl: calls $6
*** RIVER *** [6d 3s 3d Kh] [5d]
kdcl: checks
ct-650: bets $6
kdcl: calls $6
*** SHOW DOWN ***
ct-650: shows [Kc 5h] (two pair, Kings and Fives)
kdcl: mucks hand
ct-650 collected $59.50 from pot
*** SUMMARY ***
Total pot $60 | Rake $0.50
Board [6d 3s 3d Kh 5d]
Seat 1: ct-650 (button) (small blind) showed [Kc 5h] and won ($59.50) with two pair, Kings and Fives
Seat 2: kdcl (big blind) mucked


PokerStars Hand #144720726170:  Hold'em Limit ($3/$6 USD) - 2015/12/02 14:01:26 ET
Table 'Platzeck II' 2-max Seat #2 is the button
Seat 1: ct-650 ($148.82 in chips)
Seat 2: kdcl ($104.17 in chips)
kdcl: posts small blind $1
ct-650: posts big blind $3
*** HOLE CARDS ***
kdcl: raises $3 to $6
ct-650: calls $3
*** FLOP *** [Qc 9s 4h]
ct-650: checks
kdcl: bets $3
ct-650: calls $3
*** TURN *** [Qc 9s 4h] [4s]
ct-650: checks
kdcl: checks
*** RIVER *** [Qc 9s 4h 4s] [4d]
ct-650: bets $6
kdcl: calls $6
*** SHOW DOWN ***
ct-650: shows [5d 3d] (three of a kind, Fours)
kdcl: shows [Js 9c] (a full house, Fours full of Nines)
kdcl collected $29.50 from pot
*** SUMMARY ***
Total pot $30 | Rake $0.50
Board [Qc 9s 4h 4s 4d]
Seat 1: ct-650 (big blind) showed [5d 3d] and lost with three of a kind, Fours
Seat 2: kdcl (button) (small blind) showed [Js 9c] and won ($29.50) with a full house, Fours full of Nines


PokerStars Hand #144720818720:  Hold'em Limit ($3/$6 USD) - 2015/12/02 14:03:04 ET
Table 'Platzeck II' 2-max Seat #2 is the button
Seat 1: ct-650 ($228.60 in chips)
Seat 2: kdcl ($21.43 in chips)
kdcl: posts small blind $1
ct-650: posts big blind $3
*** HOLE CARDS ***
kdcl: folds
Uncalled bet ($2) returned to ct-650
ct-650 collected $2 from pot
*** SUMMARY ***
Total pot $2 | Rake $0
Seat 1: ct-650 (big blind) collected ($2)
Seat 2: kdcl (button) (small blind) folded before Flop


PokerStars Hand #144720810687:  Hold'em Limit ($3/$6 USD) - 2015/12/02 14:02:55 ET
Table 'Platzeck II' 2-max Seat #1 is the button
Seat 1: ct-650 ($222.84 in chips)
Seat 2: kdcl ($27.43 in chips)
ct-650: posts small blind $1
kdcl: posts big blind $3
*** HOLE CARDS ***
ct-650: raises $3 to $6
kdcl: calls $3
*** FLOP *** [3h 7c 9c]
kdcl: checks
ct-650: bets $3
kdcl: folds
Uncalled bet ($3) returned to ct-650
ct-650 collected $11.76 from pot
*** SUMMARY ***
Total pot $12 | Rake $0.24
Board [3h 7c 9c]
Seat 1: ct-650 (button) (small blind) collected ($11.76)
Seat 2: kdcl (big blind) folded on the Flop


PokerStars Hand #144720802859:  Hold'em Limit ($3/$6 USD) - 2015/12/02 14:02:47 ET
Table 'Platzeck II' 2-max Seat #2 is the button
Seat 1: ct-650 ($228.84 in chips)
Seat 2: kdcl ($21.67 in chips)
kdcl: posts small blind $1
ct-650: posts big blind $3
*** HOLE CARDS ***
kdcl: raises $3 to $6
ct-650: calls $3
*** FLOP *** [4c Ah Ts]
ct-650: checks
kdcl: bets $3
ct-650: folds
Uncalled bet ($3) returned to kdcl
kdcl collected $11.76 from pot
*** SUMMARY ***
Total pot $12 | Rake $0.24
Board [4c Ah Ts]
Seat 1: ct-650 (big blind) folded on the Flop
Seat 2: kdcl (button) (small blind) collected ($11.76)


PokerStars Hand #144720786349:  Hold'em Limit ($3/$6 USD) - 2015/12/02 14:02:30 ET
Table 'Platzeck II' 2-max Seat #1 is the button
Seat 1: ct-650 ($205.34 in chips)
Seat 2: kdcl ($45.67 in chips)
ct-650: posts small blind $1
kdcl: posts big blind $3
*** HOLE CARDS ***
ct-650: raises $3 to $6
kdcl: raises $3 to $9
ct-650: calls $3
*** FLOP *** [8c 5d 4s]
kdcl: bets $3
ct-650: calls $3
*** TURN *** [8c 5d 4s] [8d]
kdcl: bets $6
ct-650: calls $6
*** RIVER *** [8c 5d 4s 8d] [7h]
kdcl: checks
ct-650: bets $6
kdcl: calls $6
*** SHOW DOWN ***
ct-650: shows [Kc 7c] (two pair, Eights and Sevens)
kdcl: mucks hand
ct-650 collected $47.50 from pot
*** SUMMARY ***
Total pot $48 | Rake $0.50
Board [8c 5d 4s 8d 7h]
Seat 1: ct-650 (button) (small blind) showed [Kc 7c] and won ($47.50) with two pair, Eights and Sevens
Seat 2: kdcl (big blind) mucked


PokerStars Hand #144720894731:  Hold'em Limit ($3/$6 USD) - 2015/12/02 14:04:22 ET
Table 'Platzeck II' 2-max Seat #1 is the button
Seat 1: ct-650 ($229.60 in chips)
Seat 2: kdcl ($70.43 in chips)
ct-650: posts small blind $1
kdcl: posts big blind $3
*** HOLE CARDS ***
ct-650: raises $3 to $6
kdcl: folds
Uncalled bet ($3) returned to ct-650
ct-650 collected $6 from pot
*** SUMMARY ***
Total pot $6 | Rake $0
Seat 1: ct-650 (button) (small blind) collected ($6)
Seat 2: kdcl (big blind) folded before Flop


PokerStars Hand #144720889283:  Hold'em Limit ($3/$6 USD) - 2015/12/02 14:04:17 ET
Table 'Platzeck II' 2-max Seat #2 is the button
Seat 1: ct-650 ($232.60 in chips)
Seat 2: kdcl ($67.43 in chips)
kdcl: posts small blind $1
ct-650: posts big blind $3
*** HOLE CARDS ***
kdcl: raises $3 to $6
ct-650: folds
Uncalled bet ($3) returned to kdcl
kdcl collected $6 from pot
*** SUMMARY ***
Total pot $6 | Rake $0
Seat 1: ct-650 (big blind) folded before Flop
Seat 2: kdcl (button) (small blind) collected ($6)


PokerStars Hand #144720883442:  Hold'em Limit ($3/$6 USD) - 2015/12/02 14:04:11 ET
Table 'Platzeck II' 2-max Seat #1 is the button
Seat 1: ct-650 ($229.60 in chips)
Seat 2: kdcl ($70.43 in chips)
ct-650: posts small blind $1
kdcl: posts big blind $3
*** HOLE CARDS ***
ct-650: raises $3 to $6
kdcl: folds
Uncalled bet ($3) returned to ct-650
ct-650 collected $6 from pot
*** SUMMARY ***
Total pot $6 | Rake $0
Seat 1: ct-650 (button) (small blind) collected ($6)
Seat 2: kdcl (big blind) folded before Flop


PokerStars Hand #144720951663:  Hold'em Limit ($3/$6 USD) - 2015/12/02 14:05:21 ET
Table 'Platzeck II' 2-max Seat #2 is the button
Seat 1: ct-650 ($225.10 in chips)
Seat 2: kdcl ($73.69 in chips)
kdcl: posts small blind $1
ct-650: posts big blind $3
*** HOLE CARDS ***
kdcl: raises $3 to $6
ct-650: calls $3
*** FLOP *** [9c Ks Ts]
ct-650: checks
kdcl: checks
*** TURN *** [9c Ks Ts] [3c]
ct-650: checks
kdcl: bets $6
ct-650: folds
Uncalled bet ($6) returned to kdcl
kdcl collected $11.76 from pot
*** SUMMARY ***
Total pot $12 | Rake $0.24
Board [9c Ks Ts 3c]
Seat 1: ct-650 (big blind) folded on the Turn
Seat 2: kdcl (button) (small blind) collected ($11.76)


PokerStars Hand #144720947542:  Hold'em Limit ($3/$6 USD) - 2015/12/02 14:05:17 ET
Table 'Platzeck II' 2-max Seat #1 is the button
Seat 1: ct-650 ($226.10 in chips)
Seat 2: kdcl ($72.69 in chips)
ct-650: posts small blind $1
kdcl: posts big blind $3
*** HOLE CARDS ***
ct-650: folds
Uncalled bet ($2) returned to kdcl
kdcl collected $2 from pot
*** SUMMARY ***
Total pot $2 | Rake $0
Seat 1: ct-650 (button) (small blind) folded before Flop
Seat 2: kdcl (big blind) collected ($2)


PokerStars Hand #144720932214:  Hold'em Limit ($3/$6 USD) - 2015/12/02 14:05:01 ET
Table 'Platzeck II' 2-max Seat #2 is the button
Seat 1: ct-650 ($250.10 in chips)
Seat 2: kdcl ($49.19 in chips)
kdcl: posts small blind $1
ct-650: posts big blind $3
*** HOLE CARDS ***
kdcl: raises $3 to $6
ct-650: raises $3 to $9
kdcl: calls $3
*** FLOP *** [6d 5h Kd]
ct-650: bets $3
kdcl: calls $3
*** TURN *** [6d 5h Kd] [Td]
ct-650: bets $6
kdcl: calls $6
*** RIVER *** [6d 5h Kd Td] [8c]
ct-650: bets $6
kdcl: raises $6 to $12
ct-650: folds
Uncalled bet ($6) returned to kdcl
kdcl collected $47.50 from pot
*** SUMMARY ***
Total pot $48 | Rake $0.50
Board [6d 5h Kd Td 8c]
Seat 1: ct-650 (big blind) folded on the River
Seat 2: kdcl (button) (small blind) collected ($47.50)


PokerStars Hand #144720923018:  Hold'em Limit ($3/$6 USD) - 2015/12/02 14:04:51 ET
Table 'Platzeck II' 2-max Seat #1 is the button
Seat 1: ct-650 ($256.10 in chips)
Seat 2: kdcl ($43.43 in chips)
ct-650: posts small blind $1
kdcl: posts big blind $3
*** HOLE CARDS ***
ct-650: raises $3 to $6
kdcl: calls $3
*** FLOP *** [5c 8d 9h]
kdcl: checks
ct-650: checks
*** TURN *** [5c 8d 9h] [Qc]
kdcl: bets $6
ct-650: folds
Uncalled bet ($6) returned to kdcl
kdcl collected $11.76 from pot
*** SUMMARY ***
Total pot $12 | Rake $0.24
Board [5c 8d 9h Qc]
Seat 1: ct-650 (button) (small blind) folded on the Turn
Seat 2: kdcl (big blind) collected ($11.76)


PokerStars Hand #144720900257:  Hold'em Limit ($3/$6 USD) - 2015/12/02 14:04:28 ET
Table 'Platzeck II' 2-max Seat #2 is the button
Seat 1: ct-650 ($232.60 in chips)
Seat 2: kdcl ($67.43 in chips)
kdcl: posts small blind $1
ct-650: posts big blind $3
*** HOLE CARDS ***
kdcl: raises $3 to $6
ct-650: calls $3
*** FLOP *** [4d Ks 5h]
ct-650: checks
kdcl: bets $3
ct-650: raises $3 to $6
kdcl: calls $3
*** TURN *** [4d Ks 5h] [Td]
ct-650: bets $6
kdcl: calls $6
*** RIVER *** [4d Ks 5h Td] [Jc]
ct-650: checks
kdcl: bets $6
ct-650: calls $6
*** SHOW DOWN ***
kdcl: shows [7s 8d] (high card King)
ct-650: shows [Ac 5s] (a pair of Fives)
ct-650 collected $47.50 from pot
*** SUMMARY ***
Total pot $48 | Rake $0.50
Board [4d Ks 5h Td Jc]
Seat 1: ct-650 (big blind) showed [Ac 5s] and won ($47.50) with a pair of Fives
Seat 2: kdcl (button) (small blind) showed [7s 8d] and lost with high card King


PokerStars Hand #144721002126:  Hold'em Limit ($3/$6 USD) - 2015/12/02 14:06:13 ET
Table 'Platzeck II' 2-max Seat #1 is the button
Seat 1: ct-650 ($228.60 in chips)
Seat 2: kdcl ($68.85 in chips)
ct-650: posts small blind $1
kdcl: posts big blind $3
*** HOLE CARDS ***
ct-650: raises $3 to $6
kdcl: calls $3
*** FLOP *** [Kc 4c Kh]
kdcl: checks
ct-650: bets $3
kdcl: raises $3 to $6
ct-650: calls $3
*** TURN *** [Kc 4c Kh] [8h]
kdcl: bets $6
ct-650: calls $6
*** RIVER *** [Kc 4c Kh 8h] [Ah]
kdcl: checks
ct-650: bets $6
kdcl: calls $6
*** SHOW DOWN ***
ct-650: shows [Tc Td] (two pair, Kings and Tens)
kdcl: mucks hand
ct-650 collected $47.50 from pot
*** SUMMARY ***
Total pot $48 | Rake $0.50
Board [Kc 4c Kh 8h Ah]
Seat 1: ct-650 (button) (small blind) showed [Tc Td] and won ($47.50) with two pair, Kings and Tens
Seat 2: kdcl (big blind) mucked


PokerStars Hand #144720990692:  Hold'em Limit ($3/$6 USD) - 2015/12/02 14:06:01 ET
Table 'Platzeck II' 2-max Seat #2 is the button
Seat 1: ct-650 ($234.60 in chips)
Seat 2: kdcl ($63.09 in chips)
kdcl: posts small blind $1
ct-650: posts big blind $3
*** HOLE CARDS ***
kdcl: raises $3 to $6
ct-650: calls $3
*** FLOP *** [2s 7s Tc]
ct-650: checks
kdcl: checks
*** TURN *** [2s 7s Tc] [5s]
ct-650: checks
kdcl: checks
*** RIVER *** [2s 7s Tc 5s] [Qc]
ct-650: checks
kdcl: checks
*** SHOW DOWN ***
ct-650: shows [Jd 4c] (high card Queen)
kdcl: shows [3d Kd] (high card King)
kdcl collected $11.76 from pot
*** SUMMARY ***
Total pot $12 | Rake $0.24
Board [2s 7s Tc 5s Qc]
Seat 1: ct-650 (big blind) showed [Jd 4c] and lost with high card Queen
Seat 2: kdcl (button) (small blind) showed [3d Kd] and won ($11.76) with high card King


PokerStars Hand #144720982674:  Hold'em Limit ($3/$6 USD) - 2015/12/02 14:05:53 ET
Table 'Platzeck II' 2-max Seat #1 is the button
Seat 1: ct-650 ($243.60 in chips)
Seat 2: kdcl ($54.45 in chips)
ct-650: posts small blind $1
kdcl: posts big blind $3
*** HOLE CARDS ***
ct-650: raises $3 to $6
kdcl: raises $3 to $9
ct-650: calls $3
*** FLOP *** [9h Tc 4c]
kdcl: bets $3
ct-650: folds
Uncalled bet ($3) returned to kdcl
kdcl collected $17.64 from pot
*** SUMMARY ***
Total pot $18 | Rake $0.36
Board [9h Tc 4c]
Seat 1: ct-650 (button) (small blind) folded on the Flop
Seat 2: kdcl (big blind) collected ($17.64)


PokerStars Hand #144720977852:  Hold'em Limit ($3/$6 USD) - 2015/12/02 14:05:48 ET
Table 'Platzeck II' 2-max Seat #2 is the button
Seat 1: ct-650 ($242.60 in chips)
Seat 2: kdcl ($55.45 in chips)
kdcl: posts small blind $1
ct-650: posts big blind $3
*** HOLE CARDS ***
kdcl: folds
Uncalled bet ($2) returned to ct-650
ct-650 collected $2 from pot
*** SUMMARY ***
Total pot $2 | Rake $0
Seat 1: ct-650 (big blind) collected ($2)
Seat 2: kdcl (button) (small blind) folded before Flop


PokerStars Hand #144720963224:  Hold'em Limit ($3/$6 USD) - 2015/12/02 14:05:33 ET
Table 'Platzeck II' 2-max Seat #1 is the button
Seat 1: ct-650 ($219.10 in chips)
Seat 2: kdcl ($79.45 in chips)
ct-650: posts small blind $1
kdcl: posts big blind $3
*** HOLE CARDS ***
ct-650: raises $3 to $6
kdcl: raises $3 to $9
ct-650: calls $3
*** FLOP *** [Jc As Td]
kdcl: bets $3
ct-650: calls $3
*** TURN *** [Jc As Td] [Th]
kdcl: bets $6
ct-650: raises $6 to $12
kdcl: calls $6
*** RIVER *** [Jc As Td Th] [4h]
kdcl: checks
ct-650: checks
*** SHOW DOWN ***
kdcl: shows [8c Kh] (a pair of Tens)
ct-650: shows [5c Ad] (two pair, Aces and Tens)
ct-650 collected $47.50 from pot
*** SUMMARY ***
Total pot $48 | Rake $0.50
Board [Jc As Td Th 4h]
Seat 1: ct-650 (button) (small blind) showed [5c Ad] and won ($47.50) with two pair, Aces and Tens
Seat 2: kdcl (big blind) showed [8c Kh] and lost with a pair of Tens


PokerStars Hand #144721046346:  Hold'em Limit ($3/$6 USD) - 2015/12/02 14:06:58 ET
Table 'Platzeck II' 2-max Seat #1 is the button
Seat 1: ct-650 ($255.86 in chips)
Seat 2: kdcl ($40.85 in chips)
ct-650: posts small blind $1
kdcl: posts big blind $3
*** HOLE CARDS ***
ct-650: raises $3 to $6
kdcl: calls $3
*** FLOP *** [Kc 8h Th]
kdcl: checks
ct-650: bets $3
kdcl: calls $3
*** TURN *** [Kc 8h Th] [3s]
kdcl: checks
ct-650: bets $6
kdcl: calls $6
*** RIVER *** [Kc 8h Th 3s] [Jd]
kdcl: checks
ct-650: bets $6
kdcl: calls $6
*** SHOW DOWN ***
ct-650: shows [5c Ks] (a pair of Kings)
kdcl: mucks hand
ct-650 collected $41.50 from pot
*** SUMMARY ***
Total pot $42 | Rake $0.50
Board [Kc 8h Th 3s Jd]
Seat 1: ct-650 (button) (small blind) showed [5c Ks] and won ($41.50) with a pair of Kings
Seat 2: kdcl (big blind) mucked


PokerStars Hand #144721037729:  Hold'em Limit ($3/$6 USD) - 2015/12/02 14:06:49 ET
Table 'Platzeck II' 2-max Seat #1 is the button
Seat 1: ct-650 ($255.86 in chips)
Seat 2: kdcl ($40.85 in chips)
ct-650: posts small blind $1
kdcl: posts big blind $3
*** HOLE CARDS ***
ct-650: folds
Uncalled bet ($2) returned to kdcl
kdcl collected $2 from pot
*** SUMMARY ***
Total pot $2 | Rake $0
Seat 1: ct-650 (button) (small blind) folded before Flop
Seat 2: kdcl (big blind) collected ($2)


PokerStars Hand #144721033228:  Hold'em Limit ($3/$6 USD) - 2015/12/02 14:06:45 ET
Table 'Platzeck II' 2-max Seat #2 is the button
Seat 1: ct-650 ($258.86 in chips)
Seat 2: kdcl ($37.85 in chips)
kdcl: posts small blind $1
ct-650: posts big blind $3
*** HOLE CARDS ***
kdcl: raises $3 to $6
ct-650: folds
Uncalled bet ($3) returned to kdcl
kdcl collected $6 from pot
*** SUMMARY ***
Total pot $6 | Rake $0
Seat 1: ct-650 (big blind) folded before Flop
Seat 2: kdcl (button) (small blind) collected ($6)


PokerStars Hand #144721024588:  Hold'em Limit ($3/$6 USD) - 2015/12/02 14:06:36 ET
Table 'Platzeck II' 2-max Seat #1 is the button
Seat 1: ct-650 ($253.10 in chips)
Seat 2: kdcl ($43.85 in chips)
ct-650: posts small blind $1
kdcl: posts big blind $3
*** HOLE CARDS ***
ct-650: raises $3 to $6
kdcl: calls $3
*** FLOP *** [Kd 7h Qs]
kdcl: checks
ct-650: bets $3
kdcl: folds
Uncalled bet ($3) returned to ct-650
ct-650 collected $11.76 from pot
*** SUMMARY ***
Total pot $12 | Rake $0.24
Board [Kd 7h Qs]
Seat 1: ct-650 (button) (small blind) collected ($11.76)
Seat 2: kdcl (big blind) folded on the Flop


PokerStars Hand #144721041767:  Hold'em Limit ($3/$6 USD) - 2015/12/02 14:06:53 ET
Table 'Platzeck II' 2-max Seat #2 is the button
Seat 1: ct-650 ($254.86 in chips)
Seat 2: kdcl ($41.85 in chips)
kdcl: posts small blind $1
ct-650: posts big blind $3
*** HOLE CARDS ***
kdcl: folds
Uncalled bet ($2) returned to ct-650
ct-650 collected $2 from pot
*** SUMMARY ***
Total pot $2 | Rake $0
Seat 1: ct-650 (big blind) collected ($2)
Seat 2: kdcl (button) (small blind) folded before Flop


PokerStars Hand #144721019909:  Hold'em Limit ($3/$6 USD) - 2015/12/02 14:06:31 ET
Table 'Platzeck II' 2-max Seat #2 is the button
Seat 1: ct-650 ($252.10 in chips)
Seat 2: kdcl ($44.85 in chips)
kdcl: posts small blind $1
ct-650: posts big blind $3
*** HOLE CARDS ***
kdcl: folds
Uncalled bet ($2) returned to ct-650
ct-650 collected $2 from pot
*** SUMMARY ***
Total pot $2 | Rake $0
Seat 1: ct-650 (big blind) collected ($2)
Seat 2: kdcl (button) (small blind) folded before Flop


PokerStars Hand #144721063773:  Hold'em Limit ($3/$6 USD) - 2015/12/02 14:07:16 ET
Table 'Platzeck II' 2-max Seat #2 is the button
Seat 1: ct-650 ($276.36 in chips)
Seat 2: kdcl ($19.85 in chips)
kdcl: posts small blind $1
ct-650: posts big blind $3
*** HOLE CARDS ***
kdcl: raises $3 to $6
ct-650: raises $3 to $9
kdcl: raises $3 to $12
Betting is capped
ct-650: calls $3
*** FLOP *** [9s 3s 4c]
ct-650: bets $3
kdcl: raises $3 to $6
ct-650: raises $3 to $9
kdcl: calls $1.85 and is all-in
Uncalled bet ($1.15) returned to ct-650
*** TURN *** [9s 3s 4c] [Td]
*** RIVER *** [9s 3s 4c Td] [5d]
*** SHOW DOWN ***
ct-650: shows [Jd Jh] (a pair of Jacks)
kdcl: shows [7s 7c] (a pair of Sevens)
ct-650 collected $39.20 from pot
*** SUMMARY ***
Total pot $39.70 | Rake $0.50
Board [9s 3s 4c Td 5d]
Seat 1: ct-650 (big blind) showed [Jd Jh] and won ($39.20) with a pair of Jacks
Seat 2: kdcl (button) (small blind) showed [7s 7c] and lost with a pair of Sevens


