PokerStars Hand #145009498178:  Hold'em Limit ($3/$6 USD) - 2015/12/08 4:02:09 ET
Table 'Plaut' 2-max Seat #2 is the button
Seat 1: wakeup18 ($105 in chips)
Seat 2: covasa andre ($47.84 in chips)
covasa andre: posts small blind $1
wakeup18: posts big blind $3
*** HOLE CARDS ***
covasa andre: raises $3 to $6
wakeup18: folds
Uncalled bet ($3) returned to covasa andre
covasa andre collected $6 from pot
covasa andre: doesn't show hand
*** SUMMARY ***
Total pot $6 | Rake $0
Seat 1: wakeup18 (big blind) folded before Flop
Seat 2: covasa andre (button) (small blind) collected ($6)


PokerStars Hand #145009494603:  Hold'em Limit ($3/$6 USD) - 2015/12/08 4:02:00 ET
Table 'Plaut' 2-max Seat #1 is the button
Seat 1: wakeup18 ($102 in chips)
Seat 2: covasa andre ($50.84 in chips)
wakeup18: posts small blind $1
covasa andre: posts big blind $3
*** HOLE CARDS ***
wakeup18: raises $3 to $6
covasa andre: folds
Uncalled bet ($3) returned to wakeup18
wakeup18 collected $6 from pot
wakeup18: doesn't show hand
*** SUMMARY ***
Total pot $6 | Rake $0
Seat 1: wakeup18 (button) (small blind) collected ($6)
Seat 2: covasa andre (big blind) folded before Flop


PokerStars Hand #145009490896:  Hold'em Limit ($3/$6 USD) - 2015/12/08 4:01:50 ET
Table 'Plaut' 2-max Seat #1 is the button
Seat 1: wakeup18 ($102 in chips)
Seat 2: covasa andre ($50.84 in chips)
wakeup18: posts small blind $1
covasa andre: posts big blind $3
*** HOLE CARDS ***
wakeup18: folds
Uncalled bet ($2) returned to covasa andre
covasa andre collected $2 from pot
covasa andre: doesn't show hand
*** SUMMARY ***
Total pot $2 | Rake $0
Seat 1: wakeup18 (button) (small blind) folded before Flop
Seat 2: covasa andre (big blind) collected ($2)


PokerStars Hand #145009476818:  Hold'em Limit ($3/$6 USD) - 2015/12/08 4:01:12 ET
Table 'Plaut' 2-max Seat #2 is the button
Seat 1: wakeup18 ($120 in chips)
Seat 2: covasa andre ($33.34 in chips)
covasa andre: posts small blind $1
wakeup18: posts big blind $3
*** HOLE CARDS ***
covasa andre: calls $2
wakeup18: raises $3 to $6
covasa andre: calls $3
*** FLOP *** [Ts 7d 6s]
wakeup18: bets $3
covasa andre: raises $3 to $6
wakeup18: calls $3
*** TURN *** [Ts 7d 6s] [5h]
wakeup18: checks
covasa andre: bets $6
wakeup18: calls $6
*** RIVER *** [Ts 7d 6s 5h] [3c]
wakeup18: checks
covasa andre: bets $6
wakeup18: folds
Uncalled bet ($6) returned to covasa andre
covasa andre collected $35.50 from pot
covasa andre: doesn't show hand
*** SUMMARY ***
Total pot $36 | Rake $0.50
Board [Ts 7d 6s 5h 3c]
Seat 1: wakeup18 (big blind) folded on the River
Seat 2: covasa andre (button) (small blind) collected ($35.50)


PokerStars Hand #145009543463:  Hold'em Limit ($3/$6 USD) - 2015/12/08 4:04:10 ET
Table 'Plaut' 2-max Seat #2 is the button
Seat 1: wakeup18 ($125.76 in chips)
Seat 2: covasa andre ($24.62 in chips)
covasa andre: posts small blind $1
wakeup18: posts big blind $3
*** HOLE CARDS ***
covasa andre: folds
Uncalled bet ($2) returned to wakeup18
wakeup18 collected $2 from pot
wakeup18: doesn't show hand
*** SUMMARY ***
Total pot $2 | Rake $0
Seat 1: wakeup18 (big blind) collected ($2)
Seat 2: covasa andre (button) (small blind) folded before Flop


PokerStars Hand #145009536782:  Hold'em Limit ($3/$6 USD) - 2015/12/08 4:03:52 ET
Table 'Plaut' 2-max Seat #1 is the button
Seat 1: wakeup18 ($102.26 in chips)
Seat 2: covasa andre ($48.62 in chips)
wakeup18: posts small blind $1
covasa andre: posts big blind $3
*** HOLE CARDS ***
wakeup18: raises $3 to $6
covasa andre: calls $3
*** FLOP *** [8c Js Jd]
covasa andre: checks
wakeup18: bets $3
covasa andre: raises $3 to $6
wakeup18: calls $3
*** TURN *** [8c Js Jd] [3c]
covasa andre: bets $6
wakeup18: raises $6 to $12
covasa andre: calls $6
*** RIVER *** [8c Js Jd 3c] [Qd]
covasa andre: checks
wakeup18: checks
*** SHOW DOWN ***
covasa andre: shows [8s Kd] (two pair, Jacks and Eights)
wakeup18: shows [9d 9s] (two pair, Jacks and Nines)
wakeup18 collected $47.50 from pot
*** SUMMARY ***
Total pot $48 | Rake $0.50
Board [8c Js Jd 3c Qd]
Seat 1: wakeup18 (button) (small blind) showed [9d 9s] and won ($47.50) with two pair, Jacks and Nines
Seat 2: covasa andre (big blind) showed [8s Kd] and lost with two pair, Jacks and Eights


PokerStars Hand #145009530902:  Hold'em Limit ($3/$6 USD) - 2015/12/08 4:03:36 ET
Table 'Plaut' 2-max Seat #2 is the button
Seat 1: wakeup18 ($108.26 in chips)
Seat 2: covasa andre ($42.86 in chips)
covasa andre: posts small blind $1
wakeup18: posts big blind $3
*** HOLE CARDS ***
covasa andre: raises $3 to $6
wakeup18: calls $3
*** FLOP *** [8s Js 2s]
wakeup18: checks
covasa andre: checks
*** TURN *** [8s Js 2s] [5h]
wakeup18: checks
covasa andre: checks
*** RIVER *** [8s Js 2s 5h] [9d]
wakeup18: checks
covasa andre: bets $6
wakeup18: folds
Uncalled bet ($6) returned to covasa andre
covasa andre collected $11.76 from pot
covasa andre: doesn't show hand
*** SUMMARY ***
Total pot $12 | Rake $0.24
Board [8s Js 2s 5h 9d]
Seat 1: wakeup18 (big blind) folded on the River
Seat 2: covasa andre (button) (small blind) collected ($11.76)


PokerStars Hand #145009523718:  Hold'em Limit ($3/$6 USD) - 2015/12/08 4:03:17 ET
Table 'Plaut' 2-max Seat #1 is the button
Seat 1: wakeup18 ($123.26 in chips)
Seat 2: covasa andre ($28.36 in chips)
wakeup18: posts small blind $1
covasa andre: posts big blind $3
*** HOLE CARDS ***
wakeup18: raises $3 to $6
covasa andre: raises $3 to $9
wakeup18: calls $3
*** FLOP *** [9s Ac 3s]
covasa andre: checks
wakeup18: checks
*** TURN *** [9s Ac 3s] [8d]
covasa andre: checks
wakeup18: checks
*** RIVER *** [9s Ac 3s 8d] [9c]
covasa andre: bets $6
wakeup18: calls $6
*** SHOW DOWN ***
covasa andre: shows [Ad 6d] (two pair, Aces and Nines)
wakeup18: mucks hand
covasa andre collected $29.50 from pot
*** SUMMARY ***
Total pot $30 | Rake $0.50
Board [9s Ac 3s 8d 9c]
Seat 1: wakeup18 (button) (small blind) mucked
Seat 2: covasa andre (big blind) showed [Ad 6d] and won ($29.50) with two pair, Aces and Nines


PokerStars Hand #145009516989:  Hold'em Limit ($3/$6 USD) - 2015/12/08 4:02:59 ET
Table 'Plaut' 2-max Seat #2 is the button
Seat 1: wakeup18 ($135.26 in chips)
Seat 2: covasa andre ($16.84 in chips)
covasa andre: posts small blind $1
wakeup18: posts big blind $3
*** HOLE CARDS ***
covasa andre: calls $2
wakeup18: checks
*** FLOP *** [3s 2d 6s]
wakeup18: checks
covasa andre: bets $3
wakeup18: calls $3
*** TURN *** [3s 2d 6s] [Jc]
wakeup18: checks
covasa andre: checks
*** RIVER *** [3s 2d 6s Jc] [Kh]
wakeup18: checks
covasa andre: bets $6
wakeup18: calls $6
*** SHOW DOWN ***
covasa andre: shows [Kd 3d] (two pair, Kings and Threes)
wakeup18: mucks hand
covasa andre collected $23.52 from pot
*** SUMMARY ***
Total pot $24 | Rake $0.48
Board [3s 2d 6s Jc Kh]
Seat 1: wakeup18 (big blind) mucked
Seat 2: covasa andre (button) (small blind) showed [Kd 3d] and won ($23.52) with two pair, Kings and Threes


PokerStars Hand #145009513757:  Hold'em Limit ($3/$6 USD) - 2015/12/08 4:02:51 ET
Table 'Plaut' 2-max Seat #1 is the button
Seat 1: wakeup18 ($129.50 in chips)
Seat 2: covasa andre ($22.84 in chips)
wakeup18: posts small blind $1
covasa andre: posts big blind $3
*** HOLE CARDS ***
wakeup18: raises $3 to $6
covasa andre: calls $3
*** FLOP *** [5c Kd Kh]
covasa andre: checks
wakeup18: bets $3
covasa andre: folds
Uncalled bet ($3) returned to wakeup18
wakeup18 collected $11.76 from pot
wakeup18: doesn't show hand
*** SUMMARY ***
Total pot $12 | Rake $0.24
Board [5c Kd Kh]
Seat 1: wakeup18 (button) (small blind) collected ($11.76)
Seat 2: covasa andre (big blind) folded on the Flop


PokerStars Hand #145009512194:  Hold'em Limit ($3/$6 USD) - 2015/12/08 4:02:47 ET
Table 'Plaut' 2-max Seat #2 is the button
Seat 1: wakeup18 ($128.50 in chips)
Seat 2: covasa andre ($23.84 in chips)
covasa andre: posts small blind $1
wakeup18: posts big blind $3
*** HOLE CARDS ***
covasa andre: folds
Uncalled bet ($2) returned to wakeup18
wakeup18 collected $2 from pot
wakeup18: doesn't show hand
*** SUMMARY ***
Total pot $2 | Rake $0
Seat 1: wakeup18 (big blind) collected ($2)
Seat 2: covasa andre (button) (small blind) folded before Flop


PokerStars Hand #145009502562:  Hold'em Limit ($3/$6 USD) - 2015/12/08 4:02:21 ET
Table 'Plaut' 2-max Seat #1 is the button
Seat 1: wakeup18 ($102 in chips)
Seat 2: covasa andre ($50.84 in chips)
wakeup18: posts small blind $1
covasa andre: posts big blind $3
*** HOLE CARDS ***
wakeup18: raises $3 to $6
covasa andre: calls $3
*** FLOP *** [6h 3c 7h]
covasa andre: checks
wakeup18: bets $3
covasa andre: calls $3
*** TURN *** [6h 3c 7h] [2d]
covasa andre: checks
wakeup18: bets $6
covasa andre: calls $6
*** RIVER *** [6h 3c 7h 2d] [8h]
covasa andre: checks
wakeup18: bets $6
covasa andre: raises $6 to $12
wakeup18: calls $6
*** SHOW DOWN ***
covasa andre: shows [Ts 8d] (a pair of Eights)
wakeup18: shows [Jc Js] (a pair of Jacks)
wakeup18 collected $53.50 from pot
*** SUMMARY ***
Total pot $54 | Rake $0.50
Board [6h 3c 7h 2d 8h]
Seat 1: wakeup18 (button) (small blind) showed [Jc Js] and won ($53.50) with a pair of Jacks
Seat 2: covasa andre (big blind) showed [Ts 8d] and lost with a pair of Eights


PokerStars Hand #145009559824:  Hold'em Limit ($3/$6 USD) - 2015/12/08 4:04:54 ET
Table 'Plaut' 2-max Seat #2 is the button
Seat 1: wakeup18 ($149.88 in chips)
Seat 2: covasa andre ($44.34 in chips)
covasa andre: posts small blind $1
wakeup18: posts big blind $3
*** HOLE CARDS ***
covasa andre: folds
Uncalled bet ($2) returned to wakeup18
wakeup18 collected $2 from pot
wakeup18: doesn't show hand
*** SUMMARY ***
Total pot $2 | Rake $0
Seat 1: wakeup18 (big blind) collected ($2)
Seat 2: covasa andre (button) (small blind) folded before Flop


PokerStars Hand #145009544996:  Hold'em Limit ($3/$6 USD) - 2015/12/08 4:04:14 ET
Table 'Plaut' 2-max Seat #1 is the button
Seat 1: wakeup18 ($126.76 in chips)
Seat 2: covasa andre ($23.62 in chips)
wakeup18: posts small blind $1
covasa andre: posts big blind $3
*** HOLE CARDS ***
wakeup18: raises $3 to $6
covasa andre: calls $3
*** FLOP *** [3d 4s 3c]
covasa andre: checks
wakeup18: bets $3
covasa andre: raises $3 to $6
wakeup18: calls $3
*** TURN *** [3d 4s 3c] [Qd]
covasa andre: bets $6
wakeup18: raises $6 to $12
covasa andre: calls $5.62 and is all-in
Uncalled bet ($0.38) returned to wakeup18
*** RIVER *** [3d 4s 3c Qd] [2d]
*** SHOW DOWN ***
covasa andre: shows [4c Kh] (two pair, Fours and Threes)
wakeup18: shows [3s Ts] (three of a kind, Threes)
wakeup18 collected $46.74 from pot
*** SUMMARY ***
Total pot $47.24 | Rake $0.50
Board [3d 4s 3c Qd 2d]
Seat 1: wakeup18 (button) (small blind) showed [3s Ts] and won ($46.74) with three of a kind, Threes
Seat 2: covasa andre (big blind) showed [4c Kh] and lost with two pair, Fours and Threes


PokerStars Hand #145009579676:  Hold'em Limit ($3/$6 USD) - 2015/12/08 4:05:47 ET
Table 'Plaut' 2-max Seat #2 is the button
Seat 1: wakeup18 ($185.88 in chips)
Seat 2: covasa andre ($7.34 in chips)
covasa andre: posts small blind $1
wakeup18: posts big blind $3
*** HOLE CARDS ***
covasa andre: raises $3 to $6
wakeup18: raises $3 to $9
covasa andre: calls $1.34 and is all-in
Uncalled bet ($1.66) returned to wakeup18
*** FLOP *** [3d 3c 2d]
*** TURN *** [3d 3c 2d] [9h]
*** RIVER *** [3d 3c 2d 9h] [4d]
*** SHOW DOWN ***
wakeup18: shows [2c Ad] (two pair, Threes and Deuces)
covasa andre: shows [Td 8s] (a pair of Threes)
wakeup18 collected $14.39 from pot
*** SUMMARY ***
Total pot $14.68 | Rake $0.29
Board [3d 3c 2d 9h 4d]
Seat 1: wakeup18 (big blind) showed [2c Ad] and won ($14.39) with two pair, Threes and Deuces
Seat 2: covasa andre (button) (small blind) showed [Td 8s] and lost with a pair of Threes


PokerStars Hand #145009577489:  Hold'em Limit ($3/$6 USD) - 2015/12/08 4:05:42 ET
Table 'Plaut' 2-max Seat #1 is the button
Seat 1: wakeup18 ($182.88 in chips)
Seat 2: covasa andre ($10.34 in chips)
wakeup18: posts small blind $1
covasa andre: posts big blind $3
*** HOLE CARDS ***
wakeup18: raises $3 to $6
covasa andre: folds
Uncalled bet ($3) returned to wakeup18
wakeup18 collected $6 from pot
wakeup18: doesn't show hand
*** SUMMARY ***
Total pot $6 | Rake $0
Seat 1: wakeup18 (button) (small blind) collected ($6)
Seat 2: covasa andre (big blind) folded before Flop


PokerStars Hand #145009575544:  Hold'em Limit ($3/$6 USD) - 2015/12/08 4:05:36 ET
Table 'Plaut' 2-max Seat #2 is the button
Seat 1: wakeup18 ($181.88 in chips)
Seat 2: covasa andre ($11.34 in chips)
covasa andre: posts small blind $1
wakeup18: posts big blind $3
*** HOLE CARDS ***
covasa andre: folds
Uncalled bet ($2) returned to wakeup18
wakeup18 collected $2 from pot
wakeup18: doesn't show hand
*** SUMMARY ***
Total pot $2 | Rake $0
Seat 1: wakeup18 (big blind) collected ($2)
Seat 2: covasa andre (button) (small blind) folded before Flop


PokerStars Hand #145009562127:  Hold'em Limit ($3/$6 USD) - 2015/12/08 4:05:00 ET
Table 'Plaut' 2-max Seat #1 is the button
Seat 1: wakeup18 ($150.88 in chips)
Seat 2: covasa andre ($43.34 in chips)
wakeup18: posts small blind $1
covasa andre: posts big blind $3
*** HOLE CARDS ***
wakeup18: raises $3 to $6
covasa andre: calls $3
*** FLOP *** [9s Qd 2d]
covasa andre: checks
wakeup18: bets $3
covasa andre: calls $3
*** TURN *** [9s Qd 2d] [5h]
covasa andre: checks
wakeup18: checks
*** RIVER *** [9s Qd 2d 5h] [Jh]
covasa andre: bets $6
wakeup18: calls $6
*** SHOW DOWN ***
covasa andre: shows [8s Ad] (high card Ace)
wakeup18: shows [8d 8c] (a pair of Eights)
wakeup18 collected $29.50 from pot
*** SUMMARY ***
Total pot $30 | Rake $0.50
Board [9s Qd 2d 5h Jh]
Seat 1: wakeup18 (button) (small blind) showed [8d 8c] and won ($29.50) with a pair of Eights
Seat 2: covasa andre (big blind) showed [8s Ad] and lost with high card Ace


PokerStars Hand #145009573805:  Hold'em Limit ($3/$6 USD) - 2015/12/08 4:05:32 ET
Table 'Plaut' 2-max Seat #1 is the button
Seat 1: wakeup18 ($182.88 in chips)
Seat 2: covasa andre ($10.34 in chips)
wakeup18: posts small blind $1
covasa andre: posts big blind $3
*** HOLE CARDS ***
wakeup18: folds
Uncalled bet ($2) returned to covasa andre
covasa andre collected $2 from pot
covasa andre: doesn't show hand
*** SUMMARY ***
Total pot $2 | Rake $0
Seat 1: wakeup18 (button) (small blind) folded before Flop
Seat 2: covasa andre (big blind) collected ($2)


PokerStars Hand #145009568445:  Hold'em Limit ($3/$6 USD) - 2015/12/08 4:05:17 ET
Table 'Plaut' 2-max Seat #2 is the button
Seat 1: wakeup18 ($165.38 in chips)
Seat 2: covasa andre ($28.34 in chips)
covasa andre: posts small blind $1
wakeup18: posts big blind $3
*** HOLE CARDS ***
covasa andre: raises $3 to $6
wakeup18: calls $3
*** FLOP *** [7s 7d 5c]
wakeup18: checks
covasa andre: checks
*** TURN *** [7s 7d 5c] [4s]
wakeup18: checks
covasa andre: checks
*** RIVER *** [7s 7d 5c 4s] [6s]
wakeup18: bets $6
covasa andre: raises $6 to $12
wakeup18: calls $6
*** SHOW DOWN ***
covasa andre: shows [6c 9c] (two pair, Sevens and Sixes)
wakeup18: shows [As 8d] (a straight, Four to Eight)
wakeup18 collected $35.50 from pot
*** SUMMARY ***
Total pot $36 | Rake $0.50
Board [7s 7d 5c 4s 6s]
Seat 1: wakeup18 (big blind) showed [As 8d] and won ($35.50) with a straight, Four to Eight
Seat 2: covasa andre (button) (small blind) showed [6c 9c] and lost with two pair, Sevens and Sixes


