PokerStars Hand #147802773389:  Hold'em Limit ($3/$6 USD) - 2016/01/27 23:55:19 ET
Table 'Pleione' 10-max Seat #10 is the button
Seat 1: Masqb ($126 in chips)
Seat 10: Headgtboy ($120 in chips)
Headgtboy: posts small blind $1
Masqb: posts big blind $3
*** HOLE CARDS ***
Headgtboy: raises $3 to $6
Masqb: calls $3
*** FLOP *** [2s 7s 6h]
Masqb: checks
Headgtboy: bets $3
Masqb: folds
Uncalled bet ($3) returned to Headgtboy
Headgtboy collected $11.76 from pot
Headgtboy: doesn't show hand
*** SUMMARY ***
Total pot $12 | Rake $0.24
Board [2s 7s 6h]
Seat 1: Masqb (big blind) folded on the Flop
Seat 10: Headgtboy (button) (small blind) collected ($11.76)


PokerStars Hand #147802777212:  Hold'em Limit ($3/$6 USD) - 2016/01/27 23:55:34 ET
Table 'Pleione' 10-max Seat #1 is the button
Seat 1: Masqb ($120 in chips)
Seat 10: Headgtboy ($125.76 in chips)
Masqb: posts small blind $1
Headgtboy: posts big blind $3
*** HOLE CARDS ***
Masqb: raises $3 to $6
Headgtboy: calls $3
*** FLOP *** [8h Kd 2d]
Headgtboy: checks
Masqb: bets $3
Headgtboy: folds
Uncalled bet ($3) returned to Masqb
Masqb collected $11.76 from pot
Masqb: doesn't show hand
*** SUMMARY ***
Total pot $12 | Rake $0.24
Board [8h Kd 2d]
Seat 1: Masqb (button) (small blind) collected ($11.76)
Seat 10: Headgtboy (big blind) folded on the Flop


PokerStars Hand #147802780332:  Hold'em Limit ($3/$6 USD) - 2016/01/27 23:55:46 ET
Table 'Pleione' 10-max Seat #10 is the button
Seat 1: Masqb ($125.76 in chips)
Seat 10: Headgtboy ($119.76 in chips)
Headgtboy: posts small blind $1
Masqb: posts big blind $3
*** HOLE CARDS ***
Headgtboy: folds
Uncalled bet ($2) returned to Masqb
Masqb collected $2 from pot
Masqb: doesn't show hand
*** SUMMARY ***
Total pot $2 | Rake $0
Seat 1: Masqb (big blind) collected ($2)
Seat 10: Headgtboy (button) (small blind) folded before Flop


PokerStars Hand #147802781673:  Hold'em Limit ($3/$6 USD) - 2016/01/27 23:55:51 ET
Table 'Pleione' 10-max Seat #1 is the button
Seat 1: Masqb ($126.76 in chips)
Seat 10: Headgtboy ($118.76 in chips)
Masqb: posts small blind $1
Headgtboy: posts big blind $3
*** HOLE CARDS ***
Masqb: raises $3 to $6
Headgtboy: calls $3
*** FLOP *** [Qd Kc 4d]
Headgtboy: checks
Masqb: bets $3
Headgtboy: folds
Uncalled bet ($3) returned to Masqb
Masqb collected $11.76 from pot
Masqb: doesn't show hand
*** SUMMARY ***
Total pot $12 | Rake $0.24
Board [Qd Kc 4d]
Seat 1: Masqb (button) (small blind) collected ($11.76)
Seat 10: Headgtboy (big blind) folded on the Flop


PokerStars Hand #147802784844:  Hold'em Limit ($3/$6 USD) - 2016/01/27 23:56:04 ET
Table 'Pleione' 10-max Seat #10 is the button
Seat 1: Masqb ($132.52 in chips)
Seat 10: Headgtboy ($112.76 in chips)
Headgtboy: posts small blind $1
Masqb: posts big blind $3
*** HOLE CARDS ***
Headgtboy: folds
Uncalled bet ($2) returned to Masqb
Masqb collected $2 from pot
Masqb: doesn't show hand
*** SUMMARY ***
Total pot $2 | Rake $0
Seat 1: Masqb (big blind) collected ($2)
Seat 10: Headgtboy (button) (small blind) folded before Flop


PokerStars Hand #147803067971:  Hold'em Limit ($3/$6 USD) - 2016/01/28 0:12:36 ET
Table 'Pleione' 10-max Seat #5 is the button
Seat 5: Nirelle ($155.92 in chips)
Seat 8: HAL9QQQ ($131.55 in chips)
Nirelle: posts small blind $1
JSDM8682: is sitting out
HAL9QQQ: posts big blind $3
*** HOLE CARDS ***
Nirelle: raises $3 to $6
HAL9QQQ: calls $3
*** FLOP *** [Th 4s Ah]
HAL9QQQ: checks
Nirelle: bets $3
HAL9QQQ: folds
Uncalled bet ($3) returned to Nirelle
Nirelle collected $11.76 from pot
Nirelle: doesn't show hand
JSDM8682 leaves the table
*** SUMMARY ***
Total pot $12 | Rake $0.24
Board [Th 4s Ah]
Seat 5: Nirelle (button) (small blind) collected ($11.76)
Seat 8: HAL9QQQ (big blind) folded on the Flop


PokerStars Hand #147803071226:  Hold'em Limit ($3/$6 USD) - 2016/01/28 0:12:47 ET
Table 'Pleione' 10-max Seat #8 is the button
Seat 5: Nirelle ($161.68 in chips)
Seat 8: HAL9QQQ ($125.55 in chips)
HAL9QQQ: posts small blind $1
Nirelle: posts big blind $3
*** HOLE CARDS ***
HAL9QQQ: raises $3 to $6
Nirelle: raises $3 to $9
HAL9QQQ: calls $3
*** FLOP *** [Kc As Td]
Nirelle: bets $3
HAL9QQQ: folds
Uncalled bet ($3) returned to Nirelle
Nirelle collected $17.64 from pot
Nirelle: doesn't show hand
*** SUMMARY ***
Total pot $18 | Rake $0.36
Board [Kc As Td]
Seat 5: Nirelle (big blind) collected ($17.64)
Seat 8: HAL9QQQ (button) (small blind) folded on the Flop


