PokerStars Hand #156891951218:  Hold'em Limit ($3/$6 USD) - 2016/08/05 9:18:10 ET
Table 'Pleione II' 6-max Seat #6 is the button
Seat 5: asino222 ($54.83 in chips)
Seat 6: kolaz03 ($72 in chips)
kolaz03: posts small blind $1
TbIP-TbIP 88: is sitting out
asino222: posts big blind $3
*** HOLE CARDS ***
kolaz03: raises $3 to $6
asino222: calls $3
*** FLOP *** [Ac 9s As]
asino222: checks
kolaz03: bets $3
asino222: folds
Uncalled bet ($3) returned to kolaz03
kolaz03 collected $11.76 from pot
kolaz03: doesn't show hand
*** SUMMARY ***
Total pot $12 | Rake $0.24
Board [Ac 9s As]
Seat 5: asino222 (big blind) folded on the Flop
Seat 6: kolaz03 (button) (small blind) collected ($11.76)


PokerStars Hand #156891959669:  Hold'em Limit ($3/$6 USD) - 2016/08/05 9:18:26 ET
Table 'Pleione II' 6-max Seat #5 is the button
Seat 5: asino222 ($48.83 in chips)
Seat 6: kolaz03 ($77.76 in chips)
asino222: posts small blind $1
kolaz03: posts big blind $3
*** HOLE CARDS ***
asino222: raises $3 to $6
kolaz03: folds
Uncalled bet ($3) returned to asino222
asino222 collected $6 from pot
asino222: doesn't show hand
*** SUMMARY ***
Total pot $6 | Rake $0
Seat 5: asino222 (button) (small blind) collected ($6)
Seat 6: kolaz03 (big blind) folded before Flop


PokerStars Hand #156892004553:  Hold'em Limit ($3/$6 USD) - 2016/08/05 9:19:39 ET
Table 'Pleione II' 6-max Seat #5 is the button
Seat 5: asino222 ($21.83 in chips)
Seat 6: kolaz03 ($104.26 in chips)
asino222: posts small blind $1
kolaz03: posts big blind $3
*** HOLE CARDS ***
asino222: raises $3 to $6
kolaz03: calls $3
*** FLOP *** [4s 4h 6s]
kolaz03: checks
asino222: checks
*** TURN *** [4s 4h 6s] [Qd]
kolaz03: bets $6
asino222: folds
Uncalled bet ($6) returned to kolaz03
kolaz03 collected $11.76 from pot
kolaz03: doesn't show hand
*** SUMMARY ***
Total pot $12 | Rake $0.24
Board [4s 4h 6s Qd]
Seat 5: asino222 (button) (small blind) folded on the Turn
Seat 6: kolaz03 (big blind) collected ($11.76)


PokerStars Hand #156892012201:  Hold'em Limit ($3/$6 USD) - 2016/08/05 9:19:54 ET
Table 'Pleione II' 6-max Seat #6 is the button
Seat 5: asino222 ($46.25 in chips)
Seat 6: kolaz03 ($110.02 in chips)
kolaz03: posts small blind $1
asino222: posts big blind $3
*** HOLE CARDS ***
kolaz03: raises $3 to $6
asino222: raises $3 to $9
kolaz03: calls $3
*** FLOP *** [Qc 4s 5c]
asino222: bets $3
kolaz03: folds
Uncalled bet ($3) returned to asino222
asino222 collected $17.64 from pot
asino222: doesn't show hand
*** SUMMARY ***
Total pot $18 | Rake $0.36
Board [Qc 4s 5c]
Seat 5: asino222 (big blind) collected ($17.64)
Seat 6: kolaz03 (button) (small blind) folded on the Flop


PokerStars Hand #156892020901:  Hold'em Limit ($3/$6 USD) - 2016/08/05 9:20:10 ET
Table 'Pleione II' 6-max Seat #5 is the button
Seat 5: asino222 ($54.89 in chips)
Seat 6: kolaz03 ($101.02 in chips)
asino222: posts small blind $1
kolaz03: posts big blind $3
*** HOLE CARDS ***
asino222: raises $3 to $6
kolaz03: calls $3
*** FLOP *** [2s 5d 7d]
kolaz03: checks
asino222: bets $3
kolaz03: calls $3
*** TURN *** [2s 5d 7d] [7h]
kolaz03: checks
asino222: checks
*** RIVER *** [2s 5d 7d 7h] [4d]
kolaz03: checks
asino222: checks
*** SHOW DOWN ***
kolaz03: shows [9s Kc] (a pair of Sevens)
asino222: mucks hand
kolaz03 collected $17.64 from pot
*** SUMMARY ***
Total pot $18 | Rake $0.36
Board [2s 5d 7d 7h 4d]
Seat 5: asino222 (button) (small blind) mucked
Seat 6: kolaz03 (big blind) showed [9s Kc] and won ($17.64) with a pair of Sevens


PokerStars Hand #156892045508:  Hold'em Limit ($3/$6 USD) - 2016/08/05 9:20:58 ET
Table 'Pleione II' 6-max Seat #5 is the button
Seat 5: asino222 ($39.89 in chips)
Seat 6: kolaz03 ($115.42 in chips)
asino222: posts small blind $1
kolaz03: posts big blind $3
*** HOLE CARDS ***
StackChipz71 joins the table at seat #1
asino222: folds
Uncalled bet ($2) returned to kolaz03
kolaz03 collected $2 from pot
kolaz03: doesn't show hand
*** SUMMARY ***
Total pot $2 | Rake $0
Seat 5: asino222 (button) (small blind) folded before Flop
Seat 6: kolaz03 (big blind) collected ($2)


PokerStars Hand #156892036737:  Hold'em Limit ($3/$6 USD) - 2016/08/05 9:20:41 ET
Table 'Pleione II' 6-max Seat #6 is the button
Seat 5: asino222 ($45.89 in chips)
Seat 6: kolaz03 ($109.66 in chips)
kolaz03: posts small blind $1
asino222: posts big blind $3
*** HOLE CARDS ***
kolaz03: raises $3 to $6
asino222: calls $3
*** FLOP *** [9d Qd 4d]
asino222: checks
kolaz03: bets $3
asino222: folds
Uncalled bet ($3) returned to kolaz03
kolaz03 collected $11.76 from pot
kolaz03: doesn't show hand
*** SUMMARY ***
Total pot $12 | Rake $0.24
Board [9d Qd 4d]
Seat 5: asino222 (big blind) folded on the Flop
Seat 6: kolaz03 (button) (small blind) collected ($11.76)


PokerStars Hand #156896887553:  Hold'em Limit ($3/$6 USD) - 2016/08/05 11:46:33 ET
Table 'Pleione II' 6-max Seat #3 is the button
Seat 1: fugu82 ($207.34 in chips)
Seat 3: SALZHERZ ($241.99 in chips)
SALZHERZ: posts small blind $1
fugu82: posts big blind $3
*** HOLE CARDS ***
SALZHERZ: folds
Uncalled bet ($2) returned to fugu82
fugu82 collected $2 from pot
*** SUMMARY ***
Total pot $2 | Rake $0
Seat 1: fugu82 (big blind) collected ($2)
Seat 3: SALZHERZ (button) (small blind) folded before Flop


PokerStars Hand #156896877149:  Hold'em Limit ($3/$6 USD) - 2016/08/05 11:46:15 ET
Table 'Pleione II' 6-max Seat #1 is the button
Seat 1: fugu82 ($231.34 in chips)
Seat 3: SALZHERZ ($218.49 in chips)
fugu82: posts small blind $1
SALZHERZ: posts big blind $3
*** HOLE CARDS ***
fugu82: raises $3 to $6
SALZHERZ: raises $3 to $9
fugu82: calls $3
*** FLOP *** [Qs Ts Qh]
SALZHERZ: bets $3
fugu82: calls $3
*** TURN *** [Qs Ts Qh] [Th]
SALZHERZ: checks
fugu82: bets $6
SALZHERZ: calls $6
*** RIVER *** [Qs Ts Qh Th] [Jd]
SALZHERZ: checks
fugu82: bets $6
SALZHERZ: calls $6
*** SHOW DOWN ***
fugu82: shows [Kh 5s] (two pair, Queens and Tens)
SALZHERZ: shows [Ah Kd] (a straight, Ten to Ace)
SALZHERZ collected $47.50 from pot
*** SUMMARY ***
Total pot $48 | Rake $0.50
Board [Qs Ts Qh Th Jd]
Seat 1: fugu82 (button) (small blind) showed [Kh 5s] and lost with two pair, Queens and Tens
Seat 3: SALZHERZ (big blind) showed [Ah Kd] and won ($47.50) with a straight, Ten to Ace


PokerStars Hand #156896890522:  Hold'em Limit ($3/$6 USD) - 2016/08/05 11:46:38 ET
Table 'Pleione II' 6-max Seat #1 is the button
Seat 1: fugu82 ($208.34 in chips)
Seat 3: SALZHERZ ($240.99 in chips)
fugu82: posts small blind $1
SALZHERZ: posts big blind $3
*** HOLE CARDS ***
fugu82: raises $3 to $6
SALZHERZ: calls $3
*** FLOP *** [7c 5d 6d]
SALZHERZ: bets $3
fugu82: calls $3
*** TURN *** [7c 5d 6d] [Jc]
SALZHERZ: bets $6
fugu82: calls $6
*** RIVER *** [7c 5d 6d Jc] [3h]
SALZHERZ: bets $6
fugu82: folds
Uncalled bet ($6) returned to SALZHERZ
TbIP-TbIP 88 leaves the table
SALZHERZ collected $29.50 from pot
SALZHERZ: doesn't show hand
*** SUMMARY ***
Total pot $30 | Rake $0.50
Board [7c 5d 6d Jc 3h]
Seat 1: fugu82 (button) (small blind) folded on the River
Seat 3: SALZHERZ (big blind) collected ($29.50)


PokerStars Hand #156896871774:  Hold'em Limit ($3/$6 USD) - 2016/08/05 11:46:06 ET
Table 'Pleione II' 6-max Seat #3 is the button
Seat 1: fugu82 ($237.34 in chips)
Seat 3: SALZHERZ ($212.73 in chips)
SALZHERZ: posts small blind $1
fugu82: posts big blind $3
*** HOLE CARDS ***
SALZHERZ: raises $3 to $6
fugu82: calls $3
*** FLOP *** [6d 7d Ks]
fugu82: checks
SALZHERZ: bets $3
nat42 leaves the table
fugu82: folds
Uncalled bet ($3) returned to SALZHERZ
SALZHERZ collected $11.76 from pot
SALZHERZ: doesn't show hand
*** SUMMARY ***
Total pot $12 | Rake $0.24
Board [6d 7d Ks]
Seat 1: fugu82 (big blind) folded on the Flop
Seat 3: SALZHERZ (button) (small blind) collected ($11.76)


PokerStars Hand #156896869123:  Hold'em Limit ($3/$6 USD) - 2016/08/05 11:46:01 ET
Table 'Pleione II' 6-max Seat #1 is the button
Seat 1: fugu82 ($238.34 in chips)
Seat 3: SALZHERZ ($211.73 in chips)
fugu82: posts small blind $1
SALZHERZ: posts big blind $3
*** HOLE CARDS ***
fugu82: folds
Uncalled bet ($2) returned to SALZHERZ
SALZHERZ collected $2 from pot
SALZHERZ: doesn't show hand
*** SUMMARY ***
Total pot $2 | Rake $0
Seat 1: fugu82 (button) (small blind) folded before Flop
Seat 3: SALZHERZ (big blind) collected ($2)


PokerStars Hand #156896906568:  Hold'em Limit ($3/$6 USD) - 2016/08/05 11:47:05 ET
Table 'Pleione II' 6-max Seat #1 is the button
Seat 1: fugu82 ($187.34 in chips)
Seat 3: SALZHERZ ($261.25 in chips)
fugu82: posts small blind $1
SALZHERZ: posts big blind $3
*** HOLE CARDS ***
fugu82: raises $3 to $6
SALZHERZ: calls $3
*** FLOP *** [9c 6h 7h]
SALZHERZ: bets $3
fugu82: calls $3
*** TURN *** [9c 6h 7h] [7d]
SALZHERZ: bets $6
fugu82: calls $6
*** RIVER *** [9c 6h 7h 7d] [5s]
SALZHERZ: bets $6
fugu82: calls $6
*** SHOW DOWN ***
SALZHERZ: shows [2h 9s] (two pair, Nines and Sevens)
fugu82: mucks hand
SALZHERZ collected $41.50 from pot
*** SUMMARY ***
Total pot $42 | Rake $0.50
Board [9c 6h 7h 7d 5s]
Seat 1: fugu82 (button) (small blind) mucked
Seat 3: SALZHERZ (big blind) showed [2h 9s] and won ($41.50) with two pair, Nines and Sevens


PokerStars Hand #156896917177:  Hold'em Limit ($3/$6 USD) - 2016/08/05 11:47:22 ET
Table 'Pleione II' 6-max Seat #3 is the button
Seat 1: fugu82 ($166.34 in chips)
Seat 3: SALZHERZ ($281.75 in chips)
SALZHERZ: posts small blind $1
fugu82: posts big blind $3
*** HOLE CARDS ***
SALZHERZ: raises $3 to $6
fugu82: calls $3
*** FLOP *** [Qd As Kd]
fugu82: checks
SALZHERZ: bets $3
fugu82: folds
Uncalled bet ($3) returned to SALZHERZ
SALZHERZ collected $11.76 from pot
SALZHERZ: doesn't show hand
*** SUMMARY ***
Total pot $12 | Rake $0.24
Board [Qd As Kd]
Seat 1: fugu82 (big blind) folded on the Flop
Seat 3: SALZHERZ (button) (small blind) collected ($11.76)


PokerStars Hand #156896922488:  Hold'em Limit ($3/$6 USD) - 2016/08/05 11:47:31 ET
Table 'Pleione II' 6-max Seat #1 is the button
Seat 1: fugu82 ($160.34 in chips)
Seat 3: SALZHERZ ($287.51 in chips)
fugu82: posts small blind $1
SALZHERZ: posts big blind $3
*** HOLE CARDS ***
fugu82: raises $3 to $6
SALZHERZ: calls $3
*** FLOP *** [5s 8s 2d]
SALZHERZ: bets $3
fugu82: calls $3
*** TURN *** [5s 8s 2d] [4c]
SALZHERZ: bets $6
fugu82: calls $6
*** RIVER *** [5s 8s 2d 4c] [Jc]
SALZHERZ: checks
fugu82: checks
*** SHOW DOWN ***
SALZHERZ: shows [4h 3d] (a pair of Fours)
fugu82: mucks hand
SALZHERZ collected $29.50 from pot
iskambil joins the table at seat #5
*** SUMMARY ***
Total pot $30 | Rake $0.50
Board [5s 8s 2d 4c Jc]
Seat 1: fugu82 (button) (small blind) mucked
Seat 3: SALZHERZ (big blind) showed [4h 3d] and won ($29.50) with a pair of Fours


PokerStars Hand #156896901344:  Hold'em Limit ($3/$6 USD) - 2016/08/05 11:46:56 ET
Table 'Pleione II' 6-max Seat #3 is the button
Seat 1: fugu82 ($193.34 in chips)
Seat 3: SALZHERZ ($255.49 in chips)
SALZHERZ: posts small blind $1
fugu82: posts big blind $3
*** HOLE CARDS ***
SALZHERZ: raises $3 to $6
fugu82: calls $3
*** FLOP *** [Th Qs Kc]
fugu82: checks
SALZHERZ: bets $3
fugu82: folds
Uncalled bet ($3) returned to SALZHERZ
SALZHERZ collected $11.76 from pot
SALZHERZ: doesn't show hand
*** SUMMARY ***
Total pot $12 | Rake $0.24
Board [Th Qs Kc]
Seat 1: fugu82 (big blind) folded on the Flop
Seat 3: SALZHERZ (button) (small blind) collected ($11.76)


PokerStars Hand #156897012656:  Hold'em Limit ($3/$6 USD) - 2016/08/05 11:50:03 ET
Table 'Pleione II' 6-max Seat #1 is the button
Seat 1: fugu82 ($84.34 in chips)
Seat 3: SALZHERZ ($423.33 in chips)
fugu82: posts small blind $1
SALZHERZ: posts big blind $3
*** HOLE CARDS ***
fugu82: raises $3 to $6
SALZHERZ: calls $3
*** FLOP *** [3c 4d Qh]
SALZHERZ: bets $3
fugu82: calls $3
*** TURN *** [3c 4d Qh] [Ts]
SALZHERZ: bets $6
fugu82: folds
Uncalled bet ($6) returned to SALZHERZ
SALZHERZ collected $17.64 from pot
SALZHERZ: doesn't show hand
*** SUMMARY ***
Total pot $18 | Rake $0.36
Board [3c 4d Qh Ts]
Seat 1: fugu82 (button) (small blind) folded on the Turn
Seat 3: SALZHERZ (big blind) collected ($17.64)


PokerStars Hand #156897000541:  Hold'em Limit ($3/$6 USD) - 2016/08/05 11:49:42 ET
Table 'Pleione II' 6-max Seat #3 is the button
Seat 1: fugu82 ($108.34 in chips)
Seat 3: SALZHERZ ($399.83 in chips)
SALZHERZ: posts small blind $1
fugu82: posts big blind $3
*** HOLE CARDS ***
SALZHERZ: raises $3 to $6
iskambil leaves the table
fugu82: calls $3
*** FLOP *** [8h Th 8c]
fugu82: checks
Kasinojunge* joins the table at seat #6
SALZHERZ: bets $3
fugu82: raises $3 to $6
SALZHERZ: calls $3
*** TURN *** [8h Th 8c] [4s]
fugu82: bets $6
SALZHERZ: calls $6
*** RIVER *** [8h Th 8c 4s] [4c]
fugu82: bets $6
SALZHERZ: calls $6
*** SHOW DOWN ***
fugu82: shows [9d 7s] (two pair, Eights and Fours)
SALZHERZ: shows [Kc Qc] (two pair, Eights and Fours - King kicker)
SALZHERZ collected $47.50 from pot
*** SUMMARY ***
Total pot $48 | Rake $0.50
Board [8h Th 8c 4s 4c]
Seat 1: fugu82 (big blind) showed [9d 7s] and lost with two pair, Eights and Fours
Seat 3: SALZHERZ (button) (small blind) showed [Kc Qc] and won ($47.50) with two pair, Eights and Fours


PokerStars Hand #156897098457:  Hold'em Limit ($3/$6 USD) - 2016/08/05 11:52:28 ET
Table 'Pleione II' 6-max Seat #1 is the button
Seat 1: fugu82 ($83.13 in chips)
Seat 3: SALZHERZ ($460.01 in chips)
fugu82: posts small blind $1
SALZHERZ: posts big blind $3
*** HOLE CARDS ***
fugu82: raises $3 to $6
SALZHERZ: calls $3
*** FLOP *** [3d 5h 8s]
SALZHERZ: checks
fugu82: bets $3
SALZHERZ: calls $3
*** TURN *** [3d 5h 8s] [As]
SALZHERZ: checks
fugu82: bets $6
SALZHERZ: raises $6 to $12
fugu82: raises $6 to $18
SALZHERZ: calls $6
*** RIVER *** [3d 5h 8s As] [7d]
SALZHERZ: checks
fugu82: bets $6
SALZHERZ: calls $6
*** SHOW DOWN ***
fugu82: shows [Ad 7c] (two pair, Aces and Sevens)
SALZHERZ: mucks hand
fugu82 collected $65.50 from pot
*** SUMMARY ***
Total pot $66 | Rake $0.50
Board [3d 5h 8s As 7d]
Seat 1: fugu82 (button) (small blind) showed [Ad 7c] and won ($65.50) with two pair, Aces and Sevens
Seat 3: SALZHERZ (big blind) mucked


PokerStars Hand #156897083484:  Hold'em Limit ($3/$6 USD) - 2016/08/05 11:52:03 ET
Table 'Pleione II' 6-max Seat #3 is the button
Seat 1: fugu82 ($57.63 in chips)
Seat 3: SALZHERZ ($486.01 in chips)
SALZHERZ: posts small blind $1
fugu82: posts big blind $3
*** HOLE CARDS ***
SALZHERZ: folds
Uncalled bet ($2) returned to fugu82
fugu82 collected $2 from pot
*** SUMMARY ***
Total pot $2 | Rake $0
Seat 1: fugu82 (big blind) collected ($2)
Seat 3: SALZHERZ (button) (small blind) folded before Flop


PokerStars Hand #156897109194:  Hold'em Limit ($3/$6 USD) - 2016/08/05 11:52:46 ET
Table 'Pleione II' 6-max Seat #3 is the button
Seat 1: fugu82 ($115.63 in chips)
Seat 3: SALZHERZ ($427.01 in chips)
SALZHERZ: posts small blind $1
fugu82: posts big blind $3
*** HOLE CARDS ***
SALZHERZ: raises $3 to $6
kolaz03 joins the table at seat #4
fugu82: calls $3
*** FLOP *** [4s Jh 8h]
fugu82: checks
SALZHERZ: checks
*** TURN *** [4s Jh 8h] [5s]
fugu82: bets $6
SALZHERZ: calls $6
*** RIVER *** [4s Jh 8h 5s] [2h]
fugu82: bets $6
SALZHERZ: folds
Uncalled bet ($6) returned to fugu82
fugu82 collected $23.52 from pot
*** SUMMARY ***
Total pot $24 | Rake $0.48
Board [4s Jh 8h 5s 2h]
Seat 1: fugu82 (big blind) collected ($23.52)
Seat 3: SALZHERZ (button) (small blind) folded on the River


PokerStars Hand #156897095641:  Hold'em Limit ($3/$6 USD) - 2016/08/05 11:52:23 ET
Table 'Pleione II' 6-max Seat #3 is the button
Seat 1: fugu82 ($82.13 in chips)
Seat 3: SALZHERZ ($461.01 in chips)
SALZHERZ: posts small blind $1
fugu82: posts big blind $3
*** HOLE CARDS ***
SALZHERZ: folds
Uncalled bet ($2) returned to fugu82
fugu82 collected $2 from pot
*** SUMMARY ***
Total pot $2 | Rake $0
Seat 1: fugu82 (big blind) collected ($2)
Seat 3: SALZHERZ (button) (small blind) folded before Flop


PokerStars Hand #156897086437:  Hold'em Limit ($3/$6 USD) - 2016/08/05 11:52:08 ET
Table 'Pleione II' 6-max Seat #1 is the button
Seat 1: fugu82 ($58.63 in chips)
Seat 3: SALZHERZ ($485.01 in chips)
fugu82: posts small blind $1
SALZHERZ: posts big blind $3
*** HOLE CARDS ***
fugu82: raises $3 to $6
SALZHERZ: calls $3
*** FLOP *** [Jd 3s 6c]
SALZHERZ: bets $3
fugu82: raises $3 to $6
SALZHERZ: calls $3
*** TURN *** [Jd 3s 6c] [Qs]
Kasinojunge* leaves the table
SALZHERZ: checks
fugu82: bets $6
SALZHERZ: calls $6
*** RIVER *** [Jd 3s 6c Qs] [8d]
SALZHERZ: checks
fugu82: bets $6
SALZHERZ: calls $6
*** SHOW DOWN ***
fugu82: shows [Qd 7d] (a pair of Queens)
SALZHERZ: mucks hand
fugu82 collected $47.50 from pot
*** SUMMARY ***
Total pot $48 | Rake $0.50
Board [Jd 3s 6c Qs 8d]
Seat 1: fugu82 (button) (small blind) showed [Qd 7d] and won ($47.50) with a pair of Queens
Seat 3: SALZHERZ (big blind) mucked


PokerStars Hand #156897155162:  Hold'em Limit ($3/$6 USD) - 2016/08/05 11:54:04 ET
Table 'Pleione II' 6-max Seat #4 is the button
Seat 1: fugu82 ($147.65 in chips)
Seat 4: kolaz03 ($72 in chips)
kolaz03: posts small blind $1
fugu82: posts big blind $3
*** HOLE CARDS ***
kolaz03: raises $3 to $6
fugu82: calls $3
*** FLOP *** [3c 4s Kc]
fugu82: checks
kolaz03: bets $3
fugu82: raises $3 to $6
kolaz03: folds
Uncalled bet ($3) returned to fugu82
fugu82 collected $17.64 from pot
*** SUMMARY ***
Total pot $18 | Rake $0.36
Board [3c 4s Kc]
Seat 1: fugu82 (big blind) collected ($17.64)
Seat 4: kolaz03 (button) (small blind) folded on the Flop


PokerStars Hand #156897172642:  Hold'em Limit ($3/$6 USD) - 2016/08/05 11:54:34 ET
Table 'Pleione II' 6-max Seat #1 is the button
Seat 1: fugu82 ($156.29 in chips)
Seat 4: kolaz03 ($72 in chips)
fugu82: posts small blind $1
kolaz03: posts big blind $3
*** HOLE CARDS ***
fugu82: raises $3 to $6
Great_Kang joins the table at seat #2
andrey0709 joins the table at seat #6
kolaz03: calls $3
*** FLOP *** [As 7h 3s]
kolaz03: checks
fugu82: bets $3
kolaz03: folds
Uncalled bet ($3) returned to fugu82
fugu82 collected $11.76 from pot
*** SUMMARY ***
Total pot $12 | Rake $0.24
Board [As 7h 3s]
Seat 1: fugu82 (button) (small blind) collected ($11.76)
Seat 4: kolaz03 (big blind) folded on the Flop


PokerStars Hand #156897124616:  Hold'em Limit ($3/$6 USD) - 2016/08/05 11:53:12 ET
Table 'Pleione II' 6-max Seat #1 is the button
Seat 1: fugu82 ($127.15 in chips)
Seat 4: kolaz03 ($72 in chips)
fugu82: posts small blind $1
kolaz03: posts big blind $3
*** HOLE CARDS ***
fugu82: raises $3 to $6
kolaz03: calls $3
*** FLOP *** [3c 5h 5d]
kolaz03: checks
fugu82: bets $3
kolaz03: calls $3
*** TURN *** [3c 5h 5d] [Qd]
kolaz03: checks
fugu82: bets $6
kolaz03: calls $6
*** RIVER *** [3c 5h 5d Qd] [2d]
kolaz03: checks
fugu82: bets $6
kolaz03: calls $6
*** SHOW DOWN ***
fugu82: shows [8h Qh] (two pair, Queens and Fives)
kolaz03: mucks hand
fugu82 collected $41.50 from pot
*** SUMMARY ***
Total pot $42 | Rake $0.50
Board [3c 5h 5d Qd 2d]
Seat 1: fugu82 (button) (small blind) showed [8h Qh] and won ($41.50) with two pair, Queens and Fives
Seat 4: kolaz03 (big blind) mucked


PokerStars Hand #156899142401:  Hold'em Limit ($3/$6 USD) - 2016/08/05 12:49:11 ET
Table 'Pleione II' 6-max Seat #1 is the button
Seat 1: fugu82 ($209.97 in chips)
Seat 2: Great_Kang ($197.74 in chips)
fugu82: posts small blind $1
Great_Kang: posts big blind $3
*** HOLE CARDS ***
fugu82: raises $3 to $6
Great_Kang: raises $3 to $9
fugu82: raises $3 to $12
Betting is capped
Great_Kang: calls $3
*** FLOP *** [7c Jc 8c]
Great_Kang: checks
fugu82: bets $3
Great_Kang: calls $3
*** TURN *** [7c Jc 8c] [3d]
Great_Kang: checks
fugu82: bets $6
Great_Kang: calls $6
*** RIVER *** [7c Jc 8c 3d] [9d]
Great_Kang: checks
fugu82: bets $6
Great_Kang: calls $6
*** SHOW DOWN ***
fugu82: shows [Js As] (a pair of Jacks)
Great_Kang: mucks hand
fugu82 collected $53.50 from pot
*** SUMMARY ***
Total pot $54 | Rake $0.50
Board [7c Jc 8c 3d 9d]
Seat 1: fugu82 (button) (small blind) showed [Js As] and won ($53.50) with a pair of Jacks
Seat 2: Great_Kang (big blind) mucked


PokerStars Hand #156899133022:  Hold'em Limit ($3/$6 USD) - 2016/08/05 12:48:57 ET
Table 'Pleione II' 6-max Seat #2 is the button
Seat 1: fugu82 ($208.97 in chips)
Seat 2: Great_Kang ($198.74 in chips)
Great_Kang: posts small blind $1
fugu82: posts big blind $3
*** HOLE CARDS ***
Great_Kang: folds
Uncalled bet ($2) returned to fugu82
fugu82 collected $2 from pot
*** SUMMARY ***
Total pot $2 | Rake $0
Seat 1: fugu82 (big blind) collected ($2)
Seat 2: Great_Kang (button) (small blind) folded before Flop


PokerStars Hand #156899153733:  Hold'em Limit ($3/$6 USD) - 2016/08/05 12:49:28 ET
Table 'Pleione II' 6-max Seat #2 is the button
Seat 1: fugu82 ($236.47 in chips)
Seat 2: Great_Kang ($170.74 in chips)
Great_Kang: posts small blind $1
fugu82: posts big blind $3
*** HOLE CARDS ***
Great_Kang: raises $3 to $6
fugu82: calls $3
*** FLOP *** [Kd 9c 7h]
fugu82: checks
Great_Kang: bets $3
fugu82: folds
Uncalled bet ($3) returned to Great_Kang
Great_Kang collected $11.76 from pot
Great_Kang: doesn't show hand
*** SUMMARY ***
Total pot $12 | Rake $0.24
Board [Kd 9c 7h]
Seat 1: fugu82 (big blind) folded on the Flop
Seat 2: Great_Kang (button) (small blind) collected ($11.76)


PokerStars Hand #156899168713:  Hold'em Limit ($3/$6 USD) - 2016/08/05 12:49:51 ET
Table 'Pleione II' 6-max Seat #1 is the button
Seat 1: fugu82 ($230.47 in chips)
Seat 2: Great_Kang ($176.50 in chips)
fugu82: posts small blind $1
Great_Kang: posts big blind $3
*** HOLE CARDS ***
fugu82: raises $3 to $6
Great_Kang: calls $3
*** FLOP *** [Ac 5s 7c]
Great_Kang: checks
fugu82: bets $3
Great_Kang: calls $3
*** TURN *** [Ac 5s 7c] [Th]
Great_Kang: checks
fugu82: bets $6
Great_Kang: calls $6
*** RIVER *** [Ac 5s 7c Th] [Kh]
Great_Kang: checks
fugu82: bets $6
Great_Kang: folds
Uncalled bet ($6) returned to fugu82
fugu82 collected $29.50 from pot
*** SUMMARY ***
Total pot $30 | Rake $0.50
Board [Ac 5s 7c Th Kh]
Seat 1: fugu82 (button) (small blind) collected ($29.50)
Seat 2: Great_Kang (big blind) folded on the River


PokerStars Hand #156899190311:  Hold'em Limit ($3/$6 USD) - 2016/08/05 12:50:24 ET
Table 'Pleione II' 6-max Seat #1 is the button
Seat 1: fugu82 ($232.97 in chips)
Seat 2: Great_Kang ($173.02 in chips)
fugu82: posts small blind $1
Great_Kang: posts big blind $3
*** HOLE CARDS ***
fugu82: raises $3 to $6
Great_Kang: calls $3
*** FLOP *** [Ks 8h 6h]
Great_Kang: checks
fugu82: bets $3
Great_Kang: raises $3 to $6
fugu82: calls $3
*** TURN *** [Ks 8h 6h] [Js]
Great_Kang: bets $6
fugu82: calls $6
*** RIVER *** [Ks 8h 6h Js] [Kc]
Great_Kang: checks
fugu82: checks
*** SHOW DOWN ***
Great_Kang: shows [Ts 9c] (a pair of Kings)
fugu82: shows [9s Td] (a pair of Kings)
Great_Kang collected $17.75 from pot
fugu82 collected $17.75 from pot
*** SUMMARY ***
Total pot $36 | Rake $0.50
Board [Ks 8h 6h Js Kc]
Seat 1: fugu82 (button) (small blind) showed [9s Td] and won ($17.75) with a pair of Kings
Seat 2: Great_Kang (big blind) showed [Ts 9c] and won ($17.75) with a pair of Kings


PokerStars Hand #156899181827:  Hold'em Limit ($3/$6 USD) - 2016/08/05 12:50:11 ET
Table 'Pleione II' 6-max Seat #2 is the button
Seat 1: fugu82 ($244.97 in chips)
Seat 2: Great_Kang ($161.50 in chips)
Great_Kang: posts small blind $1
fugu82: posts big blind $3
*** HOLE CARDS ***
Great_Kang: raises $3 to $6
fugu82: calls $3
*** FLOP *** [6d 8s Ah]
fugu82: checks
Great_Kang: checks
*** TURN *** [6d 8s Ah] [Th]
fugu82: bets $6
Great_Kang: raises $6 to $12
fugu82: folds
Uncalled bet ($6) returned to Great_Kang
Great_Kang collected $23.52 from pot
Great_Kang: doesn't show hand
*** SUMMARY ***
Total pot $24 | Rake $0.48
Board [6d 8s Ah Th]
Seat 1: fugu82 (big blind) folded on the Turn
Seat 2: Great_Kang (button) (small blind) collected ($23.52)


PokerStars Hand #156899255513:  Hold'em Limit ($3/$6 USD) - 2016/08/05 12:51:58 ET
Table 'Pleione II' 6-max Seat #1 is the button
Seat 1: fugu82 ($172.72 in chips)
Seat 2: Great_Kang ($231.27 in chips)
fugu82: posts small blind $1
Great_Kang: posts big blind $3
*** HOLE CARDS ***
fugu82: raises $3 to $6
Great_Kang: calls $3
*** FLOP *** [3c 8h Kh]
Great_Kang: checks
fugu82: bets $3
Great_Kang: folds
Uncalled bet ($3) returned to fugu82
fugu82 collected $11.76 from pot
*** SUMMARY ***
Total pot $12 | Rake $0.24
Board [3c 8h Kh]
Seat 1: fugu82 (button) (small blind) collected ($11.76)
Seat 2: Great_Kang (big blind) folded on the Flop


PokerStars Hand #156899214786:  Hold'em Limit ($3/$6 USD) - 2016/08/05 12:50:56 ET
Table 'Pleione II' 6-max Seat #2 is the button
Seat 1: fugu82 ($232.72 in chips)
Seat 2: Great_Kang ($172.77 in chips)
Great_Kang: posts small blind $1
fugu82: posts big blind $3
*** HOLE CARDS ***
Great_Kang: raises $3 to $6
fugu82: calls $3
*** FLOP *** [2c 7s 9h]
fugu82: checks
Great_Kang: bets $3
fugu82: raises $3 to $6
Great_Kang: calls $3
*** TURN *** [2c 7s 9h] [9s]
fugu82: bets $6
Great_Kang: calls $6
*** RIVER *** [2c 7s 9h 9s] [Jd]
fugu82: bets $6
Great_Kang: calls $6
*** SHOW DOWN ***
fugu82: shows [6s 8c] (a pair of Nines)
Great_Kang: shows [Ad Kh] (a pair of Nines - Ace kicker)
Great_Kang collected $47.50 from pot
*** SUMMARY ***
Total pot $48 | Rake $0.50
Board [2c 7s 9h 9s Jd]
Seat 1: fugu82 (big blind) showed [6s 8c] and lost with a pair of Nines
Seat 2: Great_Kang (button) (small blind) showed [Ad Kh] and won ($47.50) with a pair of Nines


PokerStars Hand #156899233579:  Hold'em Limit ($3/$6 USD) - 2016/08/05 12:51:24 ET
Table 'Pleione II' 6-max Seat #1 is the button
Seat 1: fugu82 ($208.72 in chips)
Seat 2: Great_Kang ($196.27 in chips)
fugu82: posts small blind $1
Great_Kang: posts big blind $3
*** HOLE CARDS ***
fugu82: raises $3 to $6
Great_Kang: raises $3 to $9
fugu82: calls $3
*** FLOP *** [9s Ad Ac]
Great_Kang: bets $3
fugu82: calls $3
*** TURN *** [9s Ad Ac] [4h]
Great_Kang: checks
fugu82: checks
*** RIVER *** [9s Ad Ac 4h] [As]
Great_Kang: bets $6
fugu82: calls $6
*** SHOW DOWN ***
Great_Kang: shows [Qd Qs] (a full house, Aces full of Queens)
fugu82: mucks hand
Great_Kang collected $35.50 from pot
*** SUMMARY ***
Total pot $36 | Rake $0.50
Board [9s Ad Ac 4h As]
Seat 1: fugu82 (button) (small blind) mucked
Seat 2: Great_Kang (big blind) showed [Qd Qs] and won ($35.50) with a full house, Aces full of Queens


PokerStars Hand #156899246863:  Hold'em Limit ($3/$6 USD) - 2016/08/05 12:51:45 ET
Table 'Pleione II' 6-max Seat #2 is the button
Seat 1: fugu82 ($190.72 in chips)
Seat 2: Great_Kang ($213.77 in chips)
Great_Kang: posts small blind $1
fugu82: posts big blind $3
*** HOLE CARDS ***
Great_Kang: raises $3 to $6
fugu82: calls $3
*** FLOP *** [4d 5d 4s]
fugu82: checks
Great_Kang: checks
*** TURN *** [4d 5d 4s] [As]
fugu82: bets $6
Great_Kang: calls $6
*** RIVER *** [4d 5d 4s As] [Qd]
fugu82: bets $6
Great_Kang: calls $6
*** SHOW DOWN ***
fugu82: shows [5c 8c] (two pair, Fives and Fours)
Great_Kang: shows [Qc 8d] (two pair, Queens and Fours)
Great_Kang collected $35.50 from pot
*** SUMMARY ***
Total pot $36 | Rake $0.50
Board [4d 5d 4s As Qd]
Seat 1: fugu82 (big blind) showed [5c 8c] and lost with two pair, Fives and Fours
Seat 2: Great_Kang (button) (small blind) showed [Qc 8d] and won ($35.50) with two pair, Queens and Fours


PokerStars Hand #156899287766:  Hold'em Limit ($3/$6 USD) - 2016/08/05 12:52:49 ET
Table 'Pleione II' 6-max Seat #2 is the button
Seat 1: fugu82 ($159.98 in chips)
Seat 2: Great_Kang ($242.77 in chips)
Great_Kang: posts small blind $1
fugu82: posts big blind $3
*** HOLE CARDS ***
Great_Kang: raises $3 to $6
fugu82: raises $3 to $9
Great_Kang: raises $3 to $12
Betting is capped
fugu82: calls $3
*** FLOP *** [Jc 7d 8c]
fugu82: checks
Great_Kang: checks
*** TURN *** [Jc 7d 8c] [4s]
fugu82: bets $6
Great_Kang: calls $6
*** RIVER *** [Jc 7d 8c 4s] [4c]
fugu82: bets $6
Great_Kang: calls $6
*** SHOW DOWN ***
fugu82: shows [3h Ac] (a pair of Fours)
Great_Kang: shows [9h 9s] (two pair, Nines and Fours)
Great_Kang collected $47.50 from pot
*** SUMMARY ***
Total pot $48 | Rake $0.50
Board [Jc 7d 8c 4s 4c]
Seat 1: fugu82 (big blind) showed [3h Ac] and lost with a pair of Fours
Seat 2: Great_Kang (button) (small blind) showed [9h 9s] and won ($47.50) with two pair, Nines and Fours


PokerStars Hand #156899276589:  Hold'em Limit ($3/$6 USD) - 2016/08/05 12:52:31 ET
Table 'Pleione II' 6-max Seat #1 is the button
Seat 1: fugu82 ($195.98 in chips)
Seat 2: Great_Kang ($207.27 in chips)
fugu82: posts small blind $1
Great_Kang: posts big blind $3
*** HOLE CARDS ***
fugu82: raises $3 to $6
Great_Kang: raises $3 to $9
fugu82: calls $3
*** FLOP *** [7s Qc Tc]
Great_Kang: bets $3
fugu82: calls $3
*** TURN *** [7s Qc Tc] [5h]
Great_Kang: bets $6
fugu82: calls $6
*** RIVER *** [7s Qc Tc 5h] [Qd]
Great_Kang: bets $6
fugu82: raises $6 to $12
Great_Kang: raises $6 to $18
fugu82: calls $6
*** SHOW DOWN ***
Great_Kang: shows [7c 7d] (a full house, Sevens full of Queens)
fugu82: mucks hand
Great_Kang collected $71.50 from pot
*** SUMMARY ***
Total pot $72 | Rake $0.50
Board [7s Qc Tc 5h Qd]
Seat 1: fugu82 (button) (small blind) mucked
Seat 2: Great_Kang (big blind) showed [7c 7d] and won ($71.50) with a full house, Sevens full of Queens


PokerStars Hand #156899260642:  Hold'em Limit ($3/$6 USD) - 2016/08/05 12:52:06 ET
Table 'Pleione II' 6-max Seat #2 is the button
Seat 1: fugu82 ($178.48 in chips)
Seat 2: Great_Kang ($225.27 in chips)
Great_Kang: posts small blind $1
fugu82: posts big blind $3
*** HOLE CARDS ***
Great_Kang: raises $3 to $6
fugu82: calls $3
*** FLOP *** [8h 6h 4d]
fugu82: checks
Great_Kang: checks
*** TURN *** [8h 6h 4d] [Ts]
fugu82: bets $6
Great_Kang: calls $6
*** RIVER *** [8h 6h 4d Ts] [Jh]
fugu82: bets $6
Great_Kang: calls $6
*** SHOW DOWN ***
fugu82: shows [9h Qs] (a straight, Eight to Queen)
Great_Kang: mucks hand
fugu82 collected $35.50 from pot
*** SUMMARY ***
Total pot $36 | Rake $0.50
Board [8h 6h 4d Ts Jh]
Seat 1: fugu82 (big blind) showed [9h Qs] and won ($35.50) with a straight, Eight to Queen
Seat 2: Great_Kang (button) (small blind) mucked


PokerStars Hand #156899310974:  Hold'em Limit ($3/$6 USD) - 2016/08/05 12:53:24 ET
Table 'Pleione II' 6-max Seat #2 is the button
Seat 1: fugu82 ($102.98 in chips)
Seat 2: Great_Kang ($298.77 in chips)
Great_Kang: posts small blind $1
fugu82: posts big blind $3
*** HOLE CARDS ***
Great_Kang: raises $3 to $6
fugu82: raises $3 to $9
Great_Kang: calls $3
*** FLOP *** [Qs 5d 6d]
fugu82: bets $3
Great_Kang: calls $3
*** TURN *** [Qs 5d 6d] [5h]
fugu82: bets $6
Great_Kang: folds
Uncalled bet ($6) returned to fugu82
fugu82 collected $23.52 from pot
*** SUMMARY ***
Total pot $24 | Rake $0.48
Board [Qs 5d 6d 5h]
Seat 1: fugu82 (big blind) collected ($23.52)
Seat 2: Great_Kang (button) (small blind) folded on the Turn


PokerStars Hand #156899298492:  Hold'em Limit ($3/$6 USD) - 2016/08/05 12:53:05 ET
Table 'Pleione II' 6-max Seat #1 is the button
Seat 1: fugu82 ($135.98 in chips)
Seat 2: Great_Kang ($266.27 in chips)
fugu82: posts small blind $1
Great_Kang: posts big blind $3
*** HOLE CARDS ***
fugu82: raises $3 to $6
Great_Kang: raises $3 to $9
fugu82: calls $3
*** FLOP *** [7c 2d 3h]
Great_Kang: bets $3
fugu82: raises $3 to $6
Great_Kang: calls $3
*** TURN *** [7c 2d 3h] [Kc]
Great_Kang: checks
fugu82: bets $6
Great_Kang: raises $6 to $12
fugu82: calls $6
*** RIVER *** [7c 2d 3h Kc] [9s]
Great_Kang: bets $6
fugu82: calls $6
*** SHOW DOWN ***
Great_Kang: shows [Ks Td] (a pair of Kings)
fugu82: mucks hand
Great_Kang collected $65.50 from pot
*** SUMMARY ***
Total pot $66 | Rake $0.50
Board [7c 2d 3h Kc 9s]
Seat 1: fugu82 (button) (small blind) mucked
Seat 2: Great_Kang (big blind) showed [Ks Td] and won ($65.50) with a pair of Kings


PokerStars Hand #156899331670:  Hold'em Limit ($3/$6 USD) - 2016/08/05 12:53:56 ET
Table 'Pleione II' 6-max Seat #1 is the button
Seat 1: fugu82 ($114.50 in chips)
Seat 2: Great_Kang ($286.77 in chips)
fugu82: posts small blind $1
Great_Kang: posts big blind $3
*** HOLE CARDS ***
fugu82: raises $3 to $6
Great_Kang: calls $3
*** FLOP *** [8h 8c Kd]
Great_Kang: checks
fugu82: bets $3
Great_Kang: folds
Uncalled bet ($3) returned to fugu82
fugu82 collected $11.76 from pot
*** SUMMARY ***
Total pot $12 | Rake $0.24
Board [8h 8c Kd]
Seat 1: fugu82 (button) (small blind) collected ($11.76)
Seat 2: Great_Kang (big blind) folded on the Flop


PokerStars Hand #156899350832:  Hold'em Limit ($3/$6 USD) - 2016/08/05 12:54:26 ET
Table 'Pleione II' 6-max Seat #1 is the button
Seat 1: fugu82 ($90.26 in chips)
Seat 2: Great_Kang ($310.27 in chips)
fugu82: posts small blind $1
Great_Kang: posts big blind $3
*** HOLE CARDS ***
fugu82: folds
Uncalled bet ($2) returned to Great_Kang
Great_Kang collected $2 from pot
Great_Kang: doesn't show hand
*** SUMMARY ***
Total pot $2 | Rake $0
Seat 1: fugu82 (button) (small blind) folded before Flop
Seat 2: Great_Kang (big blind) collected ($2)


PokerStars Hand #156899339423:  Hold'em Limit ($3/$6 USD) - 2016/08/05 12:54:08 ET
Table 'Pleione II' 6-max Seat #2 is the button
Seat 1: fugu82 ($120.26 in chips)
Seat 2: Great_Kang ($280.77 in chips)
Great_Kang: posts small blind $1
fugu82: posts big blind $3
*** HOLE CARDS ***
Great_Kang: raises $3 to $6
fugu82: calls $3
*** FLOP *** [5c 6h Ks]
fugu82: checks
Great_Kang: bets $3
fugu82: raises $3 to $6
Great_Kang: calls $3
*** TURN *** [5c 6h Ks] [Tc]
fugu82: bets $6
Great_Kang: calls $6
*** RIVER *** [5c 6h Ks Tc] [Js]
fugu82: bets $6
Great_Kang: raises $6 to $12
fugu82: calls $6
*** SHOW DOWN ***
Great_Kang: shows [Ac Qs] (a straight, Ten to Ace)
fugu82: shows [8h Kd] (a pair of Kings)
Great_Kang collected $59.50 from pot
*** SUMMARY ***
Total pot $60 | Rake $0.50
Board [5c 6h Ks Tc Js]
Seat 1: fugu82 (big blind) showed [8h Kd] and lost with a pair of Kings
Seat 2: Great_Kang (button) (small blind) showed [Ac Qs] and won ($59.50) with a straight, Ten to Ace


PokerStars Hand #156899383504:  Hold'em Limit ($3/$6 USD) - 2016/08/05 12:55:21 ET
Table 'Pleione II' 6-max Seat #2 is the button
Seat 1: fugu82 ($77.26 in chips)
Seat 2: Great_Kang ($322.77 in chips)
Great_Kang: posts small blind $1
fugu82: posts big blind $3
*** HOLE CARDS ***
Great_Kang: raises $3 to $6
fugu82: raises $3 to $9
Great_Kang: calls $3
*** FLOP *** [Qd 2d 4c]
fugu82: bets $3
Great_Kang: raises $3 to $6
fugu82: calls $3
*** TURN *** [Qd 2d 4c] [2h]
fugu82: checks
Great_Kang: bets $6
fugu82: folds
Uncalled bet ($6) returned to Great_Kang
Great_Kang collected $29.50 from pot
Great_Kang: doesn't show hand
*** SUMMARY ***
Total pot $30 | Rake $0.50
Board [Qd 2d 4c 2h]
Seat 1: fugu82 (big blind) folded on the Turn
Seat 2: Great_Kang (button) (small blind) collected ($29.50)


PokerStars Hand #156899380657:  Hold'em Limit ($3/$6 USD) - 2016/08/05 12:55:15 ET
Table 'Pleione II' 6-max Seat #1 is the button
Seat 1: fugu82 ($74.26 in chips)
Seat 2: Great_Kang ($325.77 in chips)
fugu82: posts small blind $1
Great_Kang: posts big blind $3
*** HOLE CARDS ***
fugu82: raises $3 to $6
Great_Kang: folds
Uncalled bet ($3) returned to fugu82
fugu82 collected $6 from pot
*** SUMMARY ***
Total pot $6 | Rake $0
Seat 1: fugu82 (button) (small blind) collected ($6)
Seat 2: Great_Kang (big blind) folded before Flop


PokerStars Hand #156899367485:  Hold'em Limit ($3/$6 USD) - 2016/08/05 12:54:52 ET
Table 'Pleione II' 6-max Seat #2 is the button
Seat 1: fugu82 ($89.26 in chips)
Seat 2: Great_Kang ($311.27 in chips)
Great_Kang: posts small blind $1
fugu82: posts big blind $3
*** HOLE CARDS ***
Great_Kang: raises $3 to $6
fugu82: calls $3
*** FLOP *** [7c 6c Jd]
fugu82: checks
Great_Kang: bets $3
fugu82: calls $3
*** TURN *** [7c 6c Jd] [6d]
fugu82: checks
Great_Kang: checks
*** RIVER *** [7c 6c Jd 6d] [2s]
fugu82: bets $6
Great_Kang: calls $6
*** SHOW DOWN ***
fugu82: shows [Kd 8h] (a pair of Sixes)
Great_Kang: shows [Jc 2h] (two pair, Jacks and Sixes)
Great_Kang collected $29.50 from pot
*** SUMMARY ***
Total pot $30 | Rake $0.50
Board [7c 6c Jd 6d 2s]
Seat 1: fugu82 (big blind) showed [Kd 8h] and lost with a pair of Sixes
Seat 2: Great_Kang (button) (small blind) showed [Jc 2h] and won ($29.50) with two pair, Jacks and Sixes


PokerStars Hand #156899397200:  Hold'em Limit ($3/$6 USD) - 2016/08/05 12:55:48 ET
Table 'Pleione II' 6-max Seat #1 is the button
Seat 1: fugu82 ($62.26 in chips)
Seat 2: Great_Kang ($337.27 in chips)
fugu82: posts small blind $1
Great_Kang: posts big blind $3
*** HOLE CARDS ***
fugu82: raises $3 to $6
Great_Kang: calls $3
*** FLOP *** [9h 5d Kh]
Great_Kang: checks
fugu82: bets $3
Great_Kang: raises $3 to $6
fugu82: calls $3
*** TURN *** [9h 5d Kh] [5c]
Great_Kang: bets $6
fugu82: calls $6
*** RIVER *** [9h 5d Kh 5c] [Ts]
Great_Kang: bets $6
fugu82: raises $6 to $12
Great_Kang: calls $6
*** SHOW DOWN ***
fugu82: shows [Qs Jc] (a straight, Nine to King)
Great_Kang: mucks hand
fugu82 collected $59.50 from pot
*** SUMMARY ***
Total pot $60 | Rake $0.50
Board [9h 5d Kh 5c Ts]
Seat 1: fugu82 (button) (small blind) showed [Qs Jc] and won ($59.50) with a straight, Nine to King
Seat 2: Great_Kang (big blind) mucked


PokerStars Hand #156899413565:  Hold'em Limit ($3/$6 USD) - 2016/08/05 12:56:22 ET
Table 'Pleione II' 6-max Seat #1 is the button
Seat 1: fugu82 ($100.40 in chips)
Seat 2: Great_Kang ($298.27 in chips)
fugu82: posts small blind $1
Great_Kang: posts big blind $3
*** HOLE CARDS ***
fugu82: folds
Uncalled bet ($2) returned to Great_Kang
Great_Kang collected $2 from pot
Great_Kang: doesn't show hand
*** SUMMARY ***
Total pot $2 | Rake $0
Seat 1: fugu82 (button) (small blind) folded before Flop
Seat 2: Great_Kang (big blind) collected ($2)


PokerStars Hand #156899416461:  Hold'em Limit ($3/$6 USD) - 2016/08/05 12:56:26 ET
Table 'Pleione II' 6-max Seat #2 is the button
Seat 1: fugu82 ($99.40 in chips)
Seat 2: Great_Kang ($299.27 in chips)
Great_Kang: posts small blind $1
fugu82: posts big blind $3
*** HOLE CARDS ***
Great_Kang: raises $3 to $6
fugu82: calls $3
*** FLOP *** [6c Ks Ts]
fugu82: checks
Great_Kang: checks
*** TURN *** [6c Ks Ts] [Kc]
fugu82: bets $6
Great_Kang: folds
Uncalled bet ($6) returned to fugu82
fugu82 collected $11.76 from pot
*** SUMMARY ***
Total pot $12 | Rake $0.24
Board [6c Ks Ts Kc]
Seat 1: fugu82 (big blind) collected ($11.76)
Seat 2: Great_Kang (button) (small blind) folded on the Turn


PokerStars Hand #156899408106:  Hold'em Limit ($3/$6 USD) - 2016/08/05 12:56:09 ET
Table 'Pleione II' 6-max Seat #2 is the button
Seat 1: fugu82 ($91.76 in chips)
Seat 2: Great_Kang ($307.27 in chips)
Great_Kang: posts small blind $1
fugu82: posts big blind $3
*** HOLE CARDS ***
Great_Kang: raises $3 to $6
fugu82: raises $3 to $9
Great_Kang: calls $3
*** FLOP *** [2h Ad Qc]
fugu82: bets $3
Great_Kang: folds
Uncalled bet ($3) returned to fugu82
fugu82 collected $17.64 from pot
*** SUMMARY ***
Total pot $18 | Rake $0.36
Board [2h Ad Qc]
Seat 1: fugu82 (big blind) collected ($17.64)
Seat 2: Great_Kang (button) (small blind) folded on the Flop


PokerStars Hand #156899424665:  Hold'em Limit ($3/$6 USD) - 2016/08/05 12:56:42 ET
Table 'Pleione II' 6-max Seat #1 is the button
Seat 1: fugu82 ($105.16 in chips)
Seat 2: Great_Kang ($293.27 in chips)
fugu82: posts small blind $1
Great_Kang: posts big blind $3
*** HOLE CARDS ***
fugu82: raises $3 to $6
Great_Kang: raises $3 to $9
fugu82: calls $3
*** FLOP *** [5s 8c 2s]
Great_Kang: bets $3
fugu82: calls $3
*** TURN *** [5s 8c 2s] [9d]
Great_Kang: checks
fugu82: bets $6
Great_Kang: calls $6
*** RIVER *** [5s 8c 2s 9d] [8d]
Great_Kang: checks
fugu82: bets $6
Great_Kang: calls $6
*** SHOW DOWN ***
fugu82: shows [Ks 9c] (two pair, Nines and Eights)
Great_Kang: mucks hand
fugu82 collected $47.50 from pot
*** SUMMARY ***
Total pot $48 | Rake $0.50
Board [5s 8c 2s 9d 8d]
Seat 1: fugu82 (button) (small blind) showed [Ks 9c] and won ($47.50) with two pair, Nines and Eights
Seat 2: Great_Kang (big blind) mucked


PokerStars Hand #156899436773:  Hold'em Limit ($3/$6 USD) - 2016/08/05 12:57:06 ET
Table 'Pleione II' 6-max Seat #2 is the button
Seat 1: fugu82 ($128.66 in chips)
Seat 2: Great_Kang ($269.27 in chips)
Great_Kang: posts small blind $1
fugu82: posts big blind $3
*** HOLE CARDS ***
Great_Kang: raises $3 to $6
fugu82: calls $3
*** FLOP *** [2s 7s 5c]
fugu82: checks
tangxueke joins the table at seat #5
Great_Kang: bets $3
fugu82: calls $3
*** TURN *** [2s 7s 5c] [7c]
fugu82: checks
Great_Kang: bets $6
fugu82: folds
Uncalled bet ($6) returned to Great_Kang
Great_Kang collected $17.64 from pot
Great_Kang: doesn't show hand
*** SUMMARY ***
Total pot $18 | Rake $0.36
Board [2s 7s 5c 7c]
Seat 1: fugu82 (big blind) folded on the Turn
Seat 2: Great_Kang (button) (small blind) collected ($17.64)


PokerStars Hand #156899446441:  Hold'em Limit ($3/$6 USD) - 2016/08/05 12:57:24 ET
Table 'Pleione II' 6-max Seat #1 is the button
Seat 1: fugu82 ($119.66 in chips)
Seat 2: Great_Kang ($277.91 in chips)
fugu82: posts small blind $1
Great_Kang: posts big blind $3
*** HOLE CARDS ***
fugu82: raises $3 to $6
Great_Kang: calls $3
*** FLOP *** [2s 4c 9c]
Great_Kang: checks
fugu82: bets $3
Great_Kang: raises $3 to $6
fugu82: calls $3
*** TURN *** [2s 4c 9c] [7h]
Great_Kang: bets $6
fugu82: folds
Uncalled bet ($6) returned to Great_Kang
Great_Kang collected $23.52 from pot
Great_Kang: doesn't show hand
*** SUMMARY ***
Total pot $24 | Rake $0.48
Board [2s 4c 9c 7h]
Seat 1: fugu82 (button) (small blind) folded on the Turn
Seat 2: Great_Kang (big blind) collected ($23.52)


PokerStars Hand #156901637313:  Hold'em Limit ($3/$6 USD) - 2016/08/05 13:53:41 ET
Table 'Pleione II' 6-max Seat #5 is the button
Seat 3: Airbag999 ($197.96 in chips)
Seat 5: tangxueke ($192.77 in chips)
tangxueke: posts small blind $1
Bonkman05: is sitting out
Airbag999: posts big blind $3
*** HOLE CARDS ***
tangxueke: raises $3 to $6
Airbag999: calls $3
*** FLOP *** [3h Tc 8s]
Airbag999: checks
tangxueke: checks
*** TURN *** [3h Tc 8s] [Ad]
Airbag999: bets $6
tangxueke: raises $6 to $12
Airbag999: calls $6
*** RIVER *** [3h Tc 8s Ad] [5d]
Airbag999: checks
tangxueke: checks
*** SHOW DOWN ***
Airbag999: shows [4c Ah] (a pair of Aces)
tangxueke: mucks hand
Airbag999 collected $35.50 from pot
*** SUMMARY ***
Total pot $36 | Rake $0.50
Board [3h Tc 8s Ad 5d]
Seat 3: Airbag999 (big blind) showed [4c Ah] and won ($35.50) with a pair of Aces
Seat 5: tangxueke (button) (small blind) mucked


