PokerStars Hand #147562415891:  Hold'em Limit ($3/$6 USD) - 2016/01/23 17:35:56 ET
Table 'Pleione' 6-max Seat #4 is the button
Seat 3: iris1980 ($108 in chips)
Seat 4: AzureCaper ($83.52 in chips)
AzureCaper: posts small blind $1
iris1980: posts big blind $3
*** HOLE CARDS ***
AzureCaper: raises $3 to $6
iris1980: calls $3
*** FLOP *** [7d 2h 2c]
iris1980: checks
AzureCaper: bets $3
iris1980: folds
Uncalled bet ($3) returned to AzureCaper
AzureCaper collected $11.76 from pot
AzureCaper: doesn't show hand
*** SUMMARY ***
Total pot $12 | Rake $0.24
Board [7d 2h 2c]
Seat 3: iris1980 (big blind) folded on the Flop
Seat 4: AzureCaper (button) (small blind) collected ($11.76)


PokerStars Hand #147562449645:  Hold'em Limit ($3/$6 USD) - 2016/01/23 17:36:30 ET
Table 'Pleione' 6-max Seat #3 is the button
Seat 3: iris1980 ($80 in chips)
Seat 4: AzureCaper ($110.78 in chips)
iris1980: posts small blind $1
AzureCaper: posts big blind $3
*** HOLE CARDS ***
iris1980: calls $2
AzureCaper: checks
*** FLOP *** [Kc Kd Ad]
AzureCaper: checks
iris1980: bets $3
AzureCaper: folds
Uncalled bet ($3) returned to iris1980
iris1980 collected $5.88 from pot
iris1980: doesn't show hand
*** SUMMARY ***
Total pot $6 | Rake $0.12
Board [Kc Kd Ad]
Seat 3: iris1980 (button) (small blind) collected ($5.88)
Seat 4: AzureCaper (big blind) folded on the Flop


PokerStars Hand #147562430893:  Hold'em Limit ($3/$6 USD) - 2016/01/23 17:36:11 ET
Table 'Pleione' 6-max Seat #4 is the button
Seat 3: iris1980 ($101 in chips)
Seat 4: AzureCaper ($90.28 in chips)
AzureCaper: posts small blind $1
iris1980: posts big blind $3
*** HOLE CARDS ***
AzureCaper: raises $3 to $6
iris1980: calls $3
*** FLOP *** [6d Jh 7d]
iris1980: checks
AzureCaper: bets $3
iris1980: calls $3
*** TURN *** [6d Jh 7d] [Jc]
iris1980: checks
AzureCaper: bets $6
iris1980: calls $6
*** RIVER *** [6d Jh 7d Jc] [9h]
iris1980: checks
AzureCaper: bets $6
iris1980: calls $6
boony444 joins the table at seat #5
*** SHOW DOWN ***
AzureCaper: shows [9s 5d] (two pair, Jacks and Nines)
iris1980: mucks hand
AzureCaper collected $41.50 from pot
*** SUMMARY ***
Total pot $42 | Rake $0.50
Board [6d Jh 7d Jc 9h]
Seat 3: iris1980 (big blind) mucked
Seat 4: AzureCaper (button) (small blind) showed [9s 5d] and won ($41.50) with two pair, Jacks and Nines


PokerStars Hand #147562425926:  Hold'em Limit ($3/$6 USD) - 2016/01/23 17:36:06 ET
Table 'Pleione' 6-max Seat #3 is the button
Seat 3: iris1980 ($102 in chips)
Seat 4: AzureCaper ($89.28 in chips)
iris1980: posts small blind $1
AzureCaper: posts big blind $3
*** HOLE CARDS ***
iris1980: folds
Uncalled bet ($2) returned to AzureCaper
AzureCaper collected $2 from pot
AzureCaper: doesn't show hand
*** SUMMARY ***
Total pot $2 | Rake $0
Seat 3: iris1980 (button) (small blind) folded before Flop
Seat 4: AzureCaper (big blind) collected ($2)


PokerStars Hand #147564569084:  Hold'em Limit ($3/$6 USD) - 2016/01/23 18:15:53 ET
Table 'Pleione' 6-max Seat #6 is the button
Seat 4: Krazy90 ($250.10 in chips)
Seat 6: rivgold ($66 in chips)
rivgold: posts small blind $1
julenchu: is sitting out
Krazy90: posts big blind $3
*** HOLE CARDS ***
julenchu leaves the table
rivgold: folds
Uncalled bet ($2) returned to Krazy90
Krazy90 collected $2 from pot
Krazy90: doesn't show hand
*** SUMMARY ***
Total pot $2 | Rake $0
Seat 4: Krazy90 (big blind) collected ($2)
Seat 6: rivgold (button) (small blind) folded before Flop


