PokerStars Hand #149294284467:  Hold'em Limit ($3/$6 USD) - 2016/02/23 11:50:33 ET
Table 'Pluto III' 6-max Seat #1 is the button
Seat 1: chipsdigme86 ($83.20 in chips)
Seat 2: TbIP-TbIP 88 ($72 in chips)
chipsdigme86: posts small blind $1
TbIP-TbIP 88: posts big blind $3
*** HOLE CARDS ***
chipsdigme86: raises $3 to $6
TbIP-TbIP 88: calls $3
*** FLOP *** [5d 6d 8h]
TbIP-TbIP 88: checks
Great_Kang joins the table at seat #3
chipsdigme86: bets $3
TbIP-TbIP 88: calls $3
*** TURN *** [5d 6d 8h] [3s]
TbIP-TbIP 88: checks
chipsdigme86: bets $6
TbIP-TbIP 88: calls $6
*** RIVER *** [5d 6d 8h 3s] [9c]
TbIP-TbIP 88: checks
chipsdigme86: checks
*** SHOW DOWN ***
TbIP-TbIP 88: shows [7d Ac] (a straight, Five to Nine)
chipsdigme86: mucks hand
TbIP-TbIP 88 collected $29.50 from pot
*** SUMMARY ***
Total pot $30 | Rake $0.50
Board [5d 6d 8h 3s 9c]
Seat 1: chipsdigme86 (button) (small blind) mucked
Seat 2: TbIP-TbIP 88 (big blind) showed [7d Ac] and won ($29.50) with a straight, Five to Nine


PokerStars Hand #149294581829:  Hold'em Limit ($3/$6 USD) - 2016/02/23 11:56:44 ET
Table 'Pluto III' 6-max Seat #1 is the button
Seat 1: chipsdigme86 ($92.76 in chips)
Seat 2: TbIP-TbIP 88 ($79.10 in chips)
chipsdigme86: posts small blind $1
TbIP-TbIP 88: posts big blind $3
*** HOLE CARDS ***
chipsdigme86: folds
Uncalled bet ($2) returned to TbIP-TbIP 88
TbIP-TbIP 88 collected $2 from pot
TbIP-TbIP 88: doesn't show hand
*** SUMMARY ***
Total pot $2 | Rake $0
Seat 1: chipsdigme86 (button) (small blind) folded before Flop
Seat 2: TbIP-TbIP 88 (big blind) collected ($2)


PokerStars Hand #149294573003:  Hold'em Limit ($3/$6 USD) - 2016/02/23 11:56:32 ET
Table 'Pluto III' 6-max Seat #2 is the button
Seat 1: chipsdigme86 ($91.76 in chips)
Seat 2: TbIP-TbIP 88 ($80.10 in chips)
TbIP-TbIP 88: posts small blind $1
Great_Kang: is sitting out
chipsdigme86: posts big blind $3
*** HOLE CARDS ***
TbIP-TbIP 88: folds
Uncalled bet ($2) returned to chipsdigme86
chipsdigme86 collected $2 from pot
*** SUMMARY ***
Total pot $2 | Rake $0
Seat 1: chipsdigme86 (big blind) collected ($2)
Seat 2: TbIP-TbIP 88 (button) (small blind) folded before Flop


PokerStars Hand #149294585443:  Hold'em Limit ($3/$6 USD) - 2016/02/23 11:56:50 ET
Table 'Pluto III' 6-max Seat #2 is the button
Seat 1: chipsdigme86 ($91.76 in chips)
Seat 2: TbIP-TbIP 88 ($80.10 in chips)
TbIP-TbIP 88: posts small blind $1
chipsdigme86: posts big blind $3
*** HOLE CARDS ***
TbIP-TbIP 88: raises $3 to $6
chipsdigme86: folds
Uncalled bet ($3) returned to TbIP-TbIP 88
TbIP-TbIP 88 collected $6 from pot
TbIP-TbIP 88: doesn't show hand
*** SUMMARY ***
Total pot $6 | Rake $0
Seat 1: chipsdigme86 (big blind) folded before Flop
Seat 2: TbIP-TbIP 88 (button) (small blind) collected ($6)


PokerStars Hand #149294615517:  Hold'em Limit ($3/$6 USD) - 2016/02/23 11:57:32 ET
Table 'Pluto III' 6-max Seat #2 is the button
Seat 1: chipsdigme86 ($115.26 in chips)
Seat 2: TbIP-TbIP 88 ($72 in chips)
TbIP-TbIP 88: posts small blind $1
chipsdigme86: posts big blind $3
*** HOLE CARDS ***
TbIP-TbIP 88: folds
Uncalled bet ($2) returned to chipsdigme86
chipsdigme86 collected $2 from pot
*** SUMMARY ***
Total pot $2 | Rake $0
Seat 1: chipsdigme86 (big blind) collected ($2)
Seat 2: TbIP-TbIP 88 (button) (small blind) folded before Flop


PokerStars Hand #149294590264:  Hold'em Limit ($3/$6 USD) - 2016/02/23 11:56:56 ET
Table 'Pluto III' 6-max Seat #1 is the button
Seat 1: chipsdigme86 ($88.76 in chips)
Seat 2: TbIP-TbIP 88 ($83.10 in chips)
chipsdigme86: posts small blind $1
TbIP-TbIP 88: posts big blind $3
*** HOLE CARDS ***
chipsdigme86: raises $3 to $6
TbIP-TbIP 88: raises $3 to $9
chipsdigme86: raises $3 to $12
Betting is capped
TbIP-TbIP 88: calls $3
*** FLOP *** [7s 9h Tc]
TbIP-TbIP 88: checks
chipsdigme86: bets $3
TbIP-TbIP 88: calls $3
*** TURN *** [7s 9h Tc] [4d]
TbIP-TbIP 88: checks
chipsdigme86: bets $6
TbIP-TbIP 88: calls $6
*** RIVER *** [7s 9h Tc 4d] [3s]
TbIP-TbIP 88: checks
chipsdigme86: bets $6
TbIP-TbIP 88: calls $6
*** SHOW DOWN ***
chipsdigme86: shows [Td Ah] (a pair of Tens)
TbIP-TbIP 88: mucks hand
chipsdigme86 collected $53.50 from pot
*** SUMMARY ***
Total pot $54 | Rake $0.50
Board [7s 9h Tc 4d 3s]
Seat 1: chipsdigme86 (button) (small blind) showed [Td Ah] and won ($53.50) with a pair of Tens
Seat 2: TbIP-TbIP 88 (big blind) mucked


PokerStars Hand #149294621506:  Hold'em Limit ($3/$6 USD) - 2016/02/23 11:57:40 ET
Table 'Pluto III' 6-max Seat #1 is the button
Seat 1: chipsdigme86 ($116.26 in chips)
Seat 2: TbIP-TbIP 88 ($72 in chips)
chipsdigme86: posts small blind $1
TbIP-TbIP 88: posts big blind $3
*** HOLE CARDS ***
chipsdigme86: raises $3 to $6
TbIP-TbIP 88: folds
Uncalled bet ($3) returned to chipsdigme86
chipsdigme86 collected $6 from pot
*** SUMMARY ***
Total pot $6 | Rake $0
Seat 1: chipsdigme86 (button) (small blind) collected ($6)
Seat 2: TbIP-TbIP 88 (big blind) folded before Flop


PokerStars Hand #149294636404:  Hold'em Limit ($3/$6 USD) - 2016/02/23 11:58:01 ET
Table 'Pluto III' 6-max Seat #1 is the button
Seat 1: chipsdigme86 ($116.26 in chips)
Seat 2: TbIP-TbIP 88 ($75 in chips)
chipsdigme86: posts small blind $1
TbIP-TbIP 88: posts big blind $3
*** HOLE CARDS ***
chipsdigme86: folds
Uncalled bet ($2) returned to TbIP-TbIP 88
TbIP-TbIP 88 collected $2 from pot
TbIP-TbIP 88: doesn't show hand
*** SUMMARY ***
Total pot $2 | Rake $0
Seat 1: chipsdigme86 (button) (small blind) folded before Flop
Seat 2: TbIP-TbIP 88 (big blind) collected ($2)


PokerStars Hand #149294631452:  Hold'em Limit ($3/$6 USD) - 2016/02/23 11:57:54 ET
Table 'Pluto III' 6-max Seat #2 is the button
Seat 1: chipsdigme86 ($119.26 in chips)
Seat 2: TbIP-TbIP 88 ($72 in chips)
TbIP-TbIP 88: posts small blind $1
chipsdigme86: posts big blind $3
*** HOLE CARDS ***
TbIP-TbIP 88: raises $3 to $6
chipsdigme86: folds
Uncalled bet ($3) returned to TbIP-TbIP 88
TbIP-TbIP 88 collected $6 from pot
TbIP-TbIP 88: doesn't show hand
*** SUMMARY ***
Total pot $6 | Rake $0
Seat 1: chipsdigme86 (big blind) folded before Flop
Seat 2: TbIP-TbIP 88 (button) (small blind) collected ($6)


PokerStars Hand #149294639855:  Hold'em Limit ($3/$6 USD) - 2016/02/23 11:58:06 ET
Table 'Pluto III' 6-max Seat #2 is the button
Seat 1: chipsdigme86 ($115.26 in chips)
Seat 2: TbIP-TbIP 88 ($76 in chips)
TbIP-TbIP 88: posts small blind $1
chipsdigme86: posts big blind $3
*** HOLE CARDS ***
TbIP-TbIP 88: raises $3 to $6
chipsdigme86: calls $3
*** FLOP *** [Td 2s Kh]
chipsdigme86: checks
TbIP-TbIP 88: bets $3
chipsdigme86: folds
Uncalled bet ($3) returned to TbIP-TbIP 88
TbIP-TbIP 88 collected $11.76 from pot
TbIP-TbIP 88: doesn't show hand
*** SUMMARY ***
Total pot $12 | Rake $0.24
Board [Td 2s Kh]
Seat 1: chipsdigme86 (big blind) folded on the Flop
Seat 2: TbIP-TbIP 88 (button) (small blind) collected ($11.76)


