PokerStars Hand #149177592684:  Hold'em Limit ($3/$6 USD) - 2016/02/21 10:15:03 ET
Table 'Podarkes' 6-max Seat #3 is the button
Seat 3: Mitriy1970 ($221.23 in chips)
Seat 4: TbIP-TbIP 88 ($72 in chips)
Mitriy1970: posts small blind $1
TbIP-TbIP 88: posts big blind $3
*** HOLE CARDS ***
Mitriy1970: raises $3 to $6
TbIP-TbIP 88: calls $3
*** FLOP *** [7d Kh Td]
TbIP-TbIP 88: checks
Mitriy1970: checks
*** TURN *** [7d Kh Td] [Qs]
TbIP-TbIP 88: checks
Mitriy1970: bets $6
TbIP-TbIP 88: calls $6
*** RIVER *** [7d Kh Td Qs] [2d]
TbIP-TbIP 88: checks
Mitriy1970: checks
*** SHOW DOWN ***
TbIP-TbIP 88: shows [8c Th] (a pair of Tens)
Mitriy1970: mucks hand
TbIP-TbIP 88 collected $23.52 from pot
*** SUMMARY ***
Total pot $24 | Rake $0.48
Board [7d Kh Td Qs 2d]
Seat 3: Mitriy1970 (button) (small blind) mucked
Seat 4: TbIP-TbIP 88 (big blind) showed [8c Th] and won ($23.52) with a pair of Tens


PokerStars Hand #149177610115:  Hold'em Limit ($3/$6 USD) - 2016/02/21 10:15:22 ET
Table 'Podarkes' 6-max Seat #4 is the button
Seat 3: Mitriy1970 ($209.23 in chips)
Seat 4: TbIP-TbIP 88 ($83.52 in chips)
TbIP-TbIP 88: posts small blind $1
Mitriy1970: posts big blind $3
*** HOLE CARDS ***
TbIP-TbIP 88: folds
Uncalled bet ($2) returned to Mitriy1970
Mitriy1970 collected $2 from pot
Mitriy1970: doesn't show hand
*** SUMMARY ***
Total pot $2 | Rake $0
Seat 3: Mitriy1970 (big blind) collected ($2)
Seat 4: TbIP-TbIP 88 (button) (small blind) folded before Flop


PokerStars Hand #149177619130:  Hold'em Limit ($3/$6 USD) - 2016/02/21 10:15:32 ET
Table 'Podarkes' 6-max Seat #3 is the button
Seat 3: Mitriy1970 ($210.23 in chips)
Seat 4: TbIP-TbIP 88 ($82.52 in chips)
Mitriy1970: posts small blind $1
TbIP-TbIP 88: posts big blind $3
*** HOLE CARDS ***
Mitriy1970: raises $3 to $6
TbIP-TbIP 88: raises $3 to $9
Mitriy1970: raises $3 to $12
Betting is capped
TbIP-TbIP 88: calls $3
*** FLOP *** [5h Jc 3s]
TbIP-TbIP 88: checks
Mitriy1970: bets $3
TbIP-TbIP 88: calls $3
*** TURN *** [5h Jc 3s] [7h]
TbIP-TbIP 88: checks
Mitriy1970: bets $6
TbIP-TbIP 88: calls $6
*** RIVER *** [5h Jc 3s 7h] [7c]
TbIP-TbIP 88: checks
Mitriy1970: checks
*** SHOW DOWN ***
TbIP-TbIP 88: shows [4s 4h] (two pair, Sevens and Fours)
Mitriy1970: shows [9c 9h] (two pair, Nines and Sevens)
Mitriy1970 collected $41.50 from pot
*** SUMMARY ***
Total pot $42 | Rake $0.50
Board [5h Jc 3s 7h 7c]
Seat 3: Mitriy1970 (button) (small blind) showed [9c 9h] and won ($41.50) with two pair, Nines and Sevens
Seat 4: TbIP-TbIP 88 (big blind) showed [4s 4h] and lost with two pair, Sevens and Fours


PokerStars Hand #149177643872:  Hold'em Limit ($3/$6 USD) - 2016/02/21 10:15:59 ET
Table 'Podarkes' 6-max Seat #4 is the button
Seat 3: Mitriy1970 ($230.73 in chips)
Seat 4: TbIP-TbIP 88 ($72 in chips)
TbIP-TbIP 88: posts small blind $1
Mitriy1970: posts big blind $3
*** HOLE CARDS ***
TbIP-TbIP 88: raises $3 to $6
Mitriy1970: folds
Uncalled bet ($3) returned to TbIP-TbIP 88
Mitriy1970 leaves the table
TbIP-TbIP 88 collected $6 from pot
TbIP-TbIP 88: doesn't show hand
*** SUMMARY ***
Total pot $6 | Rake $0
Seat 3: Mitriy1970 (big blind) folded before Flop
Seat 4: TbIP-TbIP 88 (button) (small blind) collected ($6)


PokerStars Hand #149178260120:  Hold'em Limit ($3/$6 USD) - 2016/02/21 10:27:13 ET
Table 'Podarkes' 6-max Seat #3 is the button
Seat 3: Andredias950 ($120 in chips)
Seat 5: Great_Kang ($120 in chips)
Andredias950: posts small blind $1
Great_Kang: posts big blind $3
*** HOLE CARDS ***
Andredias950: calls $2
Headgtboy joins the table at seat #1
Great_Kang: checks
*** FLOP *** [Tc Ah Qs]
Great_Kang: checks
Andredias950: bets $3
Great_Kang: folds
Uncalled bet ($3) returned to Andredias950
Andredias950 collected $5.88 from pot
Andredias950: doesn't show hand
*** SUMMARY ***
Total pot $6 | Rake $0.12
Board [Tc Ah Qs]
Seat 3: Andredias950 (button) (small blind) collected ($5.88)
Seat 5: Great_Kang (big blind) folded on the Flop


PokerStars Hand #149183798545:  Hold'em Limit ($3/$6 USD) - 2016/02/21 12:03:34 ET
Table 'Podarkes' 6-max Seat #1 is the button
Seat 1: Pelurile ($73 in chips)
Seat 2: killerfurbel ($457.56 in chips)
Pelurile: posts small blind $1
killerfurbel: posts big blind $3
*** HOLE CARDS ***
72bestcard leaves the table
Pelurile: folds
Uncalled bet ($2) returned to killerfurbel
killerfurbel collected $2 from pot
killerfurbel: doesn't show hand
*** SUMMARY ***
Total pot $2 | Rake $0
Seat 1: Pelurile (button) (small blind) folded before Flop
Seat 2: killerfurbel (big blind) collected ($2)


PokerStars Hand #149183805725:  Hold'em Limit ($3/$6 USD) - 2016/02/21 12:03:41 ET
Table 'Podarkes' 6-max Seat #2 is the button
Seat 1: Pelurile ($72 in chips)
Seat 2: killerfurbel ($458.56 in chips)
killerfurbel: posts small blind $1
Pelurile: posts big blind $3
*** HOLE CARDS ***
killerfurbel: raises $3 to $6
Pelurile: calls $3
*** FLOP *** [Jc 3h 5d]
Pelurile: checks
killerfurbel: bets $3
Pelurile: calls $3
*** TURN *** [Jc 3h 5d] [2c]
Great_Kang leaves the table
Pelurile: checks
killerfurbel: bets $6
Pelurile: calls $6
*** RIVER *** [Jc 3h 5d 2c] [Kh]
Pelurile: checks
killerfurbel: bets $6
Pelurile: calls $6
*** SHOW DOWN ***
killerfurbel: shows [5c 5h] (three of a kind, Fives)
Pelurile: mucks hand
killerfurbel collected $41.50 from pot
*** SUMMARY ***
Total pot $42 | Rake $0.50
Board [Jc 3h 5d 2c Kh]
Seat 1: Pelurile (big blind) mucked
Seat 2: killerfurbel (button) (small blind) showed [5c 5h] and won ($41.50) with three of a kind, Fives


