PokerStars Hand #155920492020:  Hold'em Limit ($3/$6 USD) - 2016/07/13 11:31:18 ET
Table 'Podarkes II' 6-max Seat #2 is the button
Seat 1: Gungster56 ($60.52 in chips)
Seat 2: Tryptamean ($109 in chips)
Tryptamean: posts small blind $1
Gungster56: posts big blind $3
*** HOLE CARDS ***
Tryptamean: raises $3 to $6
Gungster56: calls $3
*** FLOP *** [Td 6s 8h]
Gungster56: checks
Tryptamean: checks
*** TURN *** [Td 6s 8h] [Qs]
Gungster56: checks
Tryptamean: bets $6
Gungster56: calls $6
*** RIVER *** [Td 6s 8h Qs] [Jh]
Gungster56: bets $6
Tryptamean: calls $6
*** SHOW DOWN ***
Gungster56: shows [9h Ah] (a straight, Eight to Queen)
Tryptamean: mucks hand
Gungster56 collected $35.50 from pot
*** SUMMARY ***
Total pot $36 | Rake $0.50
Board [Td 6s 8h Qs Jh]
Seat 1: Gungster56 (big blind) showed [9h Ah] and won ($35.50) with a straight, Eight to Queen
Seat 2: Tryptamean (button) (small blind) mucked


PokerStars Hand #155920507776:  Hold'em Limit ($3/$6 USD) - 2016/07/13 11:31:46 ET
Table 'Podarkes II' 6-max Seat #1 is the button
Seat 1: Gungster56 ($78.02 in chips)
Seat 2: Tryptamean ($91 in chips)
Gungster56: posts small blind $1
Tryptamean: posts big blind $3
*** HOLE CARDS ***
Gungster56: calls $2
Tryptamean: raises $3 to $6
Gungster56: calls $3
*** FLOP *** [Jc Qc Qd]
Tryptamean: bets $3
Gungster56: raises $3 to $6
B_loJkl joins the table at seat #3
Tryptamean: calls $3
*** TURN *** [Jc Qc Qd] [2h]
Tryptamean: checks
Gungster56: bets $6
Tryptamean: calls $6
*** RIVER *** [Jc Qc Qd 2h] [4c]
Tryptamean: checks
Gungster56: bets $6
Tryptamean: calls $6
*** SHOW DOWN ***
Gungster56: shows [Tc 8c] (a flush, Queen high)
Tryptamean: mucks hand
Gungster56 collected $47.50 from pot
*** SUMMARY ***
Total pot $48 | Rake $0.50
Board [Jc Qc Qd 2h 4c]
Seat 1: Gungster56 (button) (small blind) showed [Tc 8c] and won ($47.50) with a flush, Queen high
Seat 2: Tryptamean (big blind) mucked


PokerStars Hand #155920489175:  Hold'em Limit ($3/$6 USD) - 2016/07/13 11:31:13 ET
Table 'Podarkes II' 6-max Seat #1 is the button
Seat 1: Gungster56 ($61.52 in chips)
Seat 2: Tryptamean ($108 in chips)
Gungster56: posts small blind $1
Tryptamean: posts big blind $3
*** HOLE CARDS ***
Gungster56: folds
Uncalled bet ($2) returned to Tryptamean
Tryptamean collected $2 from pot
Tryptamean: doesn't show hand
*** SUMMARY ***
Total pot $2 | Rake $0
Seat 1: Gungster56 (button) (small blind) folded before Flop
Seat 2: Tryptamean (big blind) collected ($2)


PokerStars Hand #155920469285:  Hold'em Limit ($3/$6 USD) - 2016/07/13 11:30:38 ET
Table 'Podarkes II' 6-max Seat #2 is the button
Seat 1: Gungster56 ($50 in chips)
Seat 2: Tryptamean ($120 in chips)
Tryptamean: posts small blind $1
VolkovDmitri: is sitting out
Gungster56: posts big blind $3
*** HOLE CARDS ***
VolkovDmitri leaves the table
Tryptamean: raises $3 to $6
Gungster56: calls $3
*** FLOP *** [4h Js Qc]
Gungster56: checks
Tryptamean: bets $3
Gungster56: raises $3 to $6
Tryptamean: calls $3
*** TURN *** [4h Js Qc] [9h]
Gungster56: bets $6
Tryptamean: folds
Uncalled bet ($6) returned to Gungster56
Gungster56 collected $23.52 from pot
Gungster56: doesn't show hand
*** SUMMARY ***
Total pot $24 | Rake $0.48
Board [4h Js Qc 9h]
Seat 1: Gungster56 (big blind) collected ($23.52)
Seat 2: Tryptamean (button) (small blind) folded on the Turn


PokerStars Hand #155920717984:  Hold'em Limit ($3/$6 USD) - 2016/07/13 11:37:48 ET
Table 'Podarkes II' 6-max Seat #2 is the button
Seat 1: Gungster56 ($17.17 in chips)
Seat 2: Tryptamean ($97.04 in chips)
Tryptamean: posts small blind $1
B_loJkl: is sitting out
Gungster56: posts big blind $3
*** HOLE CARDS ***
Tryptamean: raises $3 to $6
Gungster56: calls $3
*** FLOP *** [Th Ac 9s]
Gungster56: checks
Tryptamean: bets $3
Gungster56: raises $3 to $6
Tryptamean: folds
Uncalled bet ($3) returned to Gungster56
Gungster56 collected $17.64 from pot
Gungster56: doesn't show hand
*** SUMMARY ***
Total pot $18 | Rake $0.36
Board [Th Ac 9s]
Seat 1: Gungster56 (big blind) collected ($17.64)
Seat 2: Tryptamean (button) (small blind) folded on the Flop


PokerStars Hand #155920731658:  Hold'em Limit ($3/$6 USD) - 2016/07/13 11:38:12 ET
Table 'Podarkes II' 6-max Seat #1 is the button
Seat 1: Gungster56 ($25.81 in chips)
Seat 2: Tryptamean ($88.04 in chips)
Gungster56: posts small blind $1
Tryptamean: posts big blind $3
*** HOLE CARDS ***
Gungster56: raises $3 to $6
Tryptamean: calls $3
*** FLOP *** [Qc Ks Kd]
Tryptamean: checks
Gungster56: bets $3
Tryptamean: folds
Uncalled bet ($3) returned to Gungster56
Gungster56 collected $11.76 from pot
Gungster56: doesn't show hand
*** SUMMARY ***
Total pot $12 | Rake $0.24
Board [Qc Ks Kd]
Seat 1: Gungster56 (button) (small blind) collected ($11.76)
Seat 2: Tryptamean (big blind) folded on the Flop


PokerStars Hand #155920744582:  Hold'em Limit ($3/$6 USD) - 2016/07/13 11:38:34 ET
Table 'Podarkes II' 6-max Seat #2 is the button
Seat 1: Gungster56 ($31.57 in chips)
Seat 2: Tryptamean ($82.04 in chips)
Tryptamean: posts small blind $1
Gungster56: posts big blind $3
*** HOLE CARDS ***
Tryptamean: raises $3 to $6
Gungster56: raises $3 to $9
Tryptamean: calls $3
*** FLOP *** [7s 7d 2s]
Gungster56: bets $3
Tryptamean: calls $3
*** TURN *** [7s 7d 2s] [Td]
Gungster56: bets $6
Tryptamean: folds
Uncalled bet ($6) returned to Gungster56
Gungster56 collected $23.52 from pot
Gungster56: doesn't show hand
*** SUMMARY ***
Total pot $24 | Rake $0.48
Board [7s 7d 2s Td]
Seat 1: Gungster56 (big blind) collected ($23.52)
Seat 2: Tryptamean (button) (small blind) folded on the Turn


PokerStars Hand #155920758478:  Hold'em Limit ($3/$6 USD) - 2016/07/13 11:38:58 ET
Table 'Podarkes II' 6-max Seat #1 is the button
Seat 1: Gungster56 ($43.09 in chips)
Seat 2: Tryptamean ($70.04 in chips)
Gungster56: posts small blind $1
Tryptamean: posts big blind $3
*** HOLE CARDS ***
Gungster56: raises $3 to $6
Tryptamean: folds
Uncalled bet ($3) returned to Gungster56
Gungster56 collected $6 from pot
Gungster56: doesn't show hand
*** SUMMARY ***
Total pot $6 | Rake $0
Seat 1: Gungster56 (button) (small blind) collected ($6)
Seat 2: Tryptamean (big blind) folded before Flop


PokerStars Hand #155920956582:  Hold'em Limit ($3/$6 USD) - 2016/07/13 11:44:39 ET
Table 'Podarkes II' 6-max Seat #1 is the button
Seat 1: Gungster56 ($8.16 in chips)
Seat 2: Tryptamean ($79.67 in chips)
B_loJkl leaves the table
Gungster56: posts small blind $1
Tryptamean: posts big blind $3
*** HOLE CARDS ***
Gungster56: folds
Uncalled bet ($2) returned to Tryptamean
Tryptamean collected $2 from pot
Tryptamean: doesn't show hand
*** SUMMARY ***
Total pot $2 | Rake $0
Seat 1: Gungster56 (button) (small blind) folded before Flop
Seat 2: Tryptamean (big blind) collected ($2)


PokerStars Hand #155920951641:  Hold'em Limit ($3/$6 USD) - 2016/07/13 11:44:30 ET
Table 'Podarkes II' 6-max Seat #2 is the button
Seat 1: Gungster56 ($7.16 in chips)
Seat 2: Tryptamean ($80.67 in chips)
Tryptamean: posts small blind $1
B_loJkl: is sitting out
Gungster56: posts big blind $3
*** HOLE CARDS ***
Tryptamean: folds
Uncalled bet ($2) returned to Gungster56
Gungster56 collected $2 from pot
Gungster56: doesn't show hand
*** SUMMARY ***
Total pot $2 | Rake $0
Seat 1: Gungster56 (big blind) collected ($2)
Seat 2: Tryptamean (button) (small blind) folded before Flop


PokerStars Hand #155920960447:  Hold'em Limit ($3/$6 USD) - 2016/07/13 11:44:45 ET
Table 'Podarkes II' 6-max Seat #2 is the button
Seat 1: Gungster56 ($7.16 in chips)
Seat 2: Tryptamean ($80.67 in chips)
Tryptamean: posts small blind $1
Gungster56: posts big blind $3
*** HOLE CARDS ***
Tryptamean: folds
Uncalled bet ($2) returned to Gungster56
Gungster56 collected $2 from pot
Gungster56: doesn't show hand
*** SUMMARY ***
Total pot $2 | Rake $0
Seat 1: Gungster56 (big blind) collected ($2)
Seat 2: Tryptamean (button) (small blind) folded before Flop


PokerStars Hand #155920963526:  Hold'em Limit ($3/$6 USD) - 2016/07/13 11:44:51 ET
Table 'Podarkes II' 6-max Seat #1 is the button
Seat 1: Gungster56 ($8.16 in chips)
Seat 2: Tryptamean ($79.67 in chips)
Gungster56: posts small blind $1
Tryptamean: posts big blind $3
*** HOLE CARDS ***
Gungster56: raises $3 to $6
Tryptamean: calls $3
*** FLOP *** [7d 8s Ts]
Tryptamean: checks
Gungster56: bets $2.16 and is all-in
Tryptamean: calls $2.16
*** TURN *** [7d 8s Ts] [4h]
*** RIVER *** [7d 8s Ts 4h] [Qs]
*** SHOW DOWN ***
Tryptamean: shows [6h Qc] (a pair of Queens)
Gungster56: shows [Kc Jh] (high card King)
Tryptamean collected $15.99 from pot
*** SUMMARY ***
Total pot $16.32 | Rake $0.33
Board [7d 8s Ts 4h Qs]
Seat 1: Gungster56 (button) (small blind) showed [Kc Jh] and lost with high card King
Seat 2: Tryptamean (big blind) showed [6h Qc] and won ($15.99) with a pair of Queens


