PokerStars Hand #165090892360:  Hold'em Limit ($3/$6 USD) - 2017/01/24 9:24:05 ET
Table 'Podarkes' 10-max Seat #10 is the button
Seat 6: Rus29APX ($120 in chips)
Seat 10: Petersnr ($30 in chips)
Petersnr: posts small blind $1
Rus29APX: posts big blind $3
*** HOLE CARDS ***
Petersnr: calls $2
Rus29APX: checks
*** FLOP *** [5d 2c Ac]
Rus29APX: bets $3
Petersnr: raises $3 to $6
Rus29APX: calls $3
*** TURN *** [5d 2c Ac] [Qs]
Rus29APX: checks
Petersnr: bets $6
Rus29APX: calls $6
*** RIVER *** [5d 2c Ac Qs] [4d]
Rus29APX: checks
Petersnr: bets $6
Rus29APX: calls $6
*** SHOW DOWN ***
Petersnr: shows [Ah 3h] (a straight, Ace to Five)
Rus29APX: mucks hand
Petersnr collected $41.50 from pot
*** SUMMARY ***
Total pot $42 | Rake $0.50
Board [5d 2c Ac Qs 4d]
Seat 6: Rus29APX (big blind) mucked
Seat 10: Petersnr (button) (small blind) showed [Ah 3h] and won ($41.50) with a straight, Ace to Five


PokerStars Hand #165090949699:  Hold'em Limit ($3/$6 USD) - 2017/01/24 9:25:31 ET
Table 'Podarkes' 10-max Seat #10 is the button
Seat 6: Rus29APX ($119.50 in chips)
Seat 10: Petersnr ($29.50 in chips)
Petersnr: posts small blind $1
Rus29APX: posts big blind $3
*** HOLE CARDS ***
Petersnr: folds
Uncalled bet ($2) returned to Rus29APX
Rus29APX collected $2 from pot
Rus29APX: doesn't show hand
*** SUMMARY ***
Total pot $2 | Rake $0
Seat 6: Rus29APX (big blind) collected ($2)
Seat 10: Petersnr (button) (small blind) folded before Flop


PokerStars Hand #165090926099:  Hold'em Limit ($3/$6 USD) - 2017/01/24 9:24:56 ET
Table 'Podarkes' 10-max Seat #6 is the button
Seat 6: Rus29APX ($99 in chips)
Seat 10: Petersnr ($50.50 in chips)
Rus29APX: posts small blind $1
Petersnr: posts big blind $3
*** HOLE CARDS ***
Rus29APX: raises $3 to $6
Petersnr: calls $3
*** FLOP *** [6h Ad Th]
Petersnr: checks
Rus29APX: bets $3
Petersnr: calls $3
*** TURN *** [6h Ad Th] [3d]
Petersnr: checks
Rus29APX: bets $6
Petersnr: calls $6
*** RIVER *** [6h Ad Th 3d] [7h]
Petersnr: checks
Rus29APX: bets $6
Petersnr: calls $6
*** SHOW DOWN ***
Rus29APX: shows [Js Ac] (a pair of Aces)
Petersnr: mucks hand
Rus29APX collected $41.50 from pot
*** SUMMARY ***
Total pot $42 | Rake $0.50
Board [6h Ad Th 3d 7h]
Seat 6: Rus29APX (button) (small blind) showed [Js Ac] and won ($41.50) with a pair of Aces
Seat 10: Petersnr (big blind) mucked


PokerStars Hand #165090953755:  Hold'em Limit ($3/$6 USD) - 2017/01/24 9:25:37 ET
Table 'Podarkes' 10-max Seat #6 is the button
Seat 6: Rus29APX ($120.50 in chips)
Seat 10: Petersnr ($28.50 in chips)
Rus29APX: posts small blind $1
Petersnr: posts big blind $3
*** HOLE CARDS ***
Rus29APX: folds
Uncalled bet ($2) returned to Petersnr
Petersnr collected $2 from pot
Petersnr: doesn't show hand
*** SUMMARY ***
Total pot $2 | Rake $0
Seat 6: Rus29APX (button) (small blind) folded before Flop
Seat 10: Petersnr (big blind) collected ($2)


PokerStars Hand #165090959145:  Hold'em Limit ($3/$6 USD) - 2017/01/24 9:25:45 ET
Table 'Podarkes' 10-max Seat #10 is the button
Seat 6: Rus29APX ($119.50 in chips)
Seat 10: Petersnr ($29.50 in chips)
Petersnr: posts small blind $1
Rus29APX: posts big blind $3
*** HOLE CARDS ***
Petersnr: folds
Uncalled bet ($2) returned to Rus29APX
Rus29APX collected $2 from pot
Rus29APX: doesn't show hand
*** SUMMARY ***
Total pot $2 | Rake $0
Seat 6: Rus29APX (big blind) collected ($2)
Seat 10: Petersnr (button) (small blind) folded before Flop


PokerStars Hand #165090967632:  Hold'em Limit ($3/$6 USD) - 2017/01/24 9:25:58 ET
Table 'Podarkes' 10-max Seat #10 is the button
Seat 6: Rus29APX ($123.50 in chips)
Seat 10: Petersnr ($25.50 in chips)
Petersnr: posts small blind $1
Rus29APX: posts big blind $3
*** HOLE CARDS ***
Petersnr: folds
Uncalled bet ($2) returned to Rus29APX
Rus29APX collected $2 from pot
*** SUMMARY ***
Total pot $2 | Rake $0
Seat 6: Rus29APX (big blind) collected ($2)
Seat 10: Petersnr (button) (small blind) folded before Flop


PokerStars Hand #165090962675:  Hold'em Limit ($3/$6 USD) - 2017/01/24 9:25:50 ET
Table 'Podarkes' 10-max Seat #6 is the button
Seat 6: Rus29APX ($120.50 in chips)
Seat 10: Petersnr ($28.50 in chips)
Rus29APX: posts small blind $1
Petersnr: posts big blind $3
*** HOLE CARDS ***
Rus29APX: raises $3 to $6
Petersnr: folds
Uncalled bet ($3) returned to Rus29APX
Rus29APX collected $6 from pot
Rus29APX: doesn't show hand
*** SUMMARY ***
Total pot $6 | Rake $0
Seat 6: Rus29APX (button) (small blind) collected ($6)
Seat 10: Petersnr (big blind) folded before Flop


PokerStars Hand #165090971239:  Hold'em Limit ($3/$6 USD) - 2017/01/24 9:26:03 ET
Table 'Podarkes' 10-max Seat #6 is the button
Seat 6: Rus29APX ($124.50 in chips)
Seat 10: Petersnr ($24.50 in chips)
Rus29APX: posts small blind $1
Petersnr: posts big blind $3
*** HOLE CARDS ***
Rus29APX: raises $3 to $6
Petersnr: calls $3
*** FLOP *** [9s Qh 6h]
Petersnr: checks
Rus29APX: bets $3
Petersnr: raises $3 to $6
Rus29APX: calls $3
*** TURN *** [9s Qh 6h] [Kh]
Petersnr: bets $6
Rus29APX: calls $6
*** RIVER *** [9s Qh 6h Kh] [Kc]
Petersnr: bets $6
Rus29APX: folds
Uncalled bet ($6) returned to Petersnr
Petersnr collected $35.50 from pot
Petersnr: doesn't show hand
*** SUMMARY ***
Total pot $36 | Rake $0.50
Board [9s Qh 6h Kh Kc]
Seat 6: Rus29APX (button) (small blind) folded on the River
Seat 10: Petersnr (big blind) collected ($35.50)


PokerStars Hand #165090991818:  Hold'em Limit ($3/$6 USD) - 2017/01/24 9:26:34 ET
Table 'Podarkes' 10-max Seat #10 is the button
Seat 6: Rus29APX ($106.50 in chips)
Seat 10: Petersnr ($42 in chips)
Petersnr: posts small blind $1
Rus29APX: posts big blind $3
*** HOLE CARDS ***
Petersnr: folds [6d]
Uncalled bet ($2) returned to Rus29APX
Rus29APX collected $2 from pot
*** SUMMARY ***
Total pot $2 | Rake $0
Seat 6: Rus29APX (big blind) collected ($2)
Seat 10: Petersnr (button) (small blind) folded before Flop


