PokerStars Hand #148152326469:  Hold'em Limit ($3/$6 USD) - 2016/02/03 3:34:54 ET
Table 'Podarkes' 6-max Seat #3 is the button
Seat 3: kogaymg ($120 in chips)
Seat 4: Actionni13 ($150 in chips)
kogaymg: posts small blind $1
Actionni13: posts big blind $3
*** HOLE CARDS ***
kogaymg: raises $3 to $6
Actionni13: calls $3
*** FLOP *** [2s 8s 8c]
Actionni13: checks
kogaymg: bets $3
BelSv joins the table at seat #2
Actionni13: calls $3
*** TURN *** [2s 8s 8c] [5d]
Actionni13: checks
kogaymg: bets $6
Actionni13: folds
Uncalled bet ($6) returned to kogaymg
kogaymg collected $17.64 from pot
kogaymg: doesn't show hand
*** SUMMARY ***
Total pot $18 | Rake $0.36
Board [2s 8s 8c 5d]
Seat 3: kogaymg (button) (small blind) collected ($17.64)
Seat 4: Actionni13 (big blind) folded on the Turn


PokerStars Hand #148160034338:  Hold'em Limit ($3/$6 USD) - 2016/02/03 7:55:54 ET
Table 'Podarkes' 6-max Seat #4 is the button
Seat 1: silja4 ($157.70 in chips)
Seat 4: pixifloss ($104.82 in chips)
LolDnkaments will be allowed to play after the button
pixifloss: posts small blind $1
silja4: posts big blind $3
*** HOLE CARDS ***
pixifloss: raises $3 to $6
silja4: calls $3
*** FLOP *** [Ac Jd Qh]
silja4: checks
pixifloss: bets $3
silja4: calls $3
*** TURN *** [Ac Jd Qh] [9d]
silja4: checks
pixifloss: checks
*** RIVER *** [Ac Jd Qh 9d] [Kd]
silja4: bets $6
pixifloss: folds
Uncalled bet ($6) returned to silja4
silja4 collected $17.64 from pot
silja4: doesn't show hand
*** SUMMARY ***
Total pot $18 | Rake $0.36
Board [Ac Jd Qh 9d Kd]
Seat 1: silja4 (big blind) collected ($17.64)
Seat 4: pixifloss (button) (small blind) folded on the River


PokerStars Hand #148160907409:  Hold'em Limit ($3/$6 USD) - 2016/02/03 8:19:07 ET
Table 'Podarkes' 6-max Seat #1 is the button
Seat 1: silja4 ($305.68 in chips)
Seat 4: pixifloss ($64.22 in chips)
silja4: posts small blind $1
LolDnkaments: is sitting out
LolDnkaments leaves the table
pixifloss: posts big blind $3
*** HOLE CARDS ***
silja4: folds
Uncalled bet ($2) returned to pixifloss
pixifloss collected $2 from pot
*** SUMMARY ***
Total pot $2 | Rake $0
Seat 1: silja4 (button) (small blind) folded before Flop
Seat 4: pixifloss (big blind) collected ($2)


PokerStars Hand #148160928882:  Hold'em Limit ($3/$6 USD) - 2016/02/03 8:19:40 ET
Table 'Podarkes' 6-max Seat #1 is the button
Seat 1: silja4 ($298.68 in chips)
Seat 4: pixifloss ($70.98 in chips)
silja4: posts small blind $1
pixifloss: posts big blind $3
*** HOLE CARDS ***
silja4: raises $3 to $6
pixifloss: calls $3
*** FLOP *** [7c Qs Jc]
pixifloss: bets $3
silja4: folds
Uncalled bet ($3) returned to pixifloss
pixifloss collected $11.76 from pot
*** SUMMARY ***
Total pot $12 | Rake $0.24
Board [7c Qs Jc]
Seat 1: silja4 (button) (small blind) folded on the Flop
Seat 4: pixifloss (big blind) collected ($11.76)


PokerStars Hand #148160916784:  Hold'em Limit ($3/$6 USD) - 2016/02/03 8:19:22 ET
Table 'Podarkes' 6-max Seat #4 is the button
Seat 1: silja4 ($304.68 in chips)
Seat 4: pixifloss ($65.22 in chips)
pixifloss: posts small blind $1
silja4: posts big blind $3
*** HOLE CARDS ***
pixifloss: raises $3 to $6
silja4: calls $3
*** FLOP *** [Qd 4s 5s]
silja4: checks
pixifloss: bets $3
silja4: folds
Uncalled bet ($3) returned to pixifloss
pixifloss collected $11.76 from pot
*** SUMMARY ***
Total pot $12 | Rake $0.24
Board [Qd 4s 5s]
Seat 1: silja4 (big blind) folded on the Flop
Seat 4: pixifloss (button) (small blind) collected ($11.76)


PokerStars Hand #148160940368:  Hold'em Limit ($3/$6 USD) - 2016/02/03 8:19:58 ET
Table 'Podarkes' 6-max Seat #4 is the button
Seat 1: silja4 ($292.68 in chips)
Seat 4: pixifloss ($76.74 in chips)
pixifloss: posts small blind $1
silja4: posts big blind $3
*** HOLE CARDS ***
pixifloss: raises $3 to $6
silja4: calls $3
*** FLOP *** [Th 8d 5c]
silja4: checks
pixifloss: bets $3
silja4: calls $3
*** TURN *** [Th 8d 5c] [Qc]
silja4: checks
pixifloss: bets $6
silja4: calls $6
*** RIVER *** [Th 8d 5c Qc] [7c]
silja4: checks
pixifloss: bets $6
silja4: calls $6
*** SHOW DOWN ***
pixifloss: shows [8c Qs] (two pair, Queens and Eights)
silja4: mucks hand
pixifloss collected $41.50 from pot
*** SUMMARY ***
Total pot $42 | Rake $0.50
Board [Th 8d 5c Qc 7c]
Seat 1: silja4 (big blind) mucked
Seat 4: pixifloss (button) (small blind) showed [8c Qs] and won ($41.50) with two pair, Queens and Eights


PokerStars Hand #148160969576:  Hold'em Limit ($3/$6 USD) - 2016/02/03 8:20:43 ET
Table 'Podarkes' 6-max Seat #1 is the button
Seat 1: silja4 ($271.68 in chips)
Seat 4: pixifloss ($97.24 in chips)
silja4: posts small blind $1
pixifloss: posts big blind $3
*** HOLE CARDS ***
silja4: raises $3 to $6
pixifloss: calls $3
*** FLOP *** [8h 3s 4c]
pixifloss: checks
silja4: checks
*** TURN *** [8h 3s 4c] [7d]
pixifloss: bets $6
silja4: folds
Uncalled bet ($6) returned to pixifloss
pixifloss collected $11.76 from pot
*** SUMMARY ***
Total pot $12 | Rake $0.24
Board [8h 3s 4c 7d]
Seat 1: silja4 (button) (small blind) folded on the Turn
Seat 4: pixifloss (big blind) collected ($11.76)


