PokerStars Hand #162928911550:  Hold'em Limit ($3/$6 USD) - 2016/12/14 9:27:47 ET
Table 'Poesia' 6-max Seat #6 is the button
Seat 3: SmellyToes4u ($94.85 in chips)
Seat 6: feilinho ($86 in chips)
feilinho: posts small blind $1
SmellyToes4u: posts big blind $3
*** HOLE CARDS ***
feilinho: raises $3 to $6
SmellyToes4u: calls $3
*** FLOP *** [8s 9s 4h]
SmellyToes4u: checks
feilinho: bets $3
SmellyToes4u: calls $3
*** TURN *** [8s 9s 4h] [Jh]
SmellyToes4u: checks
feilinho: checks
*** RIVER *** [8s 9s 4h Jh] [4d]
SmellyToes4u: checks
feilinho: checks
*** SHOW DOWN ***
SmellyToes4u: shows [5h As] (a pair of Fours)
feilinho: shows [6d Ac] (a pair of Fours)
SmellyToes4u collected $8.82 from pot
feilinho collected $8.82 from pot
*** SUMMARY ***
Total pot $18 | Rake $0.36
Board [8s 9s 4h Jh 4d]
Seat 3: SmellyToes4u (big blind) showed [5h As] and won ($8.82) with a pair of Fours
Seat 6: feilinho (button) (small blind) showed [6d Ac] and won ($8.82) with a pair of Fours


PokerStars Hand #162928901839:  Hold'em Limit ($3/$6 USD) - 2016/12/14 9:27:31 ET
Table 'Poesia' 6-max Seat #3 is the button
Seat 3: SmellyToes4u ($89.09 in chips)
Seat 6: feilinho ($92 in chips)
SmellyToes4u: posts small blind $1
Krazy90: is sitting out
ToDaFelt: is sitting out
feilinho: posts big blind $3
*** HOLE CARDS ***
SmellyToes4u: raises $3 to $6
ToDaFelt leaves the table
feilinho: calls $3
*** FLOP *** [5s 9s Ah]
feilinho: checks
SmellyToes4u: bets $3
feilinho: folds
Uncalled bet ($3) returned to SmellyToes4u
SmellyToes4u collected $11.76 from pot
SmellyToes4u: doesn't show hand
*** SUMMARY ***
Total pot $12 | Rake $0.24
Board [5s 9s Ah]
Seat 3: SmellyToes4u (button) (small blind) collected ($11.76)
Seat 6: feilinho (big blind) folded on the Flop


