PokerStars Hand #146434729937:  Hold'em Limit ($3/$6 USD) - 2016/01/04 1:44:45 ET
Table 'Poesia' 2-max Seat #2 is the button
Seat 1: baur017017 ($30.02 in chips)
Seat 2: Desktop775 ($124 in chips)
Desktop775: posts small blind $1
baur017017: posts big blind $3
*** HOLE CARDS ***
Desktop775: raises $3 to $6
baur017017: folds
Uncalled bet ($3) returned to Desktop775
Desktop775 collected $6 from pot
*** SUMMARY ***
Total pot $6 | Rake $0
Seat 1: baur017017 (big blind) folded before Flop
Seat 2: Desktop775 (button) (small blind) collected ($6)


PokerStars Hand #146434732253:  Hold'em Limit ($3/$6 USD) - 2016/01/04 1:44:53 ET
Table 'Poesia' 2-max Seat #1 is the button
Seat 1: baur017017 ($27.02 in chips)
Seat 2: Desktop775 ($127 in chips)
baur017017: posts small blind $1
Desktop775: posts big blind $3
*** HOLE CARDS ***
baur017017: raises $3 to $6
Desktop775: folds
Uncalled bet ($3) returned to baur017017
baur017017 collected $6 from pot
baur017017: doesn't show hand
*** SUMMARY ***
Total pot $6 | Rake $0
Seat 1: baur017017 (button) (small blind) collected ($6)
Seat 2: Desktop775 (big blind) folded before Flop


PokerStars Hand #146434726290:  Hold'em Limit ($3/$6 USD) - 2016/01/04 1:44:31 ET
Table 'Poesia' 2-max Seat #1 is the button
Seat 1: baur017017 ($31.02 in chips)
Seat 2: Desktop775 ($123 in chips)
baur017017: posts small blind $1
Desktop775: posts big blind $3
*** HOLE CARDS ***
baur017017: folds
Uncalled bet ($2) returned to Desktop775
Desktop775 collected $2 from pot
Desktop775: doesn't show hand
*** SUMMARY ***
Total pot $2 | Rake $0
Seat 1: baur017017 (button) (small blind) folded before Flop
Seat 2: Desktop775 (big blind) collected ($2)


PokerStars Hand #146434749354:  Hold'em Limit ($3/$6 USD) - 2016/01/04 1:45:58 ET
Table 'Poesia' 2-max Seat #2 is the button
Seat 1: baur017017 ($65.30 in chips)
Seat 2: Desktop775 ($87.98 in chips)
Desktop775: posts small blind $1
baur017017: posts big blind $3
*** HOLE CARDS ***
Desktop775: folds
Uncalled bet ($2) returned to baur017017
baur017017 collected $2 from pot
baur017017: doesn't show hand
*** SUMMARY ***
Total pot $2 | Rake $0
Seat 1: baur017017 (big blind) collected ($2)
Seat 2: Desktop775 (button) (small blind) folded before Flop


PokerStars Hand #146434752822:  Hold'em Limit ($3/$6 USD) - 2016/01/04 1:46:11 ET
Table 'Poesia' 2-max Seat #2 is the button
Seat 1: baur017017 ($69.30 in chips)
Seat 2: Desktop775 ($83.98 in chips)
Desktop775: posts small blind $1
baur017017: posts big blind $3
*** HOLE CARDS ***
Desktop775: raises $3 to $6
baur017017: folds
Uncalled bet ($3) returned to Desktop775
Desktop775 collected $6 from pot
Desktop775: doesn't show hand
*** SUMMARY ***
Total pot $6 | Rake $0
Seat 1: baur017017 (big blind) folded before Flop
Seat 2: Desktop775 (button) (small blind) collected ($6)


PokerStars Hand #146434750791:  Hold'em Limit ($3/$6 USD) - 2016/01/04 1:46:03 ET
Table 'Poesia' 2-max Seat #1 is the button
Seat 1: baur017017 ($66.30 in chips)
Seat 2: Desktop775 ($86.98 in chips)
baur017017: posts small blind $1
Desktop775: posts big blind $3
*** HOLE CARDS ***
baur017017: raises $3 to $6
Desktop775: folds
Uncalled bet ($3) returned to baur017017
baur017017 collected $6 from pot
baur017017: doesn't show hand
*** SUMMARY ***
Total pot $6 | Rake $0
Seat 1: baur017017 (button) (small blind) collected ($6)
Seat 2: Desktop775 (big blind) folded before Flop


PokerStars Hand #146434743784:  Hold'em Limit ($3/$6 USD) - 2016/01/04 1:45:37 ET
Table 'Poesia' 2-max Seat #2 is the button
Seat 1: baur017017 ($62.54 in chips)
Seat 2: Desktop775 ($90.98 in chips)
Desktop775: posts small blind $1
baur017017: posts big blind $3
*** HOLE CARDS ***
Desktop775: raises $3 to $6
baur017017: folds
Uncalled bet ($3) returned to Desktop775
Desktop775 collected $6 from pot
Desktop775: doesn't show hand
*** SUMMARY ***
Total pot $6 | Rake $0
Seat 1: baur017017 (big blind) folded before Flop
Seat 2: Desktop775 (button) (small blind) collected ($6)


PokerStars Hand #146434758148:  Hold'em Limit ($3/$6 USD) - 2016/01/04 1:46:30 ET
Table 'Poesia' 2-max Seat #2 is the button
Seat 1: baur017017 ($72.06 in chips)
Seat 2: Desktop775 ($80.98 in chips)
Desktop775: posts small blind $1
baur017017: posts big blind $3
*** HOLE CARDS ***
Desktop775: raises $3 to $6
baur017017: calls $3
*** FLOP *** [3c Qs Kh]
baur017017: checks
Desktop775: bets $3
baur017017: calls $3
*** TURN *** [3c Qs Kh] [5d]
baur017017: checks
Desktop775: bets $6
baur017017: calls $6
*** RIVER *** [3c Qs Kh 5d] [Jd]
baur017017: checks
Desktop775: checks
*** SHOW DOWN ***
baur017017: shows [Qd 9d] (a pair of Queens)
Desktop775: mucks hand
baur017017 collected $29.50 from pot
*** SUMMARY ***
Total pot $30 | Rake $0.50
Board [3c Qs Kh 5d Jd]
Seat 1: baur017017 (big blind) showed [Qd 9d] and won ($29.50) with a pair of Queens
Seat 2: Desktop775 (button) (small blind) mucked


PokerStars Hand #146434787622:  Hold'em Limit ($3/$6 USD) - 2016/01/04 1:47:52 ET
Table 'Poesia' 2-max Seat #2 is the button
Seat 1: baur017017 ($58.56 in chips)
Seat 2: Desktop775 ($147.14 in chips)
Desktop775: posts small blind $1
baur017017: posts big blind $3
*** HOLE CARDS ***
Desktop775: folds
Uncalled bet ($2) returned to baur017017
baur017017 collected $2 from pot
baur017017: doesn't show hand
*** SUMMARY ***
Total pot $2 | Rake $0
Seat 1: baur017017 (big blind) collected ($2)
Seat 2: Desktop775 (button) (small blind) folded before Flop


PokerStars Hand #146434786124:  Hold'em Limit ($3/$6 USD) - 2016/01/04 1:47:46 ET
Table 'Poesia' 2-max Seat #1 is the button
Seat 1: baur017017 ($59.56 in chips)
Seat 2: Desktop775 ($146.14 in chips)
baur017017: posts small blind $1
Desktop775: posts big blind $3
*** HOLE CARDS ***
baur017017: folds
Uncalled bet ($2) returned to Desktop775
Desktop775 collected $2 from pot
Desktop775: doesn't show hand
*** SUMMARY ***
Total pot $2 | Rake $0
Seat 1: baur017017 (button) (small blind) folded before Flop
Seat 2: Desktop775 (big blind) collected ($2)


PokerStars Hand #146434789069:  Hold'em Limit ($3/$6 USD) - 2016/01/04 1:47:57 ET
Table 'Poesia' 2-max Seat #1 is the button
Seat 1: baur017017 ($59.56 in chips)
Seat 2: Desktop775 ($146.14 in chips)
baur017017: posts small blind $1
Desktop775: posts big blind $3
*** HOLE CARDS ***
baur017017: raises $3 to $6
Desktop775: raises $3 to $9
baur017017: calls $3
*** FLOP *** [9s 5c Qc]
Desktop775: bets $3
baur017017: calls $3
*** TURN *** [9s 5c Qc] [Qh]
Desktop775: bets $6
baur017017: calls $6
*** RIVER *** [9s 5c Qc Qh] [Jd]
Desktop775: checks
baur017017: checks
*** SHOW DOWN ***
Desktop775: shows [Ad 7d] (a pair of Queens)
baur017017: shows [2s As] (a pair of Queens)
Desktop775 collected $17.75 from pot
baur017017 collected $17.75 from pot
*** SUMMARY ***
Total pot $36 | Rake $0.50
Board [9s 5c Qc Qh Jd]
Seat 1: baur017017 (button) (small blind) showed [2s As] and won ($17.75) with a pair of Queens
Seat 2: Desktop775 (big blind) showed [Ad 7d] and won ($17.75) with a pair of Queens


PokerStars Hand #146434777580:  Hold'em Limit ($3/$6 USD) - 2016/01/04 1:47:21 ET
Table 'Poesia' 2-max Seat #2 is the button
Seat 1: baur017017 ($68.56 in chips)
Seat 2: Desktop775 ($137.50 in chips)
Desktop775: posts small blind $1
baur017017: posts big blind $3
*** HOLE CARDS ***
Desktop775: raises $3 to $6
baur017017: calls $3
*** FLOP *** [Ks 4h 6s]
baur017017: checks
Desktop775: bets $3
baur017017: calls $3
*** TURN *** [Ks 4h 6s] [3c]
baur017017: checks
Desktop775: bets $6
baur017017: folds
Uncalled bet ($6) returned to Desktop775
Desktop775 collected $17.64 from pot
Desktop775: doesn't show hand
*** SUMMARY ***
Total pot $18 | Rake $0.36
Board [Ks 4h 6s 3c]
Seat 1: baur017017 (big blind) folded on the Turn
Seat 2: Desktop775 (button) (small blind) collected ($17.64)


PokerStars Hand #146434795870:  Hold'em Limit ($3/$6 USD) - 2016/01/04 1:48:22 ET
Table 'Poesia' 2-max Seat #2 is the button
Seat 1: baur017017 ($59.31 in chips)
Seat 2: Desktop775 ($145.89 in chips)
Desktop775: posts small blind $1
baur017017: posts big blind $3
*** HOLE CARDS ***
Desktop775: raises $3 to $6
baur017017: raises $3 to $9
Desktop775: calls $3
*** FLOP *** [6c 6d 5h]
baur017017: bets $3
Desktop775: raises $3 to $6
baur017017: calls $3
*** TURN *** [6c 6d 5h] [2h]
baur017017: checks
Desktop775: checks
*** RIVER *** [6c 6d 5h 2h] [7s]
baur017017: checks
Desktop775: checks
*** SHOW DOWN ***
baur017017: shows [As 5s] (two pair, Sixes and Fives)
Desktop775: mucks hand
baur017017 collected $29.50 from pot
*** SUMMARY ***
Total pot $30 | Rake $0.50
Board [6c 6d 5h 2h 7s]
Seat 1: baur017017 (big blind) showed [As 5s] and won ($29.50) with two pair, Sixes and Fives
Seat 2: Desktop775 (button) (small blind) mucked


PokerStars Hand #146434803809:  Hold'em Limit ($3/$6 USD) - 2016/01/04 1:48:51 ET
Table 'Poesia' 2-max Seat #1 is the button
Seat 1: baur017017 ($73.81 in chips)
Seat 2: Desktop775 ($130.89 in chips)
baur017017: posts small blind $1
Desktop775: posts big blind $3
*** HOLE CARDS ***
baur017017: raises $3 to $6
Desktop775: raises $3 to $9
baur017017: calls $3
*** FLOP *** [3h Th 2d]
Desktop775: bets $3
baur017017: calls $3
*** TURN *** [3h Th 2d] [9d]
Desktop775: bets $6
baur017017: folds
Uncalled bet ($6) returned to Desktop775
Desktop775 collected $23.52 from pot
Desktop775: doesn't show hand
*** SUMMARY ***
Total pot $24 | Rake $0.48
Board [3h Th 2d 9d]
Seat 1: baur017017 (button) (small blind) folded on the Turn
Seat 2: Desktop775 (big blind) collected ($23.52)


PokerStars Hand #146434818378:  Hold'em Limit ($3/$6 USD) - 2016/01/04 1:49:45 ET
Table 'Poesia' 2-max Seat #1 is the button
Seat 1: baur017017 ($91.31 in chips)
Seat 2: Desktop775 ($112.41 in chips)
baur017017: posts small blind $1
Desktop775: posts big blind $3
*** HOLE CARDS ***
baur017017: folds
Uncalled bet ($2) returned to Desktop775
Desktop775 collected $2 from pot
Desktop775: doesn't show hand
*** SUMMARY ***
Total pot $2 | Rake $0
Seat 1: baur017017 (button) (small blind) folded before Flop
Seat 2: Desktop775 (big blind) collected ($2)


PokerStars Hand #146434825811:  Hold'em Limit ($3/$6 USD) - 2016/01/04 1:50:12 ET
Table 'Poesia' 2-max Seat #1 is the button
Seat 1: baur017017 ($104.81 in chips)
Seat 2: Desktop775 ($98.41 in chips)
baur017017: posts small blind $1
Desktop775: posts big blind $3
*** HOLE CARDS ***
baur017017: folds
Uncalled bet ($2) returned to Desktop775
Desktop775 collected $2 from pot
Desktop775: doesn't show hand
*** SUMMARY ***
Total pot $2 | Rake $0
Seat 1: baur017017 (button) (small blind) folded before Flop
Seat 2: Desktop775 (big blind) collected ($2)


PokerStars Hand #146434819814:  Hold'em Limit ($3/$6 USD) - 2016/01/04 1:49:50 ET
Table 'Poesia' 2-max Seat #2 is the button
Seat 1: baur017017 ($90.31 in chips)
Seat 2: Desktop775 ($113.41 in chips)
Desktop775: posts small blind $1
baur017017: posts big blind $3
*** HOLE CARDS ***
Desktop775: raises $3 to $6
baur017017: calls $3
*** FLOP *** [8d 4d 6c]
baur017017: checks
Desktop775: bets $3
baur017017: calls $3
*** TURN *** [8d 4d 6c] [9d]
baur017017: checks
Desktop775: bets $6
baur017017: calls $6
*** RIVER *** [8d 4d 6c 9d] [5h]
baur017017: checks
Desktop775: checks
*** SHOW DOWN ***
baur017017: shows [4s 5d] (two pair, Fives and Fours)
Desktop775: mucks hand
baur017017 collected $29.50 from pot
*** SUMMARY ***
Total pot $30 | Rake $0.50
Board [8d 4d 6c 9d 5h]
Seat 1: baur017017 (big blind) showed [4s 5d] and won ($29.50) with two pair, Fives and Fours
Seat 2: Desktop775 (button) (small blind) mucked


PokerStars Hand #146434828671:  Hold'em Limit ($3/$6 USD) - 2016/01/04 1:50:22 ET
Table 'Poesia' 2-max Seat #1 is the button
Seat 1: baur017017 ($104.81 in chips)
Seat 2: Desktop775 ($98.41 in chips)
baur017017: posts small blind $1
Desktop775: posts big blind $3
*** HOLE CARDS ***
baur017017: folds
Uncalled bet ($2) returned to Desktop775
Desktop775 collected $2 from pot
Desktop775: doesn't show hand
*** SUMMARY ***
Total pot $2 | Rake $0
Seat 1: baur017017 (button) (small blind) folded before Flop
Seat 2: Desktop775 (big blind) collected ($2)


PokerStars Hand #146434830036:  Hold'em Limit ($3/$6 USD) - 2016/01/04 1:50:27 ET
Table 'Poesia' 2-max Seat #2 is the button
Seat 1: baur017017 ($103.81 in chips)
Seat 2: Desktop775 ($99.41 in chips)
Desktop775: posts small blind $1
baur017017: posts big blind $3
*** HOLE CARDS ***
Desktop775: raises $3 to $6
baur017017: folds
Uncalled bet ($3) returned to Desktop775
Desktop775 collected $6 from pot
Desktop775: doesn't show hand
*** SUMMARY ***
Total pot $6 | Rake $0
Seat 1: baur017017 (big blind) folded before Flop
Seat 2: Desktop775 (button) (small blind) collected ($6)


PokerStars Hand #146434809469:  Hold'em Limit ($3/$6 USD) - 2016/01/04 1:49:12 ET
Table 'Poesia' 2-max Seat #2 is the button
Seat 1: baur017017 ($61.81 in chips)
Seat 2: Desktop775 ($142.41 in chips)
Desktop775: posts small blind $1
baur017017: posts big blind $3
*** HOLE CARDS ***
Desktop775: raises $3 to $6
baur017017: raises $3 to $9
Desktop775: calls $3
*** FLOP *** [5c Td 2c]
baur017017: bets $3
Desktop775: calls $3
*** TURN *** [5c Td 2c] [7c]
baur017017: checks
Desktop775: bets $6
baur017017: raises $6 to $12
Desktop775: calls $6
*** RIVER *** [5c Td 2c 7c] [Kh]
baur017017: bets $6
Desktop775: calls $6
*** SHOW DOWN ***
baur017017: shows [4c Ac] (a flush, Ace high)
Desktop775: mucks hand
baur017017 collected $59.50 from pot
*** SUMMARY ***
Total pot $60 | Rake $0.50
Board [5c Td 2c 7c Kh]
Seat 1: baur017017 (big blind) showed [4c Ac] and won ($59.50) with a flush, Ace high
Seat 2: Desktop775 (button) (small blind) mucked


PokerStars Hand #146434836161:  Hold'em Limit ($3/$6 USD) - 2016/01/04 1:50:50 ET
Table 'Poesia' 2-max Seat #1 is the button
Seat 1: baur017017 ($96.81 in chips)
Seat 2: Desktop775 ($106.41 in chips)
baur017017: posts small blind $1
Desktop775: posts big blind $3
*** HOLE CARDS ***
baur017017: folds
Uncalled bet ($2) returned to Desktop775
Desktop775 collected $2 from pot
Desktop775: doesn't show hand
*** SUMMARY ***
Total pot $2 | Rake $0
Seat 1: baur017017 (button) (small blind) folded before Flop
Seat 2: Desktop775 (big blind) collected ($2)


PokerStars Hand #146434837543:  Hold'em Limit ($3/$6 USD) - 2016/01/04 1:50:55 ET
Table 'Poesia' 2-max Seat #2 is the button
Seat 1: baur017017 ($95.81 in chips)
Seat 2: Desktop775 ($107.41 in chips)
Desktop775: posts small blind $1
baur017017: posts big blind $3
*** HOLE CARDS ***
Desktop775: raises $3 to $6
baur017017: calls $3
*** FLOP *** [Th Qs 6d]
baur017017: checks
Desktop775: bets $3
baur017017: calls $3
*** TURN *** [Th Qs 6d] [8h]
baur017017: checks
Desktop775: checks
*** RIVER *** [Th Qs 6d 8h] [5d]
baur017017: checks
Desktop775: checks
*** SHOW DOWN ***
baur017017: shows [Jd Kd] (high card King)
Desktop775: shows [5c As] (a pair of Fives)
Desktop775 collected $17.64 from pot
*** SUMMARY ***
Total pot $18 | Rake $0.36
Board [Th Qs 6d 8h 5d]
Seat 1: baur017017 (big blind) showed [Jd Kd] and lost with high card King
Seat 2: Desktop775 (button) (small blind) showed [5c As] and won ($17.64) with a pair of Fives


PokerStars Hand #146434847216:  Hold'em Limit ($3/$6 USD) - 2016/01/04 1:51:30 ET
Table 'Poesia' 2-max Seat #2 is the button
Seat 1: baur017017 ($92.57 in chips)
Seat 2: Desktop775 ($110.05 in chips)
Desktop775: posts small blind $1
baur017017: posts big blind $3
*** HOLE CARDS ***
Desktop775: folds
Uncalled bet ($2) returned to baur017017
baur017017 collected $2 from pot
baur017017: doesn't show hand
*** SUMMARY ***
Total pot $2 | Rake $0
Seat 1: baur017017 (big blind) collected ($2)
Seat 2: Desktop775 (button) (small blind) folded before Flop


PokerStars Hand #146434843872:  Hold'em Limit ($3/$6 USD) - 2016/01/04 1:51:18 ET
Table 'Poesia' 2-max Seat #1 is the button
Seat 1: baur017017 ($86.81 in chips)
Seat 2: Desktop775 ($116.05 in chips)
baur017017: posts small blind $1
Desktop775: posts big blind $3
*** HOLE CARDS ***
baur017017: raises $3 to $6
Desktop775: calls $3
*** FLOP *** [7s 9s 7h]
Desktop775: checks
baur017017: bets $3
Desktop775: folds
Uncalled bet ($3) returned to baur017017
baur017017 collected $11.76 from pot
baur017017: doesn't show hand
*** SUMMARY ***
Total pot $12 | Rake $0.24
Board [7s 9s 7h]
Seat 1: baur017017 (button) (small blind) collected ($11.76)
Seat 2: Desktop775 (big blind) folded on the Flop


PokerStars Hand #146434833899:  Hold'em Limit ($3/$6 USD) - 2016/01/04 1:50:41 ET
Table 'Poesia' 2-max Seat #2 is the button
Seat 1: baur017017 ($99.81 in chips)
Seat 2: Desktop775 ($103.41 in chips)
Desktop775: posts small blind $1
baur017017: posts big blind $3
*** HOLE CARDS ***
Desktop775: raises $3 to $6
baur017017: folds
Uncalled bet ($3) returned to Desktop775
Desktop775 collected $6 from pot
Desktop775: doesn't show hand
*** SUMMARY ***
Total pot $6 | Rake $0
Seat 1: baur017017 (big blind) folded before Flop
Seat 2: Desktop775 (button) (small blind) collected ($6)


PokerStars Hand #146434832179:  Hold'em Limit ($3/$6 USD) - 2016/01/04 1:50:35 ET
Table 'Poesia' 2-max Seat #1 is the button
Seat 1: baur017017 ($100.81 in chips)
Seat 2: Desktop775 ($102.41 in chips)
baur017017: posts small blind $1
Desktop775: posts big blind $3
*** HOLE CARDS ***
baur017017: folds
Uncalled bet ($2) returned to Desktop775
Desktop775 collected $2 from pot
Desktop775: doesn't show hand
*** SUMMARY ***
Total pot $2 | Rake $0
Seat 1: baur017017 (button) (small blind) folded before Flop
Seat 2: Desktop775 (big blind) collected ($2)


PokerStars Hand #146434851844:  Hold'em Limit ($3/$6 USD) - 2016/01/04 1:51:47 ET
Table 'Poesia' 2-max Seat #1 is the button
Seat 1: baur017017 ($93.57 in chips)
Seat 2: Desktop775 ($109.05 in chips)
baur017017: posts small blind $1
Desktop775: posts big blind $3
*** HOLE CARDS ***
baur017017: raises $3 to $6
Desktop775: raises $3 to $9
baur017017: calls $3
*** FLOP *** [4c 2d 4s]
Desktop775: bets $3
baur017017: calls $3
*** TURN *** [4c 2d 4s] [Jc]
Desktop775: checks
baur017017: checks
*** RIVER *** [4c 2d 4s Jc] [8h]
Desktop775: checks
baur017017: checks
*** SHOW DOWN ***
Desktop775: shows [6s As] (a pair of Fours)
baur017017: mucks hand
Desktop775 collected $23.52 from pot
*** SUMMARY ***
Total pot $24 | Rake $0.48
Board [4c 2d 4s Jc 8h]
Seat 1: baur017017 (button) (small blind) mucked
Seat 2: Desktop775 (big blind) showed [6s As] and won ($23.52) with a pair of Fours


PokerStars Hand #146434850347:  Hold'em Limit ($3/$6 USD) - 2016/01/04 1:51:42 ET
Table 'Poesia' 2-max Seat #2 is the button
Seat 1: baur017017 ($92.57 in chips)
Seat 2: Desktop775 ($110.05 in chips)
Desktop775: posts small blind $1
baur017017: posts big blind $3
*** HOLE CARDS ***
Desktop775: folds
Uncalled bet ($2) returned to baur017017
baur017017 collected $2 from pot
baur017017: doesn't show hand
*** SUMMARY ***
Total pot $2 | Rake $0
Seat 1: baur017017 (big blind) collected ($2)
Seat 2: Desktop775 (button) (small blind) folded before Flop


PokerStars Hand #146434849011:  Hold'em Limit ($3/$6 USD) - 2016/01/04 1:51:37 ET
Table 'Poesia' 2-max Seat #1 is the button
Seat 1: baur017017 ($93.57 in chips)
Seat 2: Desktop775 ($109.05 in chips)
baur017017: posts small blind $1
Desktop775: posts big blind $3
*** HOLE CARDS ***
baur017017: folds
Uncalled bet ($2) returned to Desktop775
Desktop775 collected $2 from pot
Desktop775: doesn't show hand
*** SUMMARY ***
Total pot $2 | Rake $0
Seat 1: baur017017 (button) (small blind) folded before Flop
Seat 2: Desktop775 (big blind) collected ($2)


PokerStars Hand #146434857359:  Hold'em Limit ($3/$6 USD) - 2016/01/04 1:52:08 ET
Table 'Poesia' 2-max Seat #2 is the button
Seat 1: baur017017 ($81.57 in chips)
Seat 2: Desktop775 ($120.57 in chips)
Desktop775: posts small blind $1
baur017017: posts big blind $3
*** HOLE CARDS ***
Desktop775: raises $3 to $6
baur017017: calls $3
*** FLOP *** [8h 9c Kh]
baur017017: checks
Desktop775: bets $3
baur017017: calls $3
*** TURN *** [8h 9c Kh] [6h]
baur017017: checks
Desktop775: bets $6
baur017017: calls $6
*** RIVER *** [8h 9c Kh 6h] [Js]
baur017017: checks
Desktop775: bets $6
baur017017: calls $6
*** SHOW DOWN ***
Desktop775: shows [9d Ah] (a pair of Nines)
baur017017: mucks hand
Desktop775 collected $41.50 from pot
*** SUMMARY ***
Total pot $42 | Rake $0.50
Board [8h 9c Kh 6h Js]
Seat 1: baur017017 (big blind) mucked
Seat 2: Desktop775 (button) (small blind) showed [9d Ah] and won ($41.50) with a pair of Nines


PokerStars Hand #146434863779:  Hold'em Limit ($3/$6 USD) - 2016/01/04 1:52:31 ET
Table 'Poesia' 2-max Seat #1 is the button
Seat 1: baur017017 ($60.57 in chips)
Seat 2: Desktop775 ($141.07 in chips)
baur017017: posts small blind $1
Desktop775: posts big blind $3
*** HOLE CARDS ***
baur017017: raises $3 to $6
Desktop775: calls $3
*** FLOP *** [7d 3s 6d]
Desktop775: checks
baur017017: bets $3
Desktop775: raises $3 to $6
baur017017: calls $3
*** TURN *** [7d 3s 6d] [6h]
Desktop775: bets $6
baur017017: calls $6
*** RIVER *** [7d 3s 6d 6h] [3d]
Desktop775: checks
baur017017: bets $6
Desktop775: calls $6
*** SHOW DOWN ***
baur017017: shows [Qh 7h] (two pair, Sevens and Sixes)
Desktop775: mucks hand
baur017017 collected $47.50 from pot
*** SUMMARY ***
Total pot $48 | Rake $0.50
Board [7d 3s 6d 6h 3d]
Seat 1: baur017017 (button) (small blind) showed [Qh 7h] and won ($47.50) with two pair, Sevens and Sixes
Seat 2: Desktop775 (big blind) mucked


PokerStars Hand #146434870402:  Hold'em Limit ($3/$6 USD) - 2016/01/04 1:52:55 ET
Table 'Poesia' 2-max Seat #2 is the button
Seat 1: baur017017 ($84.07 in chips)
Seat 2: Desktop775 ($117.07 in chips)
Desktop775: posts small blind $1
baur017017: posts big blind $3
*** HOLE CARDS ***
Desktop775: raises $3 to $6
baur017017: calls $3
*** FLOP *** [Jd Kc 3h]
baur017017: checks
Desktop775: bets $3
baur017017: folds
Uncalled bet ($3) returned to Desktop775
Desktop775 collected $11.76 from pot
Desktop775: doesn't show hand
*** SUMMARY ***
Total pot $12 | Rake $0.24
Board [Jd Kc 3h]
Seat 1: baur017017 (big blind) folded on the Flop
Seat 2: Desktop775 (button) (small blind) collected ($11.76)


PokerStars Hand #146434873821:  Hold'em Limit ($3/$6 USD) - 2016/01/04 1:53:08 ET
Table 'Poesia' 2-max Seat #1 is the button
Seat 1: baur017017 ($78.07 in chips)
Seat 2: Desktop775 ($122.83 in chips)
baur017017: posts small blind $1
Desktop775: posts big blind $3
*** HOLE CARDS ***
baur017017: raises $3 to $6
Desktop775: calls $3
*** FLOP *** [Ah As 5c]
Desktop775: checks
baur017017: checks
*** TURN *** [Ah As 5c] [5d]
Desktop775: checks
baur017017: bets $6
Desktop775: folds
Uncalled bet ($6) returned to baur017017
baur017017 collected $11.76 from pot
baur017017: doesn't show hand
*** SUMMARY ***
Total pot $12 | Rake $0.24
Board [Ah As 5c 5d]
Seat 1: baur017017 (button) (small blind) collected ($11.76)
Seat 2: Desktop775 (big blind) folded on the Turn


PokerStars Hand #146434884995:  Hold'em Limit ($3/$6 USD) - 2016/01/04 1:53:49 ET
Table 'Poesia' 2-max Seat #1 is the button
Seat 1: baur017017 ($110.33 in chips)
Seat 2: Desktop775 ($89.83 in chips)
baur017017: posts small blind $1
Desktop775: posts big blind $3
*** HOLE CARDS ***
baur017017: folds
Uncalled bet ($2) returned to Desktop775
Desktop775 collected $2 from pot
Desktop775: doesn't show hand
*** SUMMARY ***
Total pot $2 | Rake $0
Seat 1: baur017017 (button) (small blind) folded before Flop
Seat 2: Desktop775 (big blind) collected ($2)


PokerStars Hand #146434890204:  Hold'em Limit ($3/$6 USD) - 2016/01/04 1:54:08 ET
Table 'Poesia' 2-max Seat #1 is the button
Seat 1: baur017017 ($103.33 in chips)
Seat 2: Desktop775 ($96.59 in chips)
baur017017: posts small blind $1
Desktop775: posts big blind $3
*** HOLE CARDS ***
baur017017: folds
Uncalled bet ($2) returned to Desktop775
Desktop775 collected $2 from pot
Desktop775: doesn't show hand
*** SUMMARY ***
Total pot $2 | Rake $0
Seat 1: baur017017 (button) (small blind) folded before Flop
Seat 2: Desktop775 (big blind) collected ($2)


PokerStars Hand #146434891955:  Hold'em Limit ($3/$6 USD) - 2016/01/04 1:54:14 ET
Table 'Poesia' 2-max Seat #2 is the button
Seat 1: baur017017 ($102.33 in chips)
Seat 2: Desktop775 ($97.59 in chips)
Desktop775: posts small blind $1
baur017017: posts big blind $3
*** HOLE CARDS ***
Desktop775: raises $3 to $6
baur017017: calls $3
*** FLOP *** [4d 3h Ts]
baur017017: checks
Desktop775: bets $3
baur017017: calls $3
*** TURN *** [4d 3h Ts] [Kd]
baur017017: checks
Desktop775: checks
*** RIVER *** [4d 3h Ts Kd] [5d]
baur017017: bets $6
Desktop775: folds
Uncalled bet ($6) returned to baur017017
baur017017 collected $17.64 from pot
baur017017: doesn't show hand
*** SUMMARY ***
Total pot $18 | Rake $0.36
Board [4d 3h Ts Kd 5d]
Seat 1: baur017017 (big blind) collected ($17.64)
Seat 2: Desktop775 (button) (small blind) folded on the River


PokerStars Hand #146434878281:  Hold'em Limit ($3/$6 USD) - 2016/01/04 1:53:25 ET
Table 'Poesia' 2-max Seat #2 is the button
Seat 1: baur017017 ($83.83 in chips)
Seat 2: Desktop775 ($116.83 in chips)
Desktop775: posts small blind $1
baur017017: posts big blind $3
*** HOLE CARDS ***
Desktop775: raises $3 to $6
baur017017: calls $3
*** FLOP *** [Jc 5s 7s]
baur017017: checks
Desktop775: bets $3
baur017017: calls $3
*** TURN *** [Jc 5s 7s] [7d]
baur017017: checks
Desktop775: bets $6
baur017017: raises $6 to $12
Desktop775: calls $6
*** RIVER *** [Jc 5s 7s 7d] [As]
baur017017: bets $6
Desktop775: calls $6
*** SHOW DOWN ***
baur017017: shows [Qc 7c] (three of a kind, Sevens)
Desktop775: mucks hand
baur017017 collected $53.50 from pot
*** SUMMARY ***
Total pot $54 | Rake $0.50
Board [Jc 5s 7s 7d As]
Seat 1: baur017017 (big blind) showed [Qc 7c] and won ($53.50) with three of a kind, Sevens
Seat 2: Desktop775 (button) (small blind) mucked


PokerStars Hand #146434898232:  Hold'em Limit ($3/$6 USD) - 2016/01/04 1:54:37 ET
Table 'Poesia' 2-max Seat #1 is the button
Seat 1: baur017017 ($110.97 in chips)
Seat 2: Desktop775 ($88.59 in chips)
baur017017: posts small blind $1
Desktop775: posts big blind $3
*** HOLE CARDS ***
baur017017: folds
Uncalled bet ($2) returned to Desktop775
Desktop775 collected $2 from pot
Desktop775: doesn't show hand
*** SUMMARY ***
Total pot $2 | Rake $0
Seat 1: baur017017 (button) (small blind) folded before Flop
Seat 2: Desktop775 (big blind) collected ($2)


PokerStars Hand #146434899961:  Hold'em Limit ($3/$6 USD) - 2016/01/04 1:54:43 ET
Table 'Poesia' 2-max Seat #2 is the button
Seat 1: baur017017 ($109.97 in chips)
Seat 2: Desktop775 ($89.59 in chips)
Desktop775: posts small blind $1
baur017017: posts big blind $3
*** HOLE CARDS ***
Desktop775: raises $3 to $6
baur017017: calls $3
*** FLOP *** [Ah 5h 6s]
baur017017: checks
Desktop775: bets $3
baur017017: calls $3
*** TURN *** [Ah 5h 6s] [9s]
baur017017: checks
Desktop775: checks
*** RIVER *** [Ah 5h 6s 9s] [3c]
baur017017: checks
Desktop775: checks
*** SHOW DOWN ***
baur017017: shows [Ts 5s] (a pair of Fives)
Desktop775: mucks hand
baur017017 collected $17.64 from pot
*** SUMMARY ***
Total pot $18 | Rake $0.36
Board [Ah 5h 6s 9s 3c]
Seat 1: baur017017 (big blind) showed [Ts 5s] and won ($17.64) with a pair of Fives
Seat 2: Desktop775 (button) (small blind) mucked


PokerStars Hand #146434907456:  Hold'em Limit ($3/$6 USD) - 2016/01/04 1:55:12 ET
Table 'Poesia' 2-max Seat #2 is the button
Seat 1: baur017017 ($117.61 in chips)
Seat 2: Desktop775 ($81.59 in chips)
Desktop775: posts small blind $1
baur017017: posts big blind $3
*** HOLE CARDS ***
Desktop775: folds
Uncalled bet ($2) returned to baur017017
baur017017 collected $2 from pot
baur017017: doesn't show hand
*** SUMMARY ***
Total pot $2 | Rake $0
Seat 1: baur017017 (big blind) collected ($2)
Seat 2: Desktop775 (button) (small blind) folded before Flop


PokerStars Hand #146434905939:  Hold'em Limit ($3/$6 USD) - 2016/01/04 1:55:06 ET
Table 'Poesia' 2-max Seat #1 is the button
Seat 1: baur017017 ($118.61 in chips)
Seat 2: Desktop775 ($80.59 in chips)
baur017017: posts small blind $1
Desktop775: posts big blind $3
*** HOLE CARDS ***
baur017017: folds
Uncalled bet ($2) returned to Desktop775
Desktop775 collected $2 from pot
Desktop775: doesn't show hand
*** SUMMARY ***
Total pot $2 | Rake $0
Seat 1: baur017017 (button) (small blind) folded before Flop
Seat 2: Desktop775 (big blind) collected ($2)


PokerStars Hand #146434915331:  Hold'em Limit ($3/$6 USD) - 2016/01/04 1:55:44 ET
Table 'Poesia' 2-max Seat #2 is the button
Seat 1: baur017017 ($148.11 in chips)
Seat 2: Desktop775 ($120 in chips)
Desktop775: posts small blind $1
baur017017: posts big blind $3
*** HOLE CARDS ***
Desktop775: folds
Uncalled bet ($2) returned to baur017017
baur017017 collected $2 from pot
*** SUMMARY ***
Total pot $2 | Rake $0
Seat 1: baur017017 (big blind) collected ($2)
Seat 2: Desktop775 (button) (small blind) folded before Flop


PokerStars Hand #146434908803:  Hold'em Limit ($3/$6 USD) - 2016/01/04 1:55:18 ET
Table 'Poesia' 2-max Seat #1 is the button
Seat 1: baur017017 ($118.61 in chips)
Seat 2: Desktop775 ($80.59 in chips)
baur017017: posts small blind $1
Desktop775: posts big blind $3
*** HOLE CARDS ***
baur017017: raises $3 to $6
Desktop775: raises $3 to $9
baur017017: calls $3
*** FLOP *** [7h 6d 6s]
Desktop775: bets $3
baur017017: calls $3
*** TURN *** [7h 6d 6s] [5h]
Desktop775: bets $6
baur017017: calls $6
*** RIVER *** [7h 6d 6s 5h] [4s]
Desktop775: bets $6
baur017017: raises $6 to $12
Desktop775: calls $6
*** SHOW DOWN ***
baur017017: shows [8c Ac] (a straight, Four to Eight)
Desktop775: mucks hand
baur017017 collected $59.50 from pot
*** SUMMARY ***
Total pot $60 | Rake $0.50
Board [7h 6d 6s 5h 4s]
Seat 1: baur017017 (button) (small blind) showed [8c Ac] and won ($59.50) with a straight, Four to Eight
Seat 2: Desktop775 (big blind) mucked


PokerStars Hand #146434916799:  Hold'em Limit ($3/$6 USD) - 2016/01/04 1:55:50 ET
Table 'Poesia' 2-max Seat #1 is the button
Seat 1: baur017017 ($149.11 in chips)
Seat 2: Desktop775 ($119 in chips)
baur017017: posts small blind $1
Desktop775: posts big blind $3
*** HOLE CARDS ***
baur017017: folds
Uncalled bet ($2) returned to Desktop775
Desktop775 collected $2 from pot
Desktop775: doesn't show hand
*** SUMMARY ***
Total pot $2 | Rake $0
Seat 1: baur017017 (button) (small blind) folded before Flop
Seat 2: Desktop775 (big blind) collected ($2)


PokerStars Hand #146434918405:  Hold'em Limit ($3/$6 USD) - 2016/01/04 1:55:57 ET
Table 'Poesia' 2-max Seat #2 is the button
Seat 1: baur017017 ($148.11 in chips)
Seat 2: Desktop775 ($120 in chips)
Desktop775: posts small blind $1
baur017017: posts big blind $3
*** HOLE CARDS ***
Desktop775: raises $3 to $6
baur017017: calls $3
*** FLOP *** [2h Kd Ac]
baur017017: checks
Desktop775: bets $3
baur017017: calls $3
*** TURN *** [2h Kd Ac] [Qc]
baur017017: checks
Desktop775: checks
*** RIVER *** [2h Kd Ac Qc] [9d]
baur017017: bets $6
Desktop775: folds
Uncalled bet ($6) returned to baur017017
baur017017 collected $17.64 from pot
*** SUMMARY ***
Total pot $18 | Rake $0.36
Board [2h Kd Ac Qc 9d]
Seat 1: baur017017 (big blind) collected ($17.64)
Seat 2: Desktop775 (button) (small blind) folded on the River


PokerStars Hand #146434923798:  Hold'em Limit ($3/$6 USD) - 2016/01/04 1:56:19 ET
Table 'Poesia' 2-max Seat #1 is the button
Seat 1: baur017017 ($156.75 in chips)
Seat 2: Desktop775 ($111 in chips)
baur017017: posts small blind $1
Desktop775: posts big blind $3
*** HOLE CARDS ***
baur017017: raises $3 to $6
Desktop775: calls $3
*** FLOP *** [Tc Js 2s]
Desktop775: checks
baur017017: bets $3
Desktop775: calls $3
*** TURN *** [Tc Js 2s] [5c]
Desktop775: checks
baur017017: bets $6
Desktop775: folds
Uncalled bet ($6) returned to baur017017
baur017017 collected $17.64 from pot
baur017017: doesn't show hand
*** SUMMARY ***
Total pot $18 | Rake $0.36
Board [Tc Js 2s 5c]
Seat 1: baur017017 (button) (small blind) collected ($17.64)
Seat 2: Desktop775 (big blind) folded on the Turn


PokerStars Hand #146434941899:  Hold'em Limit ($3/$6 USD) - 2016/01/04 1:57:33 ET
Table 'Poesia' 2-max Seat #1 is the button
Seat 1: baur017017 ($184.79 in chips)
Seat 2: Desktop775 ($82 in chips)
baur017017: posts small blind $1
Desktop775: posts big blind $3
*** HOLE CARDS ***
baur017017: folds
Uncalled bet ($2) returned to Desktop775
Desktop775 collected $2 from pot
Desktop775: doesn't show hand
*** SUMMARY ***
Total pot $2 | Rake $0
Seat 1: baur017017 (button) (small blind) folded before Flop
Seat 2: Desktop775 (big blind) collected ($2)


PokerStars Hand #146434934725:  Hold'em Limit ($3/$6 USD) - 2016/01/04 1:57:04 ET
Table 'Poesia' 2-max Seat #2 is the button
Seat 1: baur017017 ($172.15 in chips)
Seat 2: Desktop775 ($95 in chips)
Desktop775: posts small blind $1
baur017017: posts big blind $3
*** HOLE CARDS ***
Desktop775: folds
Uncalled bet ($2) returned to baur017017
baur017017 collected $2 from pot
*** SUMMARY ***
Total pot $2 | Rake $0
Seat 1: baur017017 (big blind) collected ($2)
Seat 2: Desktop775 (button) (small blind) folded before Flop


PokerStars Hand #146434930165:  Hold'em Limit ($3/$6 USD) - 2016/01/04 1:56:45 ET
Table 'Poesia' 2-max Seat #1 is the button
Seat 1: baur017017 ($166.39 in chips)
Seat 2: Desktop775 ($101 in chips)
baur017017: posts small blind $1
Desktop775: posts big blind $3
*** HOLE CARDS ***
baur017017: raises $3 to $6
Desktop775: calls $3
*** FLOP *** [As 7s Ks]
Desktop775: checks
baur017017: checks
*** TURN *** [As 7s Ks] [5d]
Desktop775: checks
baur017017: checks
*** RIVER *** [As 7s Ks 5d] [7c]
Desktop775: checks
baur017017: checks
*** SHOW DOWN ***
Desktop775: shows [Jd 2d] (a pair of Sevens)
baur017017: shows [4c 4h] (two pair, Sevens and Fours)
baur017017 collected $11.76 from pot
*** SUMMARY ***
Total pot $12 | Rake $0.24
Board [As 7s Ks 5d 7c]
Seat 1: baur017017 (button) (small blind) showed [4c 4h] and won ($11.76) with two pair, Sevens and Fours
Seat 2: Desktop775 (big blind) showed [Jd 2d] and lost with a pair of Sevens


PokerStars Hand #146434953847:  Hold'em Limit ($3/$6 USD) - 2016/01/04 1:58:23 ET
Table 'Poesia' 2-max Seat #2 is the button
Seat 1: baur017017 ($177.79 in chips)
Seat 2: Desktop775 ($88.64 in chips)
Desktop775: posts small blind $1
baur017017: posts big blind $3
*** HOLE CARDS ***
Desktop775: raises $3 to $6
baur017017: raises $3 to $9
Desktop775: calls $3
*** FLOP *** [9s 4d 3c]
baur017017: bets $3
Desktop775: calls $3
*** TURN *** [9s 4d 3c] [Qd]
baur017017: bets $6
Desktop775: folds
Uncalled bet ($6) returned to baur017017
baur017017 collected $23.52 from pot
baur017017: doesn't show hand
*** SUMMARY ***
Total pot $24 | Rake $0.48
Board [9s 4d 3c Qd]
Seat 1: baur017017 (big blind) collected ($23.52)
Seat 2: Desktop775 (button) (small blind) folded on the Turn


PokerStars Hand #146434943476:  Hold'em Limit ($3/$6 USD) - 2016/01/04 1:57:40 ET
Table 'Poesia' 2-max Seat #2 is the button
Seat 1: baur017017 ($183.79 in chips)
Seat 2: Desktop775 ($83 in chips)
Desktop775: posts small blind $1
baur017017: posts big blind $3
*** HOLE CARDS ***
Desktop775: raises $3 to $6
baur017017: folds
Uncalled bet ($3) returned to Desktop775
Desktop775 collected $6 from pot
Desktop775: doesn't show hand
*** SUMMARY ***
Total pot $6 | Rake $0
Seat 1: baur017017 (big blind) folded before Flop
Seat 2: Desktop775 (button) (small blind) collected ($6)


PokerStars Hand #146434947199:  Hold'em Limit ($3/$6 USD) - 2016/01/04 1:57:55 ET
Table 'Poesia' 2-max Seat #2 is the button
Seat 1: baur017017 ($183.79 in chips)
Seat 2: Desktop775 ($83 in chips)
Desktop775: posts small blind $1
baur017017: posts big blind $3
*** HOLE CARDS ***
Desktop775: raises $3 to $6
baur017017: calls $3
*** FLOP *** [5h Kd 2c]
baur017017: checks
Desktop775: bets $3
baur017017: calls $3
*** TURN *** [5h Kd 2c] [Qc]
baur017017: checks
Desktop775: bets $6
baur017017: folds
Uncalled bet ($6) returned to Desktop775
Desktop775 collected $17.64 from pot
Desktop775: doesn't show hand
*** SUMMARY ***
Total pot $18 | Rake $0.36
Board [5h Kd 2c Qc]
Seat 1: baur017017 (big blind) folded on the Turn
Seat 2: Desktop775 (button) (small blind) collected ($17.64)


PokerStars Hand #146434951819:  Hold'em Limit ($3/$6 USD) - 2016/01/04 1:58:14 ET
Table 'Poesia' 2-max Seat #1 is the button
Seat 1: baur017017 ($174.79 in chips)
Seat 2: Desktop775 ($91.64 in chips)
baur017017: posts small blind $1
Desktop775: posts big blind $3
*** HOLE CARDS ***
baur017017: raises $3 to $6
Desktop775: folds
Uncalled bet ($3) returned to baur017017
baur017017 collected $6 from pot
*** SUMMARY ***
Total pot $6 | Rake $0
Seat 1: baur017017 (button) (small blind) collected ($6)
Seat 2: Desktop775 (big blind) folded before Flop


PokerStars Hand #146434958148:  Hold'em Limit ($3/$6 USD) - 2016/01/04 1:58:40 ET
Table 'Poesia' 2-max Seat #1 is the button
Seat 1: baur017017 ($189.31 in chips)
Seat 2: Desktop775 ($76.64 in chips)
baur017017: posts small blind $1
Desktop775: posts big blind $3
*** HOLE CARDS ***
baur017017: folds
Uncalled bet ($2) returned to Desktop775
Desktop775 collected $2 from pot
Desktop775: doesn't show hand
*** SUMMARY ***
Total pot $2 | Rake $0
Seat 1: baur017017 (button) (small blind) folded before Flop
Seat 2: Desktop775 (big blind) collected ($2)


PokerStars Hand #146434959607:  Hold'em Limit ($3/$6 USD) - 2016/01/04 1:58:46 ET
Table 'Poesia' 2-max Seat #2 is the button
Seat 1: baur017017 ($188.31 in chips)
Seat 2: Desktop775 ($77.64 in chips)
Desktop775: posts small blind $1
baur017017: posts big blind $3
*** HOLE CARDS ***
Desktop775: raises $3 to $6
baur017017: raises $3 to $9
Desktop775: calls $3
*** FLOP *** [Qs Jh 8d]
baur017017: bets $3
Desktop775: raises $3 to $6
baur017017: calls $3
*** TURN *** [Qs Jh 8d] [7d]
baur017017: checks
Desktop775: bets $6
baur017017: calls $6
*** RIVER *** [Qs Jh 8d 7d] [Ac]
baur017017: checks
Desktop775: checks
*** SHOW DOWN ***
baur017017: shows [Js As] (two pair, Aces and Jacks)
Desktop775: mucks hand
baur017017 collected $41.50 from pot
*** SUMMARY ***
Total pot $42 | Rake $0.50
Board [Qs Jh 8d 7d Ac]
Seat 1: baur017017 (big blind) showed [Js As] and won ($41.50) with two pair, Aces and Jacks
Seat 2: Desktop775 (button) (small blind) mucked


PokerStars Hand #146434966011:  Hold'em Limit ($3/$6 USD) - 2016/01/04 1:59:12 ET
Table 'Poesia' 2-max Seat #1 is the button
Seat 1: baur017017 ($208.81 in chips)
Seat 2: Desktop775 ($120 in chips)
baur017017: posts small blind $1
Desktop775: posts big blind $3
*** HOLE CARDS ***
baur017017: raises $3 to $6
Desktop775: calls $3
*** FLOP *** [5s Jh 3d]
Desktop775: checks
baur017017: bets $3
Desktop775: raises $3 to $6
baur017017: calls $3
*** TURN *** [5s Jh 3d] [2h]
Desktop775: bets $6
baur017017: raises $6 to $12
Desktop775: folds
Uncalled bet ($6) returned to baur017017
baur017017 collected $35.50 from pot
baur017017: doesn't show hand
*** SUMMARY ***
Total pot $36 | Rake $0.50
Board [5s Jh 3d 2h]
Seat 1: baur017017 (button) (small blind) collected ($35.50)
Seat 2: Desktop775 (big blind) folded on the Turn


PokerStars Hand #146434971847:  Hold'em Limit ($3/$6 USD) - 2016/01/04 1:59:36 ET
Table 'Poesia' 2-max Seat #2 is the button
Seat 1: baur017017 ($226.31 in chips)
Seat 2: Desktop775 ($102 in chips)
Desktop775: posts small blind $1
baur017017: posts big blind $3
*** HOLE CARDS ***
Desktop775: raises $3 to $6
baur017017: folds
Uncalled bet ($3) returned to Desktop775
Desktop775 collected $6 from pot
Desktop775: doesn't show hand
*** SUMMARY ***
Total pot $6 | Rake $0
Seat 1: baur017017 (big blind) folded before Flop
Seat 2: Desktop775 (button) (small blind) collected ($6)


PokerStars Hand #146434978260:  Hold'em Limit ($3/$6 USD) - 2016/01/04 2:00:02 ET
Table 'Poesia' 2-max Seat #2 is the button
Seat 1: baur017017 ($243.81 in chips)
Seat 2: Desktop775 ($84 in chips)
Desktop775: posts small blind $1
baur017017: posts big blind $3
*** HOLE CARDS ***
Desktop775: raises $3 to $6
baur017017: folds
Uncalled bet ($3) returned to Desktop775
Desktop775 collected $6 from pot
Desktop775: doesn't show hand
*** SUMMARY ***
Total pot $6 | Rake $0
Seat 1: baur017017 (big blind) folded before Flop
Seat 2: Desktop775 (button) (small blind) collected ($6)


PokerStars Hand #146434973684:  Hold'em Limit ($3/$6 USD) - 2016/01/04 1:59:44 ET
Table 'Poesia' 2-max Seat #1 is the button
Seat 1: baur017017 ($223.31 in chips)
Seat 2: Desktop775 ($105 in chips)
baur017017: posts small blind $1
Desktop775: posts big blind $3
*** HOLE CARDS ***
baur017017: raises $3 to $6
Desktop775: calls $3
*** FLOP *** [4s 8c Ac]
Desktop775: checks
baur017017: bets $3
Desktop775: calls $3
*** TURN *** [4s 8c Ac] [9d]
Desktop775: checks
baur017017: bets $6
Desktop775: calls $6
*** RIVER *** [4s 8c Ac 9d] [6c]
Desktop775: checks
baur017017: bets $6
Desktop775: calls $6
*** SHOW DOWN ***
baur017017: shows [Ad 7d] (a pair of Aces)
Desktop775: mucks hand
baur017017 collected $41.50 from pot
*** SUMMARY ***
Total pot $42 | Rake $0.50
Board [4s 8c Ac 9d 6c]
Seat 1: baur017017 (button) (small blind) showed [Ad 7d] and won ($41.50) with a pair of Aces
Seat 2: Desktop775 (big blind) mucked


PokerStars Hand #146434979974:  Hold'em Limit ($3/$6 USD) - 2016/01/04 2:00:10 ET
Table 'Poesia' 2-max Seat #1 is the button
Seat 1: baur017017 ($240.81 in chips)
Seat 2: Desktop775 ($87 in chips)
baur017017: posts small blind $1
Desktop775: posts big blind $3
*** HOLE CARDS ***
baur017017: folds
Uncalled bet ($2) returned to Desktop775
Desktop775 collected $2 from pot
Desktop775: doesn't show hand
*** SUMMARY ***
Total pot $2 | Rake $0
Seat 1: baur017017 (button) (small blind) folded before Flop
Seat 2: Desktop775 (big blind) collected ($2)


PokerStars Hand #146434981610:  Hold'em Limit ($3/$6 USD) - 2016/01/04 2:00:16 ET
Table 'Poesia' 2-max Seat #2 is the button
Seat 1: baur017017 ($239.81 in chips)
Seat 2: Desktop775 ($88 in chips)
Desktop775: posts small blind $1
baur017017: posts big blind $3
*** HOLE CARDS ***
Desktop775: raises $3 to $6
baur017017: calls $3
*** FLOP *** [5d Ac 2h]
baur017017: checks
Desktop775: bets $3
baur017017: calls $3
*** TURN *** [5d Ac 2h] [4d]
baur017017: checks
Desktop775: bets $6
baur017017: folds
Uncalled bet ($6) returned to Desktop775
Desktop775 collected $17.64 from pot
Desktop775: doesn't show hand
*** SUMMARY ***
Total pot $18 | Rake $0.36
Board [5d Ac 2h 4d]
Seat 1: baur017017 (big blind) folded on the Turn
Seat 2: Desktop775 (button) (small blind) collected ($17.64)


PokerStars Hand #146434996323:  Hold'em Limit ($3/$6 USD) - 2016/01/04 2:01:13 ET
Table 'Poesia' 2-max Seat #1 is the button
Seat 1: baur017017 ($232.33 in chips)
Seat 2: Desktop775 ($94.40 in chips)
baur017017: posts small blind $1
Desktop775: posts big blind $3
*** HOLE CARDS ***
baur017017: raises $3 to $6
Desktop775: raises $3 to $9
baur017017: calls $3
*** FLOP *** [Jh 9d 4s]
Desktop775: bets $3
baur017017: calls $3
*** TURN *** [Jh 9d 4s] [Jd]
Desktop775: bets $6
baur017017: folds
Uncalled bet ($6) returned to Desktop775
Desktop775 collected $23.52 from pot
Desktop775: doesn't show hand
*** SUMMARY ***
Total pot $24 | Rake $0.48
Board [Jh 9d 4s Jd]
Seat 1: baur017017 (button) (small blind) folded on the Turn
Seat 2: Desktop775 (big blind) collected ($23.52)


PokerStars Hand #146434991643:  Hold'em Limit ($3/$6 USD) - 2016/01/04 2:00:55 ET
Table 'Poesia' 2-max Seat #1 is the button
Seat 1: baur017017 ($239.33 in chips)
Seat 2: Desktop775 ($87.64 in chips)
baur017017: posts small blind $1
Desktop775: posts big blind $3
*** HOLE CARDS ***
baur017017: folds
Uncalled bet ($2) returned to Desktop775
Desktop775 collected $2 from pot
Desktop775: doesn't show hand
*** SUMMARY ***
Total pot $2 | Rake $0
Seat 1: baur017017 (button) (small blind) folded before Flop
Seat 2: Desktop775 (big blind) collected ($2)


PokerStars Hand #146434989946:  Hold'em Limit ($3/$6 USD) - 2016/01/04 2:00:49 ET
Table 'Poesia' 2-max Seat #2 is the button
Seat 1: baur017017 ($242.33 in chips)
Seat 2: Desktop775 ($84.64 in chips)
Desktop775: posts small blind $1
baur017017: posts big blind $3
*** HOLE CARDS ***
Desktop775: raises $3 to $6
baur017017: folds
Uncalled bet ($3) returned to Desktop775
Desktop775 collected $6 from pot
Desktop775: doesn't show hand
*** SUMMARY ***
Total pot $6 | Rake $0
Seat 1: baur017017 (big blind) folded before Flop
Seat 2: Desktop775 (button) (small blind) collected ($6)


PokerStars Hand #146434985707:  Hold'em Limit ($3/$6 USD) - 2016/01/04 2:00:32 ET
Table 'Poesia' 2-max Seat #1 is the button
Seat 1: baur017017 ($230.81 in chips)
Seat 2: Desktop775 ($96.64 in chips)
baur017017: posts small blind $1
Desktop775: posts big blind $3
*** HOLE CARDS ***
baur017017: raises $3 to $6
Desktop775: calls $3
*** FLOP *** [9c Jh Ts]
Desktop775: checks
baur017017: checks
*** TURN *** [9c Jh Ts] [Ah]
Desktop775: checks
baur017017: bets $6
Desktop775: calls $6
*** RIVER *** [9c Jh Ts Ah] [2s]
Desktop775: checks
baur017017: bets $6
Desktop775: folds
Uncalled bet ($6) returned to baur017017
baur017017 collected $23.52 from pot
*** SUMMARY ***
Total pot $24 | Rake $0.48
Board [9c Jh Ts Ah 2s]
Seat 1: baur017017 (button) (small blind) collected ($23.52)
Seat 2: Desktop775 (big blind) folded on the River


PokerStars Hand #146435009727:  Hold'em Limit ($3/$6 USD) - 2016/01/04 2:02:03 ET
Table 'Poesia' 2-max Seat #2 is the button
Seat 1: baur017017 ($205.33 in chips)
Seat 2: Desktop775 ($120.44 in chips)
Desktop775: posts small blind $1
baur017017: posts big blind $3
*** HOLE CARDS ***
Desktop775: raises $3 to $6
baur017017: calls $3
*** FLOP *** [6h 4c 5h]
baur017017: checks
Desktop775: bets $3
baur017017: calls $3
*** TURN *** [6h 4c 5h] [7h]
baur017017: checks
Desktop775: bets $6
baur017017: raises $6 to $12
Desktop775: calls $6
*** RIVER *** [6h 4c 5h 7h] [Ks]
baur017017: bets $6
Desktop775: calls $6
*** SHOW DOWN ***
baur017017: shows [9d Tc] (high card King)
Desktop775: shows [8s 4d] (a straight, Four to Eight)
Desktop775 collected $53.50 from pot
*** SUMMARY ***
Total pot $54 | Rake $0.50
Board [6h 4c 5h 7h Ks]
Seat 1: baur017017 (big blind) showed [9d Tc] and lost with high card King
Seat 2: Desktop775 (button) (small blind) showed [8s 4d] and won ($53.50) with a straight, Four to Eight


PokerStars Hand #146435007905:  Hold'em Limit ($3/$6 USD) - 2016/01/04 2:01:57 ET
Table 'Poesia' 2-max Seat #1 is the button
Seat 1: baur017017 ($206.33 in chips)
Seat 2: Desktop775 ($119.44 in chips)
baur017017: posts small blind $1
Desktop775: posts big blind $3
*** HOLE CARDS ***
baur017017: folds
Uncalled bet ($2) returned to Desktop775
Desktop775 collected $2 from pot
Desktop775: doesn't show hand
*** SUMMARY ***
Total pot $2 | Rake $0
Seat 1: baur017017 (button) (small blind) folded before Flop
Seat 2: Desktop775 (big blind) collected ($2)


PokerStars Hand #146435006442:  Hold'em Limit ($3/$6 USD) - 2016/01/04 2:01:52 ET
Table 'Poesia' 2-max Seat #2 is the button
Seat 1: baur017017 ($205.33 in chips)
Seat 2: Desktop775 ($120.44 in chips)
Desktop775: posts small blind $1
baur017017: posts big blind $3
*** HOLE CARDS ***
Desktop775: folds
Uncalled bet ($2) returned to baur017017
baur017017 collected $2 from pot
*** SUMMARY ***
Total pot $2 | Rake $0
Seat 1: baur017017 (big blind) collected ($2)
Seat 2: Desktop775 (button) (small blind) folded before Flop


PokerStars Hand #146435002237:  Hold'em Limit ($3/$6 USD) - 2016/01/04 2:01:36 ET
Table 'Poesia' 2-max Seat #1 is the button
Seat 1: baur017017 ($217.33 in chips)
Seat 2: Desktop775 ($108.92 in chips)
baur017017: posts small blind $1
Desktop775: posts big blind $3
*** HOLE CARDS ***
baur017017: raises $3 to $6
Desktop775: calls $3
*** FLOP *** [Tc 4d 8h]
Desktop775: checks
baur017017: bets $3
Desktop775: raises $3 to $6
baur017017: calls $3
*** TURN *** [Tc 4d 8h] [Th]
Desktop775: bets $6
baur017017: folds
Uncalled bet ($6) returned to Desktop775
Desktop775 collected $23.52 from pot
Desktop775: doesn't show hand
*** SUMMARY ***
Total pot $24 | Rake $0.48
Board [Tc 4d 8h Th]
Seat 1: baur017017 (button) (small blind) folded on the Turn
Seat 2: Desktop775 (big blind) collected ($23.52)


PokerStars Hand #146435015429:  Hold'em Limit ($3/$6 USD) - 2016/01/04 2:02:25 ET
Table 'Poesia' 2-max Seat #1 is the button
Seat 1: baur017017 ($178.33 in chips)
Seat 2: Desktop775 ($146.94 in chips)
baur017017: posts small blind $1
Desktop775: posts big blind $3
*** HOLE CARDS ***
baur017017: raises $3 to $6
Desktop775: calls $3
*** FLOP *** [9d 7d 6s]
Desktop775: checks
baur017017: bets $3
Desktop775: folds
Uncalled bet ($3) returned to baur017017
baur017017 collected $11.76 from pot
*** SUMMARY ***
Total pot $12 | Rake $0.24
Board [9d 7d 6s]
Seat 1: baur017017 (button) (small blind) collected ($11.76)
Seat 2: Desktop775 (big blind) folded on the Flop


PokerStars Hand #146435018547:  Hold'em Limit ($3/$6 USD) - 2016/01/04 2:02:36 ET
Table 'Poesia' 2-max Seat #2 is the button
Seat 1: baur017017 ($184.09 in chips)
Seat 2: Desktop775 ($140.94 in chips)
Desktop775: posts small blind $1
baur017017: posts big blind $3
*** HOLE CARDS ***
Desktop775: raises $3 to $6
baur017017: folds
Uncalled bet ($3) returned to Desktop775
Desktop775 collected $6 from pot
Desktop775: doesn't show hand
*** SUMMARY ***
Total pot $6 | Rake $0
Seat 1: baur017017 (big blind) folded before Flop
Seat 2: Desktop775 (button) (small blind) collected ($6)


PokerStars Hand #146435030300:  Hold'em Limit ($3/$6 USD) - 2016/01/04 2:03:20 ET
Table 'Poesia' 2-max Seat #2 is the button
Seat 1: baur017017 ($201.25 in chips)
Seat 2: Desktop775 ($122.94 in chips)
Desktop775: posts small blind $1
baur017017: posts big blind $3
*** HOLE CARDS ***
Desktop775: raises $3 to $6
baur017017: folds
Uncalled bet ($3) returned to Desktop775
Desktop775 collected $6 from pot
Desktop775: doesn't show hand
*** SUMMARY ***
Total pot $6 | Rake $0
Seat 1: baur017017 (big blind) folded before Flop
Seat 2: Desktop775 (button) (small blind) collected ($6)


PokerStars Hand #146435026377:  Hold'em Limit ($3/$6 USD) - 2016/01/04 2:03:05 ET
Table 'Poesia' 2-max Seat #1 is the button
Seat 1: baur017017 ($192.61 in chips)
Seat 2: Desktop775 ($131.94 in chips)
baur017017: posts small blind $1
Desktop775: posts big blind $3
*** HOLE CARDS ***
baur017017: raises $3 to $6
Desktop775: calls $3
*** FLOP *** [Tc 6c 6s]
Desktop775: checks
baur017017: bets $3
Desktop775: calls $3
*** TURN *** [Tc 6c 6s] [2s]
Desktop775: checks
baur017017: bets $6
Desktop775: folds
Uncalled bet ($6) returned to baur017017
baur017017 collected $17.64 from pot
baur017017: doesn't show hand
*** SUMMARY ***
Total pot $18 | Rake $0.36
Board [Tc 6c 6s 2s]
Seat 1: baur017017 (button) (small blind) collected ($17.64)
Seat 2: Desktop775 (big blind) folded on the Turn


PokerStars Hand #146435020040:  Hold'em Limit ($3/$6 USD) - 2016/01/04 2:02:42 ET
Table 'Poesia' 2-max Seat #1 is the button
Seat 1: baur017017 ($181.09 in chips)
Seat 2: Desktop775 ($143.94 in chips)
baur017017: posts small blind $1
Desktop775: posts big blind $3
*** HOLE CARDS ***
baur017017: raises $3 to $6
Desktop775: calls $3
*** FLOP *** [4c 9c 6d]
Desktop775: checks
baur017017: bets $3
Desktop775: folds
Uncalled bet ($3) returned to baur017017
baur017017 collected $11.76 from pot
*** SUMMARY ***
Total pot $12 | Rake $0.24
Board [4c 9c 6d]
Seat 1: baur017017 (button) (small blind) collected ($11.76)
Seat 2: Desktop775 (big blind) folded on the Flop


PokerStars Hand #146435031982:  Hold'em Limit ($3/$6 USD) - 2016/01/04 2:03:26 ET
Table 'Poesia' 2-max Seat #1 is the button
Seat 1: baur017017 ($198.25 in chips)
Seat 2: Desktop775 ($125.94 in chips)
baur017017: posts small blind $1
Desktop775: posts big blind $3
*** HOLE CARDS ***
baur017017: raises $3 to $6
Desktop775: folds
Uncalled bet ($3) returned to baur017017
baur017017 collected $6 from pot
*** SUMMARY ***
Total pot $6 | Rake $0
Seat 1: baur017017 (button) (small blind) collected ($6)
Seat 2: Desktop775 (big blind) folded before Flop


PokerStars Hand #146435033776:  Hold'em Limit ($3/$6 USD) - 2016/01/04 2:03:33 ET
Table 'Poesia' 2-max Seat #2 is the button
Seat 1: baur017017 ($201.25 in chips)
Seat 2: Desktop775 ($122.94 in chips)
Desktop775: posts small blind $1
baur017017: posts big blind $3
*** HOLE CARDS ***
Desktop775: raises $3 to $6
baur017017: calls $3
*** FLOP *** [6s 7h Ah]
baur017017: checks
Desktop775: bets $3
baur017017: calls $3
*** TURN *** [6s 7h Ah] [Ad]
baur017017: checks
Desktop775: bets $6
baur017017: calls $6
*** RIVER *** [6s 7h Ah Ad] [Ts]
baur017017: checks
Desktop775: bets $6
baur017017: calls $6
*** SHOW DOWN ***
Desktop775: shows [As Kc] (three of a kind, Aces)
baur017017: mucks hand
Desktop775 collected $41.50 from pot
*** SUMMARY ***
Total pot $42 | Rake $0.50
Board [6s 7h Ah Ad Ts]
Seat 1: baur017017 (big blind) mucked
Seat 2: Desktop775 (button) (small blind) showed [As Kc] and won ($41.50) with three of a kind, Aces


PokerStars Hand #146435062186:  Hold'em Limit ($3/$6 USD) - 2016/01/04 2:05:17 ET
Table 'Poesia' 2-max Seat #1 is the button
Seat 1: baur017017 ($178.50 in chips)
Seat 2: Desktop775 ($143.69 in chips)
baur017017: posts small blind $1
Desktop775: posts big blind $3
*** HOLE CARDS ***
baur017017: folds
Uncalled bet ($2) returned to Desktop775
Desktop775 collected $2 from pot
Desktop775: doesn't show hand
*** SUMMARY ***
Total pot $2 | Rake $0
Seat 1: baur017017 (button) (small blind) folded before Flop
Seat 2: Desktop775 (big blind) collected ($2)


PokerStars Hand #146435056051:  Hold'em Limit ($3/$6 USD) - 2016/01/04 2:04:55 ET
Table 'Poesia' 2-max Seat #2 is the button
Seat 1: baur017017 ($158 in chips)
Seat 2: Desktop775 ($164.69 in chips)
Desktop775: posts small blind $1
baur017017: posts big blind $3
*** HOLE CARDS ***
Desktop775: raises $3 to $6
baur017017: calls $3
*** FLOP *** [6d Ad 3h]
baur017017: checks
Desktop775: bets $3
baur017017: calls $3
*** TURN *** [6d Ad 3h] [Qs]
baur017017: checks
Desktop775: bets $6
baur017017: calls $6
*** RIVER *** [6d Ad 3h Qs] [Jd]
baur017017: checks
Desktop775: bets $6
baur017017: calls $6
*** SHOW DOWN ***
Desktop775: shows [2s Qc] (a pair of Queens)
baur017017: shows [As 4s] (a pair of Aces)
baur017017 collected $41.50 from pot
*** SUMMARY ***
Total pot $42 | Rake $0.50
Board [6d Ad 3h Qs Jd]
Seat 1: baur017017 (big blind) showed [As 4s] and won ($41.50) with a pair of Aces
Seat 2: Desktop775 (button) (small blind) showed [2s Qc] and lost with a pair of Queens


PokerStars Hand #146435054377:  Hold'em Limit ($3/$6 USD) - 2016/01/04 2:04:49 ET
Table 'Poesia' 2-max Seat #1 is the button
Seat 1: baur017017 ($159 in chips)
Seat 2: Desktop775 ($163.69 in chips)
baur017017: posts small blind $1
Desktop775: posts big blind $3
*** HOLE CARDS ***
baur017017: folds
Uncalled bet ($2) returned to Desktop775
Desktop775 collected $2 from pot
Desktop775: doesn't show hand
*** SUMMARY ***
Total pot $2 | Rake $0
Seat 1: baur017017 (button) (small blind) folded before Flop
Seat 2: Desktop775 (big blind) collected ($2)


PokerStars Hand #146435048118:  Hold'em Limit ($3/$6 USD) - 2016/01/04 2:04:26 ET
Table 'Poesia' 2-max Seat #2 is the button
Seat 1: baur017017 ($180 in chips)
Seat 2: Desktop775 ($143.19 in chips)
Desktop775: posts small blind $1
baur017017: posts big blind $3
*** HOLE CARDS ***
Desktop775: raises $3 to $6
baur017017: raises $3 to $9
Desktop775: calls $3
*** FLOP *** [Kd Jh Jc]
baur017017: bets $3
Desktop775: raises $3 to $6
baur017017: calls $3
*** TURN *** [Kd Jh Jc] [2c]
baur017017: checks
Desktop775: checks
*** RIVER *** [Kd Jh Jc 2c] [Jd]
baur017017: checks
Desktop775: bets $6
baur017017: calls $6
*** SHOW DOWN ***
Desktop775: shows [Kh 4s] (a full house, Jacks full of Kings)
baur017017: mucks hand
Desktop775 collected $41.50 from pot
*** SUMMARY ***
Total pot $42 | Rake $0.50
Board [Kd Jh Jc 2c Jd]
Seat 1: baur017017 (big blind) mucked
Seat 2: Desktop775 (button) (small blind) showed [Kh 4s] and won ($41.50) with a full house, Jacks full of Kings


PokerStars Hand #146435077639:  Hold'em Limit ($3/$6 USD) - 2016/01/04 2:06:13 ET
Table 'Poesia' 2-max Seat #1 is the button
Seat 1: baur017017 ($168 in chips)
Seat 2: Desktop775 ($152.83 in chips)
baur017017: posts small blind $1
Desktop775: posts big blind $3
*** HOLE CARDS ***
baur017017: raises $3 to $6
Desktop775: calls $3
*** FLOP *** [Jc 9s 6d]
Desktop775: checks
baur017017: bets $3
Desktop775: calls $3
*** TURN *** [Jc 9s 6d] [4c]
Desktop775: checks
baur017017: checks
*** RIVER *** [Jc 9s 6d 4c] [7c]
Desktop775: bets $6
baur017017: folds
Uncalled bet ($6) returned to Desktop775
Desktop775 collected $17.64 from pot
Desktop775: doesn't show hand
*** SUMMARY ***
Total pot $18 | Rake $0.36
Board [Jc 9s 6d 4c 7c]
Seat 1: baur017017 (button) (small blind) folded on the River
Seat 2: Desktop775 (big blind) collected ($17.64)


PokerStars Hand #146435072563:  Hold'em Limit ($3/$6 USD) - 2016/01/04 2:05:55 ET
Table 'Poesia' 2-max Seat #2 is the button
Seat 1: baur017017 ($153.50 in chips)
Seat 2: Desktop775 ($167.83 in chips)
Desktop775: posts small blind $1
baur017017: posts big blind $3
*** HOLE CARDS ***
Desktop775: raises $3 to $6
baur017017: calls $3
*** FLOP *** [3s Th As]
baur017017: checks
Desktop775: bets $3
baur017017: calls $3
*** TURN *** [3s Th As] [4h]
baur017017: checks
Desktop775: checks
*** RIVER *** [3s Th As 4h] [Ac]
baur017017: bets $6
Desktop775: calls $6
*** SHOW DOWN ***
baur017017: shows [Td Ah] (a full house, Aces full of Tens)
Desktop775: mucks hand
baur017017 collected $29.50 from pot
*** SUMMARY ***
Total pot $30 | Rake $0.50
Board [3s Th As 4h Ac]
Seat 1: baur017017 (big blind) showed [Td Ah] and won ($29.50) with a full house, Aces full of Tens
Seat 2: Desktop775 (button) (small blind) mucked


PokerStars Hand #146435069329:  Hold'em Limit ($3/$6 USD) - 2016/01/04 2:05:43 ET
Table 'Poesia' 2-max Seat #1 is the button
Seat 1: baur017017 ($162.50 in chips)
Seat 2: Desktop775 ($159.19 in chips)
baur017017: posts small blind $1
Desktop775: posts big blind $3
*** HOLE CARDS ***
baur017017: raises $3 to $6
Desktop775: raises $3 to $9
baur017017: calls $3
*** FLOP *** [6c Jh Kc]
Desktop775: bets $3
baur017017: folds
Uncalled bet ($3) returned to Desktop775
Desktop775 collected $17.64 from pot
Desktop775: doesn't show hand
*** SUMMARY ***
Total pot $18 | Rake $0.36
Board [6c Jh Kc]
Seat 1: baur017017 (button) (small blind) folded on the Flop
Seat 2: Desktop775 (big blind) collected ($17.64)


PokerStars Hand #146435063971:  Hold'em Limit ($3/$6 USD) - 2016/01/04 2:05:23 ET
Table 'Poesia' 2-max Seat #2 is the button
Seat 1: baur017017 ($177.50 in chips)
Seat 2: Desktop775 ($144.69 in chips)
Desktop775: posts small blind $1
baur017017: posts big blind $3
*** HOLE CARDS ***
Desktop775: raises $3 to $6
baur017017: calls $3
*** FLOP *** [6c Qd 5c]
baur017017: checks
Desktop775: bets $3
baur017017: calls $3
*** TURN *** [6c Qd 5c] [7s]
baur017017: checks
Desktop775: bets $6
baur017017: calls $6
*** RIVER *** [6c Qd 5c 7s] [Jh]
baur017017: checks
Desktop775: checks
*** SHOW DOWN ***
baur017017: shows [Th 5s] (a pair of Fives)
Desktop775: shows [6h 3s] (a pair of Sixes)
Desktop775 collected $29.50 from pot
*** SUMMARY ***
Total pot $30 | Rake $0.50
Board [6c Qd 5c 7s Jh]
Seat 1: baur017017 (big blind) showed [Th 5s] and lost with a pair of Fives
Seat 2: Desktop775 (button) (small blind) showed [6h 3s] and won ($29.50) with a pair of Sixes


PokerStars Hand #146435090374:  Hold'em Limit ($3/$6 USD) - 2016/01/04 2:06:59 ET
Table 'Poesia' 2-max Seat #2 is the button
Seat 1: baur017017 ($146.76 in chips)
Seat 2: Desktop775 ($172.97 in chips)
Desktop775: posts small blind $1
baur017017: posts big blind $3
*** HOLE CARDS ***
Desktop775: raises $3 to $6
baur017017: calls $3
*** FLOP *** [8d 6d Ah]
baur017017: checks
Desktop775: bets $3
baur017017: calls $3
*** TURN *** [8d 6d Ah] [6s]
baur017017: checks
Desktop775: bets $6
baur017017: calls $6
*** RIVER *** [8d 6d Ah 6s] [9d]
baur017017: checks
Desktop775: checks
*** SHOW DOWN ***
baur017017: shows [7s Ad] (two pair, Aces and Sixes)
Desktop775: mucks hand
baur017017 collected $29.50 from pot
*** SUMMARY ***
Total pot $30 | Rake $0.50
Board [8d 6d Ah 6s 9d]
Seat 1: baur017017 (big blind) showed [7s Ad] and won ($29.50) with two pair, Aces and Sixes
Seat 2: Desktop775 (button) (small blind) mucked


PokerStars Hand #146435087298:  Hold'em Limit ($3/$6 USD) - 2016/01/04 2:06:48 ET
Table 'Poesia' 2-max Seat #1 is the button
Seat 1: baur017017 ($141 in chips)
Seat 2: Desktop775 ($178.97 in chips)
baur017017: posts small blind $1
Desktop775: posts big blind $3
*** HOLE CARDS ***
baur017017: raises $3 to $6
Desktop775: calls $3
*** FLOP *** [4c 7h Ks]
Desktop775: checks
baur017017: bets $3
Desktop775: folds
Uncalled bet ($3) returned to baur017017
baur017017 collected $11.76 from pot
*** SUMMARY ***
Total pot $12 | Rake $0.24
Board [4c 7h Ks]
Seat 1: baur017017 (button) (small blind) collected ($11.76)
Seat 2: Desktop775 (big blind) folded on the Flop


PokerStars Hand #146435095960:  Hold'em Limit ($3/$6 USD) - 2016/01/04 2:07:19 ET
Table 'Poesia' 2-max Seat #1 is the button
Seat 1: baur017017 ($161.26 in chips)
Seat 2: Desktop775 ($157.97 in chips)
baur017017: posts small blind $1
Desktop775: posts big blind $3
*** HOLE CARDS ***
baur017017: raises $3 to $6
Desktop775: calls $3
*** FLOP *** [9h 6c 5h]
Desktop775: checks
baur017017: checks
*** TURN *** [9h 6c 5h] [2h]
Desktop775: bets $6
baur017017: raises $6 to $12
Desktop775: calls $6
*** RIVER *** [9h 6c 5h 2h] [Tc]
Desktop775: checks
baur017017: bets $6
Desktop775: folds
Uncalled bet ($6) returned to baur017017
baur017017 collected $35.50 from pot
*** SUMMARY ***
Total pot $36 | Rake $0.50
Board [9h 6c 5h 2h Tc]
Seat 1: baur017017 (button) (small blind) collected ($35.50)
Seat 2: Desktop775 (big blind) folded on the River


PokerStars Hand #146435081985:  Hold'em Limit ($3/$6 USD) - 2016/01/04 2:06:29 ET
Table 'Poesia' 2-max Seat #2 is the button
Seat 1: baur017017 ($159 in chips)
Seat 2: Desktop775 ($161.47 in chips)
Desktop775: posts small blind $1
baur017017: posts big blind $3
*** HOLE CARDS ***
Desktop775: raises $3 to $6
baur017017: raises $3 to $9
Desktop775: calls $3
*** FLOP *** [Qs 4s 4c]
baur017017: bets $3
Desktop775: calls $3
*** TURN *** [Qs 4s 4c] [Qc]
baur017017: bets $6
Desktop775: raises $6 to $12
baur017017: folds
Uncalled bet ($6) returned to Desktop775
Desktop775 collected $35.50 from pot
Desktop775: doesn't show hand
*** SUMMARY ***
Total pot $36 | Rake $0.50
Board [Qs 4s 4c Qc]
Seat 1: baur017017 (big blind) folded on the Turn
Seat 2: Desktop775 (button) (small blind) collected ($35.50)


PokerStars Hand #146435106934:  Hold'em Limit ($3/$6 USD) - 2016/01/04 2:07:58 ET
Table 'Poesia' 2-max Seat #1 is the button
Seat 1: baur017017 ($175.76 in chips)
Seat 2: Desktop775 ($142.97 in chips)
baur017017: posts small blind $1
Desktop775: posts big blind $3
*** HOLE CARDS ***
baur017017: raises $3 to $6
Desktop775: raises $3 to $9
baur017017: calls $3
*** FLOP *** [4d 6s Th]
Desktop775: bets $3
baur017017: calls $3
*** TURN *** [4d 6s Th] [Jd]
Desktop775: bets $6
baur017017: calls $6
*** RIVER *** [4d 6s Th Jd] [4s]
Desktop775: bets $6
baur017017: calls $6
*** SHOW DOWN ***
Desktop775: shows [Tc 3c] (two pair, Tens and Fours)
baur017017: mucks hand
Desktop775 collected $47.50 from pot
*** SUMMARY ***
Total pot $48 | Rake $0.50
Board [4d 6s Th Jd 4s]
Seat 1: baur017017 (button) (small blind) mucked
Seat 2: Desktop775 (big blind) showed [Tc 3c] and won ($47.50) with two pair, Tens and Fours


PokerStars Hand #146435105214:  Hold'em Limit ($3/$6 USD) - 2016/01/04 2:07:52 ET
Table 'Poesia' 2-max Seat #2 is the button
Seat 1: baur017017 ($178.76 in chips)
Seat 2: Desktop775 ($139.97 in chips)
Desktop775: posts small blind $1
baur017017: posts big blind $3
*** HOLE CARDS ***
Desktop775: raises $3 to $6
baur017017: folds
Uncalled bet ($3) returned to Desktop775
Desktop775 collected $6 from pot
Desktop775: doesn't show hand
*** SUMMARY ***
Total pot $6 | Rake $0
Seat 1: baur017017 (big blind) folded before Flop
Seat 2: Desktop775 (button) (small blind) collected ($6)


PokerStars Hand #146435101378:  Hold'em Limit ($3/$6 USD) - 2016/01/04 2:07:38 ET
Table 'Poesia' 2-max Seat #2 is the button
Seat 1: baur017017 ($178.76 in chips)
Seat 2: Desktop775 ($139.97 in chips)
Desktop775: posts small blind $1
baur017017: posts big blind $3
*** HOLE CARDS ***
Desktop775: raises $3 to $6
baur017017: folds
Uncalled bet ($3) returned to Desktop775
Desktop775 collected $6 from pot
Desktop775: doesn't show hand
*** SUMMARY ***
Total pot $6 | Rake $0
Seat 1: baur017017 (big blind) folded before Flop
Seat 2: Desktop775 (button) (small blind) collected ($6)


PokerStars Hand #146435117478:  Hold'em Limit ($3/$6 USD) - 2016/01/04 2:08:36 ET
Table 'Poesia' 2-max Seat #1 is the button
Seat 1: baur017017 ($166.26 in chips)
Seat 2: Desktop775 ($151.47 in chips)
baur017017: posts small blind $1
Desktop775: posts big blind $3
*** HOLE CARDS ***
baur017017: folds
Uncalled bet ($2) returned to Desktop775
Desktop775 collected $2 from pot
Desktop775: doesn't show hand
*** SUMMARY ***
Total pot $2 | Rake $0
Seat 1: baur017017 (button) (small blind) folded before Flop
Seat 2: Desktop775 (big blind) collected ($2)


PokerStars Hand #146435112153:  Hold'em Limit ($3/$6 USD) - 2016/01/04 2:08:17 ET
Table 'Poesia' 2-max Seat #2 is the button
Seat 1: baur017017 ($151.76 in chips)
Seat 2: Desktop775 ($166.47 in chips)
Desktop775: posts small blind $1
baur017017: posts big blind $3
*** HOLE CARDS ***
Desktop775: raises $3 to $6
baur017017: calls $3
*** FLOP *** [4s 3d 3s]
baur017017: checks
Desktop775: bets $3
baur017017: calls $3
*** TURN *** [4s 3d 3s] [9d]
baur017017: checks
Desktop775: bets $6
baur017017: calls $6
*** RIVER *** [4s 3d 3s 9d] [7s]
baur017017: checks
Desktop775: checks
*** SHOW DOWN ***
baur017017: shows [Th As] (a pair of Threes)
Desktop775: mucks hand
baur017017 collected $29.50 from pot
*** SUMMARY ***
Total pot $30 | Rake $0.50
Board [4s 3d 3s 9d 7s]
Seat 1: baur017017 (big blind) showed [Th As] and won ($29.50) with a pair of Threes
Seat 2: Desktop775 (button) (small blind) mucked


PokerStars Hand #146435125767:  Hold'em Limit ($3/$6 USD) - 2016/01/04 2:09:06 ET
Table 'Poesia' 2-max Seat #2 is the button
Seat 1: baur017017 ($178.76 in chips)
Seat 2: Desktop775 ($138.47 in chips)
Desktop775: posts small blind $1
baur017017: posts big blind $3
*** HOLE CARDS ***
Desktop775: raises $3 to $6
baur017017: raises $3 to $9
Desktop775: calls $3
*** FLOP *** [8h 6s 2d]
baur017017: checks
Desktop775: checks
*** TURN *** [8h 6s 2d] [Kc]
baur017017: bets $6
Desktop775: calls $6
*** RIVER *** [8h 6s 2d Kc] [7d]
baur017017: checks
Desktop775: bets $6
baur017017: calls $6
*** SHOW DOWN ***
Desktop775: shows [9s 7s] (a pair of Sevens)
baur017017: mucks hand
Desktop775 collected $41.50 from pot
*** SUMMARY ***
Total pot $42 | Rake $0.50
Board [8h 6s 2d Kc 7d]
Seat 1: baur017017 (big blind) mucked
Seat 2: Desktop775 (button) (small blind) showed [9s 7s] and won ($41.50) with a pair of Sevens


PokerStars Hand #146435123926:  Hold'em Limit ($3/$6 USD) - 2016/01/04 2:09:00 ET
Table 'Poesia' 2-max Seat #1 is the button
Seat 1: baur017017 ($179.76 in chips)
Seat 2: Desktop775 ($137.47 in chips)
baur017017: posts small blind $1
Desktop775: posts big blind $3
*** HOLE CARDS ***
baur017017: folds
Uncalled bet ($2) returned to Desktop775
Desktop775 collected $2 from pot
Desktop775: doesn't show hand
*** SUMMARY ***
Total pot $2 | Rake $0
Seat 1: baur017017 (button) (small blind) folded before Flop
Seat 2: Desktop775 (big blind) collected ($2)


PokerStars Hand #146435119223:  Hold'em Limit ($3/$6 USD) - 2016/01/04 2:08:42 ET
Table 'Poesia' 2-max Seat #2 is the button
Seat 1: baur017017 ($165.26 in chips)
Seat 2: Desktop775 ($152.47 in chips)
Desktop775: posts small blind $1
baur017017: posts big blind $3
*** HOLE CARDS ***
Desktop775: raises $3 to $6
baur017017: calls $3
*** FLOP *** [6s Jh 8s]
baur017017: checks
Desktop775: bets $3
baur017017: calls $3
*** TURN *** [6s Jh 8s] [Qd]
baur017017: checks
Desktop775: checks
*** RIVER *** [6s Jh 8s Qd] [2s]
baur017017: bets $6
Desktop775: calls $6
*** SHOW DOWN ***
baur017017: shows [Jd 7d] (a pair of Jacks)
Desktop775: mucks hand
baur017017 collected $29.50 from pot
*** SUMMARY ***
Total pot $30 | Rake $0.50
Board [6s Jh 8s Qd 2s]
Seat 1: baur017017 (big blind) showed [Jd 7d] and won ($29.50) with a pair of Jacks
Seat 2: Desktop775 (button) (small blind) mucked


PokerStars Hand #146435133250:  Hold'em Limit ($3/$6 USD) - 2016/01/04 2:09:33 ET
Table 'Poesia' 2-max Seat #2 is the button
Seat 1: baur017017 ($160.76 in chips)
Seat 2: Desktop775 ($155.97 in chips)
Desktop775: posts small blind $1
baur017017: posts big blind $3
*** HOLE CARDS ***
Desktop775: raises $3 to $6
baur017017: calls $3
*** FLOP *** [Qs 2s 8s]
baur017017: checks
Desktop775: bets $3
baur017017: calls $3
*** TURN *** [Qs 2s 8s] [3h]
baur017017: checks
Desktop775: bets $6
baur017017: folds
Uncalled bet ($6) returned to Desktop775
Desktop775 collected $17.64 from pot
Desktop775: doesn't show hand
*** SUMMARY ***
Total pot $18 | Rake $0.36
Board [Qs 2s 8s 3h]
Seat 1: baur017017 (big blind) folded on the Turn
Seat 2: Desktop775 (button) (small blind) collected ($17.64)


PokerStars Hand #146435147201:  Hold'em Limit ($3/$6 USD) - 2016/01/04 2:10:24 ET
Table 'Poesia' 2-max Seat #1 is the button
Seat 1: baur017017 ($120.76 in chips)
Seat 2: Desktop775 ($195.11 in chips)
baur017017: posts small blind $1
Desktop775: posts big blind $3
*** HOLE CARDS ***
baur017017: folds
Uncalled bet ($2) returned to Desktop775
Desktop775 collected $2 from pot
Desktop775: doesn't show hand
*** SUMMARY ***
Total pot $2 | Rake $0
Seat 1: baur017017 (button) (small blind) folded before Flop
Seat 2: Desktop775 (big blind) collected ($2)


PokerStars Hand #146435139889:  Hold'em Limit ($3/$6 USD) - 2016/01/04 2:09:57 ET
Table 'Poesia' 2-max Seat #2 is the button
Seat 1: baur017017 ($150.76 in chips)
Seat 2: Desktop775 ($165.61 in chips)
Desktop775: posts small blind $1
baur017017: posts big blind $3
*** HOLE CARDS ***
Desktop775: raises $3 to $6
baur017017: raises $3 to $9
Desktop775: calls $3
*** FLOP *** [Kd 8d 7d]
baur017017: bets $3
Desktop775: calls $3
*** TURN *** [Kd 8d 7d] [Qc]
baur017017: bets $6
Desktop775: raises $6 to $12
baur017017: calls $6
*** RIVER *** [Kd 8d 7d Qc] [9s]
baur017017: checks
Desktop775: bets $6
baur017017: calls $6
*** SHOW DOWN ***
Desktop775: shows [Ad Td] (a flush, Ace high)
baur017017: mucks hand
Desktop775 collected $59.50 from pot
*** SUMMARY ***
Total pot $60 | Rake $0.50
Board [Kd 8d 7d Qc 9s]
Seat 1: baur017017 (big blind) mucked
Seat 2: Desktop775 (button) (small blind) showed [Ad Td] and won ($59.50) with a flush, Ace high


PokerStars Hand #146435138129:  Hold'em Limit ($3/$6 USD) - 2016/01/04 2:09:51 ET
Table 'Poesia' 2-max Seat #1 is the button
Seat 1: baur017017 ($151.76 in chips)
Seat 2: Desktop775 ($164.61 in chips)
baur017017: posts small blind $1
Desktop775: posts big blind $3
*** HOLE CARDS ***
baur017017: folds
Uncalled bet ($2) returned to Desktop775
Desktop775 collected $2 from pot
Desktop775: doesn't show hand
*** SUMMARY ***
Total pot $2 | Rake $0
Seat 1: baur017017 (button) (small blind) folded before Flop
Seat 2: Desktop775 (big blind) collected ($2)


PokerStars Hand #146435165877:  Hold'em Limit ($3/$6 USD) - 2016/01/04 2:11:32 ET
Table 'Poesia' 2-max Seat #2 is the button
Seat 1: baur017017 ($105.40 in chips)
Seat 2: Desktop775 ($209.61 in chips)
Desktop775: posts small blind $1
baur017017: posts big blind $3
*** HOLE CARDS ***
Desktop775: raises $3 to $6
baur017017: folds
Uncalled bet ($3) returned to Desktop775
Desktop775 collected $6 from pot
Desktop775: doesn't show hand
*** SUMMARY ***
Total pot $6 | Rake $0
Seat 1: baur017017 (big blind) folded before Flop
Seat 2: Desktop775 (button) (small blind) collected ($6)


PokerStars Hand #146435164219:  Hold'em Limit ($3/$6 USD) - 2016/01/04 2:11:26 ET
Table 'Poesia' 2-max Seat #1 is the button
Seat 1: baur017017 ($106.40 in chips)
Seat 2: Desktop775 ($208.61 in chips)
baur017017: posts small blind $1
Desktop775: posts big blind $3
*** HOLE CARDS ***
baur017017: folds
Uncalled bet ($2) returned to Desktop775
Desktop775 collected $2 from pot
Desktop775: doesn't show hand
*** SUMMARY ***
Total pot $2 | Rake $0
Seat 1: baur017017 (button) (small blind) folded before Flop
Seat 2: Desktop775 (big blind) collected ($2)


PokerStars Hand #146435158282:  Hold'em Limit ($3/$6 USD) - 2016/01/04 2:11:04 ET
Table 'Poesia' 2-max Seat #2 is the button
Seat 1: baur017017 ($97.76 in chips)
Seat 2: Desktop775 ($217.61 in chips)
Desktop775: posts small blind $1
baur017017: posts big blind $3
*** HOLE CARDS ***
Desktop775: raises $3 to $6
baur017017: calls $3
*** FLOP *** [5s Ac Qh]
baur017017: checks
Desktop775: bets $3
baur017017: calls $3
*** TURN *** [5s Ac Qh] [Jd]
baur017017: checks
Desktop775: checks
*** RIVER *** [5s Ac Qh Jd] [9s]
baur017017: checks
Desktop775: checks
*** SHOW DOWN ***
baur017017: shows [7s 9d] (a pair of Nines)
Desktop775: mucks hand
baur017017 collected $17.64 from pot
*** SUMMARY ***
Total pot $18 | Rake $0.36
Board [5s Ac Qh Jd 9s]
Seat 1: baur017017 (big blind) showed [7s 9d] and won ($17.64) with a pair of Nines
Seat 2: Desktop775 (button) (small blind) mucked


PokerStars Hand #146435156510:  Hold'em Limit ($3/$6 USD) - 2016/01/04 2:10:58 ET
Table 'Poesia' 2-max Seat #1 is the button
Seat 1: baur017017 ($98.76 in chips)
Seat 2: Desktop775 ($216.61 in chips)
baur017017: posts small blind $1
Desktop775: posts big blind $3
*** HOLE CARDS ***
baur017017: folds
Uncalled bet ($2) returned to Desktop775
Desktop775 collected $2 from pot
Desktop775: doesn't show hand
*** SUMMARY ***
Total pot $2 | Rake $0
Seat 1: baur017017 (button) (small blind) folded before Flop
Seat 2: Desktop775 (big blind) collected ($2)


PokerStars Hand #146435169587:  Hold'em Limit ($3/$6 USD) - 2016/01/04 2:11:45 ET
Table 'Poesia' 2-max Seat #2 is the button
Seat 1: baur017017 ($101.40 in chips)
Seat 2: Desktop775 ($213.61 in chips)
Desktop775: posts small blind $1
baur017017: posts big blind $3
*** HOLE CARDS ***
Desktop775: raises $3 to $6
baur017017: folds
Uncalled bet ($3) returned to Desktop775
Desktop775 collected $6 from pot
Desktop775: doesn't show hand
*** SUMMARY ***
Total pot $6 | Rake $0
Seat 1: baur017017 (big blind) folded before Flop
Seat 2: Desktop775 (button) (small blind) collected ($6)


PokerStars Hand #146435167787:  Hold'em Limit ($3/$6 USD) - 2016/01/04 2:11:39 ET
Table 'Poesia' 2-max Seat #1 is the button
Seat 1: baur017017 ($102.40 in chips)
Seat 2: Desktop775 ($212.61 in chips)
baur017017: posts small blind $1
Desktop775: posts big blind $3
*** HOLE CARDS ***
baur017017: folds
Uncalled bet ($2) returned to Desktop775
Desktop775 collected $2 from pot
Desktop775: doesn't show hand
*** SUMMARY ***
Total pot $2 | Rake $0
Seat 1: baur017017 (button) (small blind) folded before Flop
Seat 2: Desktop775 (big blind) collected ($2)


PokerStars Hand #146435176828:  Hold'em Limit ($3/$6 USD) - 2016/01/04 2:12:11 ET
Table 'Poesia' 2-max Seat #2 is the button
Seat 1: baur017017 ($86.40 in chips)
Seat 2: Desktop775 ($228.13 in chips)
Desktop775: posts small blind $1
baur017017: posts big blind $3
*** HOLE CARDS ***
Desktop775: raises $3 to $6
baur017017: calls $3
*** FLOP *** [7h As Qc]
baur017017: checks
Desktop775: bets $3
baur017017: calls $3
*** TURN *** [7h As Qc] [4h]
baur017017: checks
Desktop775: checks
*** RIVER *** [7h As Qc 4h] [6s]
baur017017: checks
Desktop775: checks
*** SHOW DOWN ***
baur017017: shows [5d 6c] (a pair of Sixes)
Desktop775: shows [9h 7d] (a pair of Sevens)
Desktop775 collected $17.64 from pot
*** SUMMARY ***
Total pot $18 | Rake $0.36
Board [7h As Qc 4h 6s]
Seat 1: baur017017 (big blind) showed [5d 6c] and lost with a pair of Sixes
Seat 2: Desktop775 (button) (small blind) showed [9h 7d] and won ($17.64) with a pair of Sevens


PokerStars Hand #146435171575:  Hold'em Limit ($3/$6 USD) - 2016/01/04 2:11:52 ET
Table 'Poesia' 2-max Seat #1 is the button
Seat 1: baur017017 ($98.40 in chips)
Seat 2: Desktop775 ($216.61 in chips)
baur017017: posts small blind $1
Desktop775: posts big blind $3
*** HOLE CARDS ***
baur017017: raises $3 to $6
Desktop775: calls $3
*** FLOP *** [Tc 7h 4h]
Desktop775: checks
baur017017: bets $3
Desktop775: raises $3 to $6
baur017017: calls $3
*** TURN *** [Tc 7h 4h] [Ts]
Desktop775: bets $6
baur017017: folds
Uncalled bet ($6) returned to Desktop775
Desktop775 collected $23.52 from pot
Desktop775: doesn't show hand
*** SUMMARY ***
Total pot $24 | Rake $0.48
Board [Tc 7h 4h Ts]
Seat 1: baur017017 (button) (small blind) folded on the Turn
Seat 2: Desktop775 (big blind) collected ($23.52)


PokerStars Hand #146435184061:  Hold'em Limit ($3/$6 USD) - 2016/01/04 2:12:37 ET
Table 'Poesia' 2-max Seat #1 is the button
Seat 1: baur017017 ($77.40 in chips)
Seat 2: Desktop775 ($236.77 in chips)
baur017017: posts small blind $1
Desktop775: posts big blind $3
*** HOLE CARDS ***
baur017017: raises $3 to $6
Desktop775: calls $3
*** FLOP *** [5s 8c Ts]
Desktop775: checks
baur017017: bets $3
Desktop775: folds
Uncalled bet ($3) returned to baur017017
baur017017 collected $11.76 from pot
*** SUMMARY ***
Total pot $12 | Rake $0.24
Board [5s 8c Ts]
Seat 1: baur017017 (button) (small blind) collected ($11.76)
Seat 2: Desktop775 (big blind) folded on the Flop


PokerStars Hand #146435188103:  Hold'em Limit ($3/$6 USD) - 2016/01/04 2:12:52 ET
Table 'Poesia' 2-max Seat #2 is the button
Seat 1: baur017017 ($83.16 in chips)
Seat 2: Desktop775 ($230.77 in chips)
Desktop775: posts small blind $1
baur017017: posts big blind $3
*** HOLE CARDS ***
Desktop775: raises $3 to $6
baur017017: calls $3
*** FLOP *** [4h Qs 5h]
baur017017: checks
Desktop775: bets $3
baur017017: calls $3
*** TURN *** [4h Qs 5h] [7s]
baur017017: checks
Desktop775: bets $6
baur017017: calls $6
*** RIVER *** [4h Qs 5h 7s] [Ad]
baur017017: checks
Desktop775: checks
*** SHOW DOWN ***
baur017017: shows [6s 9h] (high card Ace)
Desktop775: shows [2h 2d] (a pair of Deuces)
Desktop775 collected $29.50 from pot
*** SUMMARY ***
Total pot $30 | Rake $0.50
Board [4h Qs 5h 7s Ad]
Seat 1: baur017017 (big blind) showed [6s 9h] and lost with high card Ace
Seat 2: Desktop775 (button) (small blind) showed [2h 2d] and won ($29.50) with a pair of Deuces


PokerStars Hand #146435215983:  Hold'em Limit ($3/$6 USD) - 2016/01/04 2:14:30 ET
Table 'Poesia' 2-max Seat #2 is the button
Seat 1: baur017017 ($66.66 in chips)
Seat 2: Desktop775 ($245.77 in chips)
Desktop775: posts small blind $1
baur017017: posts big blind $3
*** HOLE CARDS ***
Desktop775: raises $3 to $6
baur017017: folds
Uncalled bet ($3) returned to Desktop775
Desktop775 collected $6 from pot
Desktop775: doesn't show hand
*** SUMMARY ***
Total pot $6 | Rake $0
Seat 1: baur017017 (big blind) folded before Flop
Seat 2: Desktop775 (button) (small blind) collected ($6)


PokerStars Hand #146435206539:  Hold'em Limit ($3/$6 USD) - 2016/01/04 2:13:56 ET
Table 'Poesia' 2-max Seat #2 is the button
Seat 1: baur017017 ($88.66 in chips)
Seat 2: Desktop775 ($224.27 in chips)
Desktop775: posts small blind $1
baur017017: posts big blind $3
*** HOLE CARDS ***
Desktop775: raises $3 to $6
baur017017: calls $3
*** FLOP *** [5d Qc 2c]
baur017017: checks
Desktop775: bets $3
baur017017: calls $3
*** TURN *** [5d Qc 2c] [Ks]
baur017017: checks
Desktop775: bets $6
baur017017: calls $6
*** RIVER *** [5d Qc 2c Ks] [Jd]
baur017017: checks
Desktop775: bets $6
baur017017: calls $6
*** SHOW DOWN ***
Desktop775: shows [Qd Js] (two pair, Queens and Jacks)
baur017017: mucks hand
Desktop775 collected $41.50 from pot
*** SUMMARY ***
Total pot $42 | Rake $0.50
Board [5d Qc 2c Ks Jd]
Seat 1: baur017017 (big blind) mucked
Seat 2: Desktop775 (button) (small blind) showed [Qd Js] and won ($41.50) with two pair, Queens and Jacks


PokerStars Hand #146435217968:  Hold'em Limit ($3/$6 USD) - 2016/01/04 2:14:37 ET
Table 'Poesia' 2-max Seat #1 is the button
Seat 1: baur017017 ($63.66 in chips)
Seat 2: Desktop775 ($248.77 in chips)
baur017017: posts small blind $1
Desktop775: posts big blind $3
*** HOLE CARDS ***
baur017017: raises $3 to $6
Desktop775: raises $3 to $9
baur017017: calls $3
*** FLOP *** [8d 8c 7s]
Desktop775: bets $3
baur017017: calls $3
*** TURN *** [8d 8c 7s] [Jh]
Desktop775: bets $6
baur017017: folds
Uncalled bet ($6) returned to Desktop775
Desktop775 collected $23.52 from pot
Desktop775: doesn't show hand
*** SUMMARY ***
Total pot $24 | Rake $0.48
Board [8d 8c 7s Jh]
Seat 1: baur017017 (button) (small blind) folded on the Turn
Seat 2: Desktop775 (big blind) collected ($23.52)


PokerStars Hand #146435222615:  Hold'em Limit ($3/$6 USD) - 2016/01/04 2:14:54 ET
Table 'Poesia' 2-max Seat #2 is the button
Seat 1: baur017017 ($51.66 in chips)
Seat 2: Desktop775 ($260.29 in chips)
Desktop775: posts small blind $1
baur017017: posts big blind $3
*** HOLE CARDS ***
Desktop775: raises $3 to $6
baur017017: calls $3
*** FLOP *** [9d 8h Td]
baur017017: checks
Desktop775: bets $3
baur017017: calls $3
*** TURN *** [9d 8h Td] [4c]
baur017017: checks
Desktop775: bets $6
baur017017: raises $6 to $12
Desktop775: folds
Uncalled bet ($6) returned to baur017017
baur017017 collected $29.50 from pot
baur017017: doesn't show hand
*** SUMMARY ***
Total pot $30 | Rake $0.50
Board [9d 8h Td 4c]
Seat 1: baur017017 (big blind) collected ($29.50)
Seat 2: Desktop775 (button) (small blind) folded on the Turn


PokerStars Hand #146435249081:  Hold'em Limit ($3/$6 USD) - 2016/01/04 2:16:27 ET
Table 'Poesia' 2-max Seat #2 is the button
Seat 1: baur017017 ($80.66 in chips)
Seat 2: Desktop775 ($229.81 in chips)
Desktop775: posts small blind $1
baur017017: posts big blind $3
*** HOLE CARDS ***
Desktop775: folds
Uncalled bet ($2) returned to baur017017
baur017017 collected $2 from pot
*** SUMMARY ***
Total pot $2 | Rake $0
Seat 1: baur017017 (big blind) collected ($2)
Seat 2: Desktop775 (button) (small blind) folded before Flop


PokerStars Hand #146435246163:  Hold'em Limit ($3/$6 USD) - 2016/01/04 2:16:17 ET
Table 'Poesia' 2-max Seat #1 is the button
Seat 1: baur017017 ($77.66 in chips)
Seat 2: Desktop775 ($232.81 in chips)
baur017017: posts small blind $1
Desktop775: posts big blind $3
*** HOLE CARDS ***
baur017017: raises $3 to $6
Desktop775: folds
Uncalled bet ($3) returned to baur017017
baur017017 collected $6 from pot
*** SUMMARY ***
Total pot $6 | Rake $0
Seat 1: baur017017 (button) (small blind) collected ($6)
Seat 2: Desktop775 (big blind) folded before Flop


PokerStars Hand #146435250895:  Hold'em Limit ($3/$6 USD) - 2016/01/04 2:16:34 ET
Table 'Poesia' 2-max Seat #1 is the button
Seat 1: baur017017 ($81.66 in chips)
Seat 2: Desktop775 ($228.81 in chips)
baur017017: posts small blind $1
Desktop775: posts big blind $3
*** HOLE CARDS ***
baur017017: folds
Uncalled bet ($2) returned to Desktop775
Desktop775 collected $2 from pot
Desktop775: doesn't show hand
*** SUMMARY ***
Total pot $2 | Rake $0
Seat 1: baur017017 (button) (small blind) folded before Flop
Seat 2: Desktop775 (big blind) collected ($2)


PokerStars Hand #146435231785:  Hold'em Limit ($3/$6 USD) - 2016/01/04 2:15:26 ET
Table 'Poesia' 2-max Seat #1 is the button
Seat 1: baur017017 ($66.16 in chips)
Seat 2: Desktop775 ($245.29 in chips)
baur017017: posts small blind $1
Desktop775: posts big blind $3
*** HOLE CARDS ***
baur017017: raises $3 to $6
Desktop775: raises $3 to $9
baur017017: calls $3
*** FLOP *** [Qc 3h Qh]
Desktop775: bets $3
baur017017: calls $3
*** TURN *** [Qc 3h Qh] [8s]
Desktop775: bets $6
baur017017: calls $6
*** RIVER *** [Qc 3h Qh 8s] [Jd]
Desktop775: bets $6
baur017017: calls $6
*** SHOW DOWN ***
Desktop775: shows [4s 5s] (a pair of Queens)
baur017017: shows [6c 6d] (two pair, Queens and Sixes)
baur017017 collected $47.50 from pot
*** SUMMARY ***
Total pot $48 | Rake $0.50
Board [Qc 3h Qh 8s Jd]
Seat 1: baur017017 (button) (small blind) showed [6c 6d] and won ($47.50) with two pair, Queens and Sixes
Seat 2: Desktop775 (big blind) showed [4s 5s] and lost with a pair of Queens


PokerStars Hand #146435262216:  Hold'em Limit ($3/$6 USD) - 2016/01/04 2:17:14 ET
Table 'Poesia' 2-max Seat #1 is the button
Seat 1: baur017017 ($65.66 in chips)
Seat 2: Desktop775 ($244.31 in chips)
baur017017: posts small blind $1
Desktop775: posts big blind $3
*** HOLE CARDS ***
baur017017: raises $3 to $6
Desktop775: calls $3
*** FLOP *** [3s Qh 2c]
Desktop775: checks
baur017017: bets $3
Desktop775: calls $3
*** TURN *** [3s Qh 2c] [4c]
Desktop775: checks
baur017017: checks
*** RIVER *** [3s Qh 2c 4c] [Jc]
Desktop775: bets $6
baur017017: calls $6
*** SHOW DOWN ***
Desktop775: shows [Ah 5c] (a straight, Ace to Five)
baur017017: mucks hand
Desktop775 collected $29.50 from pot
*** SUMMARY ***
Total pot $30 | Rake $0.50
Board [3s Qh 2c 4c Jc]
Seat 1: baur017017 (button) (small blind) mucked
Seat 2: Desktop775 (big blind) showed [Ah 5c] and won ($29.50) with a straight, Ace to Five


PokerStars Hand #146435252752:  Hold'em Limit ($3/$6 USD) - 2016/01/04 2:16:40 ET
Table 'Poesia' 2-max Seat #2 is the button
Seat 1: baur017017 ($80.66 in chips)
Seat 2: Desktop775 ($229.81 in chips)
Desktop775: posts small blind $1
baur017017: posts big blind $3
*** HOLE CARDS ***
Desktop775: raises $3 to $6
baur017017: calls $3
*** FLOP *** [Ts Qs 6h]
baur017017: checks
Desktop775: bets $3
baur017017: calls $3
*** TURN *** [Ts Qs 6h] [2d]
baur017017: checks
Desktop775: checks
*** RIVER *** [Ts Qs 6h 2d] [5c]
baur017017: bets $6
Desktop775: calls $6
*** SHOW DOWN ***
baur017017: shows [Js 8d] (high card Queen)
Desktop775: shows [3s Ac] (high card Ace)
Desktop775 collected $29.50 from pot
*** SUMMARY ***
Total pot $30 | Rake $0.50
Board [Ts Qs 6h 2d 5c]
Seat 1: baur017017 (big blind) showed [Js 8d] and lost with high card Queen
Seat 2: Desktop775 (button) (small blind) showed [3s Ac] and won ($29.50) with high card Ace


PokerStars Hand #146435272124:  Hold'em Limit ($3/$6 USD) - 2016/01/04 2:17:48 ET
Table 'Poesia' 2-max Seat #1 is the button
Seat 1: baur017017 ($47.66 in chips)
Seat 2: Desktop775 ($261.81 in chips)
baur017017: posts small blind $1
Desktop775: posts big blind $3
*** HOLE CARDS ***
baur017017: raises $3 to $6
Desktop775: raises $3 to $9
baur017017: calls $3
*** FLOP *** [2d 4s Jh]
Desktop775: bets $3
baur017017: calls $3
*** TURN *** [2d 4s Jh] [8h]
Desktop775: checks
baur017017: bets $6
Desktop775: calls $6
*** RIVER *** [2d 4s Jh 8h] [As]
Desktop775: checks
baur017017: bets $6
Desktop775: calls $6
*** SHOW DOWN ***
baur017017: shows [4d Ah] (two pair, Aces and Fours)
Desktop775: mucks hand
baur017017 collected $47.50 from pot
*** SUMMARY ***
Total pot $48 | Rake $0.50
Board [2d 4s Jh 8h As]
Seat 1: baur017017 (button) (small blind) showed [4d Ah] and won ($47.50) with two pair, Aces and Fours
Seat 2: Desktop775 (big blind) mucked


PokerStars Hand #146435269740:  Hold'em Limit ($3/$6 USD) - 2016/01/04 2:17:40 ET
Table 'Poesia' 2-max Seat #2 is the button
Seat 1: baur017017 ($50.66 in chips)
Seat 2: Desktop775 ($258.81 in chips)
Desktop775: posts small blind $1
baur017017: posts big blind $3
*** HOLE CARDS ***
Desktop775: raises $3 to $6
baur017017: folds
Uncalled bet ($3) returned to Desktop775
Desktop775 collected $6 from pot
Desktop775: doesn't show hand
*** SUMMARY ***
Total pot $6 | Rake $0
Seat 1: baur017017 (big blind) folded before Flop
Seat 2: Desktop775 (button) (small blind) collected ($6)


PokerStars Hand #146435290127:  Hold'em Limit ($3/$6 USD) - 2016/01/04 2:18:52 ET
Table 'Poesia' 2-max Seat #1 is the button
Seat 1: baur017017 ($97.66 in chips)
Seat 2: Desktop775 ($210.81 in chips)
baur017017: posts small blind $1
Desktop775: posts big blind $3
*** HOLE CARDS ***
baur017017: folds
Uncalled bet ($2) returned to Desktop775
Desktop775 collected $2 from pot
Desktop775: doesn't show hand
*** SUMMARY ***
Total pot $2 | Rake $0
Seat 1: baur017017 (button) (small blind) folded before Flop
Seat 2: Desktop775 (big blind) collected ($2)


PokerStars Hand #146435291833:  Hold'em Limit ($3/$6 USD) - 2016/01/04 2:18:58 ET
Table 'Poesia' 2-max Seat #2 is the button
Seat 1: baur017017 ($96.66 in chips)
Seat 2: Desktop775 ($211.81 in chips)
Desktop775: posts small blind $1
baur017017: posts big blind $3
*** HOLE CARDS ***
Desktop775: raises $3 to $6
baur017017: calls $3
*** FLOP *** [4s 5c 9s]
baur017017: checks
Desktop775: bets $3
baur017017: calls $3
*** TURN *** [4s 5c 9s] [Ac]
baur017017: checks
Desktop775: checks
*** RIVER *** [4s 5c 9s Ac] [Ad]
baur017017: checks
Desktop775: checks
*** SHOW DOWN ***
baur017017: shows [2h 2s] (two pair, Aces and Deuces)
Desktop775: mucks hand
baur017017 collected $17.64 from pot
*** SUMMARY ***
Total pot $18 | Rake $0.36
Board [4s 5c 9s Ac Ad]
Seat 1: baur017017 (big blind) showed [2h 2s] and won ($17.64) with two pair, Aces and Deuces
Seat 2: Desktop775 (button) (small blind) mucked


PokerStars Hand #146435281219:  Hold'em Limit ($3/$6 USD) - 2016/01/04 2:18:20 ET
Table 'Poesia' 2-max Seat #2 is the button
Seat 1: baur017017 ($71.16 in chips)
Seat 2: Desktop775 ($237.81 in chips)
Desktop775: posts small blind $1
baur017017: posts big blind $3
*** HOLE CARDS ***
Desktop775: raises $3 to $6
baur017017: calls $3
*** FLOP *** [2d 6h 4d]
baur017017: checks
Desktop775: bets $3
baur017017: calls $3
*** TURN *** [2d 6h 4d] [Kc]
baur017017: checks
Desktop775: bets $6
baur017017: raises $6 to $12
Desktop775: calls $6
*** RIVER *** [2d 6h 4d Kc] [Qc]
baur017017: bets $6
Desktop775: calls $6
*** SHOW DOWN ***
baur017017: shows [4s Qs] (two pair, Queens and Fours)
Desktop775: mucks hand
baur017017 collected $53.50 from pot
*** SUMMARY ***
Total pot $54 | Rake $0.50
Board [2d 6h 4d Kc Qc]
Seat 1: baur017017 (big blind) showed [4s Qs] and won ($53.50) with two pair, Queens and Fours
Seat 2: Desktop775 (button) (small blind) mucked


PokerStars Hand #146435306697:  Hold'em Limit ($3/$6 USD) - 2016/01/04 2:19:50 ET
Table 'Poesia' 2-max Seat #2 is the button
Seat 1: baur017017 ($75.30 in chips)
Seat 2: Desktop775 ($232.31 in chips)
Desktop775: posts small blind $1
baur017017: posts big blind $3
*** HOLE CARDS ***
Desktop775: folds
Uncalled bet ($2) returned to baur017017
baur017017 collected $2 from pot
*** SUMMARY ***
Total pot $2 | Rake $0
Seat 1: baur017017 (big blind) collected ($2)
Seat 2: Desktop775 (button) (small blind) folded before Flop


PokerStars Hand #146435310434:  Hold'em Limit ($3/$6 USD) - 2016/01/04 2:20:03 ET
Table 'Poesia' 2-max Seat #2 is the button
Seat 1: baur017017 ($75.30 in chips)
Seat 2: Desktop775 ($232.31 in chips)
Desktop775: posts small blind $1
baur017017: posts big blind $3
*** HOLE CARDS ***
Desktop775: raises $3 to $6
baur017017: calls $3
*** FLOP *** [2c 6s 4h]
baur017017: checks
Desktop775: bets $3
baur017017: calls $3
*** TURN *** [2c 6s 4h] [Ad]
baur017017: checks
Desktop775: bets $6
baur017017: calls $6
*** RIVER *** [2c 6s 4h Ad] [5d]
baur017017: checks
Desktop775: bets $6
baur017017: calls $6
*** SHOW DOWN ***
Desktop775: shows [Jc Jd] (a pair of Jacks)
baur017017: mucks hand
Desktop775 collected $41.50 from pot
*** SUMMARY ***
Total pot $42 | Rake $0.50
Board [2c 6s 4h Ad 5d]
Seat 1: baur017017 (big blind) mucked
Seat 2: Desktop775 (button) (small blind) showed [Jc Jd] and won ($41.50) with a pair of Jacks


PokerStars Hand #146435298122:  Hold'em Limit ($3/$6 USD) - 2016/01/04 2:19:20 ET
Table 'Poesia' 2-max Seat #1 is the button
Seat 1: baur017017 ($105.30 in chips)
Seat 2: Desktop775 ($202.81 in chips)
baur017017: posts small blind $1
Desktop775: posts big blind $3
*** HOLE CARDS ***
baur017017: raises $3 to $6
Desktop775: raises $3 to $9
baur017017: calls $3
*** FLOP *** [Ad Th 4d]
Desktop775: bets $3
baur017017: calls $3
*** TURN *** [Ad Th 4d] [Qd]
Desktop775: bets $6
baur017017: raises $6 to $12
Desktop775: calls $6
*** RIVER *** [Ad Th 4d Qd] [8c]
Desktop775: checks
baur017017: bets $6
Desktop775: raises $6 to $12
baur017017: folds
Uncalled bet ($6) returned to Desktop775
Desktop775 collected $59.50 from pot
Desktop775: doesn't show hand
*** SUMMARY ***
Total pot $60 | Rake $0.50
Board [Ad Th 4d Qd 8c]
Seat 1: baur017017 (button) (small blind) folded on the River
Seat 2: Desktop775 (big blind) collected ($59.50)


PokerStars Hand #146435320974:  Hold'em Limit ($3/$6 USD) - 2016/01/04 2:20:41 ET
Table 'Poesia' 2-max Seat #1 is the button
Seat 1: baur017017 ($54.30 in chips)
Seat 2: Desktop775 ($252.81 in chips)
baur017017: posts small blind $1
Desktop775: posts big blind $3
*** HOLE CARDS ***
baur017017: raises $3 to $6
Desktop775: calls $3
*** FLOP *** [8s 6h Jd]
Desktop775: checks
baur017017: bets $3
Desktop775: raises $3 to $6
baur017017: calls $3
*** TURN *** [8s 6h Jd] [Qc]
Desktop775: bets $6
baur017017: folds
Uncalled bet ($6) returned to Desktop775
Desktop775 collected $23.52 from pot
Desktop775: doesn't show hand
*** SUMMARY ***
Total pot $24 | Rake $0.48
Board [8s 6h Jd Qc]
Seat 1: baur017017 (button) (small blind) folded on the Turn
Seat 2: Desktop775 (big blind) collected ($23.52)


PokerStars Hand #146435328400:  Hold'em Limit ($3/$6 USD) - 2016/01/04 2:21:07 ET
Table 'Poesia' 2-max Seat #2 is the button
Seat 1: baur017017 ($42.30 in chips)
Seat 2: Desktop775 ($264.33 in chips)
Desktop775: posts small blind $1
baur017017: posts big blind $3
*** HOLE CARDS ***
Desktop775: raises $3 to $6
baur017017: raises $3 to $9
Desktop775: calls $3
*** FLOP *** [Qd 7d Js]
baur017017: bets $3
Desktop775: calls $3
*** TURN *** [Qd 7d Js] [7s]
baur017017: bets $6
Desktop775: folds
Uncalled bet ($6) returned to baur017017
baur017017 collected $23.52 from pot
*** SUMMARY ***
Total pot $24 | Rake $0.48
Board [Qd 7d Js 7s]
Seat 1: baur017017 (big blind) collected ($23.52)
Seat 2: Desktop775 (button) (small blind) folded on the Turn


PokerStars Hand #146435339791:  Hold'em Limit ($3/$6 USD) - 2016/01/04 2:21:47 ET
Table 'Poesia' 2-max Seat #1 is the button
Seat 1: baur017017 ($57.82 in chips)
Seat 2: Desktop775 ($248.33 in chips)
baur017017: posts small blind $1
Desktop775: posts big blind $3
*** HOLE CARDS ***
baur017017: raises $3 to $6
Desktop775: raises $3 to $9
baur017017: calls $3
*** FLOP *** [Tc 2c 8s]
Desktop775: bets $3
baur017017: calls $3
*** TURN *** [Tc 2c 8s] [Kc]
Desktop775: bets $6
baur017017: calls $6
*** RIVER *** [Tc 2c 8s Kc] [4h]
Desktop775: bets $6
baur017017: calls $6
*** SHOW DOWN ***
Desktop775: shows [2h 2s] (three of a kind, Deuces)
baur017017: mucks hand
Desktop775 collected $47.50 from pot
*** SUMMARY ***
Total pot $48 | Rake $0.50
Board [Tc 2c 8s Kc 4h]
Seat 1: baur017017 (button) (small blind) mucked
Seat 2: Desktop775 (big blind) showed [2h 2s] and won ($47.50) with three of a kind, Deuces


PokerStars Hand #146435348035:  Hold'em Limit ($3/$6 USD) - 2016/01/04 2:22:16 ET
Table 'Poesia' 2-max Seat #2 is the button
Seat 1: baur017017 ($33.82 in chips)
Seat 2: Desktop775 ($271.83 in chips)
Desktop775: posts small blind $1
baur017017: posts big blind $3
*** HOLE CARDS ***
Desktop775: raises $3 to $6
baur017017: calls $3
*** FLOP *** [9d 7c 2c]
baur017017: checks
Desktop775: bets $3
baur017017: folds
Uncalled bet ($3) returned to Desktop775
Desktop775 collected $11.76 from pot
Desktop775: doesn't show hand
*** SUMMARY ***
Total pot $12 | Rake $0.24
Board [9d 7c 2c]
Seat 1: baur017017 (big blind) folded on the Flop
Seat 2: Desktop775 (button) (small blind) collected ($11.76)


PokerStars Hand #146435338127:  Hold'em Limit ($3/$6 USD) - 2016/01/04 2:21:41 ET
Table 'Poesia' 2-max Seat #2 is the button
Seat 1: baur017017 ($56.82 in chips)
Seat 2: Desktop775 ($249.33 in chips)
Desktop775: posts small blind $1
baur017017: posts big blind $3
*** HOLE CARDS ***
Desktop775: folds
Uncalled bet ($2) returned to baur017017
baur017017 collected $2 from pot
baur017017: doesn't show hand
*** SUMMARY ***
Total pot $2 | Rake $0
Seat 1: baur017017 (big blind) collected ($2)
Seat 2: Desktop775 (button) (small blind) folded before Flop


PokerStars Hand #146435353142:  Hold'em Limit ($3/$6 USD) - 2016/01/04 2:22:34 ET
Table 'Poesia' 2-max Seat #1 is the button
Seat 1: baur017017 ($27.82 in chips)
Seat 2: Desktop775 ($277.59 in chips)
baur017017: posts small blind $1
Desktop775: posts big blind $3
*** HOLE CARDS ***
baur017017: raises $3 to $6
Desktop775: calls $3
*** FLOP *** [5c 2s 9c]
Desktop775: checks
baur017017: bets $3
Desktop775: calls $3
*** TURN *** [5c 2s 9c] [Qc]
Desktop775: checks
baur017017: checks
*** RIVER *** [5c 2s 9c Qc] [3c]
Desktop775: bets $6
baur017017: folds
Uncalled bet ($6) returned to Desktop775
Desktop775 collected $17.64 from pot
Desktop775: doesn't show hand
*** SUMMARY ***
Total pot $18 | Rake $0.36
Board [5c 2s 9c Qc 3c]
Seat 1: baur017017 (button) (small blind) folded on the River
Seat 2: Desktop775 (big blind) collected ($17.64)


PokerStars Hand #146435362490:  Hold'em Limit ($3/$6 USD) - 2016/01/04 2:23:07 ET
Table 'Poesia' 2-max Seat #1 is the button
Seat 1: baur017017 ($19.82 in chips)
Seat 2: Desktop775 ($285.23 in chips)
baur017017: posts small blind $1
Desktop775: posts big blind $3
*** HOLE CARDS ***
baur017017: raises $3 to $6
Desktop775: folds
Uncalled bet ($3) returned to baur017017
baur017017 collected $6 from pot
baur017017: doesn't show hand
*** SUMMARY ***
Total pot $6 | Rake $0
Seat 1: baur017017 (button) (small blind) collected ($6)
Seat 2: Desktop775 (big blind) folded before Flop


PokerStars Hand #146435364900:  Hold'em Limit ($3/$6 USD) - 2016/01/04 2:23:16 ET
Table 'Poesia' 2-max Seat #2 is the button
Seat 1: baur017017 ($22.82 in chips)
Seat 2: Desktop775 ($282.23 in chips)
Desktop775: posts small blind $1
baur017017: posts big blind $3
*** HOLE CARDS ***
Desktop775: raises $3 to $6
baur017017: calls $3
*** FLOP *** [2s Qc 7c]
baur017017: checks
Desktop775: bets $3
baur017017: calls $3
*** TURN *** [2s Qc 7c] [Qh]
baur017017: checks
Desktop775: bets $6
baur017017: folds
Uncalled bet ($6) returned to Desktop775
Desktop775 collected $17.64 from pot
Desktop775: doesn't show hand
*** SUMMARY ***
Total pot $18 | Rake $0.36
Board [2s Qc 7c Qh]
Seat 1: baur017017 (big blind) folded on the Turn
Seat 2: Desktop775 (button) (small blind) collected ($17.64)


PokerStars Hand #146435370322:  Hold'em Limit ($3/$6 USD) - 2016/01/04 2:23:35 ET
Table 'Poesia' 2-max Seat #1 is the button
Seat 1: baur017017 ($13.82 in chips)
Seat 2: Desktop775 ($290.87 in chips)
baur017017: posts small blind $1
Desktop775: posts big blind $3
*** HOLE CARDS ***
baur017017: folds
Uncalled bet ($2) returned to Desktop775
Desktop775 collected $2 from pot
Desktop775: doesn't show hand
*** SUMMARY ***
Total pot $2 | Rake $0
Seat 1: baur017017 (button) (small blind) folded before Flop
Seat 2: Desktop775 (big blind) collected ($2)


PokerStars Hand #146435379393:  Hold'em Limit ($3/$6 USD) - 2016/01/04 2:24:07 ET
Table 'Poesia' 2-max Seat #1 is the button
Seat 1: baur017017 ($25.14 in chips)
Seat 2: Desktop775 ($279.05 in chips)
baur017017: posts small blind $1
Desktop775: posts big blind $3
*** HOLE CARDS ***
baur017017: folds
Uncalled bet ($2) returned to Desktop775
Desktop775 collected $2 from pot
Desktop775: doesn't show hand
*** SUMMARY ***
Total pot $2 | Rake $0
Seat 1: baur017017 (button) (small blind) folded before Flop
Seat 2: Desktop775 (big blind) collected ($2)


PokerStars Hand #146435372417:  Hold'em Limit ($3/$6 USD) - 2016/01/04 2:23:42 ET
Table 'Poesia' 2-max Seat #2 is the button
Seat 1: baur017017 ($12.82 in chips)
Seat 2: Desktop775 ($291.87 in chips)
Desktop775: posts small blind $1
baur017017: posts big blind $3
*** HOLE CARDS ***
Desktop775: raises $3 to $6
baur017017: calls $3
*** FLOP *** [6h 2d Ks]
baur017017: checks
Desktop775: bets $3
baur017017: calls $3
*** TURN *** [6h 2d Ks] [7c]
baur017017: bets $3.82 and is all-in
Desktop775: calls $3.82
*** RIVER *** [6h 2d Ks 7c] [Ts]
*** SHOW DOWN ***
baur017017: shows [Kc 2c] (two pair, Kings and Deuces)
Desktop775: shows [3h Kd] (a pair of Kings)
baur017017 collected $25.14 from pot
*** SUMMARY ***
Total pot $25.64 | Rake $0.50
Board [6h 2d Ks 7c Ts]
Seat 1: baur017017 (big blind) showed [Kc 2c] and won ($25.14) with two pair, Kings and Deuces
Seat 2: Desktop775 (button) (small blind) showed [3h Kd] and lost with a pair of Kings


PokerStars Hand #146435380880:  Hold'em Limit ($3/$6 USD) - 2016/01/04 2:24:13 ET
Table 'Poesia' 2-max Seat #2 is the button
Seat 1: baur017017 ($24.14 in chips)
Seat 2: Desktop775 ($280.05 in chips)
Desktop775: posts small blind $1
baur017017: posts big blind $3
*** HOLE CARDS ***
Desktop775: folds
Uncalled bet ($2) returned to baur017017
baur017017 collected $2 from pot
*** SUMMARY ***
Total pot $2 | Rake $0
Seat 1: baur017017 (big blind) collected ($2)
Seat 2: Desktop775 (button) (small blind) folded before Flop


PokerStars Hand #146435384984:  Hold'em Limit ($3/$6 USD) - 2016/01/04 2:24:27 ET
Table 'Poesia' 2-max Seat #2 is the button
Seat 1: baur017017 ($28.14 in chips)
Seat 2: Desktop775 ($276.05 in chips)
Desktop775: posts small blind $1
baur017017: posts big blind $3
*** HOLE CARDS ***
Desktop775: raises $3 to $6
baur017017: folds
Uncalled bet ($3) returned to Desktop775
Desktop775 collected $6 from pot
Desktop775: doesn't show hand
*** SUMMARY ***
Total pot $6 | Rake $0
Seat 1: baur017017 (big blind) folded before Flop
Seat 2: Desktop775 (button) (small blind) collected ($6)


PokerStars Hand #146435388353:  Hold'em Limit ($3/$6 USD) - 2016/01/04 2:24:39 ET
Table 'Poesia' 2-max Seat #2 is the button
Seat 1: baur017017 ($24.14 in chips)
Seat 2: Desktop775 ($280.05 in chips)
Desktop775: posts small blind $1
baur017017: posts big blind $3
*** HOLE CARDS ***
Desktop775: raises $3 to $6
baur017017: folds
Uncalled bet ($3) returned to Desktop775
Desktop775 collected $6 from pot
Desktop775: doesn't show hand
*** SUMMARY ***
Total pot $6 | Rake $0
Seat 1: baur017017 (big blind) folded before Flop
Seat 2: Desktop775 (button) (small blind) collected ($6)


PokerStars Hand #146435386784:  Hold'em Limit ($3/$6 USD) - 2016/01/04 2:24:34 ET
Table 'Poesia' 2-max Seat #1 is the button
Seat 1: baur017017 ($25.14 in chips)
Seat 2: Desktop775 ($279.05 in chips)
baur017017: posts small blind $1
Desktop775: posts big blind $3
*** HOLE CARDS ***
baur017017: folds
Uncalled bet ($2) returned to Desktop775
Desktop775 collected $2 from pot
Desktop775: doesn't show hand
*** SUMMARY ***
Total pot $2 | Rake $0
Seat 1: baur017017 (button) (small blind) folded before Flop
Seat 2: Desktop775 (big blind) collected ($2)


PokerStars Hand #146435389965:  Hold'em Limit ($3/$6 USD) - 2016/01/04 2:24:45 ET
Table 'Poesia' 2-max Seat #1 is the button
Seat 1: baur017017 ($21.14 in chips)
Seat 2: Desktop775 ($283.05 in chips)
baur017017: posts small blind $1
Desktop775: posts big blind $3
*** HOLE CARDS ***
baur017017: raises $3 to $6
Desktop775: calls $3
*** FLOP *** [2c Ah 8s]
Desktop775: checks
Desktop775 said, "ale?"
baur017017: checks
*** TURN *** [2c Ah 8s] [2s]
Desktop775: bets $6
baur017017: calls $6
*** RIVER *** [2c Ah 8s 2s] [4c]
Desktop775: bets $6
baur017017: calls $6
*** SHOW DOWN ***
Desktop775: shows [Tc 8c] (two pair, Eights and Deuces)
baur017017: mucks hand
Desktop775 collected $35.50 from pot
*** SUMMARY ***
Total pot $36 | Rake $0.50
Board [2c Ah 8s 2s 4c]
Seat 1: baur017017 (button) (small blind) mucked
Seat 2: Desktop775 (big blind) showed [Tc 8c] and won ($35.50) with two pair, Eights and Deuces


PokerStars Hand #146435419061:  Hold'em Limit ($3/$6 USD) - 2016/01/04 2:26:28 ET
Table 'Poesia' 2-max Seat #2 is the button
Seat 1: baur017017 ($3.14 in chips)
Seat 2: Desktop775 ($300.55 in chips)
Desktop775: posts small blind $1
baur017017: posts big blind $3
*** HOLE CARDS ***
Desktop775: raises $3 to $6
baur017017: calls $0.14 and is all-in
Uncalled bet ($2.86) returned to Desktop775
*** FLOP *** [Qs 4s 3s]
*** TURN *** [Qs 4s 3s] [Td]
*** RIVER *** [Qs 4s 3s Td] [Th]
*** SHOW DOWN ***
baur017017: shows [Js Ts] (a flush, Queen high)
Desktop775: shows [9h 7d] (a pair of Tens)
baur017017 collected $6.15 from pot
*** SUMMARY ***
Total pot $6.28 | Rake $0.13
Board [Qs 4s 3s Td Th]
Seat 1: baur017017 (big blind) showed [Js Ts] and won ($6.15) with a flush, Queen high
Seat 2: Desktop775 (button) (small blind) showed [9h 7d] and lost with a pair of Tens


PokerStars Hand #146435455735:  Hold'em Limit ($3/$6 USD) - 2016/01/04 2:28:36 ET
Table 'Poesia' 2-max Seat #1 is the button
Seat 1: baur017017 ($35.76 in chips)
Seat 2: Desktop775 ($297.31 in chips)
baur017017: posts small blind $1
Desktop775: posts big blind $3
*** HOLE CARDS ***
baur017017: raises $3 to $6
Desktop775: folds
Uncalled bet ($3) returned to baur017017
baur017017 collected $6 from pot
*** SUMMARY ***
Total pot $6 | Rake $0
Seat 1: baur017017 (button) (small blind) collected ($6)
Seat 2: Desktop775 (big blind) folded before Flop


PokerStars Hand #146435447385:  Hold'em Limit ($3/$6 USD) - 2016/01/04 2:28:07 ET
Table 'Poesia' 2-max Seat #2 is the button
Seat 1: baur017017 ($30 in chips)
Seat 2: Desktop775 ($303.31 in chips)
Desktop775: posts small blind $1
baur017017: posts big blind $3
*** HOLE CARDS ***
Desktop775: raises $3 to $6
baur017017: calls $3
*** FLOP *** [9c Td 3c]
baur017017: checks
Desktop775: checks
*** TURN *** [9c Td 3c] [Kc]
baur017017: checks
Desktop775: checks
*** RIVER *** [9c Td 3c Kc] [5s]
baur017017: checks
Desktop775: checks
*** SHOW DOWN ***
baur017017: shows [2d Ad] (high card Ace)
Desktop775: mucks hand
baur017017 collected $11.76 from pot
*** SUMMARY ***
Total pot $12 | Rake $0.24
Board [9c Td 3c Kc 5s]
Seat 1: baur017017 (big blind) showed [2d Ad] and won ($11.76) with high card Ace
Seat 2: Desktop775 (button) (small blind) mucked


PokerStars Hand #146435452297:  Hold'em Limit ($3/$6 USD) - 2016/01/04 2:28:24 ET
Table 'Poesia' 2-max Seat #1 is the button
Seat 1: baur017017 ($35.76 in chips)
Seat 2: Desktop775 ($297.31 in chips)
baur017017: posts small blind $1
Desktop775: posts big blind $3
*** HOLE CARDS ***
baur017017: folds
Uncalled bet ($2) returned to Desktop775
Desktop775 collected $2 from pot
Desktop775: doesn't show hand
*** SUMMARY ***
Total pot $2 | Rake $0
Seat 1: baur017017 (button) (small blind) folded before Flop
Seat 2: Desktop775 (big blind) collected ($2)


PokerStars Hand #146435470183:  Hold'em Limit ($3/$6 USD) - 2016/01/04 2:29:27 ET
Table 'Poesia' 2-max Seat #1 is the button
Seat 1: baur017017 ($61.26 in chips)
Seat 2: Desktop775 ($271.31 in chips)
baur017017: posts small blind $1
Desktop775: posts big blind $3
*** HOLE CARDS ***
baur017017: raises $3 to $6
Desktop775: folds
Uncalled bet ($3) returned to baur017017
baur017017 collected $6 from pot
baur017017: doesn't show hand
*** SUMMARY ***
Total pot $6 | Rake $0
Seat 1: baur017017 (button) (small blind) collected ($6)
Seat 2: Desktop775 (big blind) folded before Flop


PokerStars Hand #146435459580:  Hold'em Limit ($3/$6 USD) - 2016/01/04 2:28:49 ET
Table 'Poesia' 2-max Seat #1 is the button
Seat 1: baur017017 ($39.76 in chips)
Seat 2: Desktop775 ($293.31 in chips)
baur017017: posts small blind $1
Desktop775: posts big blind $3
*** HOLE CARDS ***
baur017017: raises $3 to $6
Desktop775: folds
Uncalled bet ($3) returned to baur017017
baur017017 collected $6 from pot
*** SUMMARY ***
Total pot $6 | Rake $0
Seat 1: baur017017 (button) (small blind) collected ($6)
Seat 2: Desktop775 (big blind) folded before Flop


PokerStars Hand #146435457994:  Hold'em Limit ($3/$6 USD) - 2016/01/04 2:28:44 ET
Table 'Poesia' 2-max Seat #2 is the button
Seat 1: baur017017 ($38.76 in chips)
Seat 2: Desktop775 ($294.31 in chips)
Desktop775: posts small blind $1
baur017017: posts big blind $3
*** HOLE CARDS ***
Desktop775: folds
Uncalled bet ($2) returned to baur017017
baur017017 collected $2 from pot
*** SUMMARY ***
Total pot $2 | Rake $0
Seat 1: baur017017 (big blind) collected ($2)
Seat 2: Desktop775 (button) (small blind) folded before Flop


PokerStars Hand #146435463065:  Hold'em Limit ($3/$6 USD) - 2016/01/04 2:29:02 ET
Table 'Poesia' 2-max Seat #1 is the button
Seat 1: baur017017 ($43.76 in chips)
Seat 2: Desktop775 ($289.31 in chips)
baur017017: posts small blind $1
Desktop775: posts big blind $3
*** HOLE CARDS ***
baur017017: raises $3 to $6
Desktop775: folds
Uncalled bet ($3) returned to baur017017
baur017017 collected $6 from pot
baur017017: doesn't show hand
*** SUMMARY ***
Total pot $6 | Rake $0
Seat 1: baur017017 (button) (small blind) collected ($6)
Seat 2: Desktop775 (big blind) folded before Flop


PokerStars Hand #146435464889:  Hold'em Limit ($3/$6 USD) - 2016/01/04 2:29:08 ET
Table 'Poesia' 2-max Seat #2 is the button
Seat 1: baur017017 ($46.76 in chips)
Seat 2: Desktop775 ($286.31 in chips)
Desktop775: posts small blind $1
baur017017: posts big blind $3
*** HOLE CARDS ***
Desktop775: raises $3 to $6
baur017017: calls $3
*** FLOP *** [Kd 5d 8h]
baur017017: checks
Desktop775: bets $3
baur017017: calls $3
*** TURN *** [Kd 5d 8h] [3h]
baur017017: checks
Desktop775: checks
*** RIVER *** [Kd 5d 8h 3h] [3c]
baur017017: bets $6
Desktop775: calls $6
*** SHOW DOWN ***
baur017017: shows [Qs 3d] (three of a kind, Threes)
Desktop775: mucks hand
baur017017 collected $29.50 from pot
*** SUMMARY ***
Total pot $30 | Rake $0.50
Board [Kd 5d 8h 3h 3c]
Seat 1: baur017017 (big blind) showed [Qs 3d] and won ($29.50) with three of a kind, Threes
Seat 2: Desktop775 (button) (small blind) mucked


PokerStars Hand #146435472228:  Hold'em Limit ($3/$6 USD) - 2016/01/04 2:29:34 ET
Table 'Poesia' 2-max Seat #2 is the button
Seat 1: baur017017 ($64.26 in chips)
Seat 2: Desktop775 ($268.31 in chips)
Desktop775: posts small blind $1
baur017017: posts big blind $3
*** HOLE CARDS ***
Desktop775: raises $3 to $6
baur017017: calls $3
*** FLOP *** [8s Ks 9d]
baur017017: checks
Desktop775: bets $3
baur017017: calls $3
*** TURN *** [8s Ks 9d] [Td]
baur017017: checks
Desktop775: bets $6
baur017017: raises $6 to $12
Desktop775: folds
Uncalled bet ($6) returned to baur017017
baur017017 collected $29.50 from pot
baur017017: doesn't show hand
*** SUMMARY ***
Total pot $30 | Rake $0.50
Board [8s Ks 9d Td]
Seat 1: baur017017 (big blind) collected ($29.50)
Seat 2: Desktop775 (button) (small blind) folded on the Turn


PokerStars Hand #146435477378:  Hold'em Limit ($3/$6 USD) - 2016/01/04 2:29:52 ET
Table 'Poesia' 2-max Seat #1 is the button
Seat 1: baur017017 ($78.76 in chips)
Seat 2: Desktop775 ($253.31 in chips)
baur017017: posts small blind $1
Desktop775: posts big blind $3
*** HOLE CARDS ***
baur017017: raises $3 to $6
Desktop775: calls $3
*** FLOP *** [8c 9s 2h]
Desktop775: checks
baur017017: checks
*** TURN *** [8c 9s 2h] [Ks]
Desktop775: checks
baur017017: bets $6
Desktop775: calls $6
*** RIVER *** [8c 9s 2h Ks] [4d]
Desktop775: checks
baur017017: checks
*** SHOW DOWN ***
Desktop775: shows [Th Qc] (high card King)
baur017017: shows [Ac 3d] (high card Ace)
baur017017 collected $23.52 from pot
*** SUMMARY ***
Total pot $24 | Rake $0.48
Board [8c 9s 2h Ks 4d]
Seat 1: baur017017 (button) (small blind) showed [Ac 3d] and won ($23.52) with high card Ace
Seat 2: Desktop775 (big blind) showed [Th Qc] and lost with high card King


PokerStars Hand #146435481972:  Hold'em Limit ($3/$6 USD) - 2016/01/04 2:30:08 ET
Table 'Poesia' 2-max Seat #2 is the button
Seat 1: baur017017 ($90.28 in chips)
Seat 2: Desktop775 ($241.31 in chips)
Desktop775: posts small blind $1
baur017017: posts big blind $3
*** HOLE CARDS ***
Desktop775: raises $3 to $6
baur017017: calls $3
*** FLOP *** [8d 6h 3s]
baur017017: checks
Desktop775: bets $3
baur017017: calls $3
*** TURN *** [8d 6h 3s] [Ah]
baur017017: checks
Desktop775: bets $6
baur017017: raises $6 to $12
Desktop775: folds
Uncalled bet ($6) returned to baur017017
baur017017 collected $29.50 from pot
*** SUMMARY ***
Total pot $30 | Rake $0.50
Board [8d 6h 3s Ah]
Seat 1: baur017017 (big blind) collected ($29.50)
Seat 2: Desktop775 (button) (small blind) folded on the Turn


PokerStars Hand #146435503387:  Hold'em Limit ($3/$6 USD) - 2016/01/04 2:31:23 ET
Table 'Poesia' 2-max Seat #1 is the button
Seat 1: baur017017 ($98.28 in chips)
Seat 2: Desktop775 ($231.47 in chips)
baur017017: posts small blind $1
Desktop775: posts big blind $3
*** HOLE CARDS ***
baur017017: folds
Uncalled bet ($2) returned to Desktop775
Desktop775 collected $2 from pot
Desktop775: doesn't show hand
*** SUMMARY ***
Total pot $2 | Rake $0
Seat 1: baur017017 (button) (small blind) folded before Flop
Seat 2: Desktop775 (big blind) collected ($2)


PokerStars Hand #146435497890:  Hold'em Limit ($3/$6 USD) - 2016/01/04 2:31:03 ET
Table 'Poesia' 2-max Seat #2 is the button
Seat 1: baur017017 ($107.28 in chips)
Seat 2: Desktop775 ($222.83 in chips)
Desktop775: posts small blind $1
baur017017: posts big blind $3
*** HOLE CARDS ***
Desktop775: raises $3 to $6
baur017017: calls $3
*** FLOP *** [9h 8h Ad]
baur017017: checks
Desktop775: bets $3
baur017017: calls $3
*** TURN *** [9h 8h Ad] [Td]
baur017017: checks
Desktop775: checks
*** RIVER *** [9h 8h Ad Td] [Ts]
baur017017: checks
Desktop775: checks
*** SHOW DOWN ***
baur017017: shows [Qd 4s] (a pair of Tens)
Desktop775: shows [4h Kd] (a pair of Tens - Ace+King kicker)
Desktop775 collected $17.64 from pot
*** SUMMARY ***
Total pot $18 | Rake $0.36
Board [9h 8h Ad Td Ts]
Seat 1: baur017017 (big blind) showed [Qd 4s] and lost with a pair of Tens
Seat 2: Desktop775 (button) (small blind) showed [4h Kd] and won ($17.64) with a pair of Tens


PokerStars Hand #146435493774:  Hold'em Limit ($3/$6 USD) - 2016/01/04 2:30:49 ET
Table 'Poesia' 2-max Seat #1 is the button
Seat 1: baur017017 ($119.28 in chips)
Seat 2: Desktop775 ($211.31 in chips)
baur017017: posts small blind $1
Desktop775: posts big blind $3
*** HOLE CARDS ***
baur017017: raises $3 to $6
Desktop775: raises $3 to $9
baur017017: calls $3
*** FLOP *** [6h 3h 4h]
Desktop775: bets $3
baur017017: calls $3
*** TURN *** [6h 3h 4h] [9s]
Desktop775: bets $6
baur017017: folds
Uncalled bet ($6) returned to Desktop775
Desktop775 collected $23.52 from pot
Desktop775: doesn't show hand
*** SUMMARY ***
Total pot $24 | Rake $0.48
Board [6h 3h 4h 9s]
Seat 1: baur017017 (button) (small blind) folded on the Turn
Seat 2: Desktop775 (big blind) collected ($23.52)


PokerStars Hand #146435491918:  Hold'em Limit ($3/$6 USD) - 2016/01/04 2:30:43 ET
Table 'Poesia' 2-max Seat #2 is the button
Seat 1: baur017017 ($122.28 in chips)
Seat 2: Desktop775 ($208.31 in chips)
Desktop775: posts small blind $1
baur017017: posts big blind $3
*** HOLE CARDS ***
Desktop775: raises $3 to $6
baur017017: folds
Uncalled bet ($3) returned to Desktop775
Desktop775 collected $6 from pot
Desktop775: doesn't show hand
*** SUMMARY ***
Total pot $6 | Rake $0
Seat 1: baur017017 (big blind) folded before Flop
Seat 2: Desktop775 (button) (small blind) collected ($6)


PokerStars Hand #146435510139:  Hold'em Limit ($3/$6 USD) - 2016/01/04 2:31:46 ET
Table 'Poesia' 2-max Seat #1 is the button
Seat 1: baur017017 ($111.78 in chips)
Seat 2: Desktop775 ($217.47 in chips)
baur017017: posts small blind $1
Desktop775: posts big blind $3
*** HOLE CARDS ***
baur017017: folds
Uncalled bet ($2) returned to Desktop775
Desktop775 collected $2 from pot
Desktop775: doesn't show hand
*** SUMMARY ***
Total pot $2 | Rake $0
Seat 1: baur017017 (button) (small blind) folded before Flop
Seat 2: Desktop775 (big blind) collected ($2)


PokerStars Hand #146435516599:  Hold'em Limit ($3/$6 USD) - 2016/01/04 2:32:09 ET
Table 'Poesia' 2-max Seat #1 is the button
Seat 1: baur017017 ($125.28 in chips)
Seat 2: Desktop775 ($203.47 in chips)
baur017017: posts small blind $1
Desktop775: posts big blind $3
*** HOLE CARDS ***
baur017017: raises $3 to $6
Desktop775: calls $3
*** FLOP *** [9c Td 7h]
Desktop775: checks
baur017017: checks
*** TURN *** [9c Td 7h] [9d]
Desktop775: bets $6
baur017017: folds
Uncalled bet ($6) returned to Desktop775
Desktop775 collected $11.76 from pot
Desktop775: doesn't show hand
*** SUMMARY ***
Total pot $12 | Rake $0.24
Board [9c Td 7h 9d]
Seat 1: baur017017 (button) (small blind) folded on the Turn
Seat 2: Desktop775 (big blind) collected ($11.76)


PokerStars Hand #146435511790:  Hold'em Limit ($3/$6 USD) - 2016/01/04 2:31:52 ET
Table 'Poesia' 2-max Seat #2 is the button
Seat 1: baur017017 ($110.78 in chips)
Seat 2: Desktop775 ($218.47 in chips)
Desktop775: posts small blind $1
baur017017: posts big blind $3
*** HOLE CARDS ***
Desktop775: raises $3 to $6
baur017017: calls $3
*** FLOP *** [9s 3c 2d]
baur017017: checks
Desktop775: bets $3
baur017017: calls $3
*** TURN *** [9s 3c 2d] [8d]
baur017017: checks
Desktop775: checks
*** RIVER *** [9s 3c 2d 8d] [4h]
baur017017: bets $6
Desktop775: calls $6
*** SHOW DOWN ***
baur017017: shows [5s 5h] (a pair of Fives)
Desktop775: mucks hand
baur017017 collected $29.50 from pot
*** SUMMARY ***
Total pot $30 | Rake $0.50
Board [9s 3c 2d 8d 4h]
Seat 1: baur017017 (big blind) showed [5s 5h] and won ($29.50) with a pair of Fives
Seat 2: Desktop775 (button) (small blind) mucked


PokerStars Hand #146435525771:  Hold'em Limit ($3/$6 USD) - 2016/01/04 2:32:41 ET
Table 'Poesia' 2-max Seat #1 is the button
Seat 1: baur017017 ($127.92 in chips)
Seat 2: Desktop775 ($200.23 in chips)
baur017017: posts small blind $1
Desktop775: posts big blind $3
*** HOLE CARDS ***
baur017017: folds
Uncalled bet ($2) returned to Desktop775
Desktop775 collected $2 from pot
Desktop775: doesn't show hand
*** SUMMARY ***
Total pot $2 | Rake $0
Seat 1: baur017017 (button) (small blind) folded before Flop
Seat 2: Desktop775 (big blind) collected ($2)


PokerStars Hand #146435520396:  Hold'em Limit ($3/$6 USD) - 2016/01/04 2:32:22 ET
Table 'Poesia' 2-max Seat #2 is the button
Seat 1: baur017017 ($119.28 in chips)
Seat 2: Desktop775 ($209.23 in chips)
Desktop775: posts small blind $1
baur017017: posts big blind $3
*** HOLE CARDS ***
Desktop775: raises $3 to $6
baur017017: calls $3
*** FLOP *** [4c 9h Js]
baur017017: checks
Desktop775: bets $3
baur017017: calls $3
*** TURN *** [4c 9h Js] [3s]
baur017017: checks
Desktop775: checks
*** RIVER *** [4c 9h Js 3s] [7h]
baur017017: bets $6
Desktop775: folds
Uncalled bet ($6) returned to baur017017
baur017017 collected $17.64 from pot
*** SUMMARY ***
Total pot $18 | Rake $0.36
Board [4c 9h Js 3s 7h]
Seat 1: baur017017 (big blind) collected ($17.64)
Seat 2: Desktop775 (button) (small blind) folded on the River


PokerStars Hand #146435527608:  Hold'em Limit ($3/$6 USD) - 2016/01/04 2:32:47 ET
Table 'Poesia' 2-max Seat #2 is the button
Seat 1: baur017017 ($126.92 in chips)
Seat 2: Desktop775 ($201.23 in chips)
Desktop775: posts small blind $1
baur017017: posts big blind $3
*** HOLE CARDS ***
Desktop775: raises $3 to $6
baur017017: raises $3 to $9
Desktop775: calls $3
*** FLOP *** [Td 6d 4c]
baur017017: bets $3
Desktop775: calls $3
*** TURN *** [Td 6d 4c] [Qc]
baur017017: bets $6
Desktop775: folds
Uncalled bet ($6) returned to baur017017
baur017017 collected $23.52 from pot
baur017017: doesn't show hand
*** SUMMARY ***
Total pot $24 | Rake $0.48
Board [Td 6d 4c Qc]
Seat 1: baur017017 (big blind) collected ($23.52)
Seat 2: Desktop775 (button) (small blind) folded on the Turn


PokerStars Hand #146435551312:  Hold'em Limit ($3/$6 USD) - 2016/01/04 2:34:09 ET
Table 'Poesia' 2-max Seat #2 is the button
Seat 1: baur017017 ($123.08 in chips)
Seat 2: Desktop775 ($203.27 in chips)
Desktop775: posts small blind $1
baur017017: posts big blind $3
*** HOLE CARDS ***
Desktop775: folds
Uncalled bet ($2) returned to baur017017
baur017017 collected $2 from pot
*** SUMMARY ***
Total pot $2 | Rake $0
Seat 1: baur017017 (big blind) collected ($2)
Seat 2: Desktop775 (button) (small blind) folded before Flop


PokerStars Hand #146435546106:  Hold'em Limit ($3/$6 USD) - 2016/01/04 2:33:51 ET
Table 'Poesia' 2-max Seat #1 is the button
Seat 1: baur017017 ($114.44 in chips)
Seat 2: Desktop775 ($212.27 in chips)
baur017017: posts small blind $1
Desktop775: posts big blind $3
*** HOLE CARDS ***
baur017017: raises $3 to $6
Desktop775: calls $3
*** FLOP *** [Jh Td 5h]
Desktop775: checks
baur017017: bets $3
Desktop775: calls $3
*** TURN *** [Jh Td 5h] [7s]
Desktop775: checks
baur017017: bets $6
Desktop775: folds
Uncalled bet ($6) returned to baur017017
baur017017 collected $17.64 from pot
*** SUMMARY ***
Total pot $18 | Rake $0.36
Board [Jh Td 5h 7s]
Seat 1: baur017017 (button) (small blind) collected ($17.64)
Seat 2: Desktop775 (big blind) folded on the Turn


PokerStars Hand #146435538546:  Hold'em Limit ($3/$6 USD) - 2016/01/04 2:33:25 ET
Table 'Poesia' 2-max Seat #2 is the button
Seat 1: baur017017 ($126.44 in chips)
Seat 2: Desktop775 ($200.75 in chips)
Desktop775: posts small blind $1
baur017017: posts big blind $3
*** HOLE CARDS ***
Desktop775: raises $3 to $6
baur017017: calls $3
*** FLOP *** [3c Ad 8s]
baur017017: bets $3
Desktop775: raises $3 to $6
baur017017: calls $3
*** TURN *** [3c Ad 8s] [Qs]
baur017017: checks
Desktop775: bets $6
baur017017: folds
Uncalled bet ($6) returned to Desktop775
Desktop775 collected $23.52 from pot
Desktop775: doesn't show hand
*** SUMMARY ***
Total pot $24 | Rake $0.48
Board [3c Ad 8s Qs]
Seat 1: baur017017 (big blind) folded on the Turn
Seat 2: Desktop775 (button) (small blind) collected ($23.52)


PokerStars Hand #146435553051:  Hold'em Limit ($3/$6 USD) - 2016/01/04 2:34:15 ET
Table 'Poesia' 2-max Seat #1 is the button
Seat 1: baur017017 ($124.08 in chips)
Seat 2: Desktop775 ($202.27 in chips)
baur017017: posts small blind $1
Desktop775: posts big blind $3
*** HOLE CARDS ***
baur017017: raises $3 to $6
Desktop775: raises $3 to $9
baur017017: calls $3
*** FLOP *** [4s Qh 2c]
Desktop775: bets $3
baur017017: calls $3
*** TURN *** [4s Qh 2c] [3h]
Desktop775: bets $6
baur017017: raises $6 to $12
Desktop775: calls $6
*** RIVER *** [4s Qh 2c 3h] [Ah]
Desktop775: checks
baur017017: bets $6
Desktop775: calls $6
*** SHOW DOWN ***
baur017017: shows [5d Ad] (a straight, Ace to Five)
Desktop775: mucks hand
baur017017 collected $59.50 from pot
*** SUMMARY ***
Total pot $60 | Rake $0.50
Board [4s Qh 2c 3h Ah]
Seat 1: baur017017 (button) (small blind) showed [5d Ad] and won ($59.50) with a straight, Ace to Five
Seat 2: Desktop775 (big blind) mucked


PokerStars Hand #146435570169:  Hold'em Limit ($3/$6 USD) - 2016/01/04 2:35:14 ET
Table 'Poesia' 2-max Seat #2 is the button
Seat 1: baur017017 ($152.33 in chips)
Seat 2: Desktop775 ($173.02 in chips)
Desktop775: posts small blind $1
baur017017: posts big blind $3
*** HOLE CARDS ***
Desktop775: raises $3 to $6
baur017017: raises $3 to $9
Desktop775: calls $3
*** FLOP *** [3s 9s 6h]
baur017017: bets $3
Desktop775: calls $3
*** TURN *** [3s 9s 6h] [Th]
baur017017: bets $6
Desktop775: folds
Uncalled bet ($6) returned to baur017017
baur017017 collected $23.52 from pot
*** SUMMARY ***
Total pot $24 | Rake $0.48
Board [3s 9s 6h Th]
Seat 1: baur017017 (big blind) collected ($23.52)
Seat 2: Desktop775 (button) (small blind) folded on the Turn


PokerStars Hand #146435560380:  Hold'em Limit ($3/$6 USD) - 2016/01/04 2:34:41 ET
Table 'Poesia' 2-max Seat #2 is the button
Seat 1: baur017017 ($153.58 in chips)
Seat 2: Desktop775 ($172.27 in chips)
Desktop775: posts small blind $1
baur017017: posts big blind $3
*** HOLE CARDS ***
Desktop775: raises $3 to $6
baur017017: calls $3
*** FLOP *** [4c Jc Th]
baur017017: checks
Desktop775: bets $3
baur017017: calls $3
*** TURN *** [4c Jc Th] [Qd]
baur017017: checks
Desktop775: checks
*** RIVER *** [4c Jc Th Qd] [8c]
baur017017: bets $6
Desktop775: calls $6
*** SHOW DOWN ***
baur017017: shows [5c 4h] (a pair of Fours)
Desktop775: shows [5h 4s] (a pair of Fours)
baur017017 collected $14.75 from pot
Desktop775 collected $14.75 from pot
*** SUMMARY ***
Total pot $30 | Rake $0.50
Board [4c Jc Th Qd 8c]
Seat 1: baur017017 (big blind) showed [5c 4h] and won ($14.75) with a pair of Fours
Seat 2: Desktop775 (button) (small blind) showed [5h 4s] and won ($14.75) with a pair of Fours


PokerStars Hand #146435574332:  Hold'em Limit ($3/$6 USD) - 2016/01/04 2:35:28 ET
Table 'Poesia' 2-max Seat #1 is the button
Seat 1: baur017017 ($163.85 in chips)
Seat 2: Desktop775 ($161.02 in chips)
baur017017: posts small blind $1
Desktop775: posts big blind $3
*** HOLE CARDS ***
baur017017: raises $3 to $6
Desktop775: calls $3
*** FLOP *** [8h Ks 3s]
Desktop775: checks
baur017017: bets $3
Desktop775: folds
Uncalled bet ($3) returned to baur017017
baur017017 collected $11.76 from pot
baur017017: doesn't show hand
*** SUMMARY ***
Total pot $12 | Rake $0.24
Board [8h Ks 3s]
Seat 1: baur017017 (button) (small blind) collected ($11.76)
Seat 2: Desktop775 (big blind) folded on the Flop


PokerStars Hand #146440303660:  Hold'em Limit ($3/$6 USD) - 2016/01/04 5:54:40 ET
Table 'Poesia' 2-max Seat #2 is the button
Seat 1: Cah4ec1982 ($120 in chips)
Seat 2: _fayzulllo_ ($72 in chips)
_fayzulllo_: posts small blind $1
Cah4ec1982: posts big blind $3
*** HOLE CARDS ***
_fayzulllo_: raises $3 to $6
Cah4ec1982: calls $3
*** FLOP *** [Kc 9s 4h]
Cah4ec1982: checks
_fayzulllo_: bets $3
Cah4ec1982: folds
Uncalled bet ($3) returned to _fayzulllo_
_fayzulllo_ collected $11.76 from pot
_fayzulllo_: doesn't show hand
*** SUMMARY ***
Total pot $12 | Rake $0.24
Board [Kc 9s 4h]
Seat 1: Cah4ec1982 (big blind) folded on the Flop
Seat 2: _fayzulllo_ (button) (small blind) collected ($11.76)


PokerStars Hand #146440337503:  Hold'em Limit ($3/$6 USD) - 2016/01/04 5:55:53 ET
Table 'Poesia' 2-max Seat #1 is the button
Seat 1: Cah4ec1982 ($97.76 in chips)
Seat 2: _fayzulllo_ ($93.02 in chips)
Cah4ec1982: posts small blind $1
_fayzulllo_: posts big blind $3
*** HOLE CARDS ***
Cah4ec1982: folds
Uncalled bet ($2) returned to _fayzulllo_
_fayzulllo_ collected $2 from pot
_fayzulllo_: doesn't show hand
*** SUMMARY ***
Total pot $2 | Rake $0
Seat 1: Cah4ec1982 (button) (small blind) folded before Flop
Seat 2: _fayzulllo_ (big blind) collected ($2)


PokerStars Hand #146440332679:  Hold'em Limit ($3/$6 USD) - 2016/01/04 5:55:42 ET
Table 'Poesia' 2-max Seat #2 is the button
Seat 1: Cah4ec1982 ($103.76 in chips)
Seat 2: _fayzulllo_ ($87.26 in chips)
_fayzulllo_: posts small blind $1
Cah4ec1982: posts big blind $3
*** HOLE CARDS ***
_fayzulllo_: raises $3 to $6
Cah4ec1982: calls $3
*** FLOP *** [Kd 4c 9h]
Cah4ec1982: checks
_fayzulllo_: bets $3
Cah4ec1982: folds
Uncalled bet ($3) returned to _fayzulllo_
_fayzulllo_ collected $11.76 from pot
_fayzulllo_: doesn't show hand
*** SUMMARY ***
Total pot $12 | Rake $0.24
Board [Kd 4c 9h]
Seat 1: Cah4ec1982 (big blind) folded on the Flop
Seat 2: _fayzulllo_ (button) (small blind) collected ($11.76)


PokerStars Hand #146440330775:  Hold'em Limit ($3/$6 USD) - 2016/01/04 5:55:38 ET
Table 'Poesia' 2-max Seat #1 is the button
Seat 1: Cah4ec1982 ($104.76 in chips)
Seat 2: _fayzulllo_ ($86.26 in chips)
Cah4ec1982: posts small blind $1
_fayzulllo_: posts big blind $3
*** HOLE CARDS ***
Cah4ec1982: folds
Uncalled bet ($2) returned to _fayzulllo_
_fayzulllo_ collected $2 from pot
_fayzulllo_: doesn't show hand
*** SUMMARY ***
Total pot $2 | Rake $0
Seat 1: Cah4ec1982 (button) (small blind) folded before Flop
Seat 2: _fayzulllo_ (big blind) collected ($2)


PokerStars Hand #146440321789:  Hold'em Limit ($3/$6 USD) - 2016/01/04 5:55:18 ET
Table 'Poesia' 2-max Seat #2 is the button
Seat 1: Cah4ec1982 ($99 in chips)
Seat 2: _fayzulllo_ ($92.26 in chips)
_fayzulllo_: posts small blind $1
Cah4ec1982: posts big blind $3
*** HOLE CARDS ***
_fayzulllo_: calls $2
Cah4ec1982: raises $3 to $6
_fayzulllo_: calls $3
*** FLOP *** [6h 6d Ks]
Cah4ec1982: bets $3
_fayzulllo_: folds
Uncalled bet ($3) returned to Cah4ec1982
Cah4ec1982 collected $11.76 from pot
Cah4ec1982: doesn't show hand
*** SUMMARY ***
Total pot $12 | Rake $0.24
Board [6h 6d Ks]
Seat 1: Cah4ec1982 (big blind) collected ($11.76)
Seat 2: _fayzulllo_ (button) (small blind) folded on the Flop


PokerStars Hand #146440312207:  Hold'em Limit ($3/$6 USD) - 2016/01/04 5:54:57 ET
Table 'Poesia' 2-max Seat #1 is the button
Seat 1: Cah4ec1982 ($114 in chips)
Seat 2: _fayzulllo_ ($77.76 in chips)
Cah4ec1982: posts small blind $1
_fayzulllo_: posts big blind $3
*** HOLE CARDS ***
Cah4ec1982: raises $3 to $6
_fayzulllo_: calls $3
*** FLOP *** [4h 5d Td]
_fayzulllo_: checks
Cah4ec1982: bets $3
_fayzulllo_: calls $3
*** TURN *** [4h 5d Td] [3s]
_fayzulllo_: checks
Cah4ec1982: bets $6
_fayzulllo_: calls $6
*** RIVER *** [4h 5d Td 3s] [9c]
_fayzulllo_: checks
Cah4ec1982: checks
*** SHOW DOWN ***
_fayzulllo_: shows [3h 2h] (a pair of Threes)
Cah4ec1982: mucks hand
_fayzulllo_ collected $29.50 from pot
*** SUMMARY ***
Total pot $30 | Rake $0.50
Board [4h 5d Td 3s 9c]
Seat 1: Cah4ec1982 (button) (small blind) mucked
Seat 2: _fayzulllo_ (big blind) showed [3h 2h] and won ($29.50) with a pair of Threes


PokerStars Hand #146440359500:  Hold'em Limit ($3/$6 USD) - 2016/01/04 5:56:43 ET
Table 'Poesia' 2-max Seat #1 is the button
Seat 1: Cah4ec1982 ($93.14 in chips)
Seat 2: _fayzulllo_ ($96.52 in chips)
Cah4ec1982: posts small blind $1
_fayzulllo_: posts big blind $3
*** HOLE CARDS ***
Cah4ec1982: raises $3 to $6
_fayzulllo_: calls $3
*** FLOP *** [3h 9d 9c]
_fayzulllo_: checks
Cah4ec1982: bets $3
_fayzulllo_: raises $3 to $6
Cah4ec1982: calls $3
*** TURN *** [3h 9d 9c] [Ts]
_fayzulllo_: bets $6
Cah4ec1982: calls $6
*** RIVER *** [3h 9d 9c Ts] [8h]
_fayzulllo_: checks
Cah4ec1982: checks
*** SHOW DOWN ***
_fayzulllo_: shows [7c Ac] (a pair of Nines)
Cah4ec1982: shows [As 3s] (two pair, Nines and Threes)
Cah4ec1982 collected $35.50 from pot
*** SUMMARY ***
Total pot $36 | Rake $0.50
Board [3h 9d 9c Ts 8h]
Seat 1: Cah4ec1982 (button) (small blind) showed [As 3s] and won ($35.50) with two pair, Nines and Threes
Seat 2: _fayzulllo_ (big blind) showed [7c Ac] and lost with a pair of Nines


PokerStars Hand #146440353599:  Hold'em Limit ($3/$6 USD) - 2016/01/04 5:56:29 ET
Table 'Poesia' 2-max Seat #2 is the button
Seat 1: Cah4ec1982 ($114.14 in chips)
Seat 2: _fayzulllo_ ($76.02 in chips)
_fayzulllo_: posts small blind $1
Cah4ec1982: posts big blind $3
*** HOLE CARDS ***
_fayzulllo_: calls $2
Cah4ec1982: raises $3 to $6
_fayzulllo_: calls $3
*** FLOP *** [5c Th 2h]
Cah4ec1982: bets $3
_fayzulllo_: calls $3
*** TURN *** [5c Th 2h] [Kd]
Cah4ec1982: bets $6
_fayzulllo_: calls $6
*** RIVER *** [5c Th 2h Kd] [7d]
Cah4ec1982: bets $6
_fayzulllo_: calls $6
*** SHOW DOWN ***
Cah4ec1982: shows [Kh 3h] (a pair of Kings)
_fayzulllo_: shows [5s 7h] (two pair, Sevens and Fives)
_fayzulllo_ collected $41.50 from pot
*** SUMMARY ***
Total pot $42 | Rake $0.50
Board [5c Th 2h Kd 7d]
Seat 1: Cah4ec1982 (big blind) showed [Kh 3h] and lost with a pair of Kings
Seat 2: _fayzulllo_ (button) (small blind) showed [5s 7h] and won ($41.50) with two pair, Sevens and Fives


PokerStars Hand #146440344567:  Hold'em Limit ($3/$6 USD) - 2016/01/04 5:56:09 ET
Table 'Poesia' 2-max Seat #1 is the button
Seat 1: Cah4ec1982 ($99.64 in chips)
Seat 2: _fayzulllo_ ($91.02 in chips)
Cah4ec1982: posts small blind $1
_fayzulllo_: posts big blind $3
*** HOLE CARDS ***
Cah4ec1982: raises $3 to $6
_fayzulllo_: calls $3
*** FLOP *** [9d Jh Td]
_fayzulllo_: checks
Cah4ec1982: bets $3
_fayzulllo_: calls $3
*** TURN *** [9d Jh Td] [7s]
_fayzulllo_: checks
Cah4ec1982: checks
*** RIVER *** [9d Jh Td 7s] [Qc]
_fayzulllo_: checks
Cah4ec1982: bets $6
_fayzulllo_: calls $6
*** SHOW DOWN ***
Cah4ec1982: shows [9s 7d] (two pair, Nines and Sevens)
_fayzulllo_: mucks hand
Cah4ec1982 collected $29.50 from pot
*** SUMMARY ***
Total pot $30 | Rake $0.50
Board [9d Jh Td 7s Qc]
Seat 1: Cah4ec1982 (button) (small blind) showed [9s 7d] and won ($29.50) with two pair, Nines and Sevens
Seat 2: _fayzulllo_ (big blind) mucked


PokerStars Hand #146440339609:  Hold'em Limit ($3/$6 USD) - 2016/01/04 5:55:58 ET
Table 'Poesia' 2-max Seat #2 is the button
Seat 1: Cah4ec1982 ($96.76 in chips)
Seat 2: _fayzulllo_ ($94.02 in chips)
_fayzulllo_: posts small blind $1
Cah4ec1982: posts big blind $3
*** HOLE CARDS ***
_fayzulllo_: calls $2
Cah4ec1982: checks
*** FLOP *** [3h 8c Ah]
Cah4ec1982: bets $3
_fayzulllo_: folds
Uncalled bet ($3) returned to Cah4ec1982
Cah4ec1982 collected $5.88 from pot
Cah4ec1982: doesn't show hand
*** SUMMARY ***
Total pot $6 | Rake $0.12
Board [3h 8c Ah]
Seat 1: Cah4ec1982 (big blind) collected ($5.88)
Seat 2: _fayzulllo_ (button) (small blind) folded on the Flop


PokerStars Hand #146440389660:  Hold'em Limit ($3/$6 USD) - 2016/01/04 5:57:49 ET
Table 'Poesia' 2-max Seat #1 is the button
Seat 1: Cah4ec1982 ($130.66 in chips)
Seat 2: _fayzulllo_ ($57.28 in chips)
Cah4ec1982: posts small blind $1
_fayzulllo_: posts big blind $3
*** HOLE CARDS ***
Cah4ec1982: raises $3 to $6
_fayzulllo_: calls $3
*** FLOP *** [4s Ah Qc]
_fayzulllo_: checks
Cah4ec1982: bets $3
_fayzulllo_: raises $3 to $6
Cah4ec1982: calls $3
*** TURN *** [4s Ah Qc] [8s]
_fayzulllo_: checks
Cah4ec1982: bets $6
_fayzulllo_: folds
Uncalled bet ($6) returned to Cah4ec1982
Cah4ec1982 collected $23.52 from pot
Cah4ec1982: doesn't show hand
*** SUMMARY ***
Total pot $24 | Rake $0.48
Board [4s Ah Qc 8s]
Seat 1: Cah4ec1982 (button) (small blind) collected ($23.52)
Seat 2: _fayzulllo_ (big blind) folded on the Turn


PokerStars Hand #146440384559:  Hold'em Limit ($3/$6 USD) - 2016/01/04 5:57:38 ET
Table 'Poesia' 2-max Seat #2 is the button
Seat 1: Cah4ec1982 ($136.66 in chips)
Seat 2: _fayzulllo_ ($51.52 in chips)
_fayzulllo_: posts small blind $1
Cah4ec1982: posts big blind $3
*** HOLE CARDS ***
_fayzulllo_: raises $3 to $6
Cah4ec1982: calls $3
*** FLOP *** [4c 8c As]
Cah4ec1982: checks
_fayzulllo_: bets $3
Cah4ec1982: folds
Uncalled bet ($3) returned to _fayzulllo_
_fayzulllo_ collected $11.76 from pot
_fayzulllo_: doesn't show hand
*** SUMMARY ***
Total pot $12 | Rake $0.24
Board [4c 8c As]
Seat 1: Cah4ec1982 (big blind) folded on the Flop
Seat 2: _fayzulllo_ (button) (small blind) collected ($11.76)


PokerStars Hand #146440376420:  Hold'em Limit ($3/$6 USD) - 2016/01/04 5:57:20 ET
Table 'Poesia' 2-max Seat #1 is the button
Seat 1: Cah4ec1982 ($122.16 in chips)
Seat 2: _fayzulllo_ ($66.52 in chips)
Cah4ec1982: posts small blind $1
_fayzulllo_: posts big blind $3
*** HOLE CARDS ***
Cah4ec1982: raises $3 to $6
_fayzulllo_: calls $3
*** FLOP *** [8d Ts 6s]
_fayzulllo_: checks
Cah4ec1982: bets $3
_fayzulllo_: calls $3
*** TURN *** [8d Ts 6s] [Kc]
_fayzulllo_: checks
Cah4ec1982: checks
*** RIVER *** [8d Ts 6s Kc] [5d]
_fayzulllo_: checks
Cah4ec1982: bets $6
_fayzulllo_: calls $6
*** SHOW DOWN ***
Cah4ec1982: shows [Jd 8c] (a pair of Eights)
_fayzulllo_: mucks hand
Cah4ec1982 collected $29.50 from pot
*** SUMMARY ***
Total pot $30 | Rake $0.50
Board [8d Ts 6s Kc 5d]
Seat 1: Cah4ec1982 (button) (small blind) showed [Jd 8c] and won ($29.50) with a pair of Eights
Seat 2: _fayzulllo_ (big blind) mucked


PokerStars Hand #146440367769:  Hold'em Limit ($3/$6 USD) - 2016/01/04 5:57:01 ET
Table 'Poesia' 2-max Seat #2 is the button
Seat 1: Cah4ec1982 ($110.64 in chips)
Seat 2: _fayzulllo_ ($78.52 in chips)
_fayzulllo_: posts small blind $1
Cah4ec1982: posts big blind $3
*** HOLE CARDS ***
_fayzulllo_: calls $2
Cah4ec1982: raises $3 to $6
_fayzulllo_: raises $3 to $9
Cah4ec1982: calls $3
*** FLOP *** [9h 6s 3d]
Cah4ec1982: checks
_fayzulllo_: bets $3
Cah4ec1982: calls $3
*** TURN *** [9h 6s 3d] [6c]
Cah4ec1982: checks
_fayzulllo_: checks
*** RIVER *** [9h 6s 3d 6c] [3s]
Cah4ec1982: bets $6
_fayzulllo_: folds
Uncalled bet ($6) returned to Cah4ec1982
Cah4ec1982 collected $23.52 from pot
Cah4ec1982: doesn't show hand
*** SUMMARY ***
Total pot $24 | Rake $0.48
Board [9h 6s 3d 6c 3s]
Seat 1: Cah4ec1982 (big blind) collected ($23.52)
Seat 2: _fayzulllo_ (button) (small blind) folded on the River


PokerStars Hand #146440405062:  Hold'em Limit ($3/$6 USD) - 2016/01/04 5:58:23 ET
Table 'Poesia' 2-max Seat #1 is the button
Seat 1: Cah4ec1982 ($127.18 in chips)
Seat 2: _fayzulllo_ ($59.78 in chips)
Cah4ec1982: posts small blind $1
_fayzulllo_: posts big blind $3
*** HOLE CARDS ***
Cah4ec1982: raises $3 to $6
_fayzulllo_: calls $3
*** FLOP *** [5h 4h Ac]
_fayzulllo_: checks
Cah4ec1982: bets $3
_fayzulllo_: calls $3
*** TURN *** [5h 4h Ac] [6d]
_fayzulllo_: checks
Cah4ec1982: bets $6
_fayzulllo_: calls $6
*** RIVER *** [5h 4h Ac 6d] [Qc]
_fayzulllo_: checks
Cah4ec1982: bets $6
_fayzulllo_: calls $6
*** SHOW DOWN ***
Cah4ec1982: shows [6s 5c] (two pair, Sixes and Fives)
_fayzulllo_: mucks hand
Cah4ec1982 collected $41.50 from pot
*** SUMMARY ***
Total pot $42 | Rake $0.50
Board [5h 4h Ac 6d Qc]
Seat 1: Cah4ec1982 (button) (small blind) showed [6s 5c] and won ($41.50) with two pair, Sixes and Fives
Seat 2: _fayzulllo_ (big blind) mucked


PokerStars Hand #146440443330:  Hold'em Limit ($3/$6 USD) - 2016/01/04 5:59:47 ET
Table 'Poesia' 2-max Seat #1 is the button
Seat 1: Cah4ec1982 ($135.43 in chips)
Seat 2: _fayzulllo_ ($50.05 in chips)
Cah4ec1982: posts small blind $1
_fayzulllo_: posts big blind $3
*** HOLE CARDS ***
Cah4ec1982: raises $3 to $6
_fayzulllo_: calls $3
*** FLOP *** [Ks 2d 9s]
_fayzulllo_: checks
Cah4ec1982: bets $3
_fayzulllo_: calls $3
*** TURN *** [Ks 2d 9s] [3c]
_fayzulllo_: checks
Cah4ec1982: bets $6
_fayzulllo_: folds
Uncalled bet ($6) returned to Cah4ec1982
Cah4ec1982 collected $17.64 from pot
Cah4ec1982: doesn't show hand
*** SUMMARY ***
Total pot $18 | Rake $0.36
Board [Ks 2d 9s 3c]
Seat 1: Cah4ec1982 (button) (small blind) collected ($17.64)
Seat 2: _fayzulllo_ (big blind) folded on the Turn


PokerStars Hand #146440436740:  Hold'em Limit ($3/$6 USD) - 2016/01/04 5:59:33 ET
Table 'Poesia' 2-max Seat #2 is the button
Seat 1: Cah4ec1982 ($144.43 in chips)
Seat 2: _fayzulllo_ ($41.41 in chips)
_fayzulllo_: posts small blind $1
Cah4ec1982: posts big blind $3
*** HOLE CARDS ***
_fayzulllo_: calls $2
Cah4ec1982: raises $3 to $6
_fayzulllo_: calls $3
*** FLOP *** [Qs 2h 3s]
Cah4ec1982: bets $3
_fayzulllo_: calls $3
*** TURN *** [Qs 2h 3s] [6d]
Cah4ec1982: checks
_fayzulllo_: bets $6
Cah4ec1982: folds
Uncalled bet ($6) returned to _fayzulllo_
_fayzulllo_ collected $17.64 from pot
_fayzulllo_: doesn't show hand
*** SUMMARY ***
Total pot $18 | Rake $0.36
Board [Qs 2h 3s 6d]
Seat 1: Cah4ec1982 (big blind) folded on the Turn
Seat 2: _fayzulllo_ (button) (small blind) collected ($17.64)


PokerStars Hand #146440427912:  Hold'em Limit ($3/$6 USD) - 2016/01/04 5:59:13 ET
Table 'Poesia' 2-max Seat #1 is the button
Seat 1: Cah4ec1982 ($144.68 in chips)
Seat 2: _fayzulllo_ ($41.66 in chips)
Cah4ec1982: posts small blind $1
_fayzulllo_: posts big blind $3
*** HOLE CARDS ***
Cah4ec1982: raises $3 to $6
_fayzulllo_: calls $3
*** FLOP *** [7d 2c Th]
_fayzulllo_: checks
Cah4ec1982: bets $3
_fayzulllo_: calls $3
*** TURN *** [7d 2c Th] [Jd]
_fayzulllo_: checks
Cah4ec1982: bets $6
_fayzulllo_: raises $6 to $12
Cah4ec1982: calls $6
*** RIVER *** [7d 2c Th Jd] [4h]
_fayzulllo_: bets $6
Cah4ec1982: calls $6
*** SHOW DOWN ***
_fayzulllo_: shows [8c Jh] (a pair of Jacks)
Cah4ec1982: shows [8h Js] (a pair of Jacks)
_fayzulllo_ collected $26.75 from pot
Cah4ec1982 collected $26.75 from pot
*** SUMMARY ***
Total pot $54 | Rake $0.50
Board [7d 2c Th Jd 4h]
Seat 1: Cah4ec1982 (button) (small blind) showed [8h Js] and won ($26.75) with a pair of Jacks
Seat 2: _fayzulllo_ (big blind) showed [8c Jh] and won ($26.75) with a pair of Jacks


PokerStars Hand #146440415221:  Hold'em Limit ($3/$6 USD) - 2016/01/04 5:58:46 ET
Table 'Poesia' 2-max Seat #2 is the button
Seat 1: Cah4ec1982 ($147.68 in chips)
Seat 2: _fayzulllo_ ($38.78 in chips)
_fayzulllo_: posts small blind $1
Cah4ec1982: posts big blind $3
*** HOLE CARDS ***
_fayzulllo_: calls $2
Cah4ec1982: checks
*** FLOP *** [4s Tc Ks]
Cah4ec1982: checks
_fayzulllo_: checks
*** TURN *** [4s Tc Ks] [Kd]
Cah4ec1982: checks
_fayzulllo_: bets $6
Cah4ec1982: folds
Uncalled bet ($6) returned to _fayzulllo_
_fayzulllo_ collected $5.88 from pot
_fayzulllo_: doesn't show hand
*** SUMMARY ***
Total pot $6 | Rake $0.12
Board [4s Tc Ks Kd]
Seat 1: Cah4ec1982 (big blind) folded on the Turn
Seat 2: _fayzulllo_ (button) (small blind) collected ($5.88)


PokerStars Hand #146440473406:  Hold'em Limit ($3/$6 USD) - 2016/01/04 6:00:50 ET
Table 'Poesia' 2-max Seat #2 is the button
Seat 1: Cah4ec1982 ($122.07 in chips)
Seat 2: _fayzulllo_ ($62.33 in chips)
_fayzulllo_: posts small blind $1
Cah4ec1982: posts big blind $3
*** HOLE CARDS ***
_fayzulllo_: calls $2
Cah4ec1982: raises $3 to $6
_fayzulllo_: calls $3
*** FLOP *** [5c 7h 3s]
Cah4ec1982: bets $3
_fayzulllo_: calls $3
*** TURN *** [5c 7h 3s] [Jd]
Cah4ec1982: checks
_fayzulllo_: checks
*** RIVER *** [5c 7h 3s Jd] [3c]
Cah4ec1982: checks
_fayzulllo_: checks
*** SHOW DOWN ***
Cah4ec1982: shows [Kc 8h] (a pair of Threes)
_fayzulllo_: mucks hand
Cah4ec1982 collected $17.64 from pot
*** SUMMARY ***
Total pot $18 | Rake $0.36
Board [5c 7h 3s Jd 3c]
Seat 1: Cah4ec1982 (big blind) showed [Kc 8h] and won ($17.64) with a pair of Threes
Seat 2: _fayzulllo_ (button) (small blind) mucked


PokerStars Hand #146440471145:  Hold'em Limit ($3/$6 USD) - 2016/01/04 6:00:45 ET
Table 'Poesia' 2-max Seat #1 is the button
Seat 1: Cah4ec1982 ($123.07 in chips)
Seat 2: _fayzulllo_ ($61.33 in chips)
Cah4ec1982: posts small blind $1
_fayzulllo_: posts big blind $3
*** HOLE CARDS ***
Cah4ec1982: folds
Uncalled bet ($2) returned to _fayzulllo_
_fayzulllo_ collected $2 from pot
_fayzulllo_: doesn't show hand
*** SUMMARY ***
Total pot $2 | Rake $0
Seat 1: Cah4ec1982 (button) (small blind) folded before Flop
Seat 2: _fayzulllo_ (big blind) collected ($2)


PokerStars Hand #146440465318:  Hold'em Limit ($3/$6 USD) - 2016/01/04 6:00:33 ET
Table 'Poesia' 2-max Seat #2 is the button
Seat 1: Cah4ec1982 ($132.07 in chips)
Seat 2: _fayzulllo_ ($52.69 in chips)
_fayzulllo_: posts small blind $1
Cah4ec1982: posts big blind $3
*** HOLE CARDS ***
_fayzulllo_: calls $2
Cah4ec1982: raises $3 to $6
_fayzulllo_: raises $3 to $9
Cah4ec1982: calls $3
*** FLOP *** [2s 9s 6d]
Cah4ec1982: checks
_fayzulllo_: bets $3
Cah4ec1982: folds
Uncalled bet ($3) returned to _fayzulllo_
_fayzulllo_ collected $17.64 from pot
_fayzulllo_: doesn't show hand
*** SUMMARY ***
Total pot $18 | Rake $0.36
Board [2s 9s 6d]
Seat 1: Cah4ec1982 (big blind) folded on the Flop
Seat 2: _fayzulllo_ (button) (small blind) collected ($17.64)


PokerStars Hand #146440462967:  Hold'em Limit ($3/$6 USD) - 2016/01/04 6:00:28 ET
Table 'Poesia' 2-max Seat #1 is the button
Seat 1: Cah4ec1982 ($133.07 in chips)
Seat 2: _fayzulllo_ ($51.69 in chips)
Cah4ec1982: posts small blind $1
_fayzulllo_: posts big blind $3
*** HOLE CARDS ***
Cah4ec1982: folds
Uncalled bet ($2) returned to _fayzulllo_
_fayzulllo_ collected $2 from pot
_fayzulllo_: doesn't show hand
*** SUMMARY ***
Total pot $2 | Rake $0
Seat 1: Cah4ec1982 (button) (small blind) folded before Flop
Seat 2: _fayzulllo_ (big blind) collected ($2)


PokerStars Hand #146440460241:  Hold'em Limit ($3/$6 USD) - 2016/01/04 6:00:23 ET
Table 'Poesia' 2-max Seat #2 is the button
Seat 1: Cah4ec1982 ($132.07 in chips)
Seat 2: _fayzulllo_ ($52.69 in chips)
_fayzulllo_: posts small blind $1
Cah4ec1982: posts big blind $3
*** HOLE CARDS ***
_fayzulllo_: folds
Uncalled bet ($2) returned to Cah4ec1982
Cah4ec1982 collected $2 from pot
Cah4ec1982: doesn't show hand
*** SUMMARY ***
Total pot $2 | Rake $0
Seat 1: Cah4ec1982 (big blind) collected ($2)
Seat 2: _fayzulllo_ (button) (small blind) folded before Flop


PokerStars Hand #146440454389:  Hold'em Limit ($3/$6 USD) - 2016/01/04 6:00:10 ET
Table 'Poesia' 2-max Seat #1 is the button
Seat 1: Cah4ec1982 ($141.07 in chips)
Seat 2: _fayzulllo_ ($44.05 in chips)
Cah4ec1982: posts small blind $1
_fayzulllo_: posts big blind $3
*** HOLE CARDS ***
Cah4ec1982: raises $3 to $6
_fayzulllo_: calls $3
*** FLOP *** [6h 2h Jd]
_fayzulllo_: checks
Cah4ec1982: bets $3
_fayzulllo_: raises $3 to $6
Cah4ec1982: folds
Uncalled bet ($3) returned to _fayzulllo_
_fayzulllo_ collected $17.64 from pot
_fayzulllo_: doesn't show hand
*** SUMMARY ***
Total pot $18 | Rake $0.36
Board [6h 2h Jd]
Seat 1: Cah4ec1982 (button) (small blind) folded on the Flop
Seat 2: _fayzulllo_ (big blind) collected ($17.64)


PokerStars Hand #146440450778:  Hold'em Limit ($3/$6 USD) - 2016/01/04 6:00:03 ET
Table 'Poesia' 2-max Seat #2 is the button
Seat 1: Cah4ec1982 ($144.07 in chips)
Seat 2: _fayzulllo_ ($41.05 in chips)
_fayzulllo_: posts small blind $1
Cah4ec1982: posts big blind $3
*** HOLE CARDS ***
_fayzulllo_: raises $3 to $6
Cah4ec1982: folds
Uncalled bet ($3) returned to _fayzulllo_
_fayzulllo_ collected $6 from pot
_fayzulllo_: doesn't show hand
*** SUMMARY ***
Total pot $6 | Rake $0
Seat 1: Cah4ec1982 (big blind) folded before Flop
Seat 2: _fayzulllo_ (button) (small blind) collected ($6)


PokerStars Hand #146440499452:  Hold'em Limit ($3/$6 USD) - 2016/01/04 6:01:41 ET
Table 'Poesia' 2-max Seat #1 is the button
Seat 1: Cah4ec1982 ($130.21 in chips)
Seat 2: _fayzulllo_ ($52.83 in chips)
Cah4ec1982: posts small blind $1
_fayzulllo_: posts big blind $3
*** HOLE CARDS ***
Cah4ec1982: raises $3 to $6
_fayzulllo_: calls $3
*** FLOP *** [Tc 2d 3h]
_fayzulllo_: checks
Cah4ec1982: bets $3
_fayzulllo_: raises $3 to $6
Cah4ec1982: calls $3
*** TURN *** [Tc 2d 3h] [9s]
_fayzulllo_: checks
Cah4ec1982: bets $6
_fayzulllo_: folds
Uncalled bet ($6) returned to Cah4ec1982
Cah4ec1982 collected $23.52 from pot
Cah4ec1982: doesn't show hand
*** SUMMARY ***
Total pot $24 | Rake $0.48
Board [Tc 2d 3h 9s]
Seat 1: Cah4ec1982 (button) (small blind) collected ($23.52)
Seat 2: _fayzulllo_ (big blind) folded on the Turn


PokerStars Hand #146440490188:  Hold'em Limit ($3/$6 USD) - 2016/01/04 6:01:23 ET
Table 'Poesia' 2-max Seat #2 is the button
Seat 1: Cah4ec1982 ($145.21 in chips)
Seat 2: _fayzulllo_ ($38.33 in chips)
_fayzulllo_: posts small blind $1
Cah4ec1982: posts big blind $3
*** HOLE CARDS ***
_fayzulllo_: calls $2
Cah4ec1982: raises $3 to $6
_fayzulllo_: calls $3
*** FLOP *** [Qc 4h 5s]
Cah4ec1982: bets $3
_fayzulllo_: calls $3
*** TURN *** [Qc 4h 5s] [Jd]
Cah4ec1982: checks
_fayzulllo_: checks
*** RIVER *** [Qc 4h 5s Jd] [8d]
Cah4ec1982: checks
_fayzulllo_: bets $6
Cah4ec1982: calls $6
*** SHOW DOWN ***
_fayzulllo_: shows [Qd 6h] (a pair of Queens)
Cah4ec1982: mucks hand
_fayzulllo_ collected $29.50 from pot
*** SUMMARY ***
Total pot $30 | Rake $0.50
Board [Qc 4h 5s Jd 8d]
Seat 1: Cah4ec1982 (big blind) mucked
Seat 2: _fayzulllo_ (button) (small blind) showed [Qd 6h] and won ($29.50) with a pair of Queens


PokerStars Hand #146440482209:  Hold'em Limit ($3/$6 USD) - 2016/01/04 6:01:07 ET
Table 'Poesia' 2-max Seat #1 is the button
Seat 1: Cah4ec1982 ($130.71 in chips)
Seat 2: _fayzulllo_ ($53.33 in chips)
Cah4ec1982: posts small blind $1
_fayzulllo_: posts big blind $3
*** HOLE CARDS ***
Cah4ec1982: raises $3 to $6
_fayzulllo_: calls $3
*** FLOP *** [Ac 4h 2d]
_fayzulllo_: checks
Cah4ec1982: bets $3
_fayzulllo_: calls $3
*** TURN *** [Ac 4h 2d] [8d]
_fayzulllo_: checks
Cah4ec1982: checks
*** RIVER *** [Ac 4h 2d 8d] [Kd]
_fayzulllo_: bets $6
Cah4ec1982: calls $6
*** SHOW DOWN ***
_fayzulllo_: shows [6h 2h] (a pair of Deuces)
Cah4ec1982: shows [7c 8h] (a pair of Eights)
Cah4ec1982 collected $29.50 from pot
*** SUMMARY ***
Total pot $30 | Rake $0.50
Board [Ac 4h 2d 8d Kd]
Seat 1: Cah4ec1982 (button) (small blind) showed [7c 8h] and won ($29.50) with a pair of Eights
Seat 2: _fayzulllo_ (big blind) showed [6h 2h] and lost with a pair of Deuces


PokerStars Hand #146440524807:  Hold'em Limit ($3/$6 USD) - 2016/01/04 6:02:30 ET
Table 'Poesia' 2-max Seat #1 is the button
Seat 1: Cah4ec1982 ($171.23 in chips)
Seat 2: _fayzulllo_ ($10.83 in chips)
Cah4ec1982: posts small blind $1
_fayzulllo_: posts big blind $3
*** HOLE CARDS ***
Cah4ec1982: raises $3 to $6
_fayzulllo_: raises $3 to $9
Cah4ec1982: raises $3 to $12
Betting is capped
_fayzulllo_: calls $1.83 and is all-in
Uncalled bet ($1.17) returned to Cah4ec1982
*** FLOP *** [5h Kd 7c]
*** TURN *** [5h Kd 7c] [9s]
*** RIVER *** [5h Kd 7c 9s] [Jd]
*** SHOW DOWN ***
_fayzulllo_: shows [8d As] (high card Ace)
Cah4ec1982: shows [9d Ah] (a pair of Nines)
Cah4ec1982 collected $21.23 from pot
*** SUMMARY ***
Total pot $21.66 | Rake $0.43
Board [5h Kd 7c 9s Jd]
Seat 1: Cah4ec1982 (button) (small blind) showed [9d Ah] and won ($21.23) with a pair of Nines
Seat 2: _fayzulllo_ (big blind) showed [8d As] and lost with high card Ace


PokerStars Hand #146440512877:  Hold'em Limit ($3/$6 USD) - 2016/01/04 6:02:06 ET
Table 'Poesia' 2-max Seat #2 is the button
Seat 1: Cah4ec1982 ($141.73 in chips)
Seat 2: _fayzulllo_ ($40.83 in chips)
_fayzulllo_: posts small blind $1
Cah4ec1982: posts big blind $3
*** HOLE CARDS ***
_fayzulllo_: calls $2
Cah4ec1982: raises $3 to $6
_fayzulllo_: raises $3 to $9
Cah4ec1982: calls $3
*** FLOP *** [Ah 2d 9h]
Cah4ec1982: checks
_fayzulllo_: bets $3
Cah4ec1982: calls $3
*** TURN *** [Ah 2d 9h] [Ad]
Cah4ec1982: checks
_fayzulllo_: checks
*** RIVER *** [Ah 2d 9h Ad] [Th]
Cah4ec1982: bets $6
_fayzulllo_: raises $6 to $12
Cah4ec1982: raises $6 to $18
_fayzulllo_: calls $6
*** SHOW DOWN ***
Cah4ec1982: shows [5h Qh] (a flush, Ace high)
_fayzulllo_: mucks hand
Cah4ec1982 collected $59.50 from pot
*** SUMMARY ***
Total pot $60 | Rake $0.50
Board [Ah 2d 9h Ad Th]
Seat 1: Cah4ec1982 (big blind) showed [5h Qh] and won ($59.50) with a flush, Ace high
Seat 2: _fayzulllo_ (button) (small blind) mucked


