PokerStars Hand #157647248757:  Hold'em Limit ($3/$6 USD) - 2016/08/23 14:29:45 ET
Table 'Pogson' 6-max Seat #1 is the button
Seat 1: B_loJkl ($57 in chips)
Seat 5: Ale4o ($152.15 in chips)
B_loJkl: posts small blind $1
vestimokrec: is sitting out
Ale4o: posts big blind $3
*** HOLE CARDS ***
vestimokrec leaves the table
B_loJkl: raises $3 to $6
Ale4o: calls $3
*** FLOP *** [Ah Ad 6h]
Ale4o: checks
B_loJkl: bets $3
Ale4o: folds
Uncalled bet ($3) returned to B_loJkl
B_loJkl collected $11.76 from pot
B_loJkl: doesn't show hand
*** SUMMARY ***
Total pot $12 | Rake $0.24
Board [Ah Ad 6h]
Seat 1: B_loJkl (button) (small blind) collected ($11.76)
Seat 5: Ale4o (big blind) folded on the Flop


PokerStars Hand #157647404687:  Hold'em Limit ($3/$6 USD) - 2016/08/23 14:33:17 ET
Table 'Pogson' 6-max Seat #1 is the button
Seat 1: Koraseg ($121 in chips)
Seat 6: stiflerkk ($53.48 in chips)
Koraseg: posts small blind $1
stiflerkk: posts big blind $3
*** HOLE CARDS ***
Koraseg: raises $3 to $6
stiflerkk: calls $3
*** FLOP *** [Kc 9c Jd]
stiflerkk: checks
Koraseg: bets $3
stiflerkk: calls $3
*** TURN *** [Kc 9c Jd] [Js]
stiflerkk: checks
Koraseg: checks
*** RIVER *** [Kc 9c Jd Js] [Ts]
stiflerkk: checks
Koraseg: checks
*** SHOW DOWN ***
stiflerkk: shows [9h 3h] (two pair, Jacks and Nines)
Koraseg: mucks hand
stiflerkk collected $17.64 from pot
*** SUMMARY ***
Total pot $18 | Rake $0.36
Board [Kc 9c Jd Js Ts]
Seat 1: Koraseg (button) (small blind) mucked
Seat 6: stiflerkk (big blind) showed [9h 3h] and won ($17.64) with two pair, Jacks and Nines


PokerStars Hand #157647483522:  Hold'em Limit ($3/$6 USD) - 2016/08/23 14:35:05 ET
Table 'Pogson' 6-max Seat #1 is the button
Seat 1: Koraseg ($147 in chips)
Seat 6: stiflerkk ($26 in chips)
Koraseg: posts small blind $1
stiflerkk: posts big blind $3
*** HOLE CARDS ***
Koraseg: raises $3 to $6
stiflerkk: calls $3
*** FLOP *** [Js 2h 2d]
stiflerkk: checks
Koraseg: bets $3
stiflerkk: raises $3 to $6
Koraseg: folds
Uncalled bet ($3) returned to stiflerkk
stiflerkk collected $17.64 from pot
stiflerkk: doesn't show hand
*** SUMMARY ***
Total pot $18 | Rake $0.36
Board [Js 2h 2d]
Seat 1: Koraseg (button) (small blind) folded on the Flop
Seat 6: stiflerkk (big blind) collected ($17.64)


PokerStars Hand #157647473974:  Hold'em Limit ($3/$6 USD) - 2016/08/23 14:34:52 ET
Table 'Pogson' 6-max Seat #6 is the button
Seat 1: Koraseg ($150 in chips)
Seat 6: stiflerkk ($23.12 in chips)
stiflerkk: posts small blind $1
Koraseg: posts big blind $3
*** HOLE CARDS ***
stiflerkk: calls $2
Koraseg: checks
*** FLOP *** [6s 3d 9d]
Koraseg: checks
stiflerkk: bets $3
Koraseg: folds
Uncalled bet ($3) returned to stiflerkk
stiflerkk collected $5.88 from pot
stiflerkk: doesn't show hand
*** SUMMARY ***
Total pot $6 | Rake $0.12
Board [6s 3d 9d]
Seat 1: Koraseg (big blind) folded on the Flop
Seat 6: stiflerkk (button) (small blind) collected ($5.88)


PokerStars Hand #157647461137:  Hold'em Limit ($3/$6 USD) - 2016/08/23 14:34:34 ET
Table 'Pogson' 6-max Seat #1 is the button
Seat 1: Koraseg ($135.50 in chips)
Seat 6: stiflerkk ($38.12 in chips)
Koraseg: posts small blind $1
stiflerkk: posts big blind $3
*** HOLE CARDS ***
Koraseg: raises $3 to $6
stiflerkk: calls $3
*** FLOP *** [2s Td Kc]
stiflerkk: checks
Koraseg: bets $3
stiflerkk: calls $3
*** TURN *** [2s Td Kc] [Qs]
stiflerkk: checks
Koraseg: checks
*** RIVER *** [2s Td Kc Qs] [4c]
stiflerkk: checks
Koraseg: bets $6
stiflerkk: calls $6
*** SHOW DOWN ***
Koraseg: shows [Js Tc] (a pair of Tens)
stiflerkk: mucks hand
Koraseg collected $29.50 from pot
*** SUMMARY ***
Total pot $30 | Rake $0.50
Board [2s Td Kc Qs 4c]
Seat 1: Koraseg (button) (small blind) showed [Js Tc] and won ($29.50) with a pair of Tens
Seat 6: stiflerkk (big blind) mucked


PokerStars Hand #157647429634:  Hold'em Limit ($3/$6 USD) - 2016/08/23 14:33:51 ET
Table 'Pogson' 6-max Seat #6 is the button
Seat 1: Koraseg ($112 in chips)
Seat 6: stiflerkk ($62.12 in chips)
stiflerkk: posts small blind $1
Koraseg: posts big blind $3
*** HOLE CARDS ***
stiflerkk: calls $2
Koraseg: raises $3 to $6
stiflerkk: calls $3
*** FLOP *** [9s 5s 8d]
Koraseg: bets $3
stiflerkk: raises $3 to $6
Koraseg: calls $3
*** TURN *** [9s 5s 8d] [2c]
Koraseg: checks
stiflerkk: bets $6
Koraseg: calls $6
*** RIVER *** [9s 5s 8d 2c] [Kd]
Koraseg: checks
stiflerkk: bets $6
Koraseg: calls $6
*** SHOW DOWN ***
stiflerkk: shows [Tc 7s] (high card King)
Koraseg: shows [Ah 7c] (high card Ace)
Koraseg collected $47.50 from pot
*** SUMMARY ***
Total pot $48 | Rake $0.50
Board [9s 5s 8d 2c Kd]
Seat 1: Koraseg (big blind) showed [Ah 7c] and won ($47.50) with high card Ace
Seat 6: stiflerkk (button) (small blind) showed [Tc 7s] and lost with high card King


PokerStars Hand #157647532908:  Hold'em Limit ($3/$6 USD) - 2016/08/23 14:36:13 ET
Table 'Pogson' 6-max Seat #1 is the button
Seat 1: Koraseg ($151.50 in chips)
Seat 6: stiflerkk ($19.85 in chips)
Koraseg: posts small blind $1
stiflerkk: posts big blind $3
*** HOLE CARDS ***
Koraseg: folds
Uncalled bet ($2) returned to stiflerkk
stiflerkk collected $2 from pot
stiflerkk: doesn't show hand
*** SUMMARY ***
Total pot $2 | Rake $0
Seat 1: Koraseg (button) (small blind) folded before Flop
Seat 6: stiflerkk (big blind) collected ($2)


PokerStars Hand #157647529621:  Hold'em Limit ($3/$6 USD) - 2016/08/23 14:36:08 ET
Table 'Pogson' 6-max Seat #6 is the button
Seat 1: Koraseg ($150.50 in chips)
Seat 6: stiflerkk ($20.85 in chips)
stiflerkk: posts small blind $1
Koraseg: posts big blind $3
*** HOLE CARDS ***
stiflerkk: folds
Uncalled bet ($2) returned to Koraseg
Koraseg collected $2 from pot
Koraseg: doesn't show hand
*** SUMMARY ***
Total pot $2 | Rake $0
Seat 1: Koraseg (big blind) collected ($2)
Seat 6: stiflerkk (button) (small blind) folded before Flop


PokerStars Hand #157647518279:  Hold'em Limit ($3/$6 USD) - 2016/08/23 14:35:53 ET
Table 'Pogson' 6-max Seat #1 is the button
Seat 1: Koraseg ($161.14 in chips)
Seat 6: stiflerkk ($10.64 in chips)
Koraseg: posts small blind $1
stiflerkk: posts big blind $3
*** HOLE CARDS ***
Koraseg: raises $3 to $6
stiflerkk: raises $3 to $9
Koraseg: calls $3
*** FLOP *** [Qd 3h 3c]
stiflerkk: bets $1.64 and is all-in
Koraseg: calls $1.64
*** TURN *** [Qd 3h 3c] [2s]
*** RIVER *** [Qd 3h 3c 2s] [8d]
*** SHOW DOWN ***
stiflerkk: shows [3d 4h] (three of a kind, Threes)
Koraseg: shows [Ts 8c] (two pair, Eights and Threes)
stiflerkk collected $20.85 from pot
*** SUMMARY ***
Total pot $21.28 | Rake $0.43
Board [Qd 3h 3c 2s 8d]
Seat 1: Koraseg (button) (small blind) showed [Ts 8c] and lost with two pair, Eights and Threes
Seat 6: stiflerkk (big blind) showed [3d 4h] and won ($20.85) with three of a kind, Threes


PokerStars Hand #157647510093:  Hold'em Limit ($3/$6 USD) - 2016/08/23 14:35:41 ET
Table 'Pogson' 6-max Seat #6 is the button
Seat 1: Koraseg ($152.50 in chips)
Seat 6: stiflerkk ($19.64 in chips)
stiflerkk: posts small blind $1
Koraseg: posts big blind $3
*** HOLE CARDS ***
stiflerkk: raises $3 to $6
Koraseg: calls $3
*** FLOP *** [Ad 6d Kd]
Koraseg: checks
stiflerkk: bets $3
Koraseg: raises $3 to $6
stiflerkk: folds
Uncalled bet ($3) returned to Koraseg
Koraseg collected $17.64 from pot
Koraseg: doesn't show hand
*** SUMMARY ***
Total pot $18 | Rake $0.36
Board [Ad 6d Kd]
Seat 1: Koraseg (big blind) collected ($17.64)
Seat 6: stiflerkk (button) (small blind) folded on the Flop


PokerStars Hand #157647497359:  Hold'em Limit ($3/$6 USD) - 2016/08/23 14:35:24 ET
Table 'Pogson' 6-max Seat #1 is the button
Seat 1: Koraseg ($135 in chips)
Seat 6: stiflerkk ($37.64 in chips)
Koraseg: posts small blind $1
stiflerkk: posts big blind $3
*** HOLE CARDS ***
Koraseg: raises $3 to $6
stiflerkk: calls $3
*** FLOP *** [5h 7s 7c]
stiflerkk: checks
Koraseg: bets $3
stiflerkk: raises $3 to $6
Koraseg: calls $3
*** TURN *** [5h 7s 7c] [6d]
stiflerkk: bets $6
Koraseg: calls $6
*** RIVER *** [5h 7s 7c 6d] [Qh]
stiflerkk: checks
Koraseg: checks
*** SHOW DOWN ***
stiflerkk: shows [4c Ah] (a pair of Sevens)
Koraseg: shows [6c Kd] (two pair, Sevens and Sixes)
Koraseg collected $35.50 from pot
*** SUMMARY ***
Total pot $36 | Rake $0.50
Board [5h 7s 7c 6d Qh]
Seat 1: Koraseg (button) (small blind) showed [6c Kd] and won ($35.50) with two pair, Sevens and Sixes
Seat 6: stiflerkk (big blind) showed [4c Ah] and lost with a pair of Sevens


PokerStars Hand #157647493384:  Hold'em Limit ($3/$6 USD) - 2016/08/23 14:35:19 ET
Table 'Pogson' 6-max Seat #6 is the button
Seat 1: Koraseg ($138 in chips)
Seat 6: stiflerkk ($34.64 in chips)
stiflerkk: posts small blind $1
Koraseg: posts big blind $3
*** HOLE CARDS ***
stiflerkk: raises $3 to $6
Koraseg: folds
Uncalled bet ($3) returned to stiflerkk
stiflerkk collected $6 from pot
stiflerkk: doesn't show hand
*** SUMMARY ***
Total pot $6 | Rake $0
Seat 1: Koraseg (big blind) folded before Flop
Seat 6: stiflerkk (button) (small blind) collected ($6)


PokerStars Hand #157647571682:  Hold'em Limit ($3/$6 USD) - 2016/08/23 14:37:05 ET
Table 'Pogson' 6-max Seat #1 is the button
Seat 1: Koraseg ($158.90 in chips)
Seat 6: stiflerkk ($11.61 in chips)
Koraseg: posts small blind $1
stiflerkk: posts big blind $3
*** HOLE CARDS ***
Koraseg: folds
Uncalled bet ($2) returned to stiflerkk
stiflerkk collected $2 from pot
stiflerkk: doesn't show hand
*** SUMMARY ***
Total pot $2 | Rake $0
Seat 1: Koraseg (button) (small blind) folded before Flop
Seat 6: stiflerkk (big blind) collected ($2)


PokerStars Hand #157647561987:  Hold'em Limit ($3/$6 USD) - 2016/08/23 14:36:52 ET
Table 'Pogson' 6-max Seat #6 is the button
Seat 1: Koraseg ($153.14 in chips)
Seat 6: stiflerkk ($17.61 in chips)
stiflerkk: posts small blind $1
Koraseg: posts big blind $3
*** HOLE CARDS ***
stiflerkk: raises $3 to $6
Koraseg: calls $3
*** FLOP *** [Tc 2s 4c]
Koraseg: checks
stiflerkk: checks
*** TURN *** [Tc 2s 4c] [7d]
Koraseg: checks
stiflerkk: checks
*** RIVER *** [Tc 2s 4c 7d] [Qd]
Koraseg: checks
stiflerkk: checks
*** SHOW DOWN ***
Koraseg: shows [9h Kh] (high card King)
stiflerkk: mucks hand
Koraseg collected $11.76 from pot
*** SUMMARY ***
Total pot $12 | Rake $0.24
Board [Tc 2s 4c 7d Qd]
Seat 1: Koraseg (big blind) showed [9h Kh] and won ($11.76) with high card King
Seat 6: stiflerkk (button) (small blind) mucked


PokerStars Hand #157647557696:  Hold'em Limit ($3/$6 USD) - 2016/08/23 14:36:46 ET
Table 'Pogson' 6-max Seat #1 is the button
Seat 1: Koraseg ($150.14 in chips)
Seat 6: stiflerkk ($20.61 in chips)
Koraseg: posts small blind $1
stiflerkk: posts big blind $3
*** HOLE CARDS ***
Koraseg: raises $3 to $6
stiflerkk: folds
Uncalled bet ($3) returned to Koraseg
Koraseg collected $6 from pot
Koraseg: doesn't show hand
*** SUMMARY ***
Total pot $6 | Rake $0
Seat 1: Koraseg (button) (small blind) collected ($6)
Seat 6: stiflerkk (big blind) folded before Flop


PokerStars Hand #157647551223:  Hold'em Limit ($3/$6 USD) - 2016/08/23 14:36:38 ET
Table 'Pogson' 6-max Seat #6 is the button
Seat 1: Koraseg ($156.14 in chips)
Seat 6: stiflerkk ($14.85 in chips)
stiflerkk: posts small blind $1
Koraseg: posts big blind $3
*** HOLE CARDS ***
stiflerkk: raises $3 to $6
Koraseg: calls $3
*** FLOP *** [Tc Qs 9s]
Koraseg: checks
stiflerkk: bets $3
Koraseg: folds
Uncalled bet ($3) returned to stiflerkk
stiflerkk collected $11.76 from pot
stiflerkk: doesn't show hand
*** SUMMARY ***
Total pot $12 | Rake $0.24
Board [Tc Qs 9s]
Seat 1: Koraseg (big blind) folded on the Flop
Seat 6: stiflerkk (button) (small blind) collected ($11.76)


PokerStars Hand #157647541866:  Hold'em Limit ($3/$6 USD) - 2016/08/23 14:36:25 ET
Table 'Pogson' 6-max Seat #1 is the button
Seat 1: Koraseg ($147.50 in chips)
Seat 6: stiflerkk ($23.85 in chips)
Koraseg: posts small blind $1
stiflerkk: posts big blind $3
*** HOLE CARDS ***
Koraseg: raises $3 to $6
stiflerkk: calls $3
*** FLOP *** [3c 6c 4h]
stiflerkk: checks
Koraseg: bets $3
stiflerkk: calls $3
*** TURN *** [3c 6c 4h] [6d]
stiflerkk: checks
Koraseg: bets $6
stiflerkk: folds
Uncalled bet ($6) returned to Koraseg
Koraseg collected $17.64 from pot
Koraseg: doesn't show hand
*** SUMMARY ***
Total pot $18 | Rake $0.36
Board [3c 6c 4h 6d]
Seat 1: Koraseg (button) (small blind) collected ($17.64)
Seat 6: stiflerkk (big blind) folded on the Turn


PokerStars Hand #157647537460:  Hold'em Limit ($3/$6 USD) - 2016/08/23 14:36:19 ET
Table 'Pogson' 6-max Seat #6 is the button
Seat 1: Koraseg ($150.50 in chips)
Seat 6: stiflerkk ($20.85 in chips)
stiflerkk: posts small blind $1
Koraseg: posts big blind $3
*** HOLE CARDS ***
stiflerkk: raises $3 to $6
Koraseg: folds
Uncalled bet ($3) returned to stiflerkk
stiflerkk collected $6 from pot
stiflerkk: doesn't show hand
*** SUMMARY ***
Total pot $6 | Rake $0
Seat 1: Koraseg (big blind) folded before Flop
Seat 6: stiflerkk (button) (small blind) collected ($6)


PokerStars Hand #157647592736:  Hold'em Limit ($3/$6 USD) - 2016/08/23 14:37:34 ET
Table 'Pogson' 6-max Seat #6 is the button
Seat 1: Koraseg ($157.66 in chips)
Seat 6: stiflerkk ($12.37 in chips)
stiflerkk: posts small blind $1
Koraseg: posts big blind $3
*** HOLE CARDS ***
stiflerkk: raises $3 to $6
Koraseg: raises $3 to $9
stiflerkk: raises $3 to $12
Betting is capped
Koraseg: calls $3
*** FLOP *** [Td 5c 8d]
Koraseg: bets $3
stiflerkk: calls $0.37 and is all-in
Uncalled bet ($2.63) returned to Koraseg
*** TURN *** [Td 5c 8d] [6s]
*** RIVER *** [Td 5c 8d 6s] [8h]
*** SHOW DOWN ***
Koraseg: shows [4h Ad] (a pair of Eights)
stiflerkk: shows [7h Jd] (a pair of Eights - lower kicker)
Koraseg collected $24.25 from pot
*** SUMMARY ***
Total pot $24.74 | Rake $0.49
Board [Td 5c 8d 6s 8h]
Seat 1: Koraseg (big blind) showed [4h Ad] and won ($24.25) with a pair of Eights
Seat 6: stiflerkk (button) (small blind) showed [7h Jd] and lost with a pair of Eights


PokerStars Hand #157647586510:  Hold'em Limit ($3/$6 USD) - 2016/08/23 14:37:26 ET
Table 'Pogson' 6-max Seat #1 is the button
Seat 1: Koraseg ($151.90 in chips)
Seat 6: stiflerkk ($18.37 in chips)
Koraseg: posts small blind $1
stiflerkk: posts big blind $3
*** HOLE CARDS ***
Koraseg: raises $3 to $6
stiflerkk: calls $3
*** FLOP *** [As 5h Tc]
stiflerkk: checks
Koraseg: bets $3
stiflerkk: folds
Uncalled bet ($3) returned to Koraseg
Koraseg collected $11.76 from pot
Koraseg: doesn't show hand
*** SUMMARY ***
Total pot $12 | Rake $0.24
Board [As 5h Tc]
Seat 1: Koraseg (button) (small blind) collected ($11.76)
Seat 6: stiflerkk (big blind) folded on the Flop


PokerStars Hand #157647575472:  Hold'em Limit ($3/$6 USD) - 2016/08/23 14:37:10 ET
Table 'Pogson' 6-max Seat #6 is the button
Seat 1: Koraseg ($157.90 in chips)
Seat 6: stiflerkk ($12.61 in chips)
stiflerkk: posts small blind $1
Koraseg: posts big blind $3
*** HOLE CARDS ***
stiflerkk: raises $3 to $6
Koraseg: calls $3
*** FLOP *** [Ts 6h 2c]
Koraseg: checks
stiflerkk: bets $3
Koraseg: folds
Uncalled bet ($3) returned to stiflerkk
stiflerkk collected $11.76 from pot
stiflerkk: doesn't show hand
*** SUMMARY ***
Total pot $12 | Rake $0.24
Board [Ts 6h 2c]
Seat 1: Koraseg (big blind) folded on the Flop
Seat 6: stiflerkk (button) (small blind) collected ($11.76)


