PokerStars Hand #161242920927:  Hold'em Limit ($3/$6 USD) - 2016/11/11 12:38:32 ET
Table 'Pogson II' 6-max Seat #1 is the button
Seat 1: MMM 22666 ($61.83 in chips)
Seat 2: vestimokrec ($119.75 in chips)
MMM 22666: posts small blind $1
vestimokrec: posts big blind $3
*** HOLE CARDS ***
MMM 22666: folds
Uncalled bet ($2) returned to vestimokrec
vestimokrec collected $2 from pot
vestimokrec: doesn't show hand
*** SUMMARY ***
Total pot $2 | Rake $0
Seat 1: MMM 22666 (button) (small blind) folded before Flop
Seat 2: vestimokrec (big blind) collected ($2)


PokerStars Hand #161242875681:  Hold'em Limit ($3/$6 USD) - 2016/11/11 12:37:34 ET
Table 'Pogson II' 6-max Seat #2 is the button
Seat 1: MMM 22666 ($62.08 in chips)
Seat 2: vestimokrec ($120 in chips)
vestimokrec: posts small blind $1
assitoni: is sitting out
MMM 22666: posts big blind $3
*** HOLE CARDS ***
vestimokrec: raises $3 to $6
MMM 22666: calls $3
*** FLOP *** [Qc Jh 2c]
MMM 22666: checks
vestimokrec: bets $3
MMM 22666: calls $3
*** TURN *** [Qc Jh 2c] [7h]
MMM 22666: checks
vestimokrec: bets $6
MMM 22666: calls $6
*** RIVER *** [Qc Jh 2c 7h] [7s]
MMM 22666: checks
vestimokrec: bets $6
MMM 22666: calls $6
*** SHOW DOWN ***
vestimokrec: shows [Jd 2d] (two pair, Jacks and Sevens)
MMM 22666: shows [Js 8s] (two pair, Jacks and Sevens)
MMM 22666 collected $20.75 from pot
vestimokrec collected $20.75 from pot
*** SUMMARY ***
Total pot $42 | Rake $0.50
Board [Qc Jh 2c 7h 7s]
Seat 1: MMM 22666 (big blind) showed [Js 8s] and won ($20.75) with two pair, Jacks and Sevens
Seat 2: vestimokrec (button) (small blind) showed [Jd 2d] and won ($20.75) with two pair, Jacks and Sevens


PokerStars Hand #161242924337:  Hold'em Limit ($3/$6 USD) - 2016/11/11 12:38:37 ET
Table 'Pogson II' 6-max Seat #2 is the button
Seat 1: MMM 22666 ($60.83 in chips)
Seat 2: vestimokrec ($120.75 in chips)
vestimokrec: posts small blind $1
MMM 22666: posts big blind $3
*** HOLE CARDS ***
vestimokrec: raises $3 to $6
MMM 22666: calls $3
*** FLOP *** [Qs Ks 2d]
MMM 22666: checks
vestimokrec: checks
*** TURN *** [Qs Ks 2d] [8d]
MMM 22666: checks
vestimokrec: bets $6
MMM 22666: folds
Uncalled bet ($6) returned to vestimokrec
vestimokrec collected $11.76 from pot
vestimokrec: doesn't show hand
*** SUMMARY ***
Total pot $12 | Rake $0.24
Board [Qs Ks 2d 8d]
Seat 1: MMM 22666 (big blind) folded on the Turn
Seat 2: vestimokrec (button) (small blind) collected ($11.76)


PokerStars Hand #161243012087:  Hold'em Limit ($3/$6 USD) - 2016/11/11 12:40:30 ET
Table 'Pogson II' 6-max Seat #1 is the button
Seat 1: MMM 22666 ($45.47 in chips)
Seat 2: vestimokrec ($135.01 in chips)
MMM 22666: posts small blind $1
vestimokrec: posts big blind $3
*** HOLE CARDS ***
MMM 22666: folds
Uncalled bet ($2) returned to vestimokrec
vestimokrec collected $2 from pot
vestimokrec: doesn't show hand
*** SUMMARY ***
Total pot $2 | Rake $0
Seat 1: MMM 22666 (button) (small blind) folded before Flop
Seat 2: vestimokrec (big blind) collected ($2)


PokerStars Hand #161242986615:  Hold'em Limit ($3/$6 USD) - 2016/11/11 12:39:57 ET
Table 'Pogson II' 6-max Seat #2 is the button
Seat 1: MMM 22666 ($36.83 in chips)
Seat 2: vestimokrec ($144.01 in chips)
vestimokrec: posts small blind $1
MMM 22666: posts big blind $3
*** HOLE CARDS ***
vestimokrec: raises $3 to $6
MMM 22666: calls $3
*** FLOP *** [2h 3h Ad]
MMM 22666: checks
vestimokrec: bets $3
MMM 22666: calls $3
*** TURN *** [2h 3h Ad] [4s]
MMM 22666: checks
vestimokrec: checks
*** RIVER *** [2h 3h Ad 4s] [6h]
MMM 22666: bets $6
vestimokrec: folds
Uncalled bet ($6) returned to MMM 22666
MMM 22666 collected $17.64 from pot
*** SUMMARY ***
Total pot $18 | Rake $0.36
Board [2h 3h Ad 4s 6h]
Seat 1: MMM 22666 (big blind) collected ($17.64)
Seat 2: vestimokrec (button) (small blind) folded on the River


PokerStars Hand #161243016047:  Hold'em Limit ($3/$6 USD) - 2016/11/11 12:40:35 ET
Table 'Pogson II' 6-max Seat #2 is the button
Seat 1: MMM 22666 ($44.47 in chips)
Seat 2: vestimokrec ($136.01 in chips)
vestimokrec: posts small blind $1
MMM 22666: posts big blind $3
*** HOLE CARDS ***
vestimokrec: raises $3 to $6
MMM 22666: folds
Uncalled bet ($3) returned to vestimokrec
vestimokrec collected $6 from pot
vestimokrec: doesn't show hand
*** SUMMARY ***
Total pot $6 | Rake $0
Seat 1: MMM 22666 (big blind) folded before Flop
Seat 2: vestimokrec (button) (small blind) collected ($6)


PokerStars Hand #161243021351:  Hold'em Limit ($3/$6 USD) - 2016/11/11 12:40:42 ET
Table 'Pogson II' 6-max Seat #1 is the button
Seat 1: MMM 22666 ($41.47 in chips)
Seat 2: vestimokrec ($139.01 in chips)
MMM 22666: posts small blind $1
vestimokrec: posts big blind $3
*** HOLE CARDS ***
MMM 22666: folds
Uncalled bet ($2) returned to vestimokrec
vestimokrec collected $2 from pot
vestimokrec: doesn't show hand
*** SUMMARY ***
Total pot $2 | Rake $0
Seat 1: MMM 22666 (button) (small blind) folded before Flop
Seat 2: vestimokrec (big blind) collected ($2)


PokerStars Hand #161242954312:  Hold'em Limit ($3/$6 USD) - 2016/11/11 12:39:15 ET
Table 'Pogson II' 6-max Seat #1 is the button
Seat 1: MMM 22666 ($54.83 in chips)
Seat 2: vestimokrec ($126.51 in chips)
MMM 22666: posts small blind $1
vestimokrec: posts big blind $3
*** HOLE CARDS ***
MMM 22666: raises $3 to $6
vestimokrec: calls $3
*** FLOP *** [Qc 9s As]
vestimokrec: checks
MMM 22666: bets $3
vestimokrec: raises $3 to $6
MMM 22666: calls $3
*** TURN *** [Qc 9s As] [Js]
vestimokrec: bets $6
MMM 22666: calls $6
*** RIVER *** [Qc 9s As Js] [4d]
vestimokrec: bets $6
MMM 22666: folds
Uncalled bet ($6) returned to vestimokrec
vestimokrec collected $35.50 from pot
vestimokrec: doesn't show hand
*** SUMMARY ***
Total pot $36 | Rake $0.50
Board [Qc 9s As Js 4d]
Seat 1: MMM 22666 (button) (small blind) folded on the River
Seat 2: vestimokrec (big blind) collected ($35.50)


PokerStars Hand #161243025800:  Hold'em Limit ($3/$6 USD) - 2016/11/11 12:40:48 ET
Table 'Pogson II' 6-max Seat #2 is the button
Seat 1: MMM 22666 ($40.47 in chips)
Seat 2: vestimokrec ($140.01 in chips)
vestimokrec: posts small blind $1
MMM 22666: posts big blind $3
*** HOLE CARDS ***
vestimokrec: raises $3 to $6
MMM 22666: calls $3
*** FLOP *** [Td As 5d]
MMM 22666: checks
vestimokrec: bets $3
MMM 22666: folds
Uncalled bet ($3) returned to vestimokrec
vestimokrec collected $11.76 from pot
vestimokrec: doesn't show hand
*** SUMMARY ***
Total pot $12 | Rake $0.24
Board [Td As 5d]
Seat 1: MMM 22666 (big blind) folded on the Flop
Seat 2: vestimokrec (button) (small blind) collected ($11.76)


PokerStars Hand #161243049328:  Hold'em Limit ($3/$6 USD) - 2016/11/11 12:41:18 ET
Table 'Pogson II' 6-max Seat #2 is the button
Seat 1: MMM 22666 ($40.23 in chips)
Seat 2: vestimokrec ($139.77 in chips)
vestimokrec: posts small blind $1
MMM 22666: posts big blind $3
*** HOLE CARDS ***
vestimokrec: folds
Uncalled bet ($2) returned to MMM 22666
MMM 22666 collected $2 from pot
MMM 22666: doesn't show hand
*** SUMMARY ***
Total pot $2 | Rake $0
Seat 1: MMM 22666 (big blind) collected ($2)
Seat 2: vestimokrec (button) (small blind) folded before Flop


PokerStars Hand #161243042328:  Hold'em Limit ($3/$6 USD) - 2016/11/11 12:41:09 ET
Table 'Pogson II' 6-max Seat #1 is the button
Seat 1: MMM 22666 ($34.47 in chips)
Seat 2: vestimokrec ($145.77 in chips)
MMM 22666: posts small blind $1
vestimokrec: posts big blind $3
*** HOLE CARDS ***
MMM 22666: raises $3 to $6
vestimokrec: calls $3
*** FLOP *** [Td Ah Tc]
vestimokrec: checks
MMM 22666: bets $3
vestimokrec: folds
Uncalled bet ($3) returned to MMM 22666
MMM 22666 collected $11.76 from pot
*** SUMMARY ***
Total pot $12 | Rake $0.24
Board [Td Ah Tc]
Seat 1: MMM 22666 (button) (small blind) collected ($11.76)
Seat 2: vestimokrec (big blind) folded on the Flop


PokerStars Hand #161243083425:  Hold'em Limit ($3/$6 USD) - 2016/11/11 12:42:01 ET
Table 'Pogson II' 6-max Seat #2 is the button
Seat 1: MMM 22666 ($49.87 in chips)
Seat 2: vestimokrec ($129.77 in chips)
vestimokrec: posts small blind $1
MMM 22666: posts big blind $3
*** HOLE CARDS ***
vestimokrec: raises $3 to $6
MMM 22666: calls $3
*** FLOP *** [Th Js 8c]
MMM 22666: checks
vestimokrec: bets $3
MMM 22666: folds
Uncalled bet ($3) returned to vestimokrec
vestimokrec collected $11.76 from pot
vestimokrec: doesn't show hand
*** SUMMARY ***
Total pot $12 | Rake $0.24
Board [Th Js 8c]
Seat 1: MMM 22666 (big blind) folded on the Flop
Seat 2: vestimokrec (button) (small blind) collected ($11.76)


PokerStars Hand #161243105727:  Hold'em Limit ($3/$6 USD) - 2016/11/11 12:42:30 ET
Table 'Pogson II' 6-max Seat #1 is the button
Seat 1: MMM 22666 ($43.87 in chips)
Seat 2: vestimokrec ($135.53 in chips)
MMM 22666: posts small blind $1
vestimokrec: posts big blind $3
*** HOLE CARDS ***
MMM 22666: folds
Uncalled bet ($2) returned to vestimokrec
vestimokrec collected $2 from pot
vestimokrec: doesn't show hand
*** SUMMARY ***
Total pot $2 | Rake $0
Seat 1: MMM 22666 (button) (small blind) folded before Flop
Seat 2: vestimokrec (big blind) collected ($2)


PokerStars Hand #161243052823:  Hold'em Limit ($3/$6 USD) - 2016/11/11 12:41:22 ET
Table 'Pogson II' 6-max Seat #1 is the button
Seat 1: MMM 22666 ($41.23 in chips)
Seat 2: vestimokrec ($138.77 in chips)
MMM 22666: posts small blind $1
vestimokrec: posts big blind $3
*** HOLE CARDS ***
MMM 22666: raises $3 to $6
vestimokrec: calls $3
*** FLOP *** [3d Td 9h]
vestimokrec: checks
MMM 22666: bets $3
vestimokrec: calls $3
*** TURN *** [3d Td 9h] [8d]
vestimokrec: checks
MMM 22666: bets $6
vestimokrec: folds
Uncalled bet ($6) returned to MMM 22666
MMM 22666 collected $17.64 from pot
*** SUMMARY ***
Total pot $18 | Rake $0.36
Board [3d Td 9h 8d]
Seat 1: MMM 22666 (button) (small blind) collected ($17.64)
Seat 2: vestimokrec (big blind) folded on the Turn


PokerStars Hand #161243110350:  Hold'em Limit ($3/$6 USD) - 2016/11/11 12:42:36 ET
Table 'Pogson II' 6-max Seat #2 is the button
Seat 1: MMM 22666 ($42.87 in chips)
Seat 2: vestimokrec ($136.53 in chips)
vestimokrec: posts small blind $1
MMM 22666: posts big blind $3
*** HOLE CARDS ***
vestimokrec: raises $3 to $6
MMM 22666: calls $3
*** FLOP *** [Kh Kd 2d]
MMM 22666: checks
vestimokrec: bets $3
MMM 22666: calls $3
*** TURN *** [Kh Kd 2d] [Kc]
MMM 22666: checks
vestimokrec: bets $6
MMM 22666: calls $6
*** RIVER *** [Kh Kd 2d Kc] [Qd]
MMM 22666: checks
vestimokrec: checks
*** SHOW DOWN ***
MMM 22666: shows [6d 8d] (a flush, King high)
vestimokrec: mucks hand
MMM 22666 collected $29.50 from pot
*** SUMMARY ***
Total pot $30 | Rake $0.50
Board [Kh Kd 2d Kc Qd]
Seat 1: MMM 22666 (big blind) showed [6d 8d] and won ($29.50) with a flush, King high
Seat 2: vestimokrec (button) (small blind) mucked


PokerStars Hand #161243199643:  Hold'em Limit ($3/$6 USD) - 2016/11/11 12:44:31 ET
Table 'Pogson II' 6-max Seat #1 is the button
Seat 1: MMM 22666 ($83.87 in chips)
Seat 2: vestimokrec ($94.53 in chips)
MMM 22666: posts small blind $1
vestimokrec: posts big blind $3
*** HOLE CARDS ***
MMM 22666: calls $2
assitoni is disconnected
vestimokrec: raises $3 to $6
MMM 22666: calls $3
*** FLOP *** [5c 8d 9h]
vestimokrec: bets $3
MMM 22666: folds
Uncalled bet ($3) returned to vestimokrec
vestimokrec collected $11.76 from pot
vestimokrec: doesn't show hand
*** SUMMARY ***
Total pot $12 | Rake $0.24
Board [5c 8d 9h]
Seat 1: MMM 22666 (button) (small blind) folded on the Flop
Seat 2: vestimokrec (big blind) collected ($11.76)


PokerStars Hand #161243166955:  Hold'em Limit ($3/$6 USD) - 2016/11/11 12:43:48 ET
Table 'Pogson II' 6-max Seat #1 is the button
Seat 1: MMM 22666 ($57.37 in chips)
Seat 2: vestimokrec ($121.53 in chips)
MMM 22666: posts small blind $1
vestimokrec: posts big blind $3
*** HOLE CARDS ***
MMM 22666: calls $2
vestimokrec: raises $3 to $6
MMM 22666: raises $3 to $9
vestimokrec: raises $3 to $12
Betting is capped
MMM 22666: calls $3
*** FLOP *** [Kc 4h 5c]
vestimokrec: bets $3
MMM 22666: raises $3 to $6
vestimokrec: calls $3
*** TURN *** [Kc 4h 5c] [Jh]
vestimokrec: checks
MMM 22666: bets $6
vestimokrec: calls $6
*** RIVER *** [Kc 4h 5c Jh] [3c]
vestimokrec: checks
MMM 22666: bets $6
vestimokrec: calls $6
*** SHOW DOWN ***
MMM 22666: shows [Qc Ac] (a flush, Ace high)
vestimokrec: mucks hand
MMM 22666 collected $59.50 from pot
*** SUMMARY ***
Total pot $60 | Rake $0.50
Board [Kc 4h 5c Jh 3c]
Seat 1: MMM 22666 (button) (small blind) showed [Qc Ac] and won ($59.50) with a flush, Ace high
Seat 2: vestimokrec (big blind) mucked


PokerStars Hand #161243194593:  Hold'em Limit ($3/$6 USD) - 2016/11/11 12:44:25 ET
Table 'Pogson II' 6-max Seat #2 is the button
Seat 1: MMM 22666 ($86.87 in chips)
Seat 2: vestimokrec ($91.53 in chips)
vestimokrec: posts small blind $1
MMM 22666: posts big blind $3
*** HOLE CARDS ***
vestimokrec: raises $3 to $6
MMM 22666: folds
Uncalled bet ($3) returned to vestimokrec
vestimokrec collected $6 from pot
vestimokrec: doesn't show hand
*** SUMMARY ***
Total pot $6 | Rake $0
Seat 1: MMM 22666 (big blind) folded before Flop
Seat 2: vestimokrec (button) (small blind) collected ($6)


PokerStars Hand #161243216493:  Hold'em Limit ($3/$6 USD) - 2016/11/11 12:44:54 ET
Table 'Pogson II' 6-max Seat #2 is the button
Seat 1: MMM 22666 ($77.87 in chips)
Seat 2: vestimokrec ($100.29 in chips)
vestimokrec: posts small blind $1
MMM 22666: posts big blind $3
*** HOLE CARDS ***
vestimokrec: raises $3 to $6
MMM 22666: calls $3
*** FLOP *** [Ad 4s Jc]
MMM 22666: checks
vestimokrec: bets $3
MMM 22666: calls $3
*** TURN *** [Ad 4s Jc] [Qh]
MMM 22666: checks
vestimokrec: bets $6
MMM 22666: raises $6 to $12
vestimokrec: calls $6
*** RIVER *** [Ad 4s Jc Qh] [5h]
MMM 22666: bets $6
vestimokrec: folds
Uncalled bet ($6) returned to MMM 22666
RH8888 joins the table at seat #6
MMM 22666 collected $41.50 from pot
*** SUMMARY ***
Total pot $42 | Rake $0.50
Board [Ad 4s Jc Qh 5h]
Seat 1: MMM 22666 (big blind) collected ($41.50)
Seat 2: vestimokrec (button) (small blind) folded on the River


PokerStars Hand #161243248065:  Hold'em Limit ($3/$6 USD) - 2016/11/11 12:45:35 ET
Table 'Pogson II' 6-max Seat #1 is the button
Seat 1: MMM 22666 ($98.37 in chips)
Seat 2: vestimokrec ($79.29 in chips)
MMM 22666: posts small blind $1
vestimokrec: posts big blind $3
*** HOLE CARDS ***
MMM 22666: calls $2
vestimokrec: checks
*** FLOP *** [6s Qd 8s]
vestimokrec: checks
MMM 22666: checks
*** TURN *** [6s Qd 8s] [9s]
vestimokrec: bets $6
MMM 22666: raises $6 to $12
OnlyLuck111 joins the table at seat #3
vestimokrec: calls $6
*** RIVER *** [6s Qd 8s 9s] [2s]
vestimokrec: checks
Zensor666 joins the table at seat #5
MMM 22666: checks
*** SHOW DOWN ***
vestimokrec: shows [5c 9h] (a pair of Nines)
MMM 22666: shows [7h Tc] (a straight, Six to Ten)
MMM 22666 collected $29.50 from pot
*** SUMMARY ***
Total pot $30 | Rake $0.50
Board [6s Qd 8s 9s 2s]
Seat 1: MMM 22666 (button) (small blind) showed [7h Tc] and won ($29.50) with a straight, Six to Ten
Seat 2: vestimokrec (big blind) showed [5c 9h] and lost with a pair of Nines


PokerStars Hand #161244135526:  Hold'em Limit ($3/$6 USD) - 2016/11/11 13:04:38 ET
Table 'Pogson II' 6-max Seat #2 is the button
Seat 2: vestimokrec ($115.98 in chips)
Seat 6: RH8888 ($99.33 in chips)
vestimokrec: posts small blind $1
Apanage: is sitting out
RH8888: posts big blind $3
*** HOLE CARDS ***
Apanage leaves the table
vestimokrec: raises $3 to $6
RH8888: folds
Uncalled bet ($3) returned to vestimokrec
Apanage joins the table at seat #1
vestimokrec collected $6 from pot
vestimokrec: doesn't show hand
*** SUMMARY ***
Total pot $6 | Rake $0
Seat 2: vestimokrec (button) (small blind) collected ($6)
Seat 6: RH8888 (big blind) folded before Flop


PokerStars Hand #161244437209:  Hold'em Limit ($3/$6 USD) - 2016/11/11 13:10:33 ET
Table 'Pogson II' 6-max Seat #2 is the button
Seat 1: Apanage ($71.28 in chips)
Seat 2: vestimokrec ($110.03 in chips)
vestimokrec: posts small blind $1
RH8888: is sitting out
Apanage: posts big blind $3
*** HOLE CARDS ***
RH8888 leaves the table
vestimokrec: raises $3 to $6
Apanage: calls $3
*** FLOP *** [4h Qd 2s]
Apanage: checks
vestimokrec: bets $3
Apanage: raises $3 to $6
vestimokrec: calls $3
*** TURN *** [4h Qd 2s] [7c]
Apanage: bets $6
vestimokrec: calls $6
*** RIVER *** [4h Qd 2s 7c] [Tc]
Apanage: bets $6
vestimokrec: calls $6
*** SHOW DOWN ***
Apanage: shows [7d Qh] (two pair, Queens and Sevens)
vestimokrec: mucks hand
Apanage collected $47.50 from pot
*** SUMMARY ***
Total pot $48 | Rake $0.50
Board [4h Qd 2s 7c Tc]
Seat 1: Apanage (big blind) showed [7d Qh] and won ($47.50) with two pair, Queens and Sevens
Seat 2: vestimokrec (button) (small blind) mucked


