PokerStars Hand #156046064069:  Hold'em Limit ($3/$6 USD) - 2016/07/16 13:10:05 ET
Table 'Pogson' 6-max Seat #2 is the button
Seat 2: Ale4o ($196.11 in chips)
Seat 4: AzureCaper ($72 in chips)
Ale4o: posts small blind $1
AzureCaper: posts big blind $3
*** HOLE CARDS ***
Ale4o: raises $3 to $6
_fayzulllo_ leaves the table
AzureCaper: calls $3
*** FLOP *** [Th 5h 9h]
AzureCaper: checks
Ale4o: bets $3
AzureCaper: calls $3
*** TURN *** [Th 5h 9h] [8c]
AzureCaper: checks
Ale4o: bets $6
AzureCaper: raises $6 to $12
Ale4o: calls $6
*** RIVER *** [Th 5h 9h 8c] [Ks]
AzureCaper: bets $6
Ale4o: folds
Uncalled bet ($6) returned to AzureCaper
AzureCaper collected $41.50 from pot
AzureCaper: doesn't show hand
*** SUMMARY ***
Total pot $42 | Rake $0.50
Board [Th 5h 9h 8c Ks]
Seat 2: Ale4o (button) (small blind) folded on the River
Seat 4: AzureCaper (big blind) collected ($41.50)


PokerStars Hand #156046459836:  Hold'em Limit ($3/$6 USD) - 2016/07/16 13:19:14 ET
Table 'Pogson' 6-max Seat #3 is the button
Seat 3: niknazar ($45.04 in chips)
Seat 4: AzureCaper ($95.50 in chips)
niknazar: posts small blind $1
AzureCaper: posts big blind $3
*** HOLE CARDS ***
Luanto 14 joins the table at seat #5
niknazar: folds
Uncalled bet ($2) returned to AzureCaper
AzureCaper collected $2 from pot
AzureCaper: doesn't show hand
*** SUMMARY ***
Total pot $2 | Rake $0
Seat 3: niknazar (button) (small blind) folded before Flop
Seat 4: AzureCaper (big blind) collected ($2)


PokerStars Hand #156046455248:  Hold'em Limit ($3/$6 USD) - 2016/07/16 13:19:07 ET
Table 'Pogson' 6-max Seat #4 is the button
Seat 3: niknazar ($48.04 in chips)
Seat 4: AzureCaper ($92.50 in chips)
AzureCaper: posts small blind $1
niknazar: posts big blind $3
*** HOLE CARDS ***
AzureCaper: raises $3 to $6
niknazar: folds
Uncalled bet ($3) returned to AzureCaper
AzureCaper collected $6 from pot
AzureCaper: doesn't show hand
*** SUMMARY ***
Total pot $6 | Rake $0
Seat 3: niknazar (big blind) folded before Flop
Seat 4: AzureCaper (button) (small blind) collected ($6)


PokerStars Hand #156046861400:  Hold'em Limit ($3/$6 USD) - 2016/07/16 13:28:54 ET
Table 'Pogson' 6-max Seat #3 is the button
Seat 3: misss12 ($120.50 in chips)
Seat 4: VolkovDmitri ($120 in chips)
misss12: posts small blind $1
VolkovDmitri: posts big blind $3
*** HOLE CARDS ***
misss12: folds
Uncalled bet ($2) returned to VolkovDmitri
VolkovDmitri collected $2 from pot
VolkovDmitri: doesn't show hand
*** SUMMARY ***
Total pot $2 | Rake $0
Seat 3: misss12 (button) (small blind) folded before Flop
Seat 4: VolkovDmitri (big blind) collected ($2)


PokerStars Hand #156046840877:  Hold'em Limit ($3/$6 USD) - 2016/07/16 13:28:24 ET
Table 'Pogson' 6-max Seat #4 is the button
Seat 3: misss12 ($111.86 in chips)
Seat 4: VolkovDmitri ($120 in chips)
VolkovDmitri: posts small blind $1
misss12: posts big blind $3
*** HOLE CARDS ***
VolkovDmitri: raises $3 to $6
misss12: calls $3
*** FLOP *** [8d 4c Ks]
misss12: checks
VolkovDmitri: bets $3
misss12: raises $3 to $6
Luanto 14 joins the table at seat #5
VolkovDmitri: folds
Uncalled bet ($3) returned to misss12
misss12 collected $17.64 from pot
*** SUMMARY ***
Total pot $18 | Rake $0.36
Board [8d 4c Ks]
Seat 3: misss12 (big blind) collected ($17.64)
Seat 4: VolkovDmitri (button) (small blind) folded on the Flop


PokerStars Hand #156052683037:  Hold'em Limit ($3/$6 USD) - 2016/07/16 15:51:17 ET
Table 'Pogson' 6-max Seat #2 is the button
Seat 2: ValeryRon ($93.57 in chips)
Seat 6: Tante Hilda ($361.55 in chips)
TbIP-TbIP 88 will be allowed to play after the button
ValeryRon: posts small blind $1
Tante Hilda: posts big blind $3
*** HOLE CARDS ***
ValeryRon: calls $2
Tante Hilda: checks
*** FLOP *** [5s Kc 8d]
Tante Hilda: checks
ValeryRon: bets $3
Tante Hilda: folds
Uncalled bet ($3) returned to ValeryRon
ValeryRon collected $5.88 from pot
*** SUMMARY ***
Total pot $6 | Rake $0.12
Board [5s Kc 8d]
Seat 2: ValeryRon (button) (small blind) collected ($5.88)
Seat 6: Tante Hilda (big blind) folded on the Flop


PokerStars Hand #156052749127:  Hold'em Limit ($3/$6 USD) - 2016/07/16 15:52:51 ET
Table 'Pogson' 6-max Seat #2 is the button
Seat 1: TbIP-TbIP 88 ($105.38 in chips)
Seat 2: ValeryRon ($72.45 in chips)
ValeryRon: posts small blind $1
Tante Hilda: is sitting out
TbIP-TbIP 88: posts big blind $3
*** HOLE CARDS ***
ValeryRon: raises $3 to $6
TbIP-TbIP 88: calls $3
*** FLOP *** [4s 7c Jh]
TbIP-TbIP 88: checks
ValeryRon: bets $3
TbIP-TbIP 88: calls $3
*** TURN *** [4s 7c Jh] [7h]
TbIP-TbIP 88: checks
ValeryRon: bets $6
TbIP-TbIP 88: calls $6
*** RIVER *** [4s 7c Jh 7h] [6h]
TbIP-TbIP 88: checks
ValeryRon: bets $6
TbIP-TbIP 88: calls $6
*** SHOW DOWN ***
ValeryRon: shows [4c 9c] (two pair, Sevens and Fours)
TbIP-TbIP 88: mucks hand
ValeryRon collected $41.50 from pot
*** SUMMARY ***
Total pot $42 | Rake $0.50
Board [4s 7c Jh 7h 6h]
Seat 1: TbIP-TbIP 88 (big blind) mucked
Seat 2: ValeryRon (button) (small blind) showed [4c 9c] and won ($41.50) with two pair, Sevens and Fours


