PokerStars Hand #144504797645:  Hold'em Limit ($3/$6 USD) - 2015/11/28 8:53:10 ET
Table 'Poincare II' 6-max Seat #3 is the button
Seat 3: Paolo1987 ($55.75 in chips)
Seat 5: Karpik09 ($116.47 in chips)
Gesystar will be allowed to play after the button
Paolo1987: posts small blind $1
TbIP-TbIP 88: is sitting out
Karpik09: posts big blind $3
*** HOLE CARDS ***
Paolo1987: raises $3 to $6
Karpik09: calls $3
*** FLOP *** [Kd 3h Qd]
Karpik09: checks
Paolo1987: bets $3
Karpik09: raises $3 to $6
Paolo1987: raises $3 to $9
Karpik09: calls $3
*** TURN *** [Kd 3h Qd] [7d]
Karpik09: checks
Paolo1987: bets $6
Karpik09: calls $6
*** RIVER *** [Kd 3h Qd 7d] [6s]
Karpik09: checks
Paolo1987: bets $6
Karpik09: calls $6
*** SHOW DOWN ***
Paolo1987: shows [3d 4d] (a flush, King high)
Karpik09: mucks hand
Paolo1987 collected $53.50 from pot
*** SUMMARY ***
Total pot $54 | Rake $0.50
Board [Kd 3h Qd 7d 6s]
Seat 3: Paolo1987 (button) (small blind) showed [3d 4d] and won ($53.50) with a flush, King high
Seat 5: Karpik09 (big blind) mucked


PokerStars Hand #144506744713:  Hold'em Limit ($3/$6 USD) - 2015/11/28 9:41:45 ET
Table 'Poincare II' 6-max Seat #5 is the button
Seat 4: Johnliu ($149.43 in chips)
Seat 5: scorpio04 ($99.66 in chips)
scorpio04: posts small blind $1
RockKillerTY: is sitting out
Johnliu: posts big blind $3
*** HOLE CARDS ***
RockKillerTY leaves the table
scorpio04: raises $3 to $6
Johnliu: folds
Uncalled bet ($3) returned to scorpio04
scorpio04 collected $6 from pot
scorpio04: doesn't show hand
SashaYuvelir leaves the table
*** SUMMARY ***
Total pot $6 | Rake $0
Seat 4: Johnliu (big blind) folded before Flop
Seat 5: scorpio04 (button) (small blind) collected ($6)


PokerStars Hand #144506751527:  Hold'em Limit ($3/$6 USD) - 2015/11/28 9:41:55 ET
Table 'Poincare II' 6-max Seat #4 is the button
Seat 4: Johnliu ($146.43 in chips)
Seat 5: scorpio04 ($102.66 in chips)
Johnliu: posts small blind $1
scorpio04: posts big blind $3
*** HOLE CARDS ***
enefo joins the table at seat #1
Johnliu: raises $3 to $6
SashaYuvelir joins the table at seat #2
scorpio04: raises $3 to $9
Johnliu: calls $3
*** FLOP *** [4c 5c Jh]
scorpio04: bets $3
Johnliu: calls $3
*** TURN *** [4c 5c Jh] [5h]
scorpio04: bets $6
Johnliu: calls $6
*** RIVER *** [4c 5c Jh 5h] [Kh]
scorpio04: bets $6
Johnliu: calls $6
*** SHOW DOWN ***
scorpio04: shows [Ks Qh] (two pair, Kings and Fives)
Johnliu: mucks hand
scorpio04 collected $47.50 from pot
*** SUMMARY ***
Total pot $48 | Rake $0.50
Board [4c 5c Jh 5h Kh]
Seat 4: Johnliu (button) (small blind) mucked
Seat 5: scorpio04 (big blind) showed [Ks Qh] and won ($47.50) with two pair, Kings and Fives


PokerStars Hand #144509168979:  Hold'em Limit ($3/$6 USD) - 2015/11/28 10:38:33 ET
Table 'Poincare II' 6-max Seat #5 is the button
Seat 4: Johnliu ($84.48 in chips)
Seat 5: scorpio04 ($275.06 in chips)
scorpio04: posts small blind $1
TinaTurner72: is sitting out
Johnliu: posts big blind $3
*** HOLE CARDS ***
scorpio04: raises $3 to $6
TinaTurner72 leaves the table
Johnliu: calls $3
*** FLOP *** [3s Kd Qd]
Johnliu: checks
scorpio04: bets $3
Johnliu: raises $3 to $6
scorpio04: calls $3
*** TURN *** [3s Kd Qd] [Js]
Johnliu: bets $6
scorpio04: raises $6 to $12
Johnliu: calls $6
*** RIVER *** [3s Kd Qd Js] [Ac]
Johnliu: checks
scorpio04: bets $6
Johnliu: calls $6
*** SHOW DOWN ***
scorpio04: shows [As Ad] (three of a kind, Aces)
Johnliu: mucks hand
scorpio04 collected $59.50 from pot
*** SUMMARY ***
Total pot $60 | Rake $0.50
Board [3s Kd Qd Js Ac]
Seat 4: Johnliu (big blind) mucked
Seat 5: scorpio04 (button) (small blind) showed [As Ad] and won ($59.50) with three of a kind, Aces


PokerStars Hand #144509197931:  Hold'em Limit ($3/$6 USD) - 2015/11/28 10:39:11 ET
Table 'Poincare II' 6-max Seat #4 is the button
Seat 4: Johnliu ($54.48 in chips)
Seat 5: scorpio04 ($304.56 in chips)
Johnliu: posts small blind $1
scorpio04: posts big blind $3
*** HOLE CARDS ***
Johnliu: raises $3 to $6
scorpio04: calls $3
*** FLOP *** [2s 3c 7s]
scorpio04: checks
Johnliu: bets $3
scorpio04: raises $3 to $6
Johnliu: calls $3
*** TURN *** [2s 3c 7s] [Kd]
scorpio04: bets $6
Johnliu: calls $6
*** RIVER *** [2s 3c 7s Kd] [6h]
scorpio04: bets $6
Johnliu: folds
Uncalled bet ($6) returned to scorpio04
scorpio04 collected $35.50 from pot
scorpio04: doesn't show hand
*** SUMMARY ***
Total pot $36 | Rake $0.50
Board [2s 3c 7s Kd 6h]
Seat 4: Johnliu (button) (small blind) folded on the River
Seat 5: scorpio04 (big blind) collected ($35.50)


PokerStars Hand #144509228409:  Hold'em Limit ($3/$6 USD) - 2015/11/28 10:39:51 ET
Table 'Poincare II' 6-max Seat #5 is the button
Seat 4: Johnliu ($36.48 in chips)
Seat 5: scorpio04 ($322.06 in chips)
scorpio04: posts small blind $1
Johnliu: posts big blind $3
*** HOLE CARDS ***
scorpio04: raises $3 to $6
Johnliu: raises $3 to $9
scorpio04: calls $3
*** FLOP *** [Jd 6c 2c]
Johnliu: bets $3
scorpio04: calls $3
*** TURN *** [Jd 6c 2c] [3d]
Johnliu: bets $6
scorpio04: calls $6
*** RIVER *** [Jd 6c 2c 3d] [7c]
Johnliu: bets $6
scorpio04: calls $6
*** SHOW DOWN ***
Johnliu: shows [Kd Jh] (a pair of Jacks)
scorpio04: mucks hand
Johnliu collected $47.50 from pot
*** SUMMARY ***
Total pot $48 | Rake $0.50
Board [Jd 6c 2c 3d 7c]
Seat 4: Johnliu (big blind) showed [Kd Jh] and won ($47.50) with a pair of Jacks
Seat 5: scorpio04 (button) (small blind) mucked


PokerStars Hand #144509251929:  Hold'em Limit ($3/$6 USD) - 2015/11/28 10:40:22 ET
Table 'Poincare II' 6-max Seat #4 is the button
Seat 4: Johnliu ($59.98 in chips)
Seat 5: scorpio04 ($298.06 in chips)
Johnliu: posts small blind $1
scorpio04: posts big blind $3
*** HOLE CARDS ***
Johnliu: folds
Uncalled bet ($2) returned to scorpio04
scorpio04 collected $2 from pot
scorpio04: doesn't show hand
*** SUMMARY ***
Total pot $2 | Rake $0
Seat 4: Johnliu (button) (small blind) folded before Flop
Seat 5: scorpio04 (big blind) collected ($2)


PokerStars Hand #144509257187:  Hold'em Limit ($3/$6 USD) - 2015/11/28 10:40:29 ET
Table 'Poincare II' 6-max Seat #5 is the button
Seat 4: Johnliu ($58.98 in chips)
Seat 5: scorpio04 ($299.06 in chips)
scorpio04: posts small blind $1
Johnliu: posts big blind $3
*** HOLE CARDS ***
scorpio04: raises $3 to $6
Johnliu: raises $3 to $9
scorpio04: calls $3
*** FLOP *** [7s 5h Kc]
Johnliu: checks
scorpio04: checks
*** TURN *** [7s 5h Kc] [Jc]
Johnliu: bets $6
scorpio04: folds
Uncalled bet ($6) returned to Johnliu
Johnliu collected $17.64 from pot
Johnliu: doesn't show hand
*** SUMMARY ***
Total pot $18 | Rake $0.36
Board [7s 5h Kc Jc]
Seat 4: Johnliu (big blind) collected ($17.64)
Seat 5: scorpio04 (button) (small blind) folded on the Turn


PokerStars Hand #144509282372:  Hold'em Limit ($3/$6 USD) - 2015/11/28 10:41:03 ET
Table 'Poincare II' 6-max Seat #4 is the button
Seat 4: Johnliu ($67.62 in chips)
Seat 5: scorpio04 ($290.06 in chips)
Johnliu: posts small blind $1
scorpio04: posts big blind $3
*** HOLE CARDS ***
Johnliu: folds
Uncalled bet ($2) returned to scorpio04
scorpio04 collected $2 from pot
scorpio04: doesn't show hand
*** SUMMARY ***
Total pot $2 | Rake $0
Seat 4: Johnliu (button) (small blind) folded before Flop
Seat 5: scorpio04 (big blind) collected ($2)


PokerStars Hand #144509309278:  Hold'em Limit ($3/$6 USD) - 2015/11/28 10:41:38 ET
Table 'Poincare II' 6-max Seat #4 is the button
Seat 4: Johnliu ($42.62 in chips)
Seat 5: scorpio04 ($314.56 in chips)
Johnliu: posts small blind $1
scorpio04: posts big blind $3
*** HOLE CARDS ***
Johnliu: raises $3 to $6
scorpio04: raises $3 to $9
Johnliu: calls $3
*** FLOP *** [Jd 8s 3s]
scorpio04: bets $3
Johnliu: calls $3
*** TURN *** [Jd 8s 3s] [7d]
scorpio04: bets $6
Johnliu: raises $6 to $12
scorpio04: raises $6 to $18
Johnliu: raises $6 to $24
Betting is capped
scorpio04: calls $6
*** RIVER *** [Jd 8s 3s 7d] [6d]
scorpio04: bets $6
Johnliu: raises $0.62 to $6.62 and is all-in
scorpio04: calls $0.62
*** SHOW DOWN ***
Johnliu: shows [7c 3h] (two pair, Sevens and Threes)
scorpio04: shows [9d Qd] (a flush, Queen high)
scorpio04 collected $84.74 from pot
*** SUMMARY ***
Total pot $85.24 | Rake $0.50
Board [Jd 8s 3s 7d 6d]
Seat 4: Johnliu (button) (small blind) showed [7c 3h] and lost with two pair, Sevens and Threes
Seat 5: scorpio04 (big blind) showed [9d Qd] and won ($84.74) with a flush, Queen high


PokerStars Hand #144509330716:  Hold'em Limit ($3/$6 USD) - 2015/11/28 10:42:04 ET
Table 'Poincare II' 6-max Seat #5 is the button
Seat 4: Johnliu ($200 in chips)
Seat 5: scorpio04 ($356.68 in chips)
scorpio04: posts small blind $1
Johnliu: posts big blind $3
*** HOLE CARDS ***
scorpio04: raises $3 to $6
Johnliu: calls $3
*** FLOP *** [3s Qd As]
Johnliu: checks
scorpio04: bets $3
Johnliu: folds
Uncalled bet ($3) returned to scorpio04
scorpio04 collected $11.76 from pot
scorpio04: doesn't show hand
*** SUMMARY ***
Total pot $12 | Rake $0.24
Board [3s Qd As]
Seat 4: Johnliu (big blind) folded on the Flop
Seat 5: scorpio04 (button) (small blind) collected ($11.76)


PokerStars Hand #144509286429:  Hold'em Limit ($3/$6 USD) - 2015/11/28 10:41:08 ET
Table 'Poincare II' 6-max Seat #5 is the button
Seat 4: Johnliu ($66.62 in chips)
Seat 5: scorpio04 ($291.06 in chips)
scorpio04: posts small blind $1
Johnliu: posts big blind $3
*** HOLE CARDS ***
scorpio04: raises $3 to $6
Johnliu: raises $3 to $9
scorpio04: calls $3
*** FLOP *** [5c 8c 8s]
Johnliu: bets $3
scorpio04: calls $3
*** TURN *** [5c 8c 8s] [3s]
Johnliu: bets $6
scorpio04: calls $6
*** RIVER *** [5c 8c 8s 3s] [Qs]
Johnliu: bets $6
scorpio04: calls $6
*** SHOW DOWN ***
Johnliu: shows [2s Ah] (a pair of Eights)
scorpio04: shows [7h As] (a pair of Eights - Ace+Queen+Seven kicker)
scorpio04 collected $47.50 from pot
*** SUMMARY ***
Total pot $48 | Rake $0.50
Board [5c 8c 8s 3s Qs]
Seat 4: Johnliu (big blind) showed [2s Ah] and lost with a pair of Eights
Seat 5: scorpio04 (button) (small blind) showed [7h As] and won ($47.50) with a pair of Eights


PokerStars Hand #144509393683:  Hold'em Limit ($3/$6 USD) - 2015/11/28 10:43:25 ET
Table 'Poincare II' 6-max Seat #5 is the button
Seat 4: Johnliu ($187.50 in chips)
Seat 5: scorpio04 ($367.94 in chips)
scorpio04: posts small blind $1
Johnliu: posts big blind $3
*** HOLE CARDS ***
scorpio04: folds
Uncalled bet ($2) returned to Johnliu
Johnliu collected $2 from pot
Johnliu: doesn't show hand
*** SUMMARY ***
Total pot $2 | Rake $0
Seat 4: Johnliu (big blind) collected ($2)
Seat 5: scorpio04 (button) (small blind) folded before Flop


PokerStars Hand #144509374240:  Hold'em Limit ($3/$6 USD) - 2015/11/28 10:43:00 ET
Table 'Poincare II' 6-max Seat #4 is the button
Seat 4: Johnliu ($164 in chips)
Seat 5: scorpio04 ($391.94 in chips)
Johnliu: posts small blind $1
scorpio04: posts big blind $3
*** HOLE CARDS ***
Johnliu: raises $3 to $6
scorpio04: raises $3 to $9
Johnliu: calls $3
*** FLOP *** [3h Qs Kc]
scorpio04: bets $3
Johnliu: calls $3
*** TURN *** [3h Qs Kc] [7h]
scorpio04: checks
Johnliu: bets $6
scorpio04: calls $6
*** RIVER *** [3h Qs Kc 7h] [7s]
scorpio04: checks
Johnliu: bets $6
scorpio04: calls $6
*** SHOW DOWN ***
Johnliu: shows [Qc 3d] (two pair, Queens and Sevens)
scorpio04: mucks hand
Johnliu collected $47.50 from pot
*** SUMMARY ***
Total pot $48 | Rake $0.50
Board [3h Qs Kc 7h 7s]
Seat 4: Johnliu (button) (small blind) showed [Qc 3d] and won ($47.50) with two pair, Queens and Sevens
Seat 5: scorpio04 (big blind) mucked


PokerStars Hand #144509368420:  Hold'em Limit ($3/$6 USD) - 2015/11/28 10:42:53 ET
Table 'Poincare II' 6-max Seat #5 is the button
Seat 4: Johnliu ($167 in chips)
Seat 5: scorpio04 ($388.94 in chips)
scorpio04: posts small blind $1
Johnliu: posts big blind $3
*** HOLE CARDS ***
scorpio04: raises $3 to $6
Johnliu: folds
Uncalled bet ($3) returned to scorpio04
scorpio04 collected $6 from pot
scorpio04: doesn't show hand
*** SUMMARY ***
Total pot $6 | Rake $0
Seat 4: Johnliu (big blind) folded before Flop
Seat 5: scorpio04 (button) (small blind) collected ($6)


PokerStars Hand #144509346263:  Hold'em Limit ($3/$6 USD) - 2015/11/28 10:42:24 ET
Table 'Poincare II' 6-max Seat #4 is the button
Seat 4: Johnliu ($194 in chips)
Seat 5: scorpio04 ($362.44 in chips)
Johnliu: posts small blind $1
scorpio04: posts big blind $3
*** HOLE CARDS ***
Johnliu: raises $3 to $6
scorpio04: calls $3
*** FLOP *** [Jh 9s 3s]
scorpio04: checks
Johnliu: bets $3
scorpio04: calls $3
*** TURN *** [Jh 9s 3s] [5d]
scorpio04: checks
Johnliu: bets $6
scorpio04: raises $6 to $12
Johnliu: calls $6
*** RIVER *** [Jh 9s 3s 5d] [Ad]
scorpio04: bets $6
Johnliu: calls $6
*** SHOW DOWN ***
scorpio04: shows [5h 3c] (two pair, Fives and Threes)
Johnliu: mucks hand
scorpio04 collected $53.50 from pot
*** SUMMARY ***
Total pot $54 | Rake $0.50
Board [Jh 9s 3s 5d Ad]
Seat 4: Johnliu (button) (small blind) mucked
Seat 5: scorpio04 (big blind) showed [5h 3c] and won ($53.50) with two pair, Fives and Threes


PokerStars Hand #144509469619:  Hold'em Limit ($3/$6 USD) - 2015/11/28 10:45:01 ET
Table 'Poincare II' 6-max Seat #4 is the button
Seat 4: Johnliu ($206 in chips)
Seat 5: scorpio04 ($348.70 in chips)
Johnliu: posts small blind $1
scorpio04: posts big blind $3
*** HOLE CARDS ***
Johnliu: raises $3 to $6
scorpio04: raises $3 to $9
Johnliu: calls $3
*** FLOP *** [8s 5c 4s]
scorpio04: bets $3
Johnliu: calls $3
*** TURN *** [8s 5c 4s] [8c]
scorpio04: bets $6
Johnliu: calls $6
*** RIVER *** [8s 5c 4s 8c] [3h]
scorpio04: bets $6
Johnliu: raises $6 to $12
scorpio04: calls $6
*** SHOW DOWN ***
Johnliu: shows [3s Ah] (two pair, Eights and Threes)
scorpio04: shows [4d 6d] (two pair, Eights and Fours)
scorpio04 collected $59.50 from pot
*** SUMMARY ***
Total pot $60 | Rake $0.50
Board [8s 5c 4s 8c 3h]
Seat 4: Johnliu (button) (small blind) showed [3s Ah] and lost with two pair, Eights and Threes
Seat 5: scorpio04 (big blind) showed [4d 6d] and won ($59.50) with two pair, Eights and Fours


PokerStars Hand #144509452710:  Hold'em Limit ($3/$6 USD) - 2015/11/28 10:44:40 ET
Table 'Poincare II' 6-max Seat #5 is the button
Seat 4: Johnliu ($212 in chips)
Seat 5: scorpio04 ($342.94 in chips)
scorpio04: posts small blind $1
Johnliu: posts big blind $3
*** HOLE CARDS ***
scorpio04: raises $3 to $6
Johnliu: calls $3
*** FLOP *** [3h Qh 3s]
Johnliu: checks
scorpio04: bets $3
Johnliu: folds
Uncalled bet ($3) returned to scorpio04
scorpio04 collected $11.76 from pot
scorpio04: doesn't show hand
*** SUMMARY ***
Total pot $12 | Rake $0.24
Board [3h Qh 3s]
Seat 4: Johnliu (big blind) folded on the Flop
Seat 5: scorpio04 (button) (small blind) collected ($11.76)


PokerStars Hand #144509397495:  Hold'em Limit ($3/$6 USD) - 2015/11/28 10:43:30 ET
Table 'Poincare II' 6-max Seat #4 is the button
Seat 4: Johnliu ($188.50 in chips)
Seat 5: scorpio04 ($366.94 in chips)
Johnliu: posts small blind $1
scorpio04: posts big blind $3
*** HOLE CARDS ***
Johnliu: raises $3 to $6
scorpio04: calls $3
*** FLOP *** [5d Ad 9d]
scorpio04: checks
Johnliu: bets $3
scorpio04: raises $3 to $6
Johnliu: calls $3
*** TURN *** [5d Ad 9d] [8c]
scorpio04: bets $6
Johnliu: calls $6
*** RIVER *** [5d Ad 9d 8c] [Th]
scorpio04: checks
Johnliu: bets $6
scorpio04: calls $6
*** SHOW DOWN ***
Johnliu: shows [5c Td] (two pair, Tens and Fives)
scorpio04: mucks hand
Johnliu collected $47.50 from pot
*** SUMMARY ***
Total pot $48 | Rake $0.50
Board [5d Ad 9d 8c Th]
Seat 4: Johnliu (button) (small blind) showed [5c Td] and won ($47.50) with two pair, Tens and Fives
Seat 5: scorpio04 (big blind) mucked


PokerStars Hand #144509527704:  Hold'em Limit ($3/$6 USD) - 2015/11/28 10:46:14 ET
Table 'Poincare II' 6-max Seat #5 is the button
Seat 4: Johnliu ($169.52 in chips)
Seat 5: scorpio04 ($383.70 in chips)
scorpio04: posts small blind $1
Johnliu: posts big blind $3
*** HOLE CARDS ***
_fayzulllo_ joins the table at seat #1
scorpio04: raises $3 to $6
Johnliu: calls $3
*** FLOP *** [8c 4h Kc]
Johnliu: checks
scorpio04: bets $3
Johnliu: folds
Uncalled bet ($3) returned to scorpio04
SashaYuvelir joins the table at seat #2
scorpio04 collected $11.76 from pot
scorpio04: doesn't show hand
*** SUMMARY ***
Total pot $12 | Rake $0.24
Board [8c 4h Kc]
Seat 4: Johnliu (big blind) folded on the Flop
Seat 5: scorpio04 (button) (small blind) collected ($11.76)


PokerStars Hand #144509509146:  Hold'em Limit ($3/$6 USD) - 2015/11/28 10:45:51 ET
Table 'Poincare II' 6-max Seat #4 is the button
Seat 4: Johnliu ($158 in chips)
Seat 5: scorpio04 ($395.70 in chips)
Johnliu: posts small blind $1
scorpio04: posts big blind $3
*** HOLE CARDS ***
Johnliu: raises $3 to $6
scorpio04: raises $3 to $9
Johnliu: raises $3 to $12
Betting is capped
scorpio04: calls $3
*** FLOP *** [Ah Ad Jh]
scorpio04: checks
Johnliu: checks
*** TURN *** [Ah Ad Jh] [2h]
scorpio04: checks
Johnliu: checks
*** RIVER *** [Ah Ad Jh 2h] [2d]
scorpio04: checks
Johnliu: bets $6
scorpio04: folds
Uncalled bet ($6) returned to Johnliu
Johnliu collected $23.52 from pot
Johnliu: doesn't show hand
*** SUMMARY ***
Total pot $24 | Rake $0.48
Board [Ah Ad Jh 2h 2d]
Seat 4: Johnliu (button) (small blind) collected ($23.52)
Seat 5: scorpio04 (big blind) folded on the River


PokerStars Hand #144509490577:  Hold'em Limit ($3/$6 USD) - 2015/11/28 10:45:27 ET
Table 'Poincare II' 6-max Seat #5 is the button
Seat 4: Johnliu ($176 in chips)
Seat 5: scorpio04 ($378.20 in chips)
scorpio04: posts small blind $1
Johnliu: posts big blind $3
*** HOLE CARDS ***
scorpio04: raises $3 to $6
Johnliu: calls $3
*** FLOP *** [Kd 7h 3h]
Johnliu: checks
scorpio04: bets $3
Johnliu: raises $3 to $6
scorpio04: calls $3
*** TURN *** [Kd 7h 3h] [2s]
Johnliu: bets $6
scorpio04: raises $6 to $12
Johnliu: folds
Uncalled bet ($6) returned to scorpio04
scorpio04 collected $35.50 from pot
scorpio04: doesn't show hand
*** SUMMARY ***
Total pot $36 | Rake $0.50
Board [Kd 7h 3h 2s]
Seat 4: Johnliu (big blind) folded on the Turn
Seat 5: scorpio04 (button) (small blind) collected ($35.50)


PokerStars Hand #144509543869:  Hold'em Limit ($3/$6 USD) - 2015/11/28 10:46:35 ET
Table 'Poincare II' 6-max Seat #4 is the button
Seat 4: Johnliu ($163.52 in chips)
Seat 5: scorpio04 ($389.46 in chips)
Johnliu: posts small blind $1
scorpio04: posts big blind $3
*** HOLE CARDS ***
Johnliu: raises $3 to $6
scorpio04: calls $3
*** FLOP *** [3s As Js]
scorpio04: checks
Johnliu: checks
*** TURN *** [3s As Js] [3d]
scorpio04: bets $6
Johnliu: folds
Uncalled bet ($6) returned to scorpio04
scorpio04 collected $11.76 from pot
scorpio04: doesn't show hand
*** SUMMARY ***
Total pot $12 | Rake $0.24
Board [3s As Js 3d]
Seat 4: Johnliu (button) (small blind) folded on the Turn
Seat 5: scorpio04 (big blind) collected ($11.76)


PokerStars Hand #144509886539:  Hold'em Limit ($3/$6 USD) - 2015/11/28 10:53:51 ET
Table 'Poincare II' 6-max Seat #5 is the button
Seat 4: Johnliu ($167.50 in chips)
Seat 5: scorpio04 ($409.92 in chips)
scorpio04: posts small blind $1
alexslep: is sitting out
SashaYuvelir: is sitting out
Johnliu: posts big blind $3
*** HOLE CARDS ***
scorpio04: raises $3 to $6
Johnliu: calls $3
*** FLOP *** [2d 7h Qh]
Johnliu: checks
scorpio04: bets $3
Johnliu: calls $3
*** TURN *** [2d 7h Qh] [5h]
Johnliu: checks
scorpio04: bets $6
Johnliu: raises $6 to $12
SashaYuvelir leaves the table
scorpio04: calls $6
*** RIVER *** [2d 7h Qh 5h] [6h]
Johnliu: checks
scorpio04: bets $6
Johnliu: calls $6
*** SHOW DOWN ***
scorpio04: shows [6c Qc] (two pair, Queens and Sixes)
Johnliu: mucks hand
scorpio04 collected $53.50 from pot
*** SUMMARY ***
Total pot $54 | Rake $0.50
Board [2d 7h Qh 5h 6h]
Seat 4: Johnliu (big blind) mucked
Seat 5: scorpio04 (button) (small blind) showed [6c Qc] and won ($53.50) with two pair, Queens and Sixes


PokerStars Hand #144509944884:  Hold'em Limit ($3/$6 USD) - 2015/11/28 10:55:07 ET
Table 'Poincare II' 6-max Seat #4 is the button
Seat 4: Johnliu ($157.78 in chips)
Seat 5: scorpio04 ($418.42 in chips)
Johnliu: posts small blind $1
scorpio04: posts big blind $3
*** HOLE CARDS ***
Johnliu: raises $3 to $6
scorpio04: calls $3
*** FLOP *** [Kc 3h Jd]
scorpio04: checks
Johnliu: bets $3
scorpio04: raises $3 to $6
Johnliu: calls $3
*** TURN *** [Kc 3h Jd] [Qs]
scorpio04: bets $6
Johnliu: raises $6 to $12
scorpio04: folds
Uncalled bet ($6) returned to Johnliu
Johnliu collected $35.50 from pot
Johnliu: doesn't show hand
*** SUMMARY ***
Total pot $36 | Rake $0.50
Board [Kc 3h Jd Qs]
Seat 4: Johnliu (button) (small blind) collected ($35.50)
Seat 5: scorpio04 (big blind) folded on the Turn


PokerStars Hand #144509932328:  Hold'em Limit ($3/$6 USD) - 2015/11/28 10:54:50 ET
Table 'Poincare II' 6-max Seat #5 is the button
Seat 4: Johnliu ($149.14 in chips)
Seat 5: scorpio04 ($427.42 in chips)
scorpio04: posts small blind $1
Johnliu: posts big blind $3
*** HOLE CARDS ***
scorpio04: raises $3 to $6
alexslep leaves the table
Johnliu: calls $3
*** FLOP *** [Jc 4c Ah]
Johnliu: checks
scorpio04: bets $3
Johnliu: raises $3 to $6
scorpio04: folds
Uncalled bet ($3) returned to Johnliu
Johnliu collected $17.64 from pot
Johnliu: doesn't show hand
*** SUMMARY ***
Total pot $18 | Rake $0.36
Board [Jc 4c Ah]
Seat 4: Johnliu (big blind) collected ($17.64)
Seat 5: scorpio04 (button) (small blind) folded on the Flop


PokerStars Hand #144509910035:  Hold'em Limit ($3/$6 USD) - 2015/11/28 10:54:22 ET
Table 'Poincare II' 6-max Seat #4 is the button
Seat 4: Johnliu ($140.50 in chips)
Seat 5: scorpio04 ($436.42 in chips)
Johnliu: posts small blind $1
scorpio04: posts big blind $3
*** HOLE CARDS ***
Johnliu: raises $3 to $6
scorpio04: calls $3
*** FLOP *** [Ks Ac 4d]
scorpio04: checks
Johnliu: bets $3
scorpio04: calls $3
*** TURN *** [Ks Ac 4d] [Ah]
scorpio04: checks
Johnliu: bets $6
scorpio04: folds
Uncalled bet ($6) returned to Johnliu
Johnliu collected $17.64 from pot
Johnliu: doesn't show hand
*** SUMMARY ***
Total pot $18 | Rake $0.36
Board [Ks Ac 4d Ah]
Seat 4: Johnliu (button) (small blind) collected ($17.64)
Seat 5: scorpio04 (big blind) folded on the Turn


PokerStars Hand #144509974152:  Hold'em Limit ($3/$6 USD) - 2015/11/28 10:55:54 ET
Table 'Poincare II' 6-max Seat #4 is the button
Seat 4: Johnliu ($183.92 in chips)
Seat 5: scorpio04 ($391.42 in chips)
Johnliu: posts small blind $1
scorpio04: posts big blind $3
*** HOLE CARDS ***
Johnliu: raises $3 to $6
scorpio04: calls $3
*** FLOP *** [Tc 6h 5s]
scorpio04: checks
Johnliu: bets $3
scorpio04: raises $3 to $6
Johnliu: calls $3
*** TURN *** [Tc 6h 5s] [8d]
scorpio04: bets $6
Johnliu: calls $6
*** RIVER *** [Tc 6h 5s 8d] [6c]
rascal_319 joins the table at seat #6
scorpio04: bets $6
Johnliu: calls $6
*** SHOW DOWN ***
scorpio04: shows [5h Td] (two pair, Tens and Sixes)
Johnliu: mucks hand
scorpio04 collected $47.50 from pot
*** SUMMARY ***
Total pot $48 | Rake $0.50
Board [Tc 6h 5s 8d 6c]
Seat 4: Johnliu (button) (small blind) mucked
Seat 5: scorpio04 (big blind) showed [5h Td] and won ($47.50) with two pair, Tens and Sixes


PokerStars Hand #144509960594:  Hold'em Limit ($3/$6 USD) - 2015/11/28 10:55:32 ET
Table 'Poincare II' 6-max Seat #5 is the button
Seat 4: Johnliu ($175.28 in chips)
Seat 5: scorpio04 ($400.42 in chips)
scorpio04: posts small blind $1
Johnliu: posts big blind $3
*** HOLE CARDS ***
scorpio04: raises $3 to $6
Johnliu: calls $3
*** FLOP *** [Qd 9h Ks]
Johnliu: checks
scorpio04: bets $3
Johnliu: calls $3
*** TURN *** [Qd 9h Ks] [2c]
Johnliu: checks
scorpio04: checks
*** RIVER *** [Qd 9h Ks 2c] [3c]
Johnliu: bets $6
scorpio04: folds
Uncalled bet ($6) returned to Johnliu
Johnliu collected $17.64 from pot
Johnliu: doesn't show hand
*** SUMMARY ***
Total pot $18 | Rake $0.36
Board [Qd 9h Ks 2c 3c]
Seat 4: Johnliu (big blind) collected ($17.64)
Seat 5: scorpio04 (button) (small blind) folded on the River


PokerStars Hand #144510166583:  Hold'em Limit ($3/$6 USD) - 2015/11/28 11:01:04 ET
Table 'Poincare II' 6-max Seat #6 is the button
Seat 5: scorpio04 ($380.12 in chips)
Seat 6: rascal_319 ($106.81 in chips)
rascal_319: posts small blind $1
scorpio04: posts big blind $3
*** HOLE CARDS ***
rascal_319: folds
Uncalled bet ($2) returned to scorpio04
scorpio04 collected $2 from pot
scorpio04: doesn't show hand
*** SUMMARY ***
Total pot $2 | Rake $0
Seat 5: scorpio04 (big blind) collected ($2)
Seat 6: rascal_319 (button) (small blind) folded before Flop


PokerStars Hand #144510170396:  Hold'em Limit ($3/$6 USD) - 2015/11/28 11:01:09 ET
Table 'Poincare II' 6-max Seat #5 is the button
Seat 5: scorpio04 ($381.12 in chips)
Seat 6: rascal_319 ($105.81 in chips)
scorpio04: posts small blind $1
rascal_319: posts big blind $3
*** HOLE CARDS ***
scorpio04: raises $3 to $6
rascal_319: raises $3 to $9
scorpio04: calls $3
*** FLOP *** [9s Qh 9h]
rascal_319: bets $3
scorpio04: folds
Uncalled bet ($3) returned to rascal_319
rascal_319 collected $17.64 from pot
rascal_319: doesn't show hand
*** SUMMARY ***
Total pot $18 | Rake $0.36
Board [9s Qh 9h]
Seat 5: scorpio04 (button) (small blind) folded on the Flop
Seat 6: rascal_319 (big blind) collected ($17.64)


PokerStars Hand #144510181219:  Hold'em Limit ($3/$6 USD) - 2015/11/28 11:01:25 ET
Table 'Poincare II' 6-max Seat #5 is the button
Seat 5: scorpio04 ($373.12 in chips)
Seat 6: rascal_319 ($113.45 in chips)
scorpio04: posts small blind $1
rascal_319: posts big blind $3
*** HOLE CARDS ***
scorpio04: raises $3 to $6
rascal_319: folds
Uncalled bet ($3) returned to scorpio04
scorpio04 collected $6 from pot
scorpio04: doesn't show hand
*** SUMMARY ***
Total pot $6 | Rake $0
Seat 5: scorpio04 (button) (small blind) collected ($6)
Seat 6: rascal_319 (big blind) folded before Flop


PokerStars Hand #144510178527:  Hold'em Limit ($3/$6 USD) - 2015/11/28 11:01:21 ET
Table 'Poincare II' 6-max Seat #6 is the button
Seat 5: scorpio04 ($372.12 in chips)
Seat 6: rascal_319 ($114.45 in chips)
rascal_319: posts small blind $1
scorpio04: posts big blind $3
*** HOLE CARDS ***
rascal_319: folds
Uncalled bet ($2) returned to scorpio04
scorpio04 collected $2 from pot
scorpio04: doesn't show hand
*** SUMMARY ***
Total pot $2 | Rake $0
Seat 5: scorpio04 (big blind) collected ($2)
Seat 6: rascal_319 (button) (small blind) folded before Flop


PokerStars Hand #144510185259:  Hold'em Limit ($3/$6 USD) - 2015/11/28 11:01:30 ET
Table 'Poincare II' 6-max Seat #6 is the button
Seat 5: scorpio04 ($376.12 in chips)
Seat 6: rascal_319 ($110.45 in chips)
rascal_319: posts small blind $1
scorpio04: posts big blind $3
*** HOLE CARDS ***
rascal_319: raises $3 to $6
scorpio04: calls $3
*** FLOP *** [4c Td 3s]
scorpio04: checks
rascal_319: bets $3
scorpio04: calls $3
*** TURN *** [4c Td 3s] [Jh]
scorpio04: checks
rascal_319: checks
*** RIVER *** [4c Td 3s Jh] [6h]
scorpio04: bets $6
rascal_319: calls $6
*** SHOW DOWN ***
scorpio04: shows [Ks 5c] (high card King)
rascal_319: shows [4s 5s] (a pair of Fours)
rascal_319 collected $29.50 from pot
*** SUMMARY ***
Total pot $30 | Rake $0.50
Board [4c Td 3s Jh 6h]
Seat 5: scorpio04 (big blind) showed [Ks 5c] and lost with high card King
Seat 6: rascal_319 (button) (small blind) showed [4s 5s] and won ($29.50) with a pair of Fours


PokerStars Hand #144510200912:  Hold'em Limit ($3/$6 USD) - 2015/11/28 11:01:51 ET
Table 'Poincare II' 6-max Seat #5 is the button
Seat 5: scorpio04 ($361.12 in chips)
Seat 6: rascal_319 ($124.95 in chips)
scorpio04: posts small blind $1
rascal_319: posts big blind $3
*** HOLE CARDS ***
scorpio04: raises $3 to $6
zepsweden joins the table at seat #3
rascal_319: raises $3 to $9
SashaYuvelir joins the table at seat #4
scorpio04: calls $3
*** FLOP *** [2c Ts 7d]
rascal_319: bets $3
alexslep joins the table at seat #1
scorpio04: folds
Uncalled bet ($3) returned to rascal_319
rascal_319 collected $17.64 from pot
rascal_319: doesn't show hand
*** SUMMARY ***
Total pot $18 | Rake $0.36
Board [2c Ts 7d]
Seat 5: scorpio04 (button) (small blind) folded on the Flop
Seat 6: rascal_319 (big blind) collected ($17.64)


PokerStars Hand #144515557886:  Hold'em Limit ($3/$6 USD) - 2015/11/28 12:54:26 ET
Table 'Poincare II' 6-max Seat #3 is the button
Seat 3: dinkin91 ($42.67 in chips)
Seat 4: Karpik09 ($102.50 in chips)
dinkin91: posts small blind $1
Karpik09: posts big blind $3
*** HOLE CARDS ***
dinkin91: raises $3 to $6
ValeryRon joins the table at seat #6
Karpik09: calls $3
*** FLOP *** [Js 8s 3d]
Karpik09: checks
dinkin91: bets $3
Karpik09: raises $3 to $6
dinkin91: raises $3 to $9
Karpik09: folds
Uncalled bet ($3) returned to dinkin91
dinkin91 collected $23.52 from pot
dinkin91: doesn't show hand
*** SUMMARY ***
Total pot $24 | Rake $0.48
Board [Js 8s 3d]
Seat 3: dinkin91 (button) (small blind) collected ($23.52)
Seat 4: Karpik09 (big blind) folded on the Flop


PokerStars Hand #144515545778:  Hold'em Limit ($3/$6 USD) - 2015/11/28 12:54:11 ET
Table 'Poincare II' 6-max Seat #4 is the button
Seat 3: dinkin91 ($34.03 in chips)
Seat 4: Karpik09 ($111.50 in chips)
Karpik09: posts small blind $1
dinkin91: posts big blind $3
*** HOLE CARDS ***
Karpik09: raises $3 to $6
dinkin91: raises $3 to $9
Karpik09: calls $3
*** FLOP *** [2s Jh Js]
dinkin91: bets $3
Karpik09: folds
Uncalled bet ($3) returned to dinkin91
dinkin91 collected $17.64 from pot
dinkin91: doesn't show hand
*** SUMMARY ***
Total pot $18 | Rake $0.36
Board [2s Jh Js]
Seat 3: dinkin91 (big blind) collected ($17.64)
Seat 4: Karpik09 (button) (small blind) folded on the Flop


PokerStars Hand #144515534862:  Hold'em Limit ($3/$6 USD) - 2015/11/28 12:53:57 ET
Table 'Poincare II' 6-max Seat #4 is the button
Seat 3: dinkin91 ($34.03 in chips)
Seat 4: Karpik09 ($111.50 in chips)
Karpik09: posts small blind $1
dinkin91: posts big blind $3
*** HOLE CARDS ***
Karpik09: raises $3 to $6
dinkin91: folds
Uncalled bet ($3) returned to Karpik09
Karpik09 collected $6 from pot
Karpik09: doesn't show hand
*** SUMMARY ***
Total pot $6 | Rake $0
Seat 3: dinkin91 (big blind) folded before Flop
Seat 4: Karpik09 (button) (small blind) collected ($6)


PokerStars Hand #144515531460:  Hold'em Limit ($3/$6 USD) - 2015/11/28 12:53:53 ET
Table 'Poincare II' 6-max Seat #3 is the button
Seat 3: dinkin91 ($35.03 in chips)
Seat 4: Karpik09 ($110.50 in chips)
dinkin91: posts small blind $1
Karpik09: posts big blind $3
*** HOLE CARDS ***
dinkin91: folds
Uncalled bet ($2) returned to Karpik09
Karpik09 collected $2 from pot
Karpik09: doesn't show hand
*** SUMMARY ***
Total pot $2 | Rake $0
Seat 3: dinkin91 (button) (small blind) folded before Flop
Seat 4: Karpik09 (big blind) collected ($2)


PokerStars Hand #144516274499:  Hold'em Limit ($3/$6 USD) - 2015/11/28 13:09:31 ET
Table 'Poincare II' 6-max Seat #6 is the button
Seat 1: vestimokrec ($156 in chips)
Seat 6: AA_ILI ($83 in chips)
AA_ILI: posts small blind $1
vestimokrec: posts big blind $3
*** HOLE CARDS ***
AA_ILI: raises $3 to $6
vestimokrec: calls $3
*** FLOP *** [3d 8h Ks]
vestimokrec: checks
AA_ILI: bets $3
vestimokrec: raises $3 to $6
AA_ILI: calls $3
*** TURN *** [3d 8h Ks] [Ah]
vestimokrec: checks
AA_ILI: bets $6
vestimokrec: raises $6 to $12
AA_ILI: calls $6
*** RIVER *** [3d 8h Ks Ah] [Kh]
vestimokrec: bets $6
AA_ILI: raises $6 to $12
vestimokrec: calls $6
*** SHOW DOWN ***
AA_ILI: shows [Kd 3c] (a full house, Kings full of Threes)
vestimokrec: mucks hand
AA_ILI collected $71.50 from pot
*** SUMMARY ***
Total pot $72 | Rake $0.50
Board [3d 8h Ks Ah Kh]
Seat 1: vestimokrec (big blind) mucked
Seat 6: AA_ILI (button) (small blind) showed [Kd 3c] and won ($71.50) with a full house, Kings full of Threes


PokerStars Hand #144516305726:  Hold'em Limit ($3/$6 USD) - 2015/11/28 13:10:06 ET
Table 'Poincare II' 6-max Seat #1 is the button
Seat 1: vestimokrec ($120 in chips)
Seat 6: AA_ILI ($118.50 in chips)
vestimokrec: posts small blind $1
AA_ILI: posts big blind $3
*** HOLE CARDS ***
vestimokrec: raises $3 to $6
AA_ILI: calls $3
*** FLOP *** [8c 3c 2d]
AA_ILI: checks
vestimokrec: bets $3
AA_ILI: calls $3
*** TURN *** [8c 3c 2d] [Jd]
AA_ILI: bets $6
vestimokrec: calls $6
*** RIVER *** [8c 3c 2d Jd] [6d]
AA_ILI: checks
vestimokrec: bets $6
AA_ILI: folds
Uncalled bet ($6) returned to vestimokrec
vestimokrec collected $29.50 from pot
vestimokrec: doesn't show hand
*** SUMMARY ***
Total pot $30 | Rake $0.50
Board [8c 3c 2d Jd 6d]
Seat 1: vestimokrec (button) (small blind) collected ($29.50)
Seat 6: AA_ILI (big blind) folded on the River


PokerStars Hand #144516333613:  Hold'em Limit ($3/$6 USD) - 2015/11/28 13:10:38 ET
Table 'Poincare II' 6-max Seat #6 is the button
Seat 1: vestimokrec ($134.50 in chips)
Seat 6: AA_ILI ($103.50 in chips)
AA_ILI: posts small blind $1
vestimokrec: posts big blind $3
*** HOLE CARDS ***
AA_ILI: raises $3 to $6
vestimokrec: calls $3
*** FLOP *** [Kh Td 7d]
vestimokrec: checks
AA_ILI: bets $3
vestimokrec: folds
Uncalled bet ($3) returned to AA_ILI
AA_ILI collected $11.76 from pot
*** SUMMARY ***
Total pot $12 | Rake $0.24
Board [Kh Td 7d]
Seat 1: vestimokrec (big blind) folded on the Flop
Seat 6: AA_ILI (button) (small blind) collected ($11.76)


PokerStars Hand #144516392894:  Hold'em Limit ($3/$6 USD) - 2015/11/28 13:11:46 ET
Table 'Poincare II' 6-max Seat #6 is the button
Seat 1: vestimokrec ($158 in chips)
Seat 6: AA_ILI ($79.26 in chips)
AA_ILI: posts small blind $1
vestimokrec: posts big blind $3
*** HOLE CARDS ***
AA_ILI: folds
Uncalled bet ($2) returned to vestimokrec
vestimokrec collected $2 from pot
vestimokrec: doesn't show hand
*** SUMMARY ***
Total pot $2 | Rake $0
Seat 1: vestimokrec (big blind) collected ($2)
Seat 6: AA_ILI (button) (small blind) folded before Flop


PokerStars Hand #144516350379:  Hold'em Limit ($3/$6 USD) - 2015/11/28 13:10:58 ET
Table 'Poincare II' 6-max Seat #1 is the button
Seat 1: vestimokrec ($128.50 in chips)
Seat 6: AA_ILI ($109.26 in chips)
vestimokrec: posts small blind $1
AA_ILI: posts big blind $3
*** HOLE CARDS ***
vestimokrec: raises $3 to $6
AA_ILI: raises $3 to $9
vestimokrec: calls $3
*** FLOP *** [5c 3c Jd]
AA_ILI: bets $3
Carl1891 joins the table at seat #2
vestimokrec: calls $3
*** TURN *** [5c 3c Jd] [Td]
AA_ILI: bets $6
vestimokrec: raises $6 to $12
AA_ILI: calls $6
*** RIVER *** [5c 3c Jd Td] [2c]
AA_ILI: checks
vestimokrec: bets $6
AA_ILI: calls $6
*** SHOW DOWN ***
vestimokrec: shows [As Ad] (a pair of Aces)
AA_ILI: mucks hand
vestimokrec collected $59.50 from pot
*** SUMMARY ***
Total pot $60 | Rake $0.50
Board [5c 3c Jd Td 2c]
Seat 1: vestimokrec (button) (small blind) showed [As Ad] and won ($59.50) with a pair of Aces
Seat 6: AA_ILI (big blind) mucked


PokerStars Hand #144517630112:  Hold'em Limit ($3/$6 USD) - 2015/11/28 13:35:29 ET
Table 'Poincare II' 6-max Seat #4 is the button
Seat 2: Carl1891 ($39.79 in chips)
Seat 4: scorpio04 ($72 in chips)
scorpio04: posts small blind $1
samurai.ru: is sitting out
vestimokrec: is sitting out
Carl1891: posts big blind $3
*** HOLE CARDS ***
scorpio04: raises $3 to $6
Carl1891: calls $3
*** FLOP *** [9d 4s Jd]
Carl1891: checks
scorpio04: bets $3
Carl1891: calls $3
*** TURN *** [9d 4s Jd] [Jh]
Carl1891: checks
scorpio04: bets $6
Carl1891: calls $6
*** RIVER *** [9d 4s Jd Jh] [As]
Carl1891: checks
scorpio04: checks
*** SHOW DOWN ***
Carl1891: shows [2c 2d] (two pair, Jacks and Deuces)
scorpio04: shows [5d 5s] (two pair, Jacks and Fives)
scorpio04 collected $29.50 from pot
*** SUMMARY ***
Total pot $30 | Rake $0.50
Board [9d 4s Jd Jh As]
Seat 2: Carl1891 (big blind) showed [2c 2d] and lost with two pair, Jacks and Deuces
Seat 4: scorpio04 (button) (small blind) showed [5d 5s] and won ($29.50) with two pair, Jacks and Fives


PokerStars Hand #144517655824:  Hold'em Limit ($3/$6 USD) - 2015/11/28 13:35:59 ET
Table 'Poincare II' 6-max Seat #4 is the button
Seat 2: Carl1891 ($33.43 in chips)
Seat 4: scorpio04 ($77.50 in chips)
scorpio04: posts small blind $1
Carl1891: posts big blind $3
*** HOLE CARDS ***
scorpio04: raises $3 to $6
Carl1891: calls $3
*** FLOP *** [8d 5s Ac]
Carl1891: checks
scorpio04: bets $3
Carl1891: raises $3 to $6
scorpio04: folds
Uncalled bet ($3) returned to Carl1891
Carl1891 collected $17.64 from pot
Carl1891: doesn't show hand
*** SUMMARY ***
Total pot $18 | Rake $0.36
Board [8d 5s Ac]
Seat 2: Carl1891 (big blind) collected ($17.64)
Seat 4: scorpio04 (button) (small blind) folded on the Flop


PokerStars Hand #144517645846:  Hold'em Limit ($3/$6 USD) - 2015/11/28 13:35:48 ET
Table 'Poincare II' 6-max Seat #2 is the button
Seat 2: Carl1891 ($24.79 in chips)
Seat 4: scorpio04 ($86.50 in chips)
Carl1891: posts small blind $1
scorpio04: posts big blind $3
*** HOLE CARDS ***
Carl1891: raises $3 to $6
scorpio04: calls $3
*** FLOP *** [4d 3h Td]
scorpio04: checks
Carl1891: bets $3
scorpio04: calls $3
*** TURN *** [4d 3h Td] [Ah]
scorpio04: checks
Carl1891: bets $6
scorpio04: folds
Uncalled bet ($6) returned to Carl1891
Carl1891 collected $17.64 from pot
Carl1891: doesn't show hand
*** SUMMARY ***
Total pot $18 | Rake $0.36
Board [4d 3h Td Ah]
Seat 2: Carl1891 (button) (small blind) collected ($17.64)
Seat 4: scorpio04 (big blind) folded on the Turn


PokerStars Hand #144517662967:  Hold'em Limit ($3/$6 USD) - 2015/11/28 13:36:07 ET
Table 'Poincare II' 6-max Seat #2 is the button
Seat 2: Carl1891 ($42.07 in chips)
Seat 4: scorpio04 ($72 in chips)
Carl1891: posts small blind $1
scorpio04: posts big blind $3
*** HOLE CARDS ***
Carl1891: raises $3 to $6
scorpio04: raises $3 to $9
Carl1891: raises $3 to $12
Betting is capped
scorpio04: calls $3
*** FLOP *** [2c Ad 7h]
scorpio04: checks
Carl1891: bets $3
scorpio04: calls $3
*** TURN *** [2c Ad 7h] [Jh]
scorpio04: checks
Carl1891: bets $6
scorpio04: raises $6 to $12
Carl1891: calls $6
*** RIVER *** [2c Ad 7h Jh] [Tc]
scorpio04: bets $6
Carl1891: calls $6
*** SHOW DOWN ***
scorpio04: shows [7c Jc] (two pair, Jacks and Sevens)
Carl1891: mucks hand
scorpio04 collected $65.50 from pot
vestimokrec leaves the table
*** SUMMARY ***
Total pot $66 | Rake $0.50
Board [2c Ad 7h Jh Tc]
Seat 2: Carl1891 (button) (small blind) mucked
Seat 4: scorpio04 (big blind) showed [7c Jc] and won ($65.50) with two pair, Jacks and Sevens


PokerStars Hand #144517705795:  Hold'em Limit ($3/$6 USD) - 2015/11/28 13:36:56 ET
Table 'Poincare II' 6-max Seat #2 is the button
Seat 2: Carl1891 ($17.78 in chips)
Seat 4: scorpio04 ($95.43 in chips)
Carl1891: posts small blind $1
scorpio04: posts big blind $3
*** HOLE CARDS ***
Carl1891: folds
Uncalled bet ($2) returned to scorpio04
scorpio04 collected $2 from pot
scorpio04: doesn't show hand
*** SUMMARY ***
Total pot $2 | Rake $0
Seat 2: Carl1891 (button) (small blind) folded before Flop
Seat 4: scorpio04 (big blind) collected ($2)


PokerStars Hand #144517692600:  Hold'em Limit ($3/$6 USD) - 2015/11/28 13:36:41 ET
Table 'Poincare II' 6-max Seat #4 is the button
Seat 2: Carl1891 ($9.07 in chips)
Seat 4: scorpio04 ($104.50 in chips)
scorpio04: posts small blind $1
Carl1891: posts big blind $3
*** HOLE CARDS ***
scorpio04: raises $3 to $6
Carl1891: raises $3 to $9
scorpio04: calls $3
*** FLOP *** [6h Ah 8c]
Carl1891: bets $0.07 and is all-in
scorpio04: calls $0.07
*** TURN *** [6h Ah 8c] [7h]
*** RIVER *** [6h Ah 8c 7h] [4c]
*** SHOW DOWN ***
Carl1891: shows [Qc Ad] (a pair of Aces)
scorpio04: shows [3s Ts] (high card Ace)
Carl1891 collected $17.78 from pot
*** SUMMARY ***
Total pot $18.14 | Rake $0.36
Board [6h Ah 8c 7h 4c]
Seat 2: Carl1891 (big blind) showed [Qc Ad] and won ($17.78) with a pair of Aces
Seat 4: scorpio04 (button) (small blind) showed [3s Ts] and lost with high card Ace


PokerStars Hand #144517736782:  Hold'em Limit ($3/$6 USD) - 2015/11/28 13:37:32 ET
Table 'Poincare II' 6-max Seat #4 is the button
Seat 2: Carl1891 ($32.06 in chips)
Seat 4: scorpio04 ($80.65 in chips)
scorpio04: posts small blind $1
Carl1891: posts big blind $3
*** HOLE CARDS ***
scorpio04: raises $3 to $6
Carl1891: calls $3
*** FLOP *** [Ts Qd 7s]
Carl1891: checks
scorpio04: bets $3
Carl1891: raises $3 to $6
scorpio04: folds
Uncalled bet ($3) returned to Carl1891
Carl1891 collected $17.64 from pot
Carl1891: doesn't show hand
*** SUMMARY ***
Total pot $18 | Rake $0.36
Board [Ts Qd 7s]
Seat 2: Carl1891 (big blind) collected ($17.64)
Seat 4: scorpio04 (button) (small blind) folded on the Flop


PokerStars Hand #144517767091:  Hold'em Limit ($3/$6 USD) - 2015/11/28 13:38:07 ET
Table 'Poincare II' 6-max Seat #4 is the button
Seat 2: Carl1891 ($25.70 in chips)
Seat 4: scorpio04 ($86.50 in chips)
scorpio04: posts small blind $1
Carl1891: posts big blind $3
*** HOLE CARDS ***
scorpio04: folds
Uncalled bet ($2) returned to Carl1891
Carl1891 collected $2 from pot
Carl1891: doesn't show hand
*** SUMMARY ***
Total pot $2 | Rake $0
Seat 2: Carl1891 (big blind) collected ($2)
Seat 4: scorpio04 (button) (small blind) folded before Flop


PokerStars Hand #144517753562:  Hold'em Limit ($3/$6 USD) - 2015/11/28 13:37:52 ET
Table 'Poincare II' 6-max Seat #2 is the button
Seat 2: Carl1891 ($40.70 in chips)
Seat 4: scorpio04 ($72 in chips)
Carl1891: posts small blind $1
scorpio04: posts big blind $3
*** HOLE CARDS ***
Carl1891: raises $3 to $6
scorpio04: raises $3 to $9
Carl1891: calls $3
*** FLOP *** [5s 8c Tc]
scorpio04: bets $3
Carl1891: raises $3 to $6
scorpio04: calls $3
*** TURN *** [5s 8c Tc] [4s]
scorpio04: checks
Carl1891: checks
*** RIVER *** [5s 8c Tc 4s] [4d]
scorpio04: bets $6
Carl1891: folds
Uncalled bet ($6) returned to scorpio04
scorpio04 collected $29.50 from pot
scorpio04: doesn't show hand
*** SUMMARY ***
Total pot $30 | Rake $0.50
Board [5s 8c Tc 4s 4d]
Seat 2: Carl1891 (button) (small blind) folded on the River
Seat 4: scorpio04 (big blind) collected ($29.50)


PokerStars Hand #144517732894:  Hold'em Limit ($3/$6 USD) - 2015/11/28 13:37:28 ET
Table 'Poincare II' 6-max Seat #2 is the button
Seat 2: Carl1891 ($33.06 in chips)
Seat 4: scorpio04 ($79.65 in chips)
Carl1891: posts small blind $1
scorpio04: posts big blind $3
*** HOLE CARDS ***
Carl1891: folds
Uncalled bet ($2) returned to scorpio04
samurai.ru leaves the table
scorpio04 collected $2 from pot
scorpio04: doesn't show hand
*** SUMMARY ***
Total pot $2 | Rake $0
Seat 2: Carl1891 (button) (small blind) folded before Flop
Seat 4: scorpio04 (big blind) collected ($2)


PokerStars Hand #144517709474:  Hold'em Limit ($3/$6 USD) - 2015/11/28 13:37:01 ET
Table 'Poincare II' 6-max Seat #4 is the button
Seat 2: Carl1891 ($16.78 in chips)
Seat 4: scorpio04 ($96.43 in chips)
scorpio04: posts small blind $1
Carl1891: posts big blind $3
*** HOLE CARDS ***
scorpio04: raises $3 to $6
Carl1891: raises $3 to $9
scorpio04: calls $3
*** FLOP *** [Td 4h Jd]
Carl1891: bets $3
scorpio04: calls $3
*** TURN *** [Td 4h Jd] [Ah]
Carl1891: bets $4.78 and is all-in
scorpio04: calls $4.78
*** RIVER *** [Td 4h Jd Ah] [Jc]
*** SHOW DOWN ***
Carl1891: shows [Ks Qh] (a straight, Ten to Ace)
scorpio04: shows [Ac 8s] (two pair, Aces and Jacks)
Carl1891 collected $33.06 from pot
*** SUMMARY ***
Total pot $33.56 | Rake $0.50
Board [Td 4h Jd Ah Jc]
Seat 2: Carl1891 (big blind) showed [Ks Qh] and won ($33.06) with a straight, Ten to Ace
Seat 4: scorpio04 (button) (small blind) showed [Ac 8s] and lost with two pair, Aces and Jacks


PokerStars Hand #144517774196:  Hold'em Limit ($3/$6 USD) - 2015/11/28 13:38:15 ET
Table 'Poincare II' 6-max Seat #2 is the button
Seat 2: Carl1891 ($26.70 in chips)
Seat 4: scorpio04 ($85.50 in chips)
Carl1891: posts small blind $1
scorpio04: posts big blind $3
*** HOLE CARDS ***
Carl1891: folds
Uncalled bet ($2) returned to scorpio04
scorpio04 collected $2 from pot
scorpio04: doesn't show hand
*** SUMMARY ***
Total pot $2 | Rake $0
Seat 2: Carl1891 (button) (small blind) folded before Flop
Seat 4: scorpio04 (big blind) collected ($2)


PokerStars Hand #144517806245:  Hold'em Limit ($3/$6 USD) - 2015/11/28 13:38:53 ET
Table 'Poincare II' 6-max Seat #2 is the button
Seat 2: Carl1891 ($36.90 in chips)
Seat 4: scorpio04 ($74.56 in chips)
Carl1891: posts small blind $1
scorpio04: posts big blind $3
*** HOLE CARDS ***
Carl1891: raises $3 to $6
scorpio04: raises $3 to $9
Carl1891: calls $3
*** FLOP *** [7s Qc 2d]
scorpio04: bets $3
Carl1891: calls $3
*** TURN *** [7s Qc 2d] [4c]
scorpio04: bets $6
Carl1891: folds
Uncalled bet ($6) returned to scorpio04
scorpio04 collected $23.52 from pot
scorpio04: doesn't show hand
*** SUMMARY ***
Total pot $24 | Rake $0.48
Board [7s Qc 2d 4c]
Seat 2: Carl1891 (button) (small blind) folded on the Turn
Seat 4: scorpio04 (big blind) collected ($23.52)


PokerStars Hand #144517790386:  Hold'em Limit ($3/$6 USD) - 2015/11/28 13:38:34 ET
Table 'Poincare II' 6-max Seat #4 is the button
Seat 2: Carl1891 ($18.70 in chips)
Seat 4: scorpio04 ($93.26 in chips)
scorpio04: posts small blind $1
Carl1891: posts big blind $3
*** HOLE CARDS ***
scorpio04: raises $3 to $6
Carl1891: calls $3
*** FLOP *** [Kh 6s Th]
Carl1891: checks
scorpio04: bets $3
Carl1891: raises $3 to $6
scorpio04: calls $3
*** TURN *** [Kh 6s Th] [5d]
Carl1891: bets $6
scorpio04: calls $6
*** RIVER *** [Kh 6s Th 5d] [Jc]
Carl1891: bets $0.70 and is all-in
scorpio04: calls $0.70
*** SHOW DOWN ***
Carl1891: shows [2c Ks] (a pair of Kings)
scorpio04: shows [6h 8h] (a pair of Sixes)
Carl1891 collected $36.90 from pot
*** SUMMARY ***
Total pot $37.40 | Rake $0.50
Board [Kh 6s Th 5d Jc]
Seat 2: Carl1891 (big blind) showed [2c Ks] and won ($36.90) with a pair of Kings
Seat 4: scorpio04 (button) (small blind) showed [6h 8h] and lost with a pair of Sixes


PokerStars Hand #144517823054:  Hold'em Limit ($3/$6 USD) - 2015/11/28 13:39:12 ET
Table 'Poincare II' 6-max Seat #2 is the button
Seat 2: Carl1891 ($25.90 in chips)
Seat 4: scorpio04 ($85.08 in chips)
Carl1891: posts small blind $1
scorpio04: posts big blind $3
*** HOLE CARDS ***
Carl1891: folds
Uncalled bet ($2) returned to scorpio04
scorpio04 collected $2 from pot
scorpio04: doesn't show hand
*** SUMMARY ***
Total pot $2 | Rake $0
Seat 2: Carl1891 (button) (small blind) folded before Flop
Seat 4: scorpio04 (big blind) collected ($2)


PokerStars Hand #144517815977:  Hold'em Limit ($3/$6 USD) - 2015/11/28 13:39:04 ET
Table 'Poincare II' 6-max Seat #4 is the button
Seat 2: Carl1891 ($24.90 in chips)
Seat 4: scorpio04 ($86.08 in chips)
scorpio04: posts small blind $1
Carl1891: posts big blind $3
*** HOLE CARDS ***
scorpio04: folds
Uncalled bet ($2) returned to Carl1891
Carl1891 collected $2 from pot
Carl1891: doesn't show hand
*** SUMMARY ***
Total pot $2 | Rake $0
Seat 2: Carl1891 (big blind) collected ($2)
Seat 4: scorpio04 (button) (small blind) folded before Flop


PokerStars Hand #144517786571:  Hold'em Limit ($3/$6 USD) - 2015/11/28 13:38:30 ET
Table 'Poincare II' 6-max Seat #2 is the button
Seat 2: Carl1891 ($19.70 in chips)
Seat 4: scorpio04 ($92.26 in chips)
Carl1891: posts small blind $1
scorpio04: posts big blind $3
*** HOLE CARDS ***
Carl1891: folds
Uncalled bet ($2) returned to scorpio04
scorpio04 collected $2 from pot
scorpio04: doesn't show hand
*** SUMMARY ***
Total pot $2 | Rake $0
Seat 2: Carl1891 (button) (small blind) folded before Flop
Seat 4: scorpio04 (big blind) collected ($2)


PokerStars Hand #144517778119:  Hold'em Limit ($3/$6 USD) - 2015/11/28 13:38:20 ET
Table 'Poincare II' 6-max Seat #4 is the button
Seat 2: Carl1891 ($25.70 in chips)
Seat 4: scorpio04 ($86.50 in chips)
scorpio04: posts small blind $1
Carl1891: posts big blind $3
*** HOLE CARDS ***
scorpio04: raises $3 to $6
Carl1891: calls $3
*** FLOP *** [Th 8c 9s]
Carl1891: checks
scorpio04: bets $3
Carl1891: folds
Uncalled bet ($3) returned to scorpio04
scorpio04 collected $11.76 from pot
scorpio04: doesn't show hand
*** SUMMARY ***
Total pot $12 | Rake $0.24
Board [Th 8c 9s]
Seat 2: Carl1891 (big blind) folded on the Flop
Seat 4: scorpio04 (button) (small blind) collected ($11.76)


PokerStars Hand #144517833121:  Hold'em Limit ($3/$6 USD) - 2015/11/28 13:39:24 ET
Table 'Poincare II' 6-max Seat #2 is the button
Seat 2: Carl1891 ($25.90 in chips)
Seat 4: scorpio04 ($85.08 in chips)
Carl1891: posts small blind $1
scorpio04: posts big blind $3
*** HOLE CARDS ***
Carl1891: folds
Uncalled bet ($2) returned to scorpio04
scorpio04 collected $2 from pot
scorpio04: doesn't show hand
*** SUMMARY ***
Total pot $2 | Rake $0
Seat 2: Carl1891 (button) (small blind) folded before Flop
Seat 4: scorpio04 (big blind) collected ($2)


PokerStars Hand #144517826731:  Hold'em Limit ($3/$6 USD) - 2015/11/28 13:39:16 ET
Table 'Poincare II' 6-max Seat #4 is the button
Seat 2: Carl1891 ($24.90 in chips)
Seat 4: scorpio04 ($86.08 in chips)
scorpio04: posts small blind $1
Carl1891: posts big blind $3
*** HOLE CARDS ***
scorpio04: folds
Uncalled bet ($2) returned to Carl1891
Carl1891 collected $2 from pot
Carl1891: doesn't show hand
*** SUMMARY ***
Total pot $2 | Rake $0
Seat 2: Carl1891 (big blind) collected ($2)
Seat 4: scorpio04 (button) (small blind) folded before Flop


PokerStars Hand #144517858760:  Hold'em Limit ($3/$6 USD) - 2015/11/28 13:39:53 ET
Table 'Poincare II' 6-max Seat #4 is the button
Seat 2: Carl1891 ($48.30 in chips)
Seat 4: scorpio04 ($73 in chips)
scorpio04: posts small blind $1
Carl1891: posts big blind $3
*** HOLE CARDS ***
scorpio04: raises $3 to $6
Carl1891: folds
Uncalled bet ($3) returned to scorpio04
scorpio04 collected $6 from pot
scorpio04: doesn't show hand
*** SUMMARY ***
Total pot $6 | Rake $0
Seat 2: Carl1891 (big blind) folded before Flop
Seat 4: scorpio04 (button) (small blind) collected ($6)


PokerStars Hand #144517865362:  Hold'em Limit ($3/$6 USD) - 2015/11/28 13:40:01 ET
Table 'Poincare II' 6-max Seat #2 is the button
Seat 2: Carl1891 ($45.30 in chips)
Seat 4: scorpio04 ($76 in chips)
Carl1891: posts small blind $1
scorpio04: posts big blind $3
*** HOLE CARDS ***
Carl1891: raises $3 to $6
scorpio04: calls $3
*** FLOP *** [Kh As 6d]
scorpio04: checks
Carl1891: bets $3
scorpio04: calls $3
*** TURN *** [Kh As 6d] [8d]
scorpio04: checks
Carl1891: bets $6
scorpio04: folds
Uncalled bet ($6) returned to Carl1891
Carl1891 collected $17.64 from pot
Carl1891: doesn't show hand
*** SUMMARY ***
Total pot $18 | Rake $0.36
Board [Kh As 6d 8d]
Seat 2: Carl1891 (button) (small blind) collected ($17.64)
Seat 4: scorpio04 (big blind) folded on the Turn


PokerStars Hand #144517855087:  Hold'em Limit ($3/$6 USD) - 2015/11/28 13:39:49 ET
Table 'Poincare II' 6-max Seat #2 is the button
Seat 2: Carl1891 ($49.30 in chips)
Seat 4: scorpio04 ($72 in chips)
Carl1891: posts small blind $1
scorpio04: posts big blind $3
*** HOLE CARDS ***
Carl1891: folds
Uncalled bet ($2) returned to scorpio04
scorpio04 collected $2 from pot
scorpio04: doesn't show hand
*** SUMMARY ***
Total pot $2 | Rake $0
Seat 2: Carl1891 (button) (small blind) folded before Flop
Seat 4: scorpio04 (big blind) collected ($2)


PokerStars Hand #144517836859:  Hold'em Limit ($3/$6 USD) - 2015/11/28 13:39:28 ET
Table 'Poincare II' 6-max Seat #4 is the button
Seat 2: Carl1891 ($24.90 in chips)
Seat 4: scorpio04 ($86.08 in chips)
scorpio04: posts small blind $1
Carl1891: posts big blind $3
*** HOLE CARDS ***
scorpio04: raises $3 to $6
Carl1891: calls $3
*** FLOP *** [3s 8s 6h]
Carl1891: checks
scorpio04: bets $3
Carl1891: calls $3
*** TURN *** [3s 8s 6h] [5s]
Carl1891: checks
scorpio04: bets $6
Carl1891: calls $6
*** RIVER *** [3s 8s 6h 5s] [Th]
Carl1891: checks
scorpio04: bets $6
Carl1891: raises $3.90 to $9.90 and is all-in
scorpio04: calls $3.90
*** SHOW DOWN ***
Carl1891: shows [Tc 3d] (two pair, Tens and Threes)
scorpio04: shows [Qh 8c] (a pair of Eights)
Carl1891 collected $49.30 from pot
*** SUMMARY ***
Total pot $49.80 | Rake $0.50
Board [3s 8s 6h 5s Th]
Seat 2: Carl1891 (big blind) showed [Tc 3d] and won ($49.30) with two pair, Tens and Threes
Seat 4: scorpio04 (button) (small blind) showed [Qh 8c] and lost with a pair of Eights


PokerStars Hand #144517887354:  Hold'em Limit ($3/$6 USD) - 2015/11/28 13:40:26 ET
Table 'Poincare II' 6-max Seat #2 is the button
Seat 2: Carl1891 ($62.58 in chips)
Seat 4: scorpio04 ($72 in chips)
Carl1891: posts small blind $1
scorpio04: posts big blind $3
*** HOLE CARDS ***
Carl1891: raises $3 to $6
scorpio04: calls $3
*** FLOP *** [2c Th Qd]
scorpio04: checks
Carl1891: checks
*** TURN *** [2c Th Qd] [Ts]
scorpio04: checks
Carl1891: checks
*** RIVER *** [2c Th Qd Ts] [7d]
scorpio04: bets $6
Carl1891: folds
Uncalled bet ($6) returned to scorpio04
scorpio04 collected $11.76 from pot
scorpio04: doesn't show hand
*** SUMMARY ***
Total pot $12 | Rake $0.24
Board [2c Th Qd Ts 7d]
Seat 2: Carl1891 (button) (small blind) folded on the River
Seat 4: scorpio04 (big blind) collected ($11.76)


PokerStars Hand #144517904707:  Hold'em Limit ($3/$6 USD) - 2015/11/28 13:40:46 ET
Table 'Poincare II' 6-max Seat #4 is the button
Seat 2: Carl1891 ($56.58 in chips)
Seat 4: scorpio04 ($77.76 in chips)
scorpio04: posts small blind $1
Carl1891: posts big blind $3
*** HOLE CARDS ***
SashaYuvelir joins the table at seat #3
scorpio04: raises $3 to $6
Carl1891: raises $3 to $9
scorpio04: calls $3
*** FLOP *** [3d 7c Th]
Carl1891: bets $3
scorpio04: calls $3
*** TURN *** [3d 7c Th] [3s]
Carl1891: checks
scorpio04: bets $6
Carl1891: calls $6
*** RIVER *** [3d 7c Th 3s] [Qd]
Carl1891: bets $6
scorpio04: raises $6 to $12
Carl1891: calls $6
*** SHOW DOWN ***
scorpio04: shows [Ah As] (two pair, Aces and Threes)
Carl1891: mucks hand
scorpio04 collected $59.50 from pot
*** SUMMARY ***
Total pot $60 | Rake $0.50
Board [3d 7c Th 3s Qd]
Seat 2: Carl1891 (big blind) mucked
Seat 4: scorpio04 (button) (small blind) showed [Ah As] and won ($59.50) with two pair, Aces and Threes


