PokerStars Hand #170626261163:  Hold'em Limit ($3/$6 USD) - 2017/05/19 10:24:35 ET
Table 'Poincare II' 10-max Seat #5 is the button
Seat 5: Marmmm1 ($120 in chips)
Seat 6: Rus29APX ($120 in chips)
Marmmm1: posts small blind $1
Rus29APX: posts big blind $3
*** HOLE CARDS ***
Marmmm1: folds
Uncalled bet ($2) returned to Rus29APX
Rus29APX collected $2 from pot
Rus29APX: doesn't show hand
*** SUMMARY ***
Total pot $2 | Rake $0
Seat 5: Marmmm1 (button) (small blind) folded before Flop
Seat 6: Rus29APX (big blind) collected ($2)


PokerStars Hand #170626265706:  Hold'em Limit ($3/$6 USD) - 2017/05/19 10:24:42 ET
Table 'Poincare II' 10-max Seat #6 is the button
Seat 5: Marmmm1 ($119 in chips)
Seat 6: Rus29APX ($121 in chips)
Rus29APX: posts small blind $1
Marmmm1: posts big blind $3
*** HOLE CARDS ***
Rus29APX: raises $3 to $6
Marmmm1: folds
Uncalled bet ($3) returned to Rus29APX
Marmmm1 leaves the table
Rus29APX collected $6 from pot
Rus29APX: doesn't show hand
*** SUMMARY ***
Total pot $6 | Rake $0
Seat 5: Marmmm1 (big blind) folded before Flop
Seat 6: Rus29APX (button) (small blind) collected ($6)


