PokerStars Hand #166330634966:  Hold'em Limit ($3/$6 USD) - 2017/02/17 1:45:29 ET
Table 'Polana' 6-max Seat #3 is the button
Seat 3: LifeisagameX ($84 in chips)
Seat 5: hairy1961 ($50 in chips)
LifeisagameX: posts small blind $1
hairy1961: posts big blind $3
*** HOLE CARDS ***
LifeisagameX: raises $3 to $6
hairy1961: calls $3
*** FLOP *** [6h 9d 7d]
hairy1961: checks
LifeisagameX: bets $3
hairy1961: calls $3
*** TURN *** [6h 9d 7d] [Kc]
hairy1961: bets $6
LifeisagameX: raises $6 to $12
hairy1961: calls $6
*** RIVER *** [6h 9d 7d Kc] [5h]
hairy1961: bets $6
LifeisagameX: raises $6 to $12
hairy1961: folds
Uncalled bet ($6) returned to LifeisagameX
LifeisagameX collected $53.50 from pot
LifeisagameX: doesn't show hand
*** SUMMARY ***
Total pot $54 | Rake $0.50
Board [6h 9d 7d Kc 5h]
Seat 3: LifeisagameX (button) (small blind) collected ($53.50)
Seat 5: hairy1961 (big blind) folded on the River


PokerStars Hand #166330652595:  Hold'em Limit ($3/$6 USD) - 2017/02/17 1:46:31 ET
Table 'Polana' 6-max Seat #5 is the button
Seat 3: LifeisagameX ($110.50 in chips)
Seat 5: hairy1961 ($23 in chips)
hairy1961: posts small blind $1
LifeisagameX: posts big blind $3
*** HOLE CARDS ***
hairy1961: raises $3 to $6
LifeisagameX: calls $3
*** FLOP *** [8h Jh 6c]
LifeisagameX: checks
hairy1961: bets $3
LifeisagameX: calls $3
*** TURN *** [8h Jh 6c] [5d]
LifeisagameX: checks
hairy1961: bets $6
LifeisagameX: calls $6
*** RIVER *** [8h Jh 6c 5d] [8c]
LifeisagameX: checks
hairy1961: checks
*** SHOW DOWN ***
LifeisagameX: shows [6d 3c] (two pair, Eights and Sixes)
hairy1961: shows [Ts Th] (two pair, Tens and Eights)
hairy1961 collected $29.50 from pot
*** SUMMARY ***
Total pot $30 | Rake $0.50
Board [8h Jh 6c 5d 8c]
Seat 3: LifeisagameX (big blind) showed [6d 3c] and lost with two pair, Eights and Sixes
Seat 5: hairy1961 (button) (small blind) showed [Ts Th] and won ($29.50) with two pair, Tens and Eights


PokerStars Hand #166330675020:  Hold'em Limit ($3/$6 USD) - 2017/02/17 1:47:50 ET
Table 'Polana' 6-max Seat #3 is the button
Seat 3: LifeisagameX ($95.50 in chips)
Seat 5: hairy1961 ($37.50 in chips)
LifeisagameX: posts small blind $1
hairy1961: posts big blind $3
*** HOLE CARDS ***
LifeisagameX: raises $3 to $6
hairy1961: raises $3 to $9
LifeisagameX: calls $3
*** FLOP *** [Qh 8c Qs]
hairy1961: bets $3
LifeisagameX: folds
Uncalled bet ($3) returned to hairy1961
hairy1961 collected $17.64 from pot
*** SUMMARY ***
Total pot $18 | Rake $0.36
Board [Qh 8c Qs]
Seat 3: LifeisagameX (button) (small blind) folded on the Flop
Seat 5: hairy1961 (big blind) collected ($17.64)


PokerStars Hand #166330689899:  Hold'em Limit ($3/$6 USD) - 2017/02/17 1:48:44 ET
Table 'Polana' 6-max Seat #5 is the button
Seat 3: LifeisagameX ($87.25 in chips)
Seat 5: hairy1961 ($44.89 in chips)
hairy1961: posts small blind $1
LifeisagameX: posts big blind $3
*** HOLE CARDS ***
hairy1961: folds
Uncalled bet ($2) returned to LifeisagameX
LifeisagameX collected $2 from pot
LifeisagameX: doesn't show hand
*** SUMMARY ***
Total pot $2 | Rake $0
Seat 3: LifeisagameX (big blind) collected ($2)
Seat 5: hairy1961 (button) (small blind) folded before Flop


PokerStars Hand #166330680429:  Hold'em Limit ($3/$6 USD) - 2017/02/17 1:48:10 ET
Table 'Polana' 6-max Seat #5 is the button
Seat 3: LifeisagameX ($86.50 in chips)
Seat 5: hairy1961 ($46.14 in chips)
hairy1961: posts small blind $1
LifeisagameX: posts big blind $3
*** HOLE CARDS ***
hairy1961: folds
Uncalled bet ($2) returned to LifeisagameX
LifeisagameX collected $2 from pot
LifeisagameX: doesn't show hand
*** SUMMARY ***
Total pot $2 | Rake $0
Seat 3: LifeisagameX (big blind) collected ($2)
Seat 5: hairy1961 (button) (small blind) folded before Flop


PokerStars Hand #166330682268:  Hold'em Limit ($3/$6 USD) - 2017/02/17 1:48:16 ET
Table 'Polana' 6-max Seat #3 is the button
Seat 3: LifeisagameX ($87.50 in chips)
Seat 5: hairy1961 ($45.14 in chips)
LifeisagameX: posts small blind $1
hairy1961: posts big blind $3
*** HOLE CARDS ***
LifeisagameX: raises $3 to $6
hairy1961: calls $3
*** FLOP *** [Kc As Td]
hairy1961: bets $3
LifeisagameX: calls $3
*** TURN *** [Kc As Td] [6c]
hairy1961: checks
LifeisagameX: checks
*** RIVER *** [Kc As Td 6c] [8c]
hairy1961: bets $6
LifeisagameX: calls $6
*** SHOW DOWN ***
hairy1961: shows [6d 7d] (a pair of Sixes)
LifeisagameX: shows [4s 6s] (a pair of Sixes)
hairy1961 collected $14.75 from pot
LifeisagameX collected $14.75 from pot
*** SUMMARY ***
Total pot $30 | Rake $0.50
Board [Kc As Td 6c 8c]
Seat 3: LifeisagameX (button) (small blind) showed [4s 6s] and won ($14.75) with a pair of Sixes
Seat 5: hairy1961 (big blind) showed [6d 7d] and won ($14.75) with a pair of Sixes


PokerStars Hand #166330702557:  Hold'em Limit ($3/$6 USD) - 2017/02/17 1:49:29 ET
Table 'Polana' 6-max Seat #5 is the button
Seat 3: LifeisagameX ($108.75 in chips)
Seat 5: hairy1961 ($22.89 in chips)
hairy1961: posts small blind $1
LifeisagameX: posts big blind $3
*** HOLE CARDS ***
hairy1961: raises $3 to $6
LifeisagameX: folds
Uncalled bet ($3) returned to hairy1961
hairy1961 collected $6 from pot
*** SUMMARY ***
Total pot $6 | Rake $0
Seat 3: LifeisagameX (big blind) folded before Flop
Seat 5: hairy1961 (button) (small blind) collected ($6)


PokerStars Hand #166330691717:  Hold'em Limit ($3/$6 USD) - 2017/02/17 1:48:50 ET
Table 'Polana' 6-max Seat #3 is the button
Seat 3: LifeisagameX ($88.25 in chips)
Seat 5: hairy1961 ($43.89 in chips)
LifeisagameX: posts small blind $1
hairy1961: posts big blind $3
*** HOLE CARDS ***
LifeisagameX: raises $3 to $6
hairy1961: calls $3
*** FLOP *** [Js 2d 3c]
hairy1961: checks
LifeisagameX: bets $3
hairy1961: calls $3
*** TURN *** [Js 2d 3c] [7d]
hairy1961: checks
LifeisagameX: bets $6
hairy1961: calls $6
*** RIVER *** [Js 2d 3c 7d] [As]
hairy1961: checks
LifeisagameX: bets $6
hairy1961: calls $6
*** SHOW DOWN ***
LifeisagameX: shows [7s 8d] (a pair of Sevens)
hairy1961: mucks hand
LifeisagameX collected $41.50 from pot
*** SUMMARY ***
Total pot $42 | Rake $0.50
Board [Js 2d 3c 7d As]
Seat 3: LifeisagameX (button) (small blind) showed [7s 8d] and won ($41.50) with a pair of Sevens
Seat 5: hairy1961 (big blind) mucked


PokerStars Hand #166330724320:  Hold'em Limit ($3/$6 USD) - 2017/02/17 1:50:46 ET
Table 'Polana' 6-max Seat #5 is the button
Seat 3: LifeisagameX ($103.51 in chips)
Seat 5: hairy1961 ($27.53 in chips)
hairy1961: posts small blind $1
LifeisagameX: posts big blind $3
*** HOLE CARDS ***
hairy1961: folds
Uncalled bet ($2) returned to LifeisagameX
LifeisagameX collected $2 from pot
LifeisagameX: doesn't show hand
*** SUMMARY ***
Total pot $2 | Rake $0
Seat 3: LifeisagameX (big blind) collected ($2)
Seat 5: hairy1961 (button) (small blind) folded before Flop


PokerStars Hand #166330715809:  Hold'em Limit ($3/$6 USD) - 2017/02/17 1:50:16 ET
Table 'Polana' 6-max Seat #3 is the button
Seat 3: LifeisagameX ($97.75 in chips)
Seat 5: hairy1961 ($33.53 in chips)
TbIP-TbIP 88 leaves the table
LifeisagameX: posts small blind $1
hairy1961: posts big blind $3
*** HOLE CARDS ***
LifeisagameX: raises $3 to $6
hairy1961: calls $3
*** FLOP *** [6s 4s 2c]
hairy1961: checks
LifeisagameX: checks
*** TURN *** [6s 4s 2c] [9c]
hairy1961: checks
LifeisagameX: checks
*** RIVER *** [6s 4s 2c 9c] [2s]
hairy1961: checks
LifeisagameX: checks
*** SHOW DOWN ***
hairy1961: shows [8h 7d] (a pair of Deuces)
LifeisagameX: shows [3d Kh] (a pair of Deuces - King kicker)
LifeisagameX collected $11.76 from pot
*** SUMMARY ***
Total pot $12 | Rake $0.24
Board [6s 4s 2c 9c 2s]
Seat 3: LifeisagameX (button) (small blind) showed [3d Kh] and won ($11.76) with a pair of Deuces
Seat 5: hairy1961 (big blind) showed [8h 7d] and lost with a pair of Deuces


PokerStars Hand #166330705310:  Hold'em Limit ($3/$6 USD) - 2017/02/17 1:49:38 ET
Table 'Polana' 6-max Seat #3 is the button
Seat 3: LifeisagameX ($105.75 in chips)
Seat 5: hairy1961 ($25.89 in chips)
LifeisagameX: posts small blind $1
hairy1961: posts big blind $3
*** HOLE CARDS ***
LifeisagameX: raises $3 to $6
hairy1961: raises $3 to $9
LifeisagameX: calls $3
*** FLOP *** [9h 3s 7d]
hairy1961: bets $3
LifeisagameX: folds
Uncalled bet ($3) returned to hairy1961
hairy1961 collected $17.64 from pot
*** SUMMARY ***
Total pot $18 | Rake $0.36
Board [9h 3s 7d]
Seat 3: LifeisagameX (button) (small blind) folded on the Flop
Seat 5: hairy1961 (big blind) collected ($17.64)


PokerStars Hand #166330713999:  Hold'em Limit ($3/$6 USD) - 2017/02/17 1:50:09 ET
Table 'Polana' 6-max Seat #5 is the button
Seat 3: LifeisagameX ($96.75 in chips)
Seat 5: hairy1961 ($34.53 in chips)
hairy1961: posts small blind $1
LifeisagameX: posts big blind $3
*** HOLE CARDS ***
hairy1961: folds
Uncalled bet ($2) returned to LifeisagameX
LifeisagameX collected $2 from pot
LifeisagameX: doesn't show hand
*** SUMMARY ***
Total pot $2 | Rake $0
Seat 3: LifeisagameX (big blind) collected ($2)
Seat 5: hairy1961 (button) (small blind) folded before Flop


PokerStars Hand #166330726501:  Hold'em Limit ($3/$6 USD) - 2017/02/17 1:50:54 ET
Table 'Polana' 6-max Seat #3 is the button
Seat 3: LifeisagameX ($104.51 in chips)
Seat 5: hairy1961 ($26.53 in chips)
LifeisagameX: posts small blind $1
hairy1961: posts big blind $3
*** HOLE CARDS ***
LifeisagameX: raises $3 to $6
hairy1961: folds
Uncalled bet ($3) returned to LifeisagameX
LifeisagameX collected $6 from pot
LifeisagameX: doesn't show hand
*** SUMMARY ***
Total pot $6 | Rake $0
Seat 3: LifeisagameX (button) (small blind) collected ($6)
Seat 5: hairy1961 (big blind) folded before Flop


PokerStars Hand #166330729353:  Hold'em Limit ($3/$6 USD) - 2017/02/17 1:51:04 ET
Table 'Polana' 6-max Seat #5 is the button
Seat 3: LifeisagameX ($107.51 in chips)
Seat 5: hairy1961 ($23.53 in chips)
hairy1961: posts small blind $1
LifeisagameX: posts big blind $3
*** HOLE CARDS ***
hairy1961: raises $3 to $6
LifeisagameX: calls $3
*** FLOP *** [Ac 2d 5h]
LifeisagameX: checks
hairy1961: bets $3
LifeisagameX: raises $3 to $6
hairy1961: raises $3 to $9
LifeisagameX: calls $3
*** TURN *** [Ac 2d 5h] [9d]
LifeisagameX: bets $6
hairy1961: raises $2.53 to $8.53 and is all-in
LifeisagameX: calls $2.53
*** RIVER *** [Ac 2d 5h 9d] [Jc]
*** SHOW DOWN ***
LifeisagameX: shows [5d Qc] (a pair of Fives)
hairy1961: shows [8c As] (a pair of Aces)
hairy1961 collected $46.56 from pot
*** SUMMARY ***
Total pot $47.06 | Rake $0.50
Board [Ac 2d 5h 9d Jc]
Seat 3: LifeisagameX (big blind) showed [5d Qc] and lost with a pair of Fives
Seat 5: hairy1961 (button) (small blind) showed [8c As] and won ($46.56) with a pair of Aces


PokerStars Hand #166330736858:  Hold'em Limit ($3/$6 USD) - 2017/02/17 1:51:30 ET
Table 'Polana' 6-max Seat #3 is the button
Seat 3: LifeisagameX ($84 in chips)
Seat 5: hairy1961 ($46.56 in chips)
LifeisagameX: posts small blind $1
hairy1961: posts big blind $3
*** HOLE CARDS ***
LifeisagameX: raises $3 to $6
hairy1961: calls $3
*** FLOP *** [Tc 9d Qc]
hairy1961: checks
LifeisagameX: bets $3
hairy1961: raises $3 to $6
LifeisagameX: calls $3
*** TURN *** [Tc 9d Qc] [2s]
hairy1961: bets $6
LifeisagameX: raises $6 to $12
hairy1961: raises $6 to $18
LifeisagameX: calls $6
*** RIVER *** [Tc 9d Qc 2s] [3c]
hairy1961: bets $6
LifeisagameX: calls $6
*** SHOW DOWN ***
hairy1961: shows [2c 6c] (a flush, Queen high)
LifeisagameX: mucks hand
hairy1961 collected $71.50 from pot
*** SUMMARY ***
Total pot $72 | Rake $0.50
Board [Tc 9d Qc 2s 3c]
Seat 3: LifeisagameX (button) (small blind) mucked
Seat 5: hairy1961 (big blind) showed [2c 6c] and won ($71.50) with a flush, Queen high


PokerStars Hand #166330750256:  Hold'em Limit ($3/$6 USD) - 2017/02/17 1:52:18 ET
Table 'Polana' 6-max Seat #5 is the button
Seat 3: LifeisagameX ($84 in chips)
Seat 5: hairy1961 ($82.06 in chips)
hairy1961: posts small blind $1
LifeisagameX: posts big blind $3
*** HOLE CARDS ***
hairy1961: raises $3 to $6
LifeisagameX: calls $3
*** FLOP *** [8s 6h 7h]
LifeisagameX: checks
hairy1961: bets $3
LifeisagameX: folds
Uncalled bet ($3) returned to hairy1961
hairy1961 collected $11.76 from pot
*** SUMMARY ***
Total pot $12 | Rake $0.24
Board [8s 6h 7h]
Seat 3: LifeisagameX (big blind) folded on the Flop
Seat 5: hairy1961 (button) (small blind) collected ($11.76)


PokerStars Hand #166330755576:  Hold'em Limit ($3/$6 USD) - 2017/02/17 1:52:37 ET
Table 'Polana' 6-max Seat #3 is the button
Seat 3: LifeisagameX ($84 in chips)
Seat 5: hairy1961 ($87.82 in chips)
LifeisagameX: posts small blind $1
hairy1961: posts big blind $3
*** HOLE CARDS ***
LifeisagameX: raises $3 to $6
hairy1961: calls $3
*** FLOP *** [3h 8c Kh]
hairy1961: checks
LifeisagameX: checks
*** TURN *** [3h 8c Kh] [Qc]
hairy1961: checks
LifeisagameX: bets $6
hairy1961: calls $6
*** RIVER *** [3h 8c Kh Qc] [7d]
hairy1961: checks
LifeisagameX: bets $6
hairy1961: folds
Uncalled bet ($6) returned to LifeisagameX
LifeisagameX collected $23.52 from pot
LifeisagameX: doesn't show hand
*** SUMMARY ***
Total pot $24 | Rake $0.48
Board [3h 8c Kh Qc 7d]
Seat 3: LifeisagameX (button) (small blind) collected ($23.52)
Seat 5: hairy1961 (big blind) folded on the River


PokerStars Hand #166330773499:  Hold'em Limit ($3/$6 USD) - 2017/02/17 1:53:40 ET
Table 'Polana' 6-max Seat #5 is the button
Seat 3: LifeisagameX ($95.52 in chips)
Seat 5: hairy1961 ($75.82 in chips)
hairy1961: posts small blind $1
LifeisagameX: posts big blind $3
*** HOLE CARDS ***
hairy1961: raises $3 to $6
LifeisagameX: calls $3
*** FLOP *** [8h 9s Kd]
LifeisagameX: checks
hairy1961: bets $3
LifeisagameX: raises $3 to $6
hairy1961: raises $3 to $9
LifeisagameX: calls $3
*** TURN *** [8h 9s Kd] [4d]
LifeisagameX: checks
hairy1961: bets $6
LifeisagameX: calls $6
*** RIVER *** [8h 9s Kd 4d] [As]
LifeisagameX: checks
hairy1961: checks
*** SHOW DOWN ***
LifeisagameX: shows [7c 6s] (high card Ace)
hairy1961: shows [5c Ks] (a pair of Kings)
hairy1961 collected $41.50 from pot
*** SUMMARY ***
Total pot $42 | Rake $0.50
Board [8h 9s Kd 4d As]
Seat 3: LifeisagameX (big blind) showed [7c 6s] and lost with high card Ace
Seat 5: hairy1961 (button) (small blind) showed [5c Ks] and won ($41.50) with a pair of Kings


