PokerStars Hand #174228831201:  Hold'em Limit ($3/$6 USD) - 2017/08/12 4:09:01 ET
Table 'Polana' 6-max Seat #1 is the button
Seat 1: zimin10 ($72 in chips)
Seat 3: Pepperlina ($120 in chips)
zimin10: posts small blind $1
Pepperlina: posts big blind $3
*** HOLE CARDS ***
manly70 joins the table at seat #5
zimin10: raises $3 to $6
Pepperlina: raises $3 to $9
zimin10: calls $3
*** FLOP *** [9d Jh Ts]
Pepperlina: bets $3
zimin10: calls $3
*** TURN *** [9d Jh Ts] [Tc]
Pepperlina: bets $6
zimin10: folds
Uncalled bet ($6) returned to Pepperlina
Pepperlina collected $23.52 from pot
Pepperlina: doesn't show hand
*** SUMMARY ***
Total pot $24 | Rake $0.48
Board [9d Jh Ts Tc]
Seat 1: zimin10 (button) (small blind) folded on the Turn
Seat 3: Pepperlina (big blind) collected ($23.52)


PokerStars Hand #174233413142:  Hold'em Limit ($3/$6 USD) - 2017/08/12 7:36:01 ET
Table 'Polana' 6-max Seat #1 is the button
Seat 1: zimin10 ($146.62 in chips)
Seat 2: andyrr ($100 in chips)
zimin10: posts small blind $1
andyrr: posts big blind $3
*** HOLE CARDS ***
zimin10: raises $3 to $6
andyrr: calls $3
*** FLOP *** [9c 7c 7s]
andyrr: checks
zimin10: bets $3
andyrr: raises $3 to $6
zimin10: calls $3
*** TURN *** [9c 7c 7s] [As]
andyrr: bets $6
zimin10: calls $6
*** RIVER *** [9c 7c 7s As] [Td]
andyrr: bets $6
zimin10: calls $6
*** SHOW DOWN ***
andyrr: shows [Jh 7d] (three of a kind, Sevens)
zimin10: mucks hand
andyrr collected $47.50 from pot
*** SUMMARY ***
Total pot $48 | Rake $0.50
Board [9c 7c 7s As Td]
Seat 1: zimin10 (button) (small blind) mucked
Seat 2: andyrr (big blind) showed [Jh 7d] and won ($47.50) with three of a kind, Sevens


PokerStars Hand #174233409551:  Hold'em Limit ($3/$6 USD) - 2017/08/12 7:35:52 ET
Table 'Polana' 6-max Seat #5 is the button
Seat 1: zimin10 ($145.62 in chips)
Seat 5: manly70 ($302.09 in chips)
manly70: posts small blind $1
zimin10: posts big blind $3
*** HOLE CARDS ***
manly70: folds
Uncalled bet ($2) returned to zimin10
zimin10 collected $2 from pot
*** SUMMARY ***
Total pot $2 | Rake $0
Seat 1: zimin10 (big blind) collected ($2)
Seat 5: manly70 (button) (small blind) folded before Flop


PokerStars Hand #174233444652:  Hold'em Limit ($3/$6 USD) - 2017/08/12 7:37:13 ET
Table 'Polana' 6-max Seat #5 is the button
Seat 1: zimin10 ($115.23 in chips)
Seat 5: manly70 ($298.09 in chips)
manly70: posts small blind $1
zimin10: posts big blind $3
*** HOLE CARDS ***
manly70: folds
Uncalled bet ($2) returned to zimin10
zimin10 collected $2 from pot
*** SUMMARY ***
Total pot $2 | Rake $0
Seat 1: zimin10 (big blind) collected ($2)
Seat 5: manly70 (button) (small blind) folded before Flop


PokerStars Hand #174233439980:  Hold'em Limit ($3/$6 USD) - 2017/08/12 7:37:02 ET
Table 'Polana' 6-max Seat #1 is the button
Seat 1: zimin10 ($116.23 in chips)
Seat 5: manly70 ($297.09 in chips)
zimin10: posts small blind $1
manly70: posts big blind $3
*** HOLE CARDS ***
andyrr leaves the table
joha74 joins the table at seat #3
zimin10: folds
Uncalled bet ($2) returned to manly70
manly70 collected $2 from pot
*** SUMMARY ***
Total pot $2 | Rake $0
Seat 1: zimin10 (button) (small blind) folded before Flop
Seat 5: manly70 (big blind) collected ($2)


PokerStars Hand #174234190066:  Hold'em Limit ($3/$6 USD) - 2017/08/12 8:05:36 ET
Table 'Polana' 6-max Seat #1 is the button
Seat 1: zimin10 ($78.20 in chips)
Seat 5: manly70 ($218.92 in chips)
zimin10: posts small blind $1
manly70: posts big blind $3
*** HOLE CARDS ***
andyrr leaves the table
zimin10: raises $3 to $6
manly70: folds
Uncalled bet ($3) returned to zimin10
zimin10 collected $6 from pot
*** SUMMARY ***
Total pot $6 | Rake $0
Seat 1: zimin10 (button) (small blind) collected ($6)
Seat 5: manly70 (big blind) folded before Flop


PokerStars Hand #174234194991:  Hold'em Limit ($3/$6 USD) - 2017/08/12 8:05:47 ET
Table 'Polana' 6-max Seat #5 is the button
Seat 1: zimin10 ($81.20 in chips)
Seat 5: manly70 ($215.92 in chips)
manly70: posts small blind $1
zimin10: posts big blind $3
*** HOLE CARDS ***
manly70: raises $3 to $6
zimin10: calls $3
*** FLOP *** [6s 3c Ac]
zimin10: checks
manly70: bets $3
zimin10: raises $3 to $6
manly70: calls $3
*** TURN *** [6s 3c Ac] [9s]
zimin10: bets $6
manly70: calls $6
*** RIVER *** [6s 3c Ac 9s] [6d]
zimin10: bets $6
manly70: calls $6
*** SHOW DOWN ***
zimin10: shows [9h Tc] (two pair, Nines and Sixes)
manly70: shows [4c As] (two pair, Aces and Sixes)
manly70 collected $47.50 from pot
*** SUMMARY ***
Total pot $48 | Rake $0.50
Board [6s 3c Ac 9s 6d]
Seat 1: zimin10 (big blind) showed [9h Tc] and lost with two pair, Nines and Sixes
Seat 5: manly70 (button) (small blind) showed [4c As] and won ($47.50) with two pair, Aces and Sixes


