PokerStars Hand #151207069499:  Hold'em Limit ($3/$6 USD) - 2016/03/31 6:14:10 ET
Table 'Polana III' 6-max Seat #6 is the button
Seat 1: frazerchi ($30 in chips)
Seat 6: melyh82 ($88.83 in chips)
melyh82: posts small blind $1
frazerchi: posts big blind $3
*** HOLE CARDS ***
TbIP-TbIP 88 leaves the table
melyh82: raises $3 to $6
frazerchi: raises $3 to $9
melyh82: calls $3
*** FLOP *** [Tc Jc 6s]
frazerchi: bets $3
melyh82: calls $3
*** TURN *** [Tc Jc 6s] [9d]
frazerchi: bets $6
melyh82: raises $6 to $12
frazerchi: calls $6
*** RIVER *** [Tc Jc 6s 9d] [Td]
frazerchi: checks
melyh82: checks
*** SHOW DOWN ***
frazerchi: shows [Kd Ad] (a pair of Tens)
melyh82: shows [Js 9s] (two pair, Jacks and Tens)
melyh82 collected $47.50 from pot
*** SUMMARY ***
Total pot $48 | Rake $0.50
Board [Tc Jc 6s 9d Td]
Seat 1: frazerchi (big blind) showed [Kd Ad] and lost with a pair of Tens
Seat 6: melyh82 (button) (small blind) showed [Js 9s] and won ($47.50) with two pair, Jacks and Tens


PokerStars Hand #151207111385:  Hold'em Limit ($3/$6 USD) - 2016/03/31 6:15:43 ET
Table 'Polana III' 6-max Seat #6 is the button
Seat 1: frazerchi ($22.05 in chips)
Seat 6: melyh82 ($95.57 in chips)
melyh82: posts small blind $1
frazerchi: posts big blind $3
*** HOLE CARDS ***
melyh82: folds
Uncalled bet ($2) returned to frazerchi
frazerchi collected $2 from pot
frazerchi: doesn't show hand
*** SUMMARY ***
Total pot $2 | Rake $0
Seat 1: frazerchi (big blind) collected ($2)
Seat 6: melyh82 (button) (small blind) folded before Flop


PokerStars Hand #151207108570:  Hold'em Limit ($3/$6 USD) - 2016/03/31 6:15:37 ET
Table 'Polana III' 6-max Seat #1 is the button
Seat 1: frazerchi ($23.05 in chips)
Seat 6: melyh82 ($94.57 in chips)
frazerchi: posts small blind $1
melyh82: posts big blind $3
*** HOLE CARDS ***
frazerchi: folds
Uncalled bet ($2) returned to melyh82
melyh82 collected $2 from pot
melyh82: doesn't show hand
*** SUMMARY ***
Total pot $2 | Rake $0
Seat 1: frazerchi (button) (small blind) folded before Flop
Seat 6: melyh82 (big blind) collected ($2)


PokerStars Hand #151207097497:  Hold'em Limit ($3/$6 USD) - 2016/03/31 6:15:13 ET
Table 'Polana III' 6-max Seat #6 is the button
Seat 1: frazerchi ($11.76 in chips)
Seat 6: melyh82 ($106.33 in chips)
melyh82: posts small blind $1
frazerchi: posts big blind $3
*** HOLE CARDS ***
melyh82: raises $3 to $6
frazerchi: raises $3 to $9
melyh82: calls $3
*** FLOP *** [Td 6s 6d]
frazerchi: bets $2.76 and is all-in
melyh82: calls $2.76
*** TURN *** [Td 6s 6d] [9d]
*** RIVER *** [Td 6s 6d 9d] [7c]
*** SHOW DOWN ***
frazerchi: shows [7d 9c] (two pair, Nines and Sevens)
melyh82: shows [9h Js] (two pair, Nines and Sixes)
frazerchi collected $23.05 from pot
*** SUMMARY ***
Total pot $23.52 | Rake $0.47
Board [Td 6s 6d 9d 7c]
Seat 1: frazerchi (big blind) showed [7d 9c] and won ($23.05) with two pair, Nines and Sevens
Seat 6: melyh82 (button) (small blind) showed [9h Js] and lost with two pair, Nines and Sixes


PokerStars Hand #151207085467:  Hold'em Limit ($3/$6 USD) - 2016/03/31 6:14:46 ET
Table 'Polana III' 6-max Seat #1 is the button
Seat 1: frazerchi ($6 in chips)
Seat 6: melyh82 ($112.33 in chips)
frazerchi: posts small blind $1
melyh82: posts big blind $3
*** HOLE CARDS ***
frazerchi: raises $3 to $6 and is all-in
melyh82: calls $3
*** FLOP *** [3h 4s Kd]
*** TURN *** [3h 4s Kd] [7d]
*** RIVER *** [3h 4s Kd 7d] [Qh]
*** SHOW DOWN ***
melyh82: shows [Qd Ad] (a pair of Queens)
frazerchi: shows [Kh Ac] (a pair of Kings)
frazerchi collected $11.76 from pot
*** SUMMARY ***
Total pot $12 | Rake $0.24
Board [3h 4s Kd 7d Qh]
Seat 1: frazerchi (button) (small blind) showed [Kh Ac] and won ($11.76) with a pair of Kings
Seat 6: melyh82 (big blind) showed [Qd Ad] and lost with a pair of Queens


PokerStars Hand #151207091346:  Hold'em Limit ($3/$6 USD) - 2016/03/31 6:14:59 ET
Table 'Polana III' 6-max Seat #6 is the button
Seat 1: frazerchi ($11.76 in chips)
Seat 6: melyh82 ($106.33 in chips)
melyh82: posts small blind $1
frazerchi: posts big blind $3
*** HOLE CARDS ***
melyh82: folds
Uncalled bet ($2) returned to frazerchi
frazerchi collected $2 from pot
frazerchi: doesn't show hand
*** SUMMARY ***
Total pot $2 | Rake $0
Seat 1: frazerchi (big blind) collected ($2)
Seat 6: melyh82 (button) (small blind) folded before Flop


PokerStars Hand #151207094236:  Hold'em Limit ($3/$6 USD) - 2016/03/31 6:15:06 ET
Table 'Polana III' 6-max Seat #1 is the button
Seat 1: frazerchi ($12.76 in chips)
Seat 6: melyh82 ($105.33 in chips)
frazerchi: posts small blind $1
melyh82: posts big blind $3
*** HOLE CARDS ***
frazerchi: folds
Uncalled bet ($2) returned to melyh82
melyh82 collected $2 from pot
melyh82: doesn't show hand
*** SUMMARY ***
Total pot $2 | Rake $0
Seat 1: frazerchi (button) (small blind) folded before Flop
Seat 6: melyh82 (big blind) collected ($2)


PokerStars Hand #151207120743:  Hold'em Limit ($3/$6 USD) - 2016/03/31 6:16:04 ET
Table 'Polana III' 6-max Seat #6 is the button
Seat 1: frazerchi ($22.05 in chips)
Seat 6: melyh82 ($95.57 in chips)
melyh82: posts small blind $1
frazerchi: posts big blind $3
*** HOLE CARDS ***
melyh82: folds
Uncalled bet ($2) returned to frazerchi
frazerchi collected $2 from pot
frazerchi: doesn't show hand
*** SUMMARY ***
Total pot $2 | Rake $0
Seat 1: frazerchi (big blind) collected ($2)
Seat 6: melyh82 (button) (small blind) folded before Flop


PokerStars Hand #151207113475:  Hold'em Limit ($3/$6 USD) - 2016/03/31 6:15:48 ET
Table 'Polana III' 6-max Seat #1 is the button
Seat 1: frazerchi ($23.05 in chips)
Seat 6: melyh82 ($94.57 in chips)
frazerchi: posts small blind $1
melyh82: posts big blind $3
*** HOLE CARDS ***
frazerchi: folds
Uncalled bet ($2) returned to melyh82
melyh82 collected $2 from pot
melyh82: doesn't show hand
*** SUMMARY ***
Total pot $2 | Rake $0
Seat 1: frazerchi (button) (small blind) folded before Flop
Seat 6: melyh82 (big blind) collected ($2)


PokerStars Hand #151207185116:  Hold'em Limit ($3/$6 USD) - 2016/03/31 6:18:25 ET
Table 'Polana III' 6-max Seat #6 is the button
Seat 1: frazerchi ($57.10 in chips)
Seat 6: melyh82 ($59.52 in chips)
melyh82: posts small blind $1
frazerchi: posts big blind $3
*** HOLE CARDS ***
melyh82: raises $3 to $6
frazerchi: folds
Uncalled bet ($3) returned to melyh82
melyh82 collected $6 from pot
*** SUMMARY ***
Total pot $6 | Rake $0
Seat 1: frazerchi (big blind) folded before Flop
Seat 6: melyh82 (button) (small blind) collected ($6)


PokerStars Hand #151207178104:  Hold'em Limit ($3/$6 USD) - 2016/03/31 6:18:09 ET
Table 'Polana III' 6-max Seat #1 is the button
Seat 1: frazerchi ($42.60 in chips)
Seat 6: melyh82 ($74.52 in chips)
frazerchi: posts small blind $1
melyh82: posts big blind $3
*** HOLE CARDS ***
frazerchi: calls $2
melyh82: raises $3 to $6
frazerchi: calls $3
*** FLOP *** [Qh 3d Js]
melyh82: bets $3
frazerchi: calls $3
*** TURN *** [Qh 3d Js] [9s]
melyh82: bets $6
frazerchi: raises $6 to $12
melyh82: folds
Uncalled bet ($6) returned to frazerchi
frazerchi collected $29.50 from pot
frazerchi: doesn't show hand
*** SUMMARY ***
Total pot $30 | Rake $0.50
Board [Qh 3d Js 9s]
Seat 1: frazerchi (button) (small blind) collected ($29.50)
Seat 6: melyh82 (big blind) folded on the Turn


PokerStars Hand #151207175239:  Hold'em Limit ($3/$6 USD) - 2016/03/31 6:18:03 ET
Table 'Polana III' 6-max Seat #6 is the button
Seat 1: frazerchi ($45.60 in chips)
Seat 6: melyh82 ($71.52 in chips)
melyh82: posts small blind $1
frazerchi: posts big blind $3
*** HOLE CARDS ***
melyh82: raises $3 to $6
frazerchi: folds
Uncalled bet ($3) returned to melyh82
melyh82 collected $6 from pot
*** SUMMARY ***
Total pot $6 | Rake $0
Seat 1: frazerchi (big blind) folded before Flop
Seat 6: melyh82 (button) (small blind) collected ($6)


PokerStars Hand #151207187765:  Hold'em Limit ($3/$6 USD) - 2016/03/31 6:18:30 ET
Table 'Polana III' 6-max Seat #1 is the button
Seat 1: frazerchi ($54.10 in chips)
Seat 6: melyh82 ($62.52 in chips)
frazerchi: posts small blind $1
melyh82: posts big blind $3
*** HOLE CARDS ***
frazerchi: folds
Uncalled bet ($2) returned to melyh82
melyh82 collected $2 from pot
*** SUMMARY ***
Total pot $2 | Rake $0
Seat 1: frazerchi (button) (small blind) folded before Flop
Seat 6: melyh82 (big blind) collected ($2)


PokerStars Hand #151207199493:  Hold'em Limit ($3/$6 USD) - 2016/03/31 6:18:56 ET
Table 'Polana III' 6-max Seat #1 is the button
Seat 1: frazerchi ($38.10 in chips)
Seat 6: melyh82 ($78.02 in chips)
frazerchi: posts small blind $1
melyh82: posts big blind $3
*** HOLE CARDS ***
frazerchi: folds
Uncalled bet ($2) returned to melyh82
melyh82 collected $2 from pot
*** SUMMARY ***
Total pot $2 | Rake $0
Seat 1: frazerchi (button) (small blind) folded before Flop
Seat 6: melyh82 (big blind) collected ($2)


PokerStars Hand #151207190371:  Hold'em Limit ($3/$6 USD) - 2016/03/31 6:18:36 ET
Table 'Polana III' 6-max Seat #6 is the button
Seat 1: frazerchi ($53.10 in chips)
Seat 6: melyh82 ($63.52 in chips)
melyh82: posts small blind $1
frazerchi: posts big blind $3
*** HOLE CARDS ***
melyh82: raises $3 to $6
frazerchi: calls $3
*** FLOP *** [8s 4h 2d]
frazerchi: checks
melyh82: bets $3
frazerchi: calls $3
*** TURN *** [8s 4h 2d] [Ah]
frazerchi: checks
melyh82: checks
*** RIVER *** [8s 4h 2d Ah] [6c]
frazerchi: bets $6
melyh82: calls $6
*** SHOW DOWN ***
frazerchi: shows [Kc Tc] (high card Ace)
melyh82: shows [9d 8h] (a pair of Eights)
melyh82 collected $29.50 from pot
*** SUMMARY ***
Total pot $30 | Rake $0.50
Board [8s 4h 2d Ah 6c]
Seat 1: frazerchi (big blind) showed [Kc Tc] and lost with high card Ace
Seat 6: melyh82 (button) (small blind) showed [9d 8h] and won ($29.50) with a pair of Eights


PokerStars Hand #151207201862:  Hold'em Limit ($3/$6 USD) - 2016/03/31 6:19:01 ET
Table 'Polana III' 6-max Seat #6 is the button
Seat 1: frazerchi ($37.10 in chips)
Seat 6: melyh82 ($79.02 in chips)
melyh82: posts small blind $1
frazerchi: posts big blind $3
*** HOLE CARDS ***
melyh82: raises $3 to $6
frazerchi: calls $3
*** FLOP *** [3h 4s 7c]
frazerchi: bets $3
melyh82: calls $3
*** TURN *** [3h 4s 7c] [Th]
frazerchi: bets $6
melyh82: folds
Uncalled bet ($6) returned to frazerchi
Pelurile joins the table at seat #2
frazerchi collected $17.64 from pot
frazerchi: doesn't show hand
*** SUMMARY ***
Total pot $18 | Rake $0.36
Board [3h 4s 7c Th]
Seat 1: frazerchi (big blind) collected ($17.64)
Seat 6: melyh82 (button) (small blind) folded on the Turn


PokerStars Hand #151207472542:  Hold'em Limit ($3/$6 USD) - 2016/03/31 6:28:53 ET
Table 'Polana III' 6-max Seat #3 is the button
Seat 2: Pelurile ($83.65 in chips)
Seat 3: HAL9QQQ ($145.56 in chips)
HAL9QQQ: posts small blind $1
Pelurile: posts big blind $3
*** HOLE CARDS ***
frazerchi leaves the table
HAL9QQQ: folds
Uncalled bet ($2) returned to Pelurile
Pelurile collected $2 from pot
Pelurile: doesn't show hand
*** SUMMARY ***
Total pot $2 | Rake $0
Seat 2: Pelurile (big blind) collected ($2)
Seat 3: HAL9QQQ (button) (small blind) folded before Flop


