PokerStars Hand #167031027325:  Hold'em Limit ($3/$6 USD) - 2017/03/02 22:02:14 ET
Table 'Polana' 6-max Seat #4 is the button
Seat 4: Actionni13 ($181.66 in chips)
Seat 5: LANARY ($93.04 in chips)
Actionni13: posts small blind $1
LANARY: posts big blind $3
*** HOLE CARDS ***
Actionni13: raises $3 to $6
LANARY: calls $3
*** FLOP *** [6c Kh Ts]
LANARY: checks
Actionni13: bets $3
LANARY: calls $3
*** TURN *** [6c Kh Ts] [7c]
LANARY: checks
Actionni13: bets $6
LANARY: folds
Uncalled bet ($6) returned to Actionni13
Actionni13 collected $17.64 from pot
Actionni13: doesn't show hand
*** SUMMARY ***
Total pot $18 | Rake $0.36
Board [6c Kh Ts 7c]
Seat 4: Actionni13 (button) (small blind) collected ($17.64)
Seat 5: LANARY (big blind) folded on the Turn


PokerStars Hand #167031021752:  Hold'em Limit ($3/$6 USD) - 2017/03/02 22:02:00 ET
Table 'Polana' 6-max Seat #5 is the button
Seat 4: Actionni13 ($173.02 in chips)
Seat 5: LANARY ($102.04 in chips)
LANARY: posts small blind $1
Actionni13: posts big blind $3
*** HOLE CARDS ***
LANARY: raises $3 to $6
Actionni13: raises $3 to $9
LANARY: calls $3
*** FLOP *** [Ks 7d 2h]
Actionni13: bets $3
LANARY: folds
Uncalled bet ($3) returned to Actionni13
Actionni13 collected $17.64 from pot
Actionni13: doesn't show hand
*** SUMMARY ***
Total pot $18 | Rake $0.36
Board [Ks 7d 2h]
Seat 4: Actionni13 (big blind) collected ($17.64)
Seat 5: LANARY (button) (small blind) folded on the Flop


PokerStars Hand #167031034977:  Hold'em Limit ($3/$6 USD) - 2017/03/02 22:02:34 ET
Table 'Polana' 6-max Seat #5 is the button
Seat 4: Actionni13 ($190.30 in chips)
Seat 5: LANARY ($84.04 in chips)
LANARY: posts small blind $1
Actionni13: posts big blind $3
*** HOLE CARDS ***
LANARY: calls $2
Actionni13: raises $3 to $6
LANARY: raises $3 to $9
Actionni13: calls $3
*** FLOP *** [As Td 8h]
Actionni13: checks
LANARY: bets $3
Actionni13: calls $3
*** TURN *** [As Td 8h] [3h]
Actionni13: checks
LANARY: bets $6
Actionni13: calls $6
*** RIVER *** [As Td 8h 3h] [5h]
Actionni13: checks
LANARY: bets $6
Actionni13: raises $6 to $12
LANARY: folds
Uncalled bet ($6) returned to Actionni13
Actionni13 collected $47.50 from pot
*** SUMMARY ***
Total pot $48 | Rake $0.50
Board [As Td 8h 3h 5h]
Seat 4: Actionni13 (big blind) collected ($47.50)
Seat 5: LANARY (button) (small blind) folded on the River


PokerStars Hand #167031106553:  Hold'em Limit ($3/$6 USD) - 2017/03/02 22:05:37 ET
Table 'Polana' 6-max Seat #4 is the button
Seat 2: KingKroniKK ($120 in chips)
Seat 4: Actionni13 ($213.80 in chips)
Actionni13: posts small blind $1
KingKroniKK: posts big blind $3
*** HOLE CARDS ***
Actionni13: folds
Uncalled bet ($2) returned to KingKroniKK
KingKroniKK collected $2 from pot
KingKroniKK: doesn't show hand
*** SUMMARY ***
Total pot $2 | Rake $0
Seat 2: KingKroniKK (big blind) collected ($2)
Seat 4: Actionni13 (button) (small blind) folded before Flop


PokerStars Hand #167031108637:  Hold'em Limit ($3/$6 USD) - 2017/03/02 22:05:42 ET
Table 'Polana' 6-max Seat #2 is the button
Seat 2: KingKroniKK ($121 in chips)
Seat 4: Actionni13 ($212.80 in chips)
KingKroniKK: posts small blind $1
Actionni13: posts big blind $3
*** HOLE CARDS ***
KingKroniKK: raises $3 to $6
Actionni13: calls $3
*** FLOP *** [Qd Ks Qc]
Actionni13: checks
KingKroniKK: bets $3
Actionni13: calls $3
*** TURN *** [Qd Ks Qc] [2c]
Actionni13: bets $6
KingKroniKK: folds
Uncalled bet ($6) returned to Actionni13
Actionni13 collected $17.64 from pot
Actionni13: doesn't show hand
KingKroniKK leaves the table
*** SUMMARY ***
Total pot $18 | Rake $0.36
Board [Qd Ks Qc 2c]
Seat 2: KingKroniKK (button) (small blind) folded on the Turn
Seat 4: Actionni13 (big blind) collected ($17.64)


PokerStars Hand #167031171426:  Hold'em Limit ($3/$6 USD) - 2017/03/02 22:08:24 ET
Table 'Polana' 6-max Seat #4 is the button
Seat 2: KingKroniKK ($99 in chips)
Seat 4: Actionni13 ($238.94 in chips)
Actionni13: posts small blind $1
KingKroniKK: posts big blind $3
*** HOLE CARDS ***
outlook zh joins the table at seat #6
Actionni13: raises $3 to $6
KingKroniKK: calls $3
*** FLOP *** [Qs 9c 4h]
KingKroniKK: checks
Actionni13: bets $3
KingKroniKK: calls $3
*** TURN *** [Qs 9c 4h] [9d]
KingKroniKK: checks
Actionni13: checks
*** RIVER *** [Qs 9c 4h 9d] [2h]
KingKroniKK: bets $6
Actionni13: folds
Uncalled bet ($6) returned to KingKroniKK
KingKroniKK collected $17.64 from pot
KingKroniKK: doesn't show hand
*** SUMMARY ***
Total pot $18 | Rake $0.36
Board [Qs 9c 4h 9d 2h]
Seat 2: KingKroniKK (big blind) collected ($17.64)
Seat 4: Actionni13 (button) (small blind) folded on the River


PokerStars Hand #167031167119:  Hold'em Limit ($3/$6 USD) - 2017/03/02 22:08:13 ET
Table 'Polana' 6-max Seat #2 is the button
Seat 2: KingKroniKK ($96 in chips)
Seat 4: Actionni13 ($241.94 in chips)
KingKroniKK: posts small blind $1
Actionni13: posts big blind $3
*** HOLE CARDS ***
KingKroniKK: raises $3 to $6
Actionni13: folds
Uncalled bet ($3) returned to KingKroniKK
KingKroniKK collected $6 from pot
KingKroniKK: doesn't show hand
*** SUMMARY ***
Total pot $6 | Rake $0
Seat 2: KingKroniKK (button) (small blind) collected ($6)
Seat 4: Actionni13 (big blind) folded before Flop


PokerStars Hand #167031156792:  Hold'em Limit ($3/$6 USD) - 2017/03/02 22:07:47 ET
Table 'Polana' 6-max Seat #4 is the button
Seat 2: KingKroniKK ($117 in chips)
Seat 4: Actionni13 ($221.44 in chips)
Actionni13: posts small blind $1
KingKroniKK: posts big blind $3
*** HOLE CARDS ***
Actionni13: raises $3 to $6
KingKroniKK: calls $3
*** FLOP *** [9d 6d 8s]
KingKroniKK: checks
Actionni13: bets $3
KingKroniKK: calls $3
*** TURN *** [9d 6d 8s] [Kd]
KingKroniKK: bets $6
Actionni13: calls $6
*** RIVER *** [9d 6d 8s Kd] [Td]
KingKroniKK: bets $6
Actionni13: calls $6
*** SHOW DOWN ***
KingKroniKK: shows [4h 5c] (high card King)
Actionni13: shows [Qc 7h] (a straight, Six to Ten)
Actionni13 collected $41.50 from pot
*** SUMMARY ***
Total pot $42 | Rake $0.50
Board [9d 6d 8s Kd Td]
Seat 2: KingKroniKK (big blind) showed [4h 5c] and lost with high card King
Seat 4: Actionni13 (button) (small blind) showed [Qc 7h] and won ($41.50) with a straight, Six to Ten


PokerStars Hand #167031181779:  Hold'em Limit ($3/$6 USD) - 2017/03/02 22:08:50 ET
Table 'Polana' 6-max Seat #2 is the button
Seat 2: KingKroniKK ($107.64 in chips)
Seat 4: Actionni13 ($229.94 in chips)
KingKroniKK: posts small blind $1
Actionni13: posts big blind $3
*** HOLE CARDS ***
KingKroniKK: folds
Uncalled bet ($2) returned to Actionni13
Actionni13 collected $2 from pot
Actionni13: doesn't show hand
*** SUMMARY ***
Total pot $2 | Rake $0
Seat 2: KingKroniKK (button) (small blind) folded before Flop
Seat 4: Actionni13 (big blind) collected ($2)


PokerStars Hand #167032792182:  Hold'em Limit ($3/$6 USD) - 2017/03/02 23:26:18 ET
Table 'Polana' 6-max Seat #6 is the button
Seat 2: kwangssi ($500.07 in chips)
Seat 6: Bedard ($406.32 in chips)
Bedard: posts small blind $1
kwangssi: posts big blind $3
*** HOLE CARDS ***
Bedard: raises $3 to $6
kwangssi: calls $3
*** FLOP *** [Qd 3s 6s]
kwangssi: checks
Bedard: checks
*** TURN *** [Qd 3s 6s] [8c]
kwangssi: bets $6
Bedard: calls $6
*** RIVER *** [Qd 3s 6s 8c] [Jc]
kwangssi: checks
Bedard: checks
*** SHOW DOWN ***
kwangssi: shows [7c Ah] (high card Ace)
Bedard: shows [9h As] (high card Ace - Queen+Jack+Nine kicker)
Bedard collected $23.52 from pot
*** SUMMARY ***
Total pot $24 | Rake $0.48
Board [Qd 3s 6s 8c Jc]
Seat 2: kwangssi (big blind) showed [7c Ah] and lost with high card Ace
Seat 6: Bedard (button) (small blind) showed [9h As] and won ($23.52) with high card Ace


PokerStars Hand #167032784860:  Hold'em Limit ($3/$6 USD) - 2017/03/02 23:25:55 ET
Table 'Polana' 6-max Seat #2 is the button
Seat 2: kwangssi ($518.07 in chips)
Seat 6: Bedard ($388.82 in chips)
kwangssi: posts small blind $1
AMA2347 was removed from the table for failing to post
Bedard: posts big blind $3
*** HOLE CARDS ***
kwangssi: raises $3 to $6
Bedard: raises $3 to $9
kwangssi: calls $3
*** FLOP *** [2c Ad Ts]
Bedard: bets $3
kwangssi: calls $3
*** TURN *** [2c Ad Ts] [4d]
Bedard: bets $6
kwangssi: calls $6
*** RIVER *** [2c Ad Ts 4d] [8s]
Bedard: checks
kwangssi: checks
*** SHOW DOWN ***
Bedard: shows [Qs 8c] (a pair of Eights)
kwangssi: mucks hand
Bedard collected $35.50 from pot
*** SUMMARY ***
Total pot $36 | Rake $0.50
Board [2c Ad Ts 4d 8s]
Seat 2: kwangssi (button) (small blind) mucked
Seat 6: Bedard (big blind) showed [Qs 8c] and won ($35.50) with a pair of Eights


PokerStars Hand #167033940974:  Hold'em Limit ($3/$6 USD) - 2017/03/03 0:32:10 ET
Table 'Polana' 6-max Seat #3 is the button
Seat 2: kwangssi ($603.66 in chips)
Seat 3: Agrotait ($73 in chips)
Agrotait: posts small blind $1
Chessnok: is sitting out
ChawkDee was removed from the table for failing to post
Fabulous108: is sitting out
kwangssi: posts big blind $3
*** HOLE CARDS ***
Fabulous108 leaves the table
Agrotait: raises $3 to $6
kwangssi: calls $3
*** FLOP *** [As Ts 5h]
kwangssi: checks
ChawkDee joins the table at seat #5
Agrotait: bets $3
kwangssi: calls $3
*** TURN *** [As Ts 5h] [8d]
kwangssi: checks
Agrotait: bets $6
kwangssi: calls $6
*** RIVER *** [As Ts 5h 8d] [7d]
kwangssi: checks
Agrotait: bets $6
kwangssi: calls $6
*** SHOW DOWN ***
Agrotait: shows [5c 5d] (three of a kind, Fives)
kwangssi: mucks hand
Agrotait collected $41.50 from pot
*** SUMMARY ***
Total pot $42 | Rake $0.50
Board [As Ts 5h 8d 7d]
Seat 2: kwangssi (big blind) mucked
Seat 3: Agrotait (button) (small blind) showed [5c 5d] and won ($41.50) with three of a kind, Fives


