PokerStars Hand #166202671212:  Hold'em Limit ($3/$6 USD) - 2017/02/14 11:32:27 ET
Table 'Polites' 10-max Seat #1 is the button
Seat 1: happyshine88 ($121 in chips)
Seat 10: MTails ($119 in chips)
happyshine88: posts small blind $1
MTails: posts big blind $3
*** HOLE CARDS ***
happyshine88: raises $3 to $6
MTails: calls $3
*** FLOP *** [6h 4d 8h]
MTails: checks
happyshine88: checks
*** TURN *** [6h 4d 8h] [Td]
MTails: bets $6
happyshine88: calls $6
*** RIVER *** [6h 4d 8h Td] [Th]
MTails: bets $6
happyshine88: calls $6
*** SHOW DOWN ***
MTails: shows [3c Qh] (a pair of Tens)
happyshine88: shows [Ac 5h] (a pair of Tens - Ace kicker)
happyshine88 collected $35.50 from pot
*** SUMMARY ***
Total pot $36 | Rake $0.50
Board [6h 4d 8h Td Th]
Seat 1: happyshine88 (button) (small blind) showed [Ac 5h] and won ($35.50) with a pair of Tens
Seat 10: MTails (big blind) showed [3c Qh] and lost with a pair of Tens


PokerStars Hand #166202667268:  Hold'em Limit ($3/$6 USD) - 2017/02/14 11:32:21 ET
Table 'Polites' 10-max Seat #10 is the button
Seat 1: happyshine88 ($120 in chips)
Seat 10: MTails ($120 in chips)
MTails: posts small blind $1
happyshine88: posts big blind $3
*** HOLE CARDS ***
MTails: folds
Uncalled bet ($2) returned to happyshine88
happyshine88 collected $2 from pot
happyshine88: doesn't show hand
*** SUMMARY ***
Total pot $2 | Rake $0
Seat 1: happyshine88 (big blind) collected ($2)
Seat 10: MTails (button) (small blind) folded before Flop


PokerStars Hand #166202692753:  Hold'em Limit ($3/$6 USD) - 2017/02/14 11:32:56 ET
Table 'Polites' 10-max Seat #10 is the button
Seat 1: happyshine88 ($138.50 in chips)
Seat 10: MTails ($101 in chips)
MTails: posts small blind $1
happyshine88: posts big blind $3
*** HOLE CARDS ***
MTails: raises $3 to $6
happyshine88: raises $3 to $9
MTails: calls $3
*** FLOP *** [3d 3s 6c]
happyshine88: bets $3
MTails: calls $3
*** TURN *** [3d 3s 6c] [7h]
happyshine88: checks
MTails: bets $6
happyshine88: calls $6
*** RIVER *** [3d 3s 6c 7h] [7d]
happyshine88: checks
MTails: bets $6
happyshine88: calls $6
*** SHOW DOWN ***
MTails: shows [9d 3c] (a full house, Threes full of Sevens)
happyshine88: mucks hand
MTails collected $47.50 from pot
*** SUMMARY ***
Total pot $48 | Rake $0.50
Board [3d 3s 6c 7h 7d]
Seat 1: happyshine88 (big blind) mucked
Seat 10: MTails (button) (small blind) showed [9d 3c] and won ($47.50) with a full house, Threes full of Sevens


PokerStars Hand #166202770556:  Hold'em Limit ($3/$6 USD) - 2017/02/14 11:34:42 ET
Table 'Polites' 10-max Seat #10 is the button
Seat 1: happyshine88 ($123 in chips)
Seat 10: MTails ($115 in chips)
MTails: posts small blind $1
happyshine88: posts big blind $3
*** HOLE CARDS ***
MTails: raises $3 to $6
happyshine88: calls $3
*** FLOP *** [Tc 6h 3h]
happyshine88: checks
MTails: bets $3
happyshine88: folds
Uncalled bet ($3) returned to MTails
MTails collected $11.76 from pot
MTails: doesn't show hand
*** SUMMARY ***
Total pot $12 | Rake $0.24
Board [Tc 6h 3h]
Seat 1: happyshine88 (big blind) folded on the Flop
Seat 10: MTails (button) (small blind) collected ($11.76)


PokerStars Hand #166202746341:  Hold'em Limit ($3/$6 USD) - 2017/02/14 11:34:09 ET
Table 'Polites' 10-max Seat #1 is the button
Seat 1: happyshine88 ($93.50 in chips)
Seat 10: MTails ($145 in chips)
happyshine88: posts small blind $1
MTails: posts big blind $3
*** HOLE CARDS ***
happyshine88: raises $3 to $6
MTails: calls $3
*** FLOP *** [Js Qd Tc]
MTails: checks
happyshine88: bets $3
MTails: raises $3 to $6
happyshine88: calls $3
*** TURN *** [Js Qd Tc] [7c]
MTails: bets $6
happyshine88: calls $6
*** RIVER *** [Js Qd Tc 7c] [4c]
MTails: bets $6
happyshine88: raises $6 to $12
MTails: calls $6
*** SHOW DOWN ***
happyshine88: shows [4h Qc] (two pair, Queens and Fours)
MTails: mucks hand
happyshine88 collected $59.50 from pot
*** SUMMARY ***
Total pot $60 | Rake $0.50
Board [Js Qd Tc 7c 4c]
Seat 1: happyshine88 (button) (small blind) showed [4h Qc] and won ($59.50) with two pair, Queens and Fours
Seat 10: MTails (big blind) mucked


PokerStars Hand #166202741727:  Hold'em Limit ($3/$6 USD) - 2017/02/14 11:34:03 ET
Table 'Polites' 10-max Seat #10 is the button
Seat 1: happyshine88 ($96.50 in chips)
Seat 10: MTails ($142 in chips)
MTails: posts small blind $1
happyshine88: posts big blind $3
*** HOLE CARDS ***
MTails: raises $3 to $6
happyshine88: folds
Uncalled bet ($3) returned to MTails
MTails collected $6 from pot
MTails: doesn't show hand
*** SUMMARY ***
Total pot $6 | Rake $0
Seat 1: happyshine88 (big blind) folded before Flop
Seat 10: MTails (button) (small blind) collected ($6)


PokerStars Hand #166202719555:  Hold'em Limit ($3/$6 USD) - 2017/02/14 11:33:33 ET
Table 'Polites' 10-max Seat #1 is the button
Seat 1: happyshine88 ($114.50 in chips)
Seat 10: MTails ($124.50 in chips)
happyshine88: posts small blind $1
MTails: posts big blind $3
*** HOLE CARDS ***
happyshine88: raises $3 to $6
MTails: calls $3
*** FLOP *** [2d 7c Tc]
MTails: checks
happyshine88: bets $3
MTails: raises $3 to $6
happyshine88: calls $3
*** TURN *** [2d 7c Tc] [8d]
MTails: bets $6
happyshine88: calls $6
*** RIVER *** [2d 7c Tc 8d] [5s]
MTails: bets $6
happyshine88: folds
Uncalled bet ($6) returned to MTails
MTails collected $35.50 from pot
*** SUMMARY ***
Total pot $36 | Rake $0.50
Board [2d 7c Tc 8d 5s]
Seat 1: happyshine88 (button) (small blind) folded on the River
Seat 10: MTails (big blind) collected ($35.50)


PokerStars Hand #166202803005:  Hold'em Limit ($3/$6 USD) - 2017/02/14 11:35:26 ET
Table 'Polites' 10-max Seat #1 is the button
Seat 1: happyshine88 ($130.50 in chips)
Seat 10: MTails ($106.76 in chips)
happyshine88: posts small blind $1
MTails: posts big blind $3
*** HOLE CARDS ***
happyshine88: raises $3 to $6
MTails: calls $3
*** FLOP *** [Ad 8d 7s]
MTails: checks
happyshine88: bets $3
MTails: raises $3 to $6
happyshine88: calls $3
*** TURN *** [Ad 8d 7s] [2s]
MTails: bets $6
happyshine88: calls $6
*** RIVER *** [Ad 8d 7s 2s] [3d]
MTails: bets $6
happyshine88: calls $6
*** SHOW DOWN ***
MTails: shows [Ah Tc] (a pair of Aces)
happyshine88: mucks hand
MTails collected $47.50 from pot
*** SUMMARY ***
Total pot $48 | Rake $0.50
Board [Ad 8d 7s 2s 3d]
Seat 1: happyshine88 (button) (small blind) mucked
Seat 10: MTails (big blind) showed [Ah Tc] and won ($47.50) with a pair of Aces


PokerStars Hand #166202783304:  Hold'em Limit ($3/$6 USD) - 2017/02/14 11:34:59 ET
Table 'Polites' 10-max Seat #10 is the button
Seat 1: happyshine88 ($116 in chips)
Seat 10: MTails ($121.76 in chips)
MTails: posts small blind $1
happyshine88: posts big blind $3
*** HOLE CARDS ***
MTails: raises $3 to $6
happyshine88: calls $3
*** FLOP *** [Th Ts Ks]
happyshine88: checks
MTails: bets $3
happyshine88: calls $3
*** TURN *** [Th Ts Ks] [5s]
happyshine88: checks
MTails: checks
*** RIVER *** [Th Ts Ks 5s] [6c]
happyshine88: bets $6
MTails: calls $6
*** SHOW DOWN ***
happyshine88: shows [As Kd] (two pair, Kings and Tens)
MTails: mucks hand
happyshine88 collected $29.50 from pot
*** SUMMARY ***
Total pot $30 | Rake $0.50
Board [Th Ts Ks 5s 6c]
Seat 1: happyshine88 (big blind) showed [As Kd] and won ($29.50) with two pair, Kings and Tens
Seat 10: MTails (button) (small blind) mucked


PokerStars Hand #166202779623:  Hold'em Limit ($3/$6 USD) - 2017/02/14 11:34:54 ET
Table 'Polites' 10-max Seat #1 is the button
Seat 1: happyshine88 ($117 in chips)
Seat 10: MTails ($120.76 in chips)
happyshine88: posts small blind $1
MTails: posts big blind $3
*** HOLE CARDS ***
happyshine88: folds
Uncalled bet ($2) returned to MTails
MTails collected $2 from pot
MTails: doesn't show hand
*** SUMMARY ***
Total pot $2 | Rake $0
Seat 1: happyshine88 (button) (small blind) folded before Flop
Seat 10: MTails (big blind) collected ($2)


PokerStars Hand #166202866143:  Hold'em Limit ($3/$6 USD) - 2017/02/14 11:36:51 ET
Table 'Polites' 10-max Seat #1 is the button
Seat 1: happyshine88 ($64.50 in chips)
Seat 10: MTails ($171.28 in chips)
happyshine88: posts small blind $1
MTails: posts big blind $3
*** HOLE CARDS ***
happyshine88: folds
Uncalled bet ($2) returned to MTails
MTails collected $2 from pot
MTails: doesn't show hand
*** SUMMARY ***
Total pot $2 | Rake $0
Seat 1: happyshine88 (button) (small blind) folded before Flop
Seat 10: MTails (big blind) collected ($2)


PokerStars Hand #166202854289:  Hold'em Limit ($3/$6 USD) - 2017/02/14 11:36:36 ET
Table 'Polites' 10-max Seat #10 is the button
Seat 1: happyshine88 ($70.50 in chips)
Seat 10: MTails ($165.52 in chips)
MTails: posts small blind $1
happyshine88: posts big blind $3
*** HOLE CARDS ***
MTails: raises $3 to $6
happyshine88: calls $3
*** FLOP *** [Th As Qh]
happyshine88: checks
MTails: bets $3
happyshine88: folds
Uncalled bet ($3) returned to MTails
MTails collected $11.76 from pot
MTails: doesn't show hand
*** SUMMARY ***
Total pot $12 | Rake $0.24
Board [Th As Qh]
Seat 1: happyshine88 (big blind) folded on the Flop
Seat 10: MTails (button) (small blind) collected ($11.76)


PokerStars Hand #166202833820:  Hold'em Limit ($3/$6 USD) - 2017/02/14 11:36:08 ET
Table 'Polites' 10-max Seat #1 is the button
Seat 1: happyshine88 ($100.50 in chips)
Seat 10: MTails ($136.02 in chips)
happyshine88: posts small blind $1
MTails: posts big blind $3
*** HOLE CARDS ***
happyshine88: raises $3 to $6
MTails: calls $3
*** FLOP *** [9s Tc 5c]
MTails: checks
happyshine88: bets $3
MTails: raises $3 to $6
happyshine88: calls $3
*** TURN *** [9s Tc 5c] [Qs]
MTails: bets $6
happyshine88: calls $6
*** RIVER *** [9s Tc 5c Qs] [8c]
MTails: bets $6
happyshine88: raises $6 to $12
MTails: calls $6
*** SHOW DOWN ***
happyshine88: shows [Kd 6s] (high card King)
MTails: shows [Jc 4s] (a straight, Eight to Queen)
MTails collected $59.50 from pot
*** SUMMARY ***
Total pot $60 | Rake $0.50
Board [9s Tc 5c Qs 8c]
Seat 1: happyshine88 (button) (small blind) showed [Kd 6s] and lost with high card King
Seat 10: MTails (big blind) showed [Jc 4s] and won ($59.50) with a straight, Eight to Queen


PokerStars Hand #166202824442:  Hold'em Limit ($3/$6 USD) - 2017/02/14 11:35:55 ET
Table 'Polites' 10-max Seat #10 is the button
Seat 1: happyshine88 ($106.50 in chips)
Seat 10: MTails ($130.26 in chips)
MTails: posts small blind $1
happyshine88: posts big blind $3
*** HOLE CARDS ***
MTails: raises $3 to $6
happyshine88: calls $3
*** FLOP *** [Ks Js 9s]
happyshine88: checks
MTails: bets $3
happyshine88: folds
Uncalled bet ($3) returned to MTails
MTails collected $11.76 from pot
*** SUMMARY ***
Total pot $12 | Rake $0.24
Board [Ks Js 9s]
Seat 1: happyshine88 (big blind) folded on the Flop
Seat 10: MTails (button) (small blind) collected ($11.76)


PokerStars Hand #166202881621:  Hold'em Limit ($3/$6 USD) - 2017/02/14 11:37:13 ET
Table 'Polites' 10-max Seat #1 is the button
Seat 1: happyshine88 ($72.14 in chips)
Seat 10: MTails ($163.28 in chips)
happyshine88: posts small blind $1
MTails: posts big blind $3
*** HOLE CARDS ***
happyshine88: raises $3 to $6
MTails: calls $3
*** FLOP *** [8d Th 7s]
MTails: checks
happyshine88: checks
*** TURN *** [8d Th 7s] [5h]
MTails: bets $6
happyshine88: calls $6
*** RIVER *** [8d Th 7s 5h] [8h]
MTails: checks
happyshine88: checks
*** SHOW DOWN ***
MTails: shows [Kd Js] (a pair of Eights)
happyshine88: shows [6c Ac] (a pair of Eights - Ace kicker)
happyshine88 collected $23.52 from pot
*** SUMMARY ***
Total pot $24 | Rake $0.48
Board [8d Th 7s 5h 8h]
Seat 1: happyshine88 (button) (small blind) showed [6c Ac] and won ($23.52) with a pair of Eights
Seat 10: MTails (big blind) showed [Kd Js] and lost with a pair of Eights


PokerStars Hand #166202870071:  Hold'em Limit ($3/$6 USD) - 2017/02/14 11:36:57 ET
Table 'Polites' 10-max Seat #10 is the button
Seat 1: happyshine88 ($63.50 in chips)
Seat 10: MTails ($172.28 in chips)
MTails: posts small blind $1
happyshine88: posts big blind $3
*** HOLE CARDS ***
MTails: raises $3 to $6
happyshine88: raises $3 to $9
MTails: calls $3
*** FLOP *** [7c 6c Ac]
happyshine88: bets $3
MTails: folds
Uncalled bet ($3) returned to happyshine88
happyshine88 collected $17.64 from pot
happyshine88: doesn't show hand
*** SUMMARY ***
Total pot $18 | Rake $0.36
Board [7c 6c Ac]
Seat 1: happyshine88 (big blind) collected ($17.64)
Seat 10: MTails (button) (small blind) folded on the Flop


PokerStars Hand #166202933607:  Hold'em Limit ($3/$6 USD) - 2017/02/14 11:38:23 ET
Table 'Polites' 10-max Seat #10 is the button
Seat 1: happyshine88 ($106.92 in chips)
Seat 10: MTails ($127.28 in chips)
MTails: posts small blind $1
happyshine88: posts big blind $3
*** HOLE CARDS ***
MTails: raises $3 to $6
happyshine88: calls $3
*** FLOP *** [9h Ts 7s]
happyshine88: checks
MTails: bets $3
happyshine88: raises $3 to $6
MTails: raises $3 to $9
happyshine88: calls $3
*** TURN *** [9h Ts 7s] [4h]
happyshine88: checks
MTails: checks
*** RIVER *** [9h Ts 7s 4h] [7h]
happyshine88: bets $6
MTails: calls $6
*** SHOW DOWN ***
happyshine88: shows [3s 4s] (two pair, Sevens and Fours)
MTails: mucks hand
happyshine88 collected $41.50 from pot
*** SUMMARY ***
Total pot $42 | Rake $0.50
Board [9h Ts 7s 4h 7h]
Seat 1: happyshine88 (big blind) showed [3s 4s] and won ($41.50) with two pair, Sevens and Fours
Seat 10: MTails (button) (small blind) mucked


PokerStars Hand #166202922714:  Hold'em Limit ($3/$6 USD) - 2017/02/14 11:38:09 ET
Table 'Polites' 10-max Seat #1 is the button
Seat 1: happyshine88 ($101.16 in chips)
Seat 10: MTails ($133.28 in chips)
happyshine88: posts small blind $1
MTails: posts big blind $3
*** HOLE CARDS ***
happyshine88: raises $3 to $6
MTails: calls $3
*** FLOP *** [Kh Qh Kd]
MTails: checks
happyshine88: bets $3
MTails: folds
Uncalled bet ($3) returned to happyshine88
happyshine88 collected $11.76 from pot
happyshine88: doesn't show hand
*** SUMMARY ***
Total pot $12 | Rake $0.24
Board [Kh Qh Kd]
Seat 1: happyshine88 (button) (small blind) collected ($11.76)
Seat 10: MTails (big blind) folded on the Flop


PokerStars Hand #166202897497:  Hold'em Limit ($3/$6 USD) - 2017/02/14 11:37:34 ET
Table 'Polites' 10-max Seat #10 is the button
Seat 1: happyshine88 ($83.66 in chips)
Seat 10: MTails ($151.28 in chips)
MTails: posts small blind $1
happyshine88: posts big blind $3
*** HOLE CARDS ***
MTails: raises $3 to $6
happyshine88: calls $3
*** FLOP *** [Js 9s Jc]
happyshine88: checks
MTails: bets $3
happyshine88: raises $3 to $6
MTails: calls $3
*** TURN *** [Js 9s Jc] [Th]
happyshine88: bets $6
MTails: calls $6
*** RIVER *** [Js 9s Jc Th] [2d]
happyshine88: bets $6
MTails: folds
Uncalled bet ($6) returned to happyshine88
happyshine88 collected $35.50 from pot
happyshine88: doesn't show hand
*** SUMMARY ***
Total pot $36 | Rake $0.50
Board [Js 9s Jc Th 2d]
Seat 1: happyshine88 (big blind) collected ($35.50)
Seat 10: MTails (button) (small blind) folded on the River


PokerStars Hand #166202957497:  Hold'em Limit ($3/$6 USD) - 2017/02/14 11:38:56 ET
Table 'Polites' 10-max Seat #1 is the button
Seat 1: happyshine88 ($127.42 in chips)
Seat 10: MTails ($106.28 in chips)
happyshine88: posts small blind $1
MTails: posts big blind $3
*** HOLE CARDS ***
happyshine88: raises $3 to $6
MTails: calls $3
*** FLOP *** [6s 9d 6d]
MTails: checks
happyshine88: bets $3
MTails: calls $3
*** TURN *** [6s 9d 6d] [Jc]
MTails: checks
happyshine88: checks
*** RIVER *** [6s 9d 6d Jc] [8s]
MTails: bets $6
happyshine88: folds
Uncalled bet ($6) returned to MTails
MTails collected $17.64 from pot
*** SUMMARY ***
Total pot $18 | Rake $0.36
Board [6s 9d 6d Jc 8s]
Seat 1: happyshine88 (button) (small blind) folded on the River
Seat 10: MTails (big blind) collected ($17.64)


PokerStars Hand #166203010992:  Hold'em Limit ($3/$6 USD) - 2017/02/14 11:40:09 ET
Table 'Polites' 10-max Seat #10 is the button
Seat 1: happyshine88 ($143.92 in chips)
Seat 10: MTails ($88.92 in chips)
MTails: posts small blind $1
happyshine88: posts big blind $3
*** HOLE CARDS ***
MTails: raises $3 to $6
happyshine88: calls $3
*** FLOP *** [Ts Kd 7s]
happyshine88: checks
MTails: bets $3
happyshine88: calls $3
*** TURN *** [Ts Kd 7s] [7c]
happyshine88: checks
MTails: bets $6
happyshine88: calls $6
*** RIVER *** [Ts Kd 7s 7c] [3h]
happyshine88: checks
MTails: bets $6
happyshine88: calls $6
*** SHOW DOWN ***
MTails: shows [8c 7d] (three of a kind, Sevens)
happyshine88: mucks hand
MTails collected $41.50 from pot
*** SUMMARY ***
Total pot $42 | Rake $0.50
Board [Ts Kd 7s 7c 3h]
Seat 1: happyshine88 (big blind) mucked
Seat 10: MTails (button) (small blind) showed [8c 7d] and won ($41.50) with three of a kind, Sevens


PokerStars Hand #166203007217:  Hold'em Limit ($3/$6 USD) - 2017/02/14 11:40:03 ET
Table 'Polites' 10-max Seat #1 is the button
Seat 1: happyshine88 ($144.92 in chips)
Seat 10: MTails ($87.92 in chips)
happyshine88: posts small blind $1
MTails: posts big blind $3
*** HOLE CARDS ***
happyshine88: folds
Uncalled bet ($2) returned to MTails
MTails collected $2 from pot
MTails: doesn't show hand
*** SUMMARY ***
Total pot $2 | Rake $0
Seat 1: happyshine88 (button) (small blind) folded before Flop
Seat 10: MTails (big blind) collected ($2)


PokerStars Hand #166202976066:  Hold'em Limit ($3/$6 USD) - 2017/02/14 11:39:21 ET
Table 'Polites' 10-max Seat #10 is the button
Seat 1: happyshine88 ($118.42 in chips)
Seat 10: MTails ($114.92 in chips)
MTails: posts small blind $1
happyshine88: posts big blind $3
*** HOLE CARDS ***
MTails: raises $3 to $6
happyshine88: calls $3
*** FLOP *** [7s 5h Jh]
happyshine88: checks
MTails: bets $3
happyshine88: raises $3 to $6
MTails: raises $3 to $9
happyshine88: calls $3
*** TURN *** [7s 5h Jh] [5c]
happyshine88: checks
MTails: bets $6
happyshine88: raises $6 to $12
MTails: calls $6
*** RIVER *** [7s 5h Jh 5c] [Ac]
happyshine88: bets $6
MTails: folds
Uncalled bet ($6) returned to happyshine88
happyshine88 collected $53.50 from pot
happyshine88: doesn't show hand
*** SUMMARY ***
Total pot $54 | Rake $0.50
Board [7s 5h Jh 5c Ac]
Seat 1: happyshine88 (big blind) collected ($53.50)
Seat 10: MTails (button) (small blind) folded on the River


PokerStars Hand #166203070718:  Hold'em Limit ($3/$6 USD) - 2017/02/14 11:41:30 ET
Table 'Polites' 10-max Seat #1 is the button
Seat 1: happyshine88 ($128.44 in chips)
Seat 10: MTails ($103.18 in chips)
happyshine88: posts small blind $1
MTails: posts big blind $3
*** HOLE CARDS ***
happyshine88: raises $3 to $6
MTails: folds
Uncalled bet ($3) returned to happyshine88
happyshine88 collected $6 from pot
happyshine88: doesn't show hand
*** SUMMARY ***
Total pot $6 | Rake $0
Seat 1: happyshine88 (button) (small blind) collected ($6)
Seat 10: MTails (big blind) folded before Flop


PokerStars Hand #166203060055:  Hold'em Limit ($3/$6 USD) - 2017/02/14 11:41:16 ET
Table 'Polites' 10-max Seat #10 is the button
Seat 1: happyshine88 ($134.44 in chips)
Seat 10: MTails ($97.42 in chips)
MTails: posts small blind $1
happyshine88: posts big blind $3
*** HOLE CARDS ***
MTails: raises $3 to $6
happyshine88: calls $3
*** FLOP *** [Jc Js 9h]
happyshine88: checks
MTails: bets $3
happyshine88: folds
Uncalled bet ($3) returned to MTails
MTails collected $11.76 from pot
MTails: doesn't show hand
*** SUMMARY ***
Total pot $12 | Rake $0.24
Board [Jc Js 9h]
Seat 1: happyshine88 (big blind) folded on the Flop
Seat 10: MTails (button) (small blind) collected ($11.76)


PokerStars Hand #166203037643:  Hold'em Limit ($3/$6 USD) - 2017/02/14 11:40:45 ET
Table 'Polites' 10-max Seat #1 is the button
Seat 1: happyshine88 ($122.92 in chips)
Seat 10: MTails ($109.42 in chips)
happyshine88: posts small blind $1
MTails: posts big blind $3
*** HOLE CARDS ***
happyshine88: raises $3 to $6
MTails: calls $3
*** FLOP *** [6d 4c 9s]
MTails: checks
happyshine88: checks
*** TURN *** [6d 4c 9s] [3s]
MTails: bets $6
happyshine88: calls $6
*** RIVER *** [6d 4c 9s 3s] [Qd]
MTails: checks
happyshine88: bets $6
MTails: folds
Uncalled bet ($6) returned to happyshine88
happyshine88 collected $23.52 from pot
happyshine88: doesn't show hand
*** SUMMARY ***
Total pot $24 | Rake $0.48
Board [6d 4c 9s 3s Qd]
Seat 1: happyshine88 (button) (small blind) collected ($23.52)
Seat 10: MTails (big blind) folded on the River


PokerStars Hand #166203116672:  Hold'em Limit ($3/$6 USD) - 2017/02/14 11:42:33 ET
Table 'Polites' 10-max Seat #10 is the button
Seat 1: happyshine88 ($160.44 in chips)
Seat 10: MTails ($70.18 in chips)
MTails: posts small blind $1
happyshine88: posts big blind $3
*** HOLE CARDS ***
MTails: raises $3 to $6
happyshine88: folds
Uncalled bet ($3) returned to MTails
vestimokrec joins the table at seat #2
MTails collected $6 from pot
*** SUMMARY ***
Total pot $6 | Rake $0
Seat 1: happyshine88 (big blind) folded before Flop
Seat 10: MTails (button) (small blind) collected ($6)


PokerStars Hand #166203096391:  Hold'em Limit ($3/$6 USD) - 2017/02/14 11:42:05 ET
Table 'Polites' 10-max Seat #1 is the button
Seat 1: happyshine88 ($145.94 in chips)
Seat 10: MTails ($85.18 in chips)
happyshine88: posts small blind $1
MTails: posts big blind $3
*** HOLE CARDS ***
happyshine88: raises $3 to $6
MTails: calls $3
*** FLOP *** [3c 9d 6h]
nimzon leaves the table
MTails: checks
happyshine88: bets $3
MTails: calls $3
*** TURN *** [3c 9d 6h] [6c]
MTails: checks
happyshine88: bets $6
MTails: calls $6
*** RIVER *** [3c 9d 6h 6c] [Kc]
MTails: checks
happyshine88: bets $6
MTails: folds
Uncalled bet ($6) returned to happyshine88
happyshine88 collected $29.50 from pot
happyshine88: doesn't show hand
*** SUMMARY ***
Total pot $30 | Rake $0.50
Board [3c 9d 6h 6c Kc]
Seat 1: happyshine88 (button) (small blind) collected ($29.50)
Seat 10: MTails (big blind) folded on the River


PokerStars Hand #166203075947:  Hold'em Limit ($3/$6 USD) - 2017/02/14 11:41:37 ET
Table 'Polites' 10-max Seat #10 is the button
Seat 1: happyshine88 ($131.44 in chips)
Seat 10: MTails ($100.18 in chips)
MTails: posts small blind $1
happyshine88: posts big blind $3
*** HOLE CARDS ***
MTails: raises $3 to $6
happyshine88: calls $3
*** FLOP *** [5c 5s 7d]
happyshine88: checks
MTails: bets $3
happyshine88: calls $3
*** TURN *** [5c 5s 7d] [3s]
happyshine88: checks
MTails: bets $6
happyshine88: raises $6 to $12
nimzon joins the table at seat #6
MTails: folds
Uncalled bet ($6) returned to happyshine88
happyshine88 collected $29.50 from pot
happyshine88: doesn't show hand
*** SUMMARY ***
Total pot $30 | Rake $0.50
Board [5c 5s 7d 3s]
Seat 1: happyshine88 (big blind) collected ($29.50)
Seat 10: MTails (button) (small blind) folded on the Turn


PokerStars Hand #166203150911:  Hold'em Limit ($3/$6 USD) - 2017/02/14 11:43:19 ET
Table 'Polites' 10-max Seat #10 is the button
Seat 2: vestimokrec ($108 in chips)
Seat 10: MTails ($145.25 in chips)
MTails: posts small blind $1
vestimokrec: posts big blind $3
*** HOLE CARDS ***
MTails: raises $3 to $6
vestimokrec: calls $3
*** FLOP *** [4d Td Ac]
vestimokrec: checks
MTails: bets $3
vestimokrec: calls $3
*** TURN *** [4d Td Ac] [Js]
vestimokrec: checks
MTails: checks
*** RIVER *** [4d Td Ac Js] [3s]
vestimokrec: checks
MTails: bets $6
vestimokrec: calls $6
*** SHOW DOWN ***
MTails: shows [Ah 5s] (a pair of Aces)
vestimokrec: mucks hand
MTails collected $29.50 from pot
*** SUMMARY ***
Total pot $30 | Rake $0.50
Board [4d Td Ac Js 3s]
Seat 2: vestimokrec (big blind) mucked
Seat 10: MTails (button) (small blind) showed [Ah 5s] and won ($29.50) with a pair of Aces


