PokerStars Hand #145816831316:  Hold'em Limit ($3/$6 USD) - 2015/12/23 17:32:13 ET
Table 'Polit' 6-max Seat #5 is the button
Seat 4: PelonCabelao ($91.11 in chips)
Seat 5: Karpik09 ($87 in chips)
Karpik09: posts small blind $1
PelonCabelao: posts big blind $3
*** HOLE CARDS ***
baur017017 leaves the table
Karpik09: folds
Uncalled bet ($2) returned to PelonCabelao
PelonCabelao collected $2 from pot
PelonCabelao: doesn't show hand
*** SUMMARY ***
Total pot $2 | Rake $0
Seat 4: PelonCabelao (big blind) collected ($2)
Seat 5: Karpik09 (button) (small blind) folded before Flop


PokerStars Hand #145817240178:  Hold'em Limit ($3/$6 USD) - 2015/12/23 17:39:24 ET
Table 'Polit' 6-max Seat #4 is the button
Seat 3: musto111 ($63 in chips)
Seat 4: PelonCabelao ($147.75 in chips)
PelonCabelao: posts small blind $1
musto111: posts big blind $3
*** HOLE CARDS ***
PelonCabelao: folds
Uncalled bet ($2) returned to musto111
musto111 collected $2 from pot
*** SUMMARY ***
Total pot $2 | Rake $0
Seat 3: musto111 (big blind) collected ($2)
Seat 4: PelonCabelao (button) (small blind) folded before Flop


PokerStars Hand #145817234821:  Hold'em Limit ($3/$6 USD) - 2015/12/23 17:39:19 ET
Table 'Polit' 6-max Seat #3 is the button
Seat 3: musto111 ($60 in chips)
Seat 4: PelonCabelao ($150.75 in chips)
musto111: posts small blind $1
PelonCabelao: posts big blind $3
*** HOLE CARDS ***
musto111: raises $3 to $6
PelonCabelao: folds
Uncalled bet ($3) returned to musto111
musto111 collected $6 from pot
*** SUMMARY ***
Total pot $6 | Rake $0
Seat 3: musto111 (button) (small blind) collected ($6)
Seat 4: PelonCabelao (big blind) folded before Flop


PokerStars Hand #145817216721:  Hold'em Limit ($3/$6 USD) - 2015/12/23 17:38:59 ET
Table 'Polit' 6-max Seat #4 is the button
Seat 3: musto111 ($9 in chips)
Seat 4: PelonCabelao ($142.11 in chips)
PelonCabelao: posts small blind $1
musto111: posts big blind $3
*** HOLE CARDS ***
PelonCabelao: raises $3 to $6
musto111: raises $3 to $9 and is all-in
PelonCabelao: calls $3
*** FLOP *** [2d 5d Ks]
*** TURN *** [2d 5d Ks] [6s]
*** RIVER *** [2d 5d Ks 6s] [4s]
*** SHOW DOWN ***
musto111: shows [8c 9c] (high card King)
PelonCabelao: shows [3h Jc] (a straight, Deuce to Six)
PelonCabelao collected $17.64 from pot
*** SUMMARY ***
Total pot $18 | Rake $0.36
Board [2d 5d Ks 6s 4s]
Seat 3: musto111 (big blind) showed [8c 9c] and lost with high card King
Seat 4: PelonCabelao (button) (small blind) showed [3h Jc] and won ($17.64) with a straight, Deuce to Six


PokerStars Hand #145817192314:  Hold'em Limit ($3/$6 USD) - 2015/12/23 17:38:33 ET
Table 'Polit' 6-max Seat #3 is the button
Seat 3: musto111 ($45 in chips)
Seat 4: PelonCabelao ($106.61 in chips)
musto111: posts small blind $1
PelonCabelao: posts big blind $3
*** HOLE CARDS ***
musto111: raises $3 to $6
PelonCabelao: raises $3 to $9
musto111: calls $3
*** FLOP *** [5s Js 4s]
PelonCabelao: bets $3
musto111: calls $3
*** TURN *** [5s Js 4s] [4h]
PelonCabelao: bets $6
musto111: calls $6
*** RIVER *** [5s Js 4s 4h] [Td]
PelonCabelao: bets $6
musto111: raises $6 to $12
PelonCabelao: raises $6 to $18
musto111: calls $6
*** SHOW DOWN ***
PelonCabelao: shows [5c 5d] (a full house, Fives full of Fours)
musto111: mucks hand
PelonCabelao collected $71.50 from pot
*** SUMMARY ***
Total pot $72 | Rake $0.50
Board [5s Js 4s 4h Td]
Seat 3: musto111 (button) (small blind) mucked
Seat 4: PelonCabelao (big blind) showed [5c 5d] and won ($71.50) with a full house, Fives full of Fours


PokerStars Hand #145817245611:  Hold'em Limit ($3/$6 USD) - 2015/12/23 17:39:30 ET
Table 'Polit' 6-max Seat #3 is the button
Seat 3: musto111 ($64 in chips)
Seat 4: PelonCabelao ($146.75 in chips)
musto111: posts small blind $1
PelonCabelao: posts big blind $3
*** HOLE CARDS ***
musto111: raises $3 to $6
PelonCabelao: calls $3
*** FLOP *** [Ks Qs 8c]
PelonCabelao: checks
musto111: bets $3
PelonCabelao: calls $3
*** TURN *** [Ks Qs 8c] [3s]
PelonCabelao: checks
musto111: checks
*** RIVER *** [Ks Qs 8c 3s] [9c]
PelonCabelao: bets $6
musto111: calls $6
*** SHOW DOWN ***
PelonCabelao: shows [Jc 8s] (a pair of Eights)
musto111: shows [5d Qc] (a pair of Queens)
musto111 collected $29.50 from pot
*** SUMMARY ***
Total pot $30 | Rake $0.50
Board [Ks Qs 8c 3s 9c]
Seat 3: musto111 (button) (small blind) showed [5d Qc] and won ($29.50) with a pair of Queens
Seat 4: PelonCabelao (big blind) showed [Jc 8s] and lost with a pair of Eights


PokerStars Hand #145817269558:  Hold'em Limit ($3/$6 USD) - 2015/12/23 17:39:56 ET
Table 'Polit' 6-max Seat #4 is the button
Seat 3: musto111 ($78.50 in chips)
Seat 4: PelonCabelao ($131.75 in chips)
PelonCabelao: posts small blind $1
musto111: posts big blind $3
*** HOLE CARDS ***
PelonCabelao: raises $3 to $6
musto111: raises $3 to $9
PelonCabelao: raises $3 to $12
Betting is capped
musto111: calls $3
*** FLOP *** [Jd 4s 8s]
musto111: checks
PelonCabelao: bets $3
SlickDickey joins the table at seat #6
musto111: calls $3
*** TURN *** [Jd 4s 8s] [7h]
musto111: checks
PelonCabelao: bets $6
musto111: calls $6
*** RIVER *** [Jd 4s 8s 7h] [9s]
musto111: checks
PelonCabelao: bets $6
musto111: folds
Uncalled bet ($6) returned to PelonCabelao
PelonCabelao collected $41.50 from pot
PelonCabelao: doesn't show hand
*** SUMMARY ***
Total pot $42 | Rake $0.50
Board [Jd 4s 8s 7h 9s]
Seat 3: musto111 (big blind) folded on the River
Seat 4: PelonCabelao (button) (small blind) collected ($41.50)


PokerStars Hand #145819851485:  Hold'em Limit ($3/$6 USD) - 2015/12/23 18:28:51 ET
Table 'Polit' 6-max Seat #6 is the button
Seat 2: chezlaw ($103 in chips)
Seat 6: SlickDickey ($82.62 in chips)
SlickDickey: posts small blind $1
oj_pimpson: is sitting out
chezlaw: posts big blind $3
*** HOLE CARDS ***
SlickDickey: raises $3 to $6
chezlaw: calls $3
*** FLOP *** [As Jc 7s]
chezlaw: checks
SlickDickey: bets $3
chezlaw: calls $3
*** TURN *** [As Jc 7s] [3c]
chezlaw: checks
SlickDickey: bets $6
chezlaw: raises $6 to $12
SlickDickey: calls $6
*** RIVER *** [As Jc 7s 3c] [4h]
chezlaw: bets $6
SlickDickey: calls $6
*** SHOW DOWN ***
chezlaw: shows [3s Ad] (two pair, Aces and Threes)
SlickDickey: mucks hand
chezlaw collected $53.50 from pot
*** SUMMARY ***
Total pot $54 | Rake $0.50
Board [As Jc 7s 3c 4h]
Seat 2: chezlaw (big blind) showed [3s Ad] and won ($53.50) with two pair, Aces and Threes
Seat 6: SlickDickey (button) (small blind) mucked


