PokerStars Hand #176131650300:  Hold'em Limit ($3/$6 USD) - 2017/09/25 22:50:03 ET
Table 'Polites' 6-max Seat #5 is the button
Seat 4: Scheubi88 ($144.09 in chips)
Seat 5: woah_bud ($47.30 in chips)
woah_bud: posts small blind $1
Scheubi88: posts big blind $3
*** HOLE CARDS ***
woah_bud: folds
Uncalled bet ($2) returned to Scheubi88
Scheubi88 collected $2 from pot
Scheubi88: doesn't show hand
*** SUMMARY ***
Total pot $2 | Rake $0
Seat 4: Scheubi88 (big blind) collected ($2)
Seat 5: woah_bud (button) (small blind) folded before Flop


PokerStars Hand #176131658850:  Hold'em Limit ($3/$6 USD) - 2017/09/25 22:50:30 ET
Table 'Polites' 6-max Seat #5 is the button
Seat 4: Scheubi88 ($148.09 in chips)
Seat 5: woah_bud ($43.30 in chips)
woah_bud: posts small blind $1
Scheubi88: posts big blind $3
*** HOLE CARDS ***
woah_bud: raises $3 to $6
Scheubi88: calls $3
*** FLOP *** [Qs 2c 6c]
Scheubi88: checks
woah_bud: bets $3
Scheubi88: raises $3 to $6
woah_bud: calls $3
*** TURN *** [Qs 2c 6c] [7h]
Scheubi88: bets $6
woah_bud: folds
Uncalled bet ($6) returned to Scheubi88
Scheubi88 collected $23.52 from pot
Scheubi88: doesn't show hand
*** SUMMARY ***
Total pot $24 | Rake $0.48
Board [Qs 2c 6c 7h]
Seat 4: Scheubi88 (big blind) collected ($23.52)
Seat 5: woah_bud (button) (small blind) folded on the Turn


PokerStars Hand #176131652617:  Hold'em Limit ($3/$6 USD) - 2017/09/25 22:50:10 ET
Table 'Polites' 6-max Seat #4 is the button
Seat 4: Scheubi88 ($145.09 in chips)
Seat 5: woah_bud ($46.30 in chips)
Scheubi88: posts small blind $1
woah_bud: posts big blind $3
*** HOLE CARDS ***
Scheubi88: folds
Uncalled bet ($2) returned to woah_bud
woah_bud collected $2 from pot
woah_bud: doesn't show hand
*** SUMMARY ***
Total pot $2 | Rake $0
Seat 4: Scheubi88 (button) (small blind) folded before Flop
Seat 5: woah_bud (big blind) collected ($2)


PokerStars Hand #176131654413:  Hold'em Limit ($3/$6 USD) - 2017/09/25 22:50:16 ET
Table 'Polites' 6-max Seat #5 is the button
Seat 4: Scheubi88 ($144.09 in chips)
Seat 5: woah_bud ($47.30 in chips)
woah_bud: posts small blind $1
Scheubi88: posts big blind $3
*** HOLE CARDS ***
woah_bud: folds
Uncalled bet ($2) returned to Scheubi88
Scheubi88 collected $2 from pot
Scheubi88: doesn't show hand
*** SUMMARY ***
Total pot $2 | Rake $0
Seat 4: Scheubi88 (big blind) collected ($2)
Seat 5: woah_bud (button) (small blind) folded before Flop


PokerStars Hand #176131666604:  Hold'em Limit ($3/$6 USD) - 2017/09/25 22:50:55 ET
Table 'Polites' 6-max Seat #4 is the button
Seat 4: Scheubi88 ($159.61 in chips)
Seat 5: woah_bud ($31.30 in chips)
Scheubi88: posts small blind $1
woah_bud: posts big blind $3
*** HOLE CARDS ***
Scheubi88: raises $3 to $6
woah_bud: raises $3 to $9
Scheubi88: calls $3
*** FLOP *** [Kh 6h 7d]
woah_bud: bets $3
Scheubi88: calls $3
*** TURN *** [Kh 6h 7d] [8s]
woah_bud: bets $6
Scheubi88: calls $6
*** RIVER *** [Kh 6h 7d 8s] [Jc]
woah_bud: checks
Scheubi88: checks
*** SHOW DOWN ***
woah_bud: shows [Qh 3d] (high card King)
Scheubi88: shows [Qd 6c] (a pair of Sixes)
Scheubi88 collected $35.50 from pot
*** SUMMARY ***
Total pot $36 | Rake $0.50
Board [Kh 6h 7d 8s Jc]
Seat 4: Scheubi88 (button) (small blind) showed [Qd 6c] and won ($35.50) with a pair of Sixes
Seat 5: woah_bud (big blind) showed [Qh 3d] and lost with high card King


PokerStars Hand #176131690559:  Hold'em Limit ($3/$6 USD) - 2017/09/25 22:52:13 ET
Table 'Polites' 6-max Seat #4 is the button
Seat 4: Scheubi88 ($185.75 in chips)
Seat 5: woah_bud ($51.60 in chips)
Scheubi88: posts small blind $1
woah_bud: posts big blind $3
*** HOLE CARDS ***
Scheubi88: raises $3 to $6
woah_bud: calls $3
*** FLOP *** [5s Js 8h]
woah_bud: checks
Scheubi88: bets $3
woah_bud: raises $3 to $6
Scheubi88: calls $3
*** TURN *** [5s Js 8h] [3s]
woah_bud: bets $6
Scheubi88: calls $6
*** RIVER *** [5s Js 8h 3s] [6s]
woah_bud: bets $6
Scheubi88: calls $6
*** SHOW DOWN ***
woah_bud: shows [Jh Qd] (a pair of Jacks)
Scheubi88: shows [Ts 5c] (a flush, Jack high)
Scheubi88 collected $47.50 from pot
*** SUMMARY ***
Total pot $48 | Rake $0.50
Board [5s Js 8h 3s 6s]
Seat 4: Scheubi88 (button) (small blind) showed [Ts 5c] and won ($47.50) with a flush, Jack high
Seat 5: woah_bud (big blind) showed [Jh Qd] and lost with a pair of Jacks


PokerStars Hand #176131698724:  Hold'em Limit ($3/$6 USD) - 2017/09/25 22:52:39 ET
Table 'Polites' 6-max Seat #5 is the button
Seat 4: Scheubi88 ($209.25 in chips)
Seat 5: woah_bud ($27.60 in chips)
woah_bud: posts small blind $1
Scheubi88: posts big blind $3
*** HOLE CARDS ***
woah_bud: raises $3 to $6
Scheubi88: calls $3
*** FLOP *** [8s 7d 6d]
Scheubi88: checks
woah_bud: bets $3
Scheubi88: calls $3
*** TURN *** [8s 7d 6d] [Kd]
Scheubi88: checks
woah_bud: checks
*** RIVER *** [8s 7d 6d Kd] [Tc]
Scheubi88: bets $6
woah_bud: folds
Uncalled bet ($6) returned to Scheubi88
Scheubi88 collected $17.64 from pot
Scheubi88: doesn't show hand
*** SUMMARY ***
Total pot $18 | Rake $0.36
Board [8s 7d 6d Kd Tc]
Seat 4: Scheubi88 (big blind) collected ($17.64)
Seat 5: woah_bud (button) (small blind) folded on the River


PokerStars Hand #176131673321:  Hold'em Limit ($3/$6 USD) - 2017/09/25 22:51:17 ET
Table 'Polites' 6-max Seat #5 is the button
Seat 4: Scheubi88 ($177.11 in chips)
Seat 5: woah_bud ($13.30 in chips)
woah_bud: posts small blind $1
Scheubi88: posts big blind $3
*** HOLE CARDS ***
woah_bud: raises $3 to $6
Scheubi88: calls $3
*** FLOP *** [7s Jc 9c]
Scheubi88: checks
woah_bud: bets $3
Scheubi88: raises $3 to $6
woah_bud: folds
Uncalled bet ($3) returned to Scheubi88
Scheubi88 collected $17.64 from pot
Scheubi88: doesn't show hand
*** SUMMARY ***
Total pot $18 | Rake $0.36
Board [7s Jc 9c]
Seat 4: Scheubi88 (big blind) collected ($17.64)
Seat 5: woah_bud (button) (small blind) folded on the Flop


PokerStars Hand #176131712597:  Hold'em Limit ($3/$6 USD) - 2017/09/25 22:53:25 ET
Table 'Polites' 6-max Seat #4 is the button
Seat 4: Scheubi88 ($229.53 in chips)
Seat 5: woah_bud ($6.60 in chips)
Scheubi88: posts small blind $1
woah_bud: posts big blind $3
*** HOLE CARDS ***
Scheubi88: folds
Uncalled bet ($2) returned to woah_bud
woah_bud collected $2 from pot
woah_bud: doesn't show hand
*** SUMMARY ***
Total pot $2 | Rake $0
Seat 4: Scheubi88 (button) (small blind) folded before Flop
Seat 5: woah_bud (big blind) collected ($2)


PokerStars Hand #176131707278:  Hold'em Limit ($3/$6 USD) - 2017/09/25 22:53:07 ET
Table 'Polites' 6-max Seat #5 is the button
Seat 4: Scheubi88 ($220.89 in chips)
Seat 5: woah_bud ($15.60 in chips)
woah_bud: posts small blind $1
Scheubi88: posts big blind $3
*** HOLE CARDS ***
woah_bud: raises $3 to $6
Scheubi88: calls $3
*** FLOP *** [Tc 8d 8h]
Scheubi88: checks
woah_bud: bets $3
Scheubi88: calls $3
*** TURN *** [Tc 8d 8h] [2h]
Scheubi88: checks
woah_bud: checks
*** RIVER *** [Tc 8d 8h 2h] [4h]
Scheubi88: checks
woah_bud: checks
*** SHOW DOWN ***
Scheubi88: shows [Qd Js] (a pair of Eights)
woah_bud: mucks hand
Scheubi88 collected $17.64 from pot
*** SUMMARY ***
Total pot $18 | Rake $0.36
Board [Tc 8d 8h 2h 4h]
Seat 4: Scheubi88 (big blind) showed [Qd Js] and won ($17.64) with a pair of Eights
Seat 5: woah_bud (button) (small blind) mucked


PokerStars Hand #176131714178:  Hold'em Limit ($3/$6 USD) - 2017/09/25 22:53:30 ET
Table 'Polites' 6-max Seat #5 is the button
Seat 4: Scheubi88 ($228.53 in chips)
Seat 5: woah_bud ($7.60 in chips)
woah_bud: posts small blind $1
Scheubi88: posts big blind $3
*** HOLE CARDS ***
woah_bud: raises $3 to $6
Scheubi88: calls $3
*** FLOP *** [Ac 8h 2h]
Scheubi88: bets $3
woah_bud: calls $1.60 and is all-in
Uncalled bet ($1.40) returned to Scheubi88
*** TURN *** [Ac 8h 2h] [Qh]
*** RIVER *** [Ac 8h 2h Qh] [Qs]
*** SHOW DOWN ***
Scheubi88: shows [7h 4c] (a pair of Queens)
woah_bud: shows [Jd Th] (a pair of Queens - Ace+Jack kicker)
woah_bud collected $14.90 from pot
*** SUMMARY ***
Total pot $15.20 | Rake $0.30
Board [Ac 8h 2h Qh Qs]
Seat 4: Scheubi88 (big blind) showed [7h 4c] and lost with a pair of Queens
Seat 5: woah_bud (button) (small blind) showed [Jd Th] and won ($14.90) with a pair of Queens


PokerStars Hand #176131718932:  Hold'em Limit ($3/$6 USD) - 2017/09/25 22:53:45 ET
Table 'Polites' 6-max Seat #4 is the button
Seat 4: Scheubi88 ($220.93 in chips)
Seat 5: woah_bud ($14.90 in chips)
Scheubi88: posts small blind $1
woah_bud: posts big blind $3
*** HOLE CARDS ***
Scheubi88: raises $3 to $6
woah_bud: raises $3 to $9
Scheubi88: raises $3 to $12
Betting is capped
woah_bud: calls $3
*** FLOP *** [6d Kd Jh]
woah_bud: bets $2.90 and is all-in
Scheubi88: calls $2.90
*** TURN *** [6d Kd Jh] [As]
*** RIVER *** [6d Kd Jh As] [Td]
*** SHOW DOWN ***
woah_bud: shows [Js Kh] (two pair, Kings and Jacks)
Scheubi88: shows [Qs Ts] (a straight, Ten to Ace)
Scheubi88 collected $29.30 from pot
*** SUMMARY ***
Total pot $29.80 | Rake $0.50
Board [6d Kd Jh As Td]
Seat 4: Scheubi88 (button) (small blind) showed [Qs Ts] and won ($29.30) with a straight, Ten to Ace
Seat 5: woah_bud (big blind) showed [Js Kh] and lost with two pair, Kings and Jacks


PokerStars Hand #176131736956:  Hold'em Limit ($3/$6 USD) - 2017/09/25 22:54:43 ET
Table 'Polites' 6-max Seat #5 is the button
Seat 4: Scheubi88 ($235.33 in chips)
Seat 5: woah_bud ($47.30 in chips)
woah_bud: posts small blind $1
Scheubi88: posts big blind $3
*** HOLE CARDS ***
woah_bud: folds
Uncalled bet ($2) returned to Scheubi88
Scheubi88 collected $2 from pot
Scheubi88: doesn't show hand
*** SUMMARY ***
Total pot $2 | Rake $0
Seat 4: Scheubi88 (big blind) collected ($2)
Seat 5: woah_bud (button) (small blind) folded before Flop


PokerStars Hand #176131748184:  Hold'em Limit ($3/$6 USD) - 2017/09/25 22:55:22 ET
Table 'Polites' 6-max Seat #5 is the button
Seat 4: Scheubi88 ($236.08 in chips)
Seat 5: woah_bud ($46.05 in chips)
woah_bud: posts small blind $1
Scheubi88: posts big blind $3
*** HOLE CARDS ***
Zazi joins the table at seat #6
woah_bud: folds
Uncalled bet ($2) returned to Scheubi88
Scheubi88 collected $2 from pot
Scheubi88: doesn't show hand
*** SUMMARY ***
Total pot $2 | Rake $0
Seat 4: Scheubi88 (big blind) collected ($2)
Seat 5: woah_bud (button) (small blind) folded before Flop


PokerStars Hand #176131746774:  Hold'em Limit ($3/$6 USD) - 2017/09/25 22:55:17 ET
Table 'Polites' 6-max Seat #4 is the button
Seat 4: Scheubi88 ($237.08 in chips)
Seat 5: woah_bud ($45.05 in chips)
Scheubi88: posts small blind $1
woah_bud: posts big blind $3
*** HOLE CARDS ***
Scheubi88: folds
Uncalled bet ($2) returned to woah_bud
woah_bud collected $2 from pot
woah_bud: doesn't show hand
*** SUMMARY ***
Total pot $2 | Rake $0
Seat 4: Scheubi88 (button) (small blind) folded before Flop
Seat 5: woah_bud (big blind) collected ($2)


PokerStars Hand #176131738912:  Hold'em Limit ($3/$6 USD) - 2017/09/25 22:54:50 ET
Table 'Polites' 6-max Seat #4 is the button
Seat 4: Scheubi88 ($236.33 in chips)
Seat 5: woah_bud ($46.30 in chips)
Scheubi88: posts small blind $1
woah_bud: posts big blind $3
*** HOLE CARDS ***
Scheubi88: raises $3 to $6
woah_bud: raises $3 to $9
Scheubi88: calls $3
*** FLOP *** [Ah 5s As]
woah_bud: bets $3
Scheubi88: calls $3
*** TURN *** [Ah 5s As] [5c]
woah_bud: bets $6
Scheubi88: calls $6
*** RIVER *** [Ah 5s As 5c] [4s]
woah_bud: bets $6
Scheubi88: calls $6
*** SHOW DOWN ***
woah_bud: shows [Qc Kc] (two pair, Aces and Fives)
Scheubi88: shows [2h Kd] (two pair, Aces and Fives)
woah_bud collected $23.75 from pot
Scheubi88 collected $23.75 from pot
*** SUMMARY ***
Total pot $48 | Rake $0.50
Board [Ah 5s As 5c 4s]
Seat 4: Scheubi88 (button) (small blind) showed [2h Kd] and won ($23.75) with two pair, Aces and Fives
Seat 5: woah_bud (big blind) showed [Qc Kc] and won ($23.75) with two pair, Aces and Fives


PokerStars Hand #176131745127:  Hold'em Limit ($3/$6 USD) - 2017/09/25 22:55:11 ET
Table 'Polites' 6-max Seat #5 is the button
Seat 4: Scheubi88 ($236.08 in chips)
Seat 5: woah_bud ($46.05 in chips)
woah_bud: posts small blind $1
Scheubi88: posts big blind $3
*** HOLE CARDS ***
woah_bud: folds
Uncalled bet ($2) returned to Scheubi88
Scheubi88 collected $2 from pot
Scheubi88: doesn't show hand
*** SUMMARY ***
Total pot $2 | Rake $0
Seat 4: Scheubi88 (big blind) collected ($2)
Seat 5: woah_bud (button) (small blind) folded before Flop


PokerStars Hand #176131749638:  Hold'em Limit ($3/$6 USD) - 2017/09/25 22:55:28 ET
Table 'Polites' 6-max Seat #4 is the button
Seat 4: Scheubi88 ($237.08 in chips)
Seat 5: woah_bud ($45.05 in chips)
Scheubi88: posts small blind $1
woah_bud: posts big blind $3
*** HOLE CARDS ***
Scheubi88: raises $3 to $6
woah_bud: raises $3 to $9
Scheubi88: calls $3
*** FLOP *** [Ad 2d Kd]
woah_bud: bets $3
Scheubi88: calls $3
*** TURN *** [Ad 2d Kd] [2h]
woah_bud: bets $6
Scheubi88: calls $6
*** RIVER *** [Ad 2d Kd 2h] [6d]
woah_bud: checks
Scheubi88: bets $6
woah_bud: calls $6
*** SHOW DOWN ***
Scheubi88: shows [4s 9d] (a flush, Ace high)
woah_bud: mucks hand
Scheubi88 collected $47.50 from pot
*** SUMMARY ***
Total pot $48 | Rake $0.50
Board [Ad 2d Kd 2h 6d]
Seat 4: Scheubi88 (button) (small blind) showed [4s 9d] and won ($47.50) with a flush, Ace high
Seat 5: woah_bud (big blind) mucked


PokerStars Hand #176131767656:  Hold'em Limit ($3/$6 USD) - 2017/09/25 22:56:35 ET
Table 'Polites' 6-max Seat #6 is the button
Seat 4: Scheubi88 ($283.28 in chips)
Seat 6: Zazi ($81 in chips)
Zazi: posts small blind $1
Scheubi88: posts big blind $3
*** HOLE CARDS ***
Zazi: raises $3 to $6
Scheubi88: raises $3 to $9
Zazi: raises $3 to $12
Betting is capped
Scheubi88: calls $3
*** FLOP *** [Kd 3s Jc]
Scheubi88: checks
Zazi: bets $3
Scheubi88: calls $3
*** TURN *** [Kd 3s Jc] [Kh]
Scheubi88: checks
Zazi: bets $6
Scheubi88: raises $6 to $12
Zazi: folds
Uncalled bet ($6) returned to Scheubi88
Scheubi88 collected $41.50 from pot
Scheubi88: doesn't show hand
*** SUMMARY ***
Total pot $42 | Rake $0.50
Board [Kd 3s Jc Kh]
Seat 4: Scheubi88 (big blind) collected ($41.50)
Seat 6: Zazi (button) (small blind) folded on the Turn


PokerStars Hand #176131773731:  Hold'em Limit ($3/$6 USD) - 2017/09/25 22:56:58 ET
Table 'Polites' 6-max Seat #4 is the button
Seat 4: Scheubi88 ($303.78 in chips)
Seat 6: Zazi ($60 in chips)
Scheubi88: posts small blind $1
Zazi: posts big blind $3
*** HOLE CARDS ***
Scheubi88: raises $3 to $6
Zazi: folds
Uncalled bet ($3) returned to Scheubi88
Scheubi88 collected $6 from pot
Scheubi88: doesn't show hand
*** SUMMARY ***
Total pot $6 | Rake $0
Seat 4: Scheubi88 (button) (small blind) collected ($6)
Seat 6: Zazi (big blind) folded before Flop


PokerStars Hand #176131777094:  Hold'em Limit ($3/$6 USD) - 2017/09/25 22:57:10 ET
Table 'Polites' 6-max Seat #6 is the button
Seat 4: Scheubi88 ($306.78 in chips)
Seat 6: Zazi ($57 in chips)
Zazi: posts small blind $1
Scheubi88: posts big blind $3
*** HOLE CARDS ***
Zazi: raises $3 to $6
Scheubi88: calls $3
*** FLOP *** [9d Kd 8d]
Scheubi88: checks
Zazi: bets $3
Robisss3 joins the table at seat #3
Scheubi88: calls $3
*** TURN *** [9d Kd 8d] [Ah]
Scheubi88: checks
Zazi: bets $6
Scheubi88: calls $6
*** RIVER *** [9d Kd 8d Ah] [7s]
Scheubi88: checks
Zazi: bets $6
Scheubi88: calls $6
*** SHOW DOWN ***
Zazi: shows [6c 7c] (a pair of Sevens)
Scheubi88: shows [8h Th] (a pair of Eights)
Scheubi88 collected $41.50 from pot
*** SUMMARY ***
Total pot $42 | Rake $0.50
Board [9d Kd 8d Ah 7s]
Seat 4: Scheubi88 (big blind) showed [8h Th] and won ($41.50) with a pair of Eights
Seat 6: Zazi (button) (small blind) showed [6c 7c] and lost with a pair of Sevens


PokerStars Hand #176132339078:  Hold'em Limit ($3/$6 USD) - 2017/09/25 23:29:48 ET
Table 'Polites' 6-max Seat #3 is the button
Seat 2: canam999 ($69.89 in chips)
Seat 3: DirtyDouble2 ($37.28 in chips)
DirtyDouble2: posts small blind $1
Chessnok: is sitting out
SALZHERZ: is sitting out
canam999: posts big blind $3
*** HOLE CARDS ***
Chessnok leaves the table
DirtyDouble2: folds
Uncalled bet ($2) returned to canam999
SALZHERZ leaves the table
canam999 collected $2 from pot
canam999: doesn't show hand
*** SUMMARY ***
Total pot $2 | Rake $0
Seat 2: canam999 (big blind) collected ($2)
Seat 3: DirtyDouble2 (button) (small blind) folded before Flop


PokerStars Hand #176132340502:  Hold'em Limit ($3/$6 USD) - 2017/09/25 23:29:53 ET
Table 'Polites' 6-max Seat #2 is the button
Seat 2: canam999 ($70.89 in chips)
Seat 3: DirtyDouble2 ($36.28 in chips)
canam999: posts small blind $1
DirtyDouble2: posts big blind $3
*** HOLE CARDS ***
canam999: raises $3 to $6
DirtyDouble2: raises $3 to $9
canam999: calls $3
*** FLOP *** [5s 6h 2d]
DirtyDouble2: bets $3
canam999: calls $3
*** TURN *** [5s 6h 2d] [Kc]
DirtyDouble2: bets $6
canam999: raises $6 to $12
DirtyDouble2: calls $6
*** RIVER *** [5s 6h 2d Kc] [4s]
DirtyDouble2: checks
canam999: bets $6
DirtyDouble2: calls $6
*** SHOW DOWN ***
canam999: shows [Ks Ad] (a pair of Kings)
DirtyDouble2: mucks hand
canam999 collected $59.50 from pot
*** SUMMARY ***
Total pot $60 | Rake $0.50
Board [5s 6h 2d Kc 4s]
Seat 2: canam999 (button) (small blind) showed [Ks Ad] and won ($59.50) with a pair of Kings
Seat 3: DirtyDouble2 (big blind) mucked


