PokerStars Hand #173560750396:  Hold'em Limit ($3/$6 USD) - 2017/07/26 23:25:01 ET
Table 'Polit' 6-max Seat #6 is the button
Seat 4: B_loJkl ($133.50 in chips)
Seat 6: Warner13 ($128.64 in chips)
Warner13: posts small blind $1
B_loJkl: posts big blind $3
*** HOLE CARDS ***
Warner13: calls $2
B_loJkl: checks
*** FLOP *** [Jh 7s 4s]
B_loJkl: checks
Warner13: bets $3
B_loJkl: calls $3
*** TURN *** [Jh 7s 4s] [3h]
B_loJkl: checks
Warner13: bets $6
B_loJkl: calls $6
*** RIVER *** [Jh 7s 4s 3h] [4d]
B_loJkl: checks
Warner13: checks
*** SHOW DOWN ***
B_loJkl: shows [Ks 8d] (a pair of Fours)
Warner13: shows [9d Jd] (two pair, Jacks and Fours)
Warner13 collected $23.52 from pot
*** SUMMARY ***
Total pot $24 | Rake $0.48
Board [Jh 7s 4s 3h 4d]
Seat 4: B_loJkl (big blind) showed [Ks 8d] and lost with a pair of Fours
Seat 6: Warner13 (button) (small blind) showed [9d Jd] and won ($23.52) with two pair, Jacks and Fours


PokerStars Hand #173560744291:  Hold'em Limit ($3/$6 USD) - 2017/07/26 23:24:42 ET
Table 'Polit' 6-max Seat #4 is the button
Seat 4: B_loJkl ($142.50 in chips)
Seat 6: Warner13 ($120 in chips)
B_loJkl: posts small blind $1
Warner13: posts big blind $3
*** HOLE CARDS ***
B_loJkl: raises $3 to $6
Warner13: calls $3
*** FLOP *** [Ac 9h 3h]
Warner13: checks
B_loJkl: bets $3
Warner13: calls $3
*** TURN *** [Ac 9h 3h] [3s]
Warner13: bets $6
B_loJkl: folds
Uncalled bet ($6) returned to Warner13
Warner13 collected $17.64 from pot
Warner13: doesn't show hand
*** SUMMARY ***
Total pot $18 | Rake $0.36
Board [Ac 9h 3h 3s]
Seat 4: B_loJkl (button) (small blind) folded on the Turn
Seat 6: Warner13 (big blind) collected ($17.64)


PokerStars Hand #173560762022:  Hold'em Limit ($3/$6 USD) - 2017/07/26 23:25:40 ET
Table 'Polit' 6-max Seat #6 is the button
Seat 4: B_loJkl ($127.26 in chips)
Seat 6: Warner13 ($134.16 in chips)
Warner13: posts small blind $1
B_loJkl: posts big blind $3
*** HOLE CARDS ***
Warner13: calls $2
B_loJkl: raises $3 to $6
Warner13: calls $3
*** FLOP *** [4d 3s 5c]
B_loJkl: bets $3
Warner13: calls $3
*** TURN *** [4d 3s 5c] [8d]
B_loJkl: bets $6
Warner13: raises $6 to $12
B_loJkl: calls $6
*** RIVER *** [4d 3s 5c 8d] [5d]
B_loJkl: checks
Warner13: bets $6
B_loJkl: calls $6
*** SHOW DOWN ***
Warner13: shows [8s 8c] (a full house, Eights full of Fives)
B_loJkl: mucks hand
Warner13 collected $53.50 from pot
*** SUMMARY ***
Total pot $54 | Rake $0.50
Board [4d 3s 5c 8d 5d]
Seat 4: B_loJkl (big blind) mucked
Seat 6: Warner13 (button) (small blind) showed [8s 8c] and won ($53.50) with a full house, Eights full of Fives


PokerStars Hand #173560757585:  Hold'em Limit ($3/$6 USD) - 2017/07/26 23:25:25 ET
Table 'Polit' 6-max Seat #4 is the button
Seat 4: B_loJkl ($121.50 in chips)
Seat 6: Warner13 ($140.16 in chips)
B_loJkl: posts small blind $1
Warner13: posts big blind $3
*** HOLE CARDS ***
B_loJkl: raises $3 to $6
Warner13: calls $3
*** FLOP *** [2d 9s 8s]
Warner13: checks
B_loJkl: bets $3
Warner13: folds
Uncalled bet ($3) returned to B_loJkl
B_loJkl collected $11.76 from pot
B_loJkl: doesn't show hand
*** SUMMARY ***
Total pot $12 | Rake $0.24
Board [2d 9s 8s]
Seat 4: B_loJkl (button) (small blind) collected ($11.76)
Seat 6: Warner13 (big blind) folded on the Flop


PokerStars Hand #173560769437:  Hold'em Limit ($3/$6 USD) - 2017/07/26 23:26:05 ET
Table 'Polit' 6-max Seat #4 is the button
Seat 4: B_loJkl ($100.26 in chips)
Seat 6: Warner13 ($160.66 in chips)
B_loJkl: posts small blind $1
Warner13: posts big blind $3
*** HOLE CARDS ***
B_loJkl: raises $3 to $6
Warner13: calls $3
*** FLOP *** [4s Jd 4c]
Warner13: bets $3
B_loJkl: calls $3
*** TURN *** [4s Jd 4c] [As]
Warner13: checks
B_loJkl: checks
*** RIVER *** [4s Jd 4c As] [4d]
chise31 joins the table at seat #2
sincity999 joins the table at seat #5
Warner13: bets $6
B_loJkl: raises $6 to $12
Warner13: folds
Uncalled bet ($6) returned to B_loJkl
B_loJkl collected $29.50 from pot
B_loJkl: doesn't show hand
*** SUMMARY ***
Total pot $30 | Rake $0.50
Board [4s Jd 4c As 4d]
Seat 4: B_loJkl (button) (small blind) collected ($29.50)
Seat 6: Warner13 (big blind) folded on the River


PokerStars Hand #173561074732:  Hold'em Limit ($3/$6 USD) - 2017/07/26 23:42:59 ET
Table 'Polit' 6-max Seat #1 is the button
Seat 1: Iseethelight ($218.87 in chips)
Seat 3: B_loJkl ($107.99 in chips)
Iseethelight: posts small blind $1
B_loJkl: posts big blind $3
*** HOLE CARDS ***
Iseethelight: folds
Uncalled bet ($2) returned to B_loJkl
B_loJkl collected $2 from pot
B_loJkl: doesn't show hand
*** SUMMARY ***
Total pot $2 | Rake $0
Seat 1: Iseethelight (button) (small blind) folded before Flop
Seat 3: B_loJkl (big blind) collected ($2)


PokerStars Hand #173561072959:  Hold'em Limit ($3/$6 USD) - 2017/07/26 23:42:53 ET
Table 'Polit' 6-max Seat #3 is the button
Seat 1: Iseethelight ($217.87 in chips)
Seat 3: B_loJkl ($108.99 in chips)
B_loJkl: posts small blind $1
Iseethelight: posts big blind $3
*** HOLE CARDS ***
B_loJkl: folds
Uncalled bet ($2) returned to Iseethelight
Iseethelight collected $2 from pot
Iseethelight: doesn't show hand
*** SUMMARY ***
Total pot $2 | Rake $0
Seat 1: Iseethelight (big blind) collected ($2)
Seat 3: B_loJkl (button) (small blind) folded before Flop


