PokerStars Hand #147001264384:  Hold'em Limit ($3/$6 USD) - 2016/01/13 20:22:48 ET
Table 'Polit' 6-max Seat #3 is the button
Seat 3: permafrost07 ($124 in chips)
Seat 4: AzureCaper ($72 in chips)
permafrost07: posts small blind $1
AzureCaper: posts big blind $3
*** HOLE CARDS ***
permafrost07: calls $2
AzureCaper: raises $3 to $6
permafrost07: calls $3
*** FLOP *** [3d 9s 9h]
AzureCaper: bets $3
permafrost07: folds
Uncalled bet ($3) returned to AzureCaper
AzureCaper collected $11.76 from pot
AzureCaper: doesn't show hand
*** SUMMARY ***
Total pot $12 | Rake $0.24
Board [3d 9s 9h]
Seat 3: permafrost07 (button) (small blind) folded on the Flop
Seat 4: AzureCaper (big blind) collected ($11.76)


PokerStars Hand #147001272974:  Hold'em Limit ($3/$6 USD) - 2016/01/13 20:23:04 ET
Table 'Polit' 6-max Seat #4 is the button
Seat 3: permafrost07 ($118 in chips)
Seat 4: AzureCaper ($77.76 in chips)
AzureCaper: posts small blind $1
permafrost07: posts big blind $3
*** HOLE CARDS ***
AzureCaper: folds
Uncalled bet ($2) returned to permafrost07
permafrost07 collected $2 from pot
permafrost07: doesn't show hand
*** SUMMARY ***
Total pot $2 | Rake $0
Seat 3: permafrost07 (big blind) collected ($2)
Seat 4: AzureCaper (button) (small blind) folded before Flop


PokerStars Hand #147001275690:  Hold'em Limit ($3/$6 USD) - 2016/01/13 20:23:09 ET
Table 'Polit' 6-max Seat #3 is the button
Seat 3: permafrost07 ($119 in chips)
Seat 4: AzureCaper ($76.76 in chips)
permafrost07: posts small blind $1
AzureCaper: posts big blind $3
*** HOLE CARDS ***
permafrost07: raises $3 to $6
AzureCaper: calls $3
*** FLOP *** [Kh 3c 4s]
AzureCaper: checks
permafrost07: bets $3
AzureCaper: calls $3
*** TURN *** [Kh 3c 4s] [Ad]
AzureCaper: checks
permafrost07: checks
*** RIVER *** [Kh 3c 4s Ad] [7s]
AzureCaper: checks
permafrost07: checks
*** SHOW DOWN ***
AzureCaper: shows [5c Qc] (high card Ace)
permafrost07: shows [4h 2h] (a pair of Fours)
permafrost07 collected $17.64 from pot
*** SUMMARY ***
Total pot $18 | Rake $0.36
Board [Kh 3c 4s Ad 7s]
Seat 3: permafrost07 (button) (small blind) showed [4h 2h] and won ($17.64) with a pair of Fours
Seat 4: AzureCaper (big blind) showed [5c Qc] and lost with high card Ace


PokerStars Hand #147001288082:  Hold'em Limit ($3/$6 USD) - 2016/01/13 20:23:31 ET
Table 'Polit' 6-max Seat #4 is the button
Seat 3: permafrost07 ($127.64 in chips)
Seat 4: AzureCaper ($72 in chips)
AzureCaper: posts small blind $1
permafrost07: posts big blind $3
*** HOLE CARDS ***
AzureCaper: raises $3 to $6
permafrost07: raises $3 to $9
AzureCaper: calls $3
*** FLOP *** [4h 4c Jh]
permafrost07: bets $3
AzureCaper: calls $3
*** TURN *** [4h 4c Jh] [6h]
permafrost07: bets $6
AzureCaper: folds
Uncalled bet ($6) returned to permafrost07
permafrost07 collected $23.52 from pot
permafrost07: doesn't show hand
*** SUMMARY ***
Total pot $24 | Rake $0.48
Board [4h 4c Jh 6h]
Seat 3: permafrost07 (big blind) collected ($23.52)
Seat 4: AzureCaper (button) (small blind) folded on the Turn


PokerStars Hand #147001304267:  Hold'em Limit ($3/$6 USD) - 2016/01/13 20:24:00 ET
Table 'Polit' 6-max Seat #4 is the button
Seat 3: permafrost07 ($133.16 in chips)
Seat 4: AzureCaper ($77.76 in chips)
AzureCaper: posts small blind $1
permafrost07: posts big blind $3
*** HOLE CARDS ***
AzureCaper: folds
Uncalled bet ($2) returned to permafrost07
permafrost07 collected $2 from pot
*** SUMMARY ***
Total pot $2 | Rake $0
Seat 3: permafrost07 (big blind) collected ($2)
Seat 4: AzureCaper (button) (small blind) folded before Flop


PokerStars Hand #147001297368:  Hold'em Limit ($3/$6 USD) - 2016/01/13 20:23:48 ET
Table 'Polit' 6-max Seat #3 is the button
Seat 3: permafrost07 ($139.16 in chips)
Seat 4: AzureCaper ($72 in chips)
permafrost07: posts small blind $1
AzureCaper: posts big blind $3
*** HOLE CARDS ***
permafrost07: raises $3 to $6
AzureCaper: calls $3
*** FLOP *** [Th 5d Jc]
AzureCaper: checks
permafrost07: checks
*** TURN *** [Th 5d Jc] [6c]
AzureCaper: bets $6
permafrost07: folds
Uncalled bet ($6) returned to AzureCaper
AzureCaper collected $11.76 from pot
AzureCaper: doesn't show hand
*** SUMMARY ***
Total pot $12 | Rake $0.24
Board [Th 5d Jc 6c]
Seat 3: permafrost07 (button) (small blind) folded on the Turn
Seat 4: AzureCaper (big blind) collected ($11.76)


PokerStars Hand #147001307134:  Hold'em Limit ($3/$6 USD) - 2016/01/13 20:24:05 ET
Table 'Polit' 6-max Seat #3 is the button
Seat 3: permafrost07 ($134.16 in chips)
Seat 4: AzureCaper ($76.76 in chips)
permafrost07: posts small blind $1
AzureCaper: posts big blind $3
*** HOLE CARDS ***
permafrost07: folds
Uncalled bet ($2) returned to AzureCaper
AzureCaper collected $2 from pot
AzureCaper: doesn't show hand
*** SUMMARY ***
Total pot $2 | Rake $0
Seat 3: permafrost07 (button) (small blind) folded before Flop
Seat 4: AzureCaper (big blind) collected ($2)


PokerStars Hand #147001311764:  Hold'em Limit ($3/$6 USD) - 2016/01/13 20:24:14 ET
Table 'Polit' 6-max Seat #4 is the button
Seat 3: permafrost07 ($133.16 in chips)
Seat 4: AzureCaper ($77.76 in chips)
AzureCaper: posts small blind $1
permafrost07: posts big blind $3
*** HOLE CARDS ***
AzureCaper: folds
Uncalled bet ($2) returned to permafrost07
permafrost07 collected $2 from pot
permafrost07: doesn't show hand
*** SUMMARY ***
Total pot $2 | Rake $0
Seat 3: permafrost07 (big blind) collected ($2)
Seat 4: AzureCaper (button) (small blind) folded before Flop


PokerStars Hand #147001326323:  Hold'em Limit ($3/$6 USD) - 2016/01/13 20:24:40 ET
Table 'Polit' 6-max Seat #4 is the button
Seat 3: permafrost07 ($154.66 in chips)
Seat 4: AzureCaper ($72 in chips)
AzureCaper: posts small blind $1
permafrost07: posts big blind $3
*** HOLE CARDS ***
AzureCaper: folds
Uncalled bet ($2) returned to permafrost07
permafrost07 collected $2 from pot
permafrost07: doesn't show hand
*** SUMMARY ***
Total pot $2 | Rake $0
Seat 3: permafrost07 (big blind) collected ($2)
Seat 4: AzureCaper (button) (small blind) folded before Flop


PokerStars Hand #147001314586:  Hold'em Limit ($3/$6 USD) - 2016/01/13 20:24:19 ET
Table 'Polit' 6-max Seat #3 is the button
Seat 3: permafrost07 ($134.16 in chips)
Seat 4: AzureCaper ($76.76 in chips)
permafrost07: posts small blind $1
AzureCaper: posts big blind $3
*** HOLE CARDS ***
permafrost07: calls $2
AzureCaper: raises $3 to $6
permafrost07: calls $3
*** FLOP *** [Qh Qs 5h]
AzureCaper: bets $3
permafrost07: calls $3
*** TURN *** [Qh Qs 5h] [Ac]
AzureCaper: bets $6
permafrost07: calls $6
*** RIVER *** [Qh Qs 5h Ac] [3s]
AzureCaper: bets $6
permafrost07: calls $6
*** SHOW DOWN ***
AzureCaper: shows [8h 4h] (a pair of Queens)
permafrost07: shows [Td 5s] (two pair, Queens and Fives)
permafrost07 collected $41.50 from pot
*** SUMMARY ***
Total pot $42 | Rake $0.50
Board [Qh Qs 5h Ac 3s]
Seat 3: permafrost07 (button) (small blind) showed [Td 5s] and won ($41.50) with two pair, Queens and Fives
Seat 4: AzureCaper (big blind) showed [8h 4h] and lost with a pair of Queens


PokerStars Hand #147001328967:  Hold'em Limit ($3/$6 USD) - 2016/01/13 20:24:45 ET
Table 'Polit' 6-max Seat #3 is the button
Seat 3: permafrost07 ($155.66 in chips)
Seat 4: AzureCaper ($72 in chips)
permafrost07: posts small blind $1
AzureCaper: posts big blind $3
*** HOLE CARDS ***
permafrost07: folds
Uncalled bet ($2) returned to AzureCaper
AzureCaper collected $2 from pot
AzureCaper: doesn't show hand
*** SUMMARY ***
Total pot $2 | Rake $0
Seat 3: permafrost07 (button) (small blind) folded before Flop
Seat 4: AzureCaper (big blind) collected ($2)


PokerStars Hand #147001331937:  Hold'em Limit ($3/$6 USD) - 2016/01/13 20:24:50 ET
Table 'Polit' 6-max Seat #4 is the button
Seat 3: permafrost07 ($154.66 in chips)
Seat 4: AzureCaper ($73 in chips)
AzureCaper: posts small blind $1
permafrost07: posts big blind $3
*** HOLE CARDS ***
AzureCaper: raises $3 to $6
permafrost07: raises $3 to $9
AzureCaper: calls $3
*** FLOP *** [Th 9d Ts]
permafrost07: bets $3
AzureCaper: calls $3
*** TURN *** [Th 9d Ts] [8c]
permafrost07: bets $6
AzureCaper: calls $6
*** RIVER *** [Th 9d Ts 8c] [As]
permafrost07: bets $6
AzureCaper: folds
Uncalled bet ($6) returned to permafrost07
permafrost07 collected $35.50 from pot
permafrost07: doesn't show hand
*** SUMMARY ***
Total pot $36 | Rake $0.50
Board [Th 9d Ts 8c As]
Seat 3: permafrost07 (big blind) collected ($35.50)
Seat 4: AzureCaper (button) (small blind) folded on the River


PokerStars Hand #147001344165:  Hold'em Limit ($3/$6 USD) - 2016/01/13 20:25:12 ET
Table 'Polit' 6-max Seat #3 is the button
Seat 3: permafrost07 ($172.16 in chips)
Seat 4: AzureCaper ($72 in chips)
permafrost07: posts small blind $1
AzureCaper: posts big blind $3
*** HOLE CARDS ***
permafrost07: raises $3 to $6
AzureCaper: calls $3
*** FLOP *** [5h As Qd]
AzureCaper: checks
permafrost07: bets $3
AzureCaper: folds
Uncalled bet ($3) returned to permafrost07
permafrost07 collected $11.76 from pot
*** SUMMARY ***
Total pot $12 | Rake $0.24
Board [5h As Qd]
Seat 3: permafrost07 (button) (small blind) collected ($11.76)
Seat 4: AzureCaper (big blind) folded on the Flop


PokerStars Hand #147001369579:  Hold'em Limit ($3/$6 USD) - 2016/01/13 20:25:58 ET
Table 'Polit' 6-max Seat #3 is the button
Seat 3: permafrost07 ($153.92 in chips)
Seat 4: AzureCaper ($95.50 in chips)
permafrost07: posts small blind $1
AzureCaper: posts big blind $3
*** HOLE CARDS ***
permafrost07: raises $3 to $6
AzureCaper: folds
Uncalled bet ($3) returned to permafrost07
permafrost07 collected $6 from pot
permafrost07: doesn't show hand
*** SUMMARY ***
Total pot $6 | Rake $0
Seat 3: permafrost07 (button) (small blind) collected ($6)
Seat 4: AzureCaper (big blind) folded before Flop


PokerStars Hand #147001354014:  Hold'em Limit ($3/$6 USD) - 2016/01/13 20:25:30 ET
Table 'Polit' 6-max Seat #4 is the button
Seat 3: permafrost07 ($177.92 in chips)
Seat 4: AzureCaper ($72 in chips)
AzureCaper: posts small blind $1
permafrost07: posts big blind $3
*** HOLE CARDS ***
AzureCaper: raises $3 to $6
permafrost07: raises $3 to $9
AzureCaper: calls $3
*** FLOP *** [2c 4d 6h]
permafrost07: bets $3
AzureCaper: calls $3
*** TURN *** [2c 4d 6h] [3d]
permafrost07: checks
AzureCaper: bets $6
permafrost07: calls $6
*** RIVER *** [2c 4d 6h 3d] [9c]
permafrost07: checks
AzureCaper: bets $6
permafrost07: calls $6
*** SHOW DOWN ***
AzureCaper: shows [8d 5d] (a straight, Deuce to Six)
permafrost07: mucks hand
AzureCaper collected $47.50 from pot
*** SUMMARY ***
Total pot $48 | Rake $0.50
Board [2c 4d 6h 3d 9c]
Seat 3: permafrost07 (big blind) mucked
Seat 4: AzureCaper (button) (small blind) showed [8d 5d] and won ($47.50) with a straight, Deuce to Six


PokerStars Hand #147001372383:  Hold'em Limit ($3/$6 USD) - 2016/01/13 20:26:04 ET
Table 'Polit' 6-max Seat #4 is the button
Seat 3: permafrost07 ($156.92 in chips)
Seat 4: AzureCaper ($92.50 in chips)
AzureCaper: posts small blind $1
permafrost07: posts big blind $3
*** HOLE CARDS ***
AzureCaper: raises $3 to $6
permafrost07: calls $3
*** FLOP *** [Tc 4c 3c]
permafrost07: bets $3
AzureCaper: folds
Uncalled bet ($3) returned to permafrost07
permafrost07 collected $11.76 from pot
permafrost07: doesn't show hand
*** SUMMARY ***
Total pot $12 | Rake $0.24
Board [Tc 4c 3c]
Seat 3: permafrost07 (big blind) collected ($11.76)
Seat 4: AzureCaper (button) (small blind) folded on the Flop


PokerStars Hand #147001379210:  Hold'em Limit ($3/$6 USD) - 2016/01/13 20:26:16 ET
Table 'Polit' 6-max Seat #3 is the button
Seat 3: permafrost07 ($162.68 in chips)
Seat 4: AzureCaper ($86.50 in chips)
permafrost07: posts small blind $1
AzureCaper: posts big blind $3
*** HOLE CARDS ***
permafrost07: calls $2
AzureCaper: raises $3 to $6
permafrost07: calls $3
*** FLOP *** [4c 3c 7d]
AzureCaper: bets $3
permafrost07: calls $3
*** TURN *** [4c 3c 7d] [Qd]
AzureCaper: bets $6
permafrost07: calls $6
*** RIVER *** [4c 3c 7d Qd] [8s]
AzureCaper: checks
permafrost07: checks
*** SHOW DOWN ***
AzureCaper: shows [Ad 2d] (high card Ace)
permafrost07: mucks hand
AzureCaper collected $29.50 from pot
*** SUMMARY ***
Total pot $30 | Rake $0.50
Board [4c 3c 7d Qd 8s]
Seat 3: permafrost07 (button) (small blind) mucked
Seat 4: AzureCaper (big blind) showed [Ad 2d] and won ($29.50) with high card Ace


PokerStars Hand #147001391249:  Hold'em Limit ($3/$6 USD) - 2016/01/13 20:26:38 ET
Table 'Polit' 6-max Seat #4 is the button
Seat 3: permafrost07 ($147.68 in chips)
Seat 4: AzureCaper ($101 in chips)
AzureCaper: posts small blind $1
permafrost07: posts big blind $3
*** HOLE CARDS ***
AzureCaper: raises $3 to $6
permafrost07: calls $3
*** FLOP *** [As 7s 6h]
permafrost07: checks
AzureCaper: bets $3
permafrost07: folds
Uncalled bet ($3) returned to AzureCaper
AzureCaper collected $11.76 from pot
AzureCaper: doesn't show hand
*** SUMMARY ***
Total pot $12 | Rake $0.24
Board [As 7s 6h]
Seat 3: permafrost07 (big blind) folded on the Flop
Seat 4: AzureCaper (button) (small blind) collected ($11.76)


PokerStars Hand #147001397247:  Hold'em Limit ($3/$6 USD) - 2016/01/13 20:26:49 ET
Table 'Polit' 6-max Seat #3 is the button
Seat 3: permafrost07 ($141.68 in chips)
Seat 4: AzureCaper ($106.76 in chips)
permafrost07: posts small blind $1
AzureCaper: posts big blind $3
*** HOLE CARDS ***
permafrost07: raises $3 to $6
AzureCaper: calls $3
*** FLOP *** [3h Jd Qc]
AzureCaper: bets $3
permafrost07: calls $3
*** TURN *** [3h Jd Qc] [8c]
AzureCaper: bets $6
permafrost07: folds
Uncalled bet ($6) returned to AzureCaper
AzureCaper collected $17.64 from pot
AzureCaper: doesn't show hand
*** SUMMARY ***
Total pot $18 | Rake $0.36
Board [3h Jd Qc 8c]
Seat 3: permafrost07 (button) (small blind) folded on the Turn
Seat 4: AzureCaper (big blind) collected ($17.64)


PokerStars Hand #147001405454:  Hold'em Limit ($3/$6 USD) - 2016/01/13 20:27:04 ET
Table 'Polit' 6-max Seat #4 is the button
Seat 3: permafrost07 ($132.68 in chips)
Seat 4: AzureCaper ($115.40 in chips)
AzureCaper: posts small blind $1
permafrost07: posts big blind $3
*** HOLE CARDS ***
AzureCaper: raises $3 to $6
permafrost07: calls $3
*** FLOP *** [3s 6s Th]
permafrost07: checks
AzureCaper: bets $3
permafrost07: calls $3
*** TURN *** [3s 6s Th] [9c]
permafrost07: checks
AzureCaper: bets $6
permafrost07: calls $6
*** RIVER *** [3s 6s Th 9c] [Jd]
permafrost07: checks
AzureCaper: checks
*** SHOW DOWN ***
permafrost07: shows [5s 7d] (high card Jack)
AzureCaper: shows [Kd As] (high card Ace)
AzureCaper collected $29.50 from pot
*** SUMMARY ***
Total pot $30 | Rake $0.50
Board [3s 6s Th 9c Jd]
Seat 3: permafrost07 (big blind) showed [5s 7d] and lost with high card Jack
Seat 4: AzureCaper (button) (small blind) showed [Kd As] and won ($29.50) with high card Ace


PokerStars Hand #147001416545:  Hold'em Limit ($3/$6 USD) - 2016/01/13 20:27:24 ET
Table 'Polit' 6-max Seat #3 is the button
Seat 3: permafrost07 ($117.68 in chips)
Seat 4: AzureCaper ($129.90 in chips)
permafrost07: posts small blind $1
AzureCaper: posts big blind $3
*** HOLE CARDS ***
permafrost07: raises $3 to $6
AzureCaper: folds
Uncalled bet ($3) returned to permafrost07
permafrost07 collected $6 from pot
permafrost07: doesn't show hand
*** SUMMARY ***
Total pot $6 | Rake $0
Seat 3: permafrost07 (button) (small blind) collected ($6)
Seat 4: AzureCaper (big blind) folded before Flop


PokerStars Hand #147001420440:  Hold'em Limit ($3/$6 USD) - 2016/01/13 20:27:31 ET
Table 'Polit' 6-max Seat #4 is the button
Seat 3: permafrost07 ($120.68 in chips)
Seat 4: AzureCaper ($126.90 in chips)
AzureCaper: posts small blind $1
permafrost07: posts big blind $3
*** HOLE CARDS ***
AzureCaper: raises $3 to $6
permafrost07: calls $3
*** FLOP *** [9h 6d 8h]
permafrost07: bets $3
AzureCaper: folds
Uncalled bet ($3) returned to permafrost07
permafrost07 collected $11.76 from pot
permafrost07: doesn't show hand
*** SUMMARY ***
Total pot $12 | Rake $0.24
Board [9h 6d 8h]
Seat 3: permafrost07 (big blind) collected ($11.76)
Seat 4: AzureCaper (button) (small blind) folded on the Flop


PokerStars Hand #147001430351:  Hold'em Limit ($3/$6 USD) - 2016/01/13 20:27:49 ET
Table 'Polit' 6-max Seat #4 is the button
Seat 3: permafrost07 ($129.44 in chips)
Seat 4: AzureCaper ($117.90 in chips)
AzureCaper: posts small blind $1
permafrost07: posts big blind $3
*** HOLE CARDS ***
AzureCaper: folds
Uncalled bet ($2) returned to permafrost07
permafrost07 collected $2 from pot
permafrost07: doesn't show hand
*** SUMMARY ***
Total pot $2 | Rake $0
Seat 3: permafrost07 (big blind) collected ($2)
Seat 4: AzureCaper (button) (small blind) folded before Flop


PokerStars Hand #147001426206:  Hold'em Limit ($3/$6 USD) - 2016/01/13 20:27:42 ET
Table 'Polit' 6-max Seat #3 is the button
Seat 3: permafrost07 ($126.44 in chips)
Seat 4: AzureCaper ($120.90 in chips)
permafrost07: posts small blind $1
AzureCaper: posts big blind $3
*** HOLE CARDS ***
permafrost07: raises $3 to $6
AzureCaper: folds
Uncalled bet ($3) returned to permafrost07
permafrost07 collected $6 from pot
permafrost07: doesn't show hand
*** SUMMARY ***
Total pot $6 | Rake $0
Seat 3: permafrost07 (button) (small blind) collected ($6)
Seat 4: AzureCaper (big blind) folded before Flop


PokerStars Hand #147001432901:  Hold'em Limit ($3/$6 USD) - 2016/01/13 20:27:54 ET
Table 'Polit' 6-max Seat #3 is the button
Seat 3: permafrost07 ($130.44 in chips)
Seat 4: AzureCaper ($116.90 in chips)
permafrost07: posts small blind $1
AzureCaper: posts big blind $3
*** HOLE CARDS ***
permafrost07: raises $3 to $6
AzureCaper: raises $3 to $9
permafrost07: calls $3
*** FLOP *** [4s 3d 4d]
AzureCaper: bets $3
permafrost07: raises $3 to $6
AzureCaper: calls $3
*** TURN *** [4s 3d 4d] [6c]
AzureCaper: checks
permafrost07: bets $6
AzureCaper: calls $6
*** RIVER *** [4s 3d 4d 6c] [8c]
AzureCaper: checks
permafrost07: bets $6
AzureCaper: folds
Uncalled bet ($6) returned to permafrost07
permafrost07 collected $41.50 from pot
permafrost07: doesn't show hand
*** SUMMARY ***
Total pot $42 | Rake $0.50
Board [4s 3d 4d 6c 8c]
Seat 3: permafrost07 (button) (small blind) collected ($41.50)
Seat 4: AzureCaper (big blind) folded on the River


PokerStars Hand #147001445238:  Hold'em Limit ($3/$6 USD) - 2016/01/13 20:28:16 ET
Table 'Polit' 6-max Seat #4 is the button
Seat 3: permafrost07 ($150.94 in chips)
Seat 4: AzureCaper ($95.90 in chips)
AzureCaper: posts small blind $1
permafrost07: posts big blind $3
*** HOLE CARDS ***
AzureCaper: raises $3 to $6
permafrost07: calls $3
*** FLOP *** [As Qd 8c]
SmellyToes4u joins the table at seat #5
permafrost07: bets $3
AzureCaper: calls $3
*** TURN *** [As Qd 8c] [Qs]
permafrost07: checks
AzureCaper: bets $6
permafrost07: calls $6
*** RIVER *** [As Qd 8c Qs] [5c]
permafrost07: checks
AzureCaper: checks
*** SHOW DOWN ***
permafrost07: shows [3c Js] (a pair of Queens)
AzureCaper: shows [Ks 8s] (two pair, Queens and Eights)
AzureCaper collected $29.50 from pot
*** SUMMARY ***
Total pot $30 | Rake $0.50
Board [As Qd 8c Qs 5c]
Seat 3: permafrost07 (big blind) showed [3c Js] and lost with a pair of Queens
Seat 4: AzureCaper (button) (small blind) showed [Ks 8s] and won ($29.50) with two pair, Queens and Eights


PokerStars Hand #147001458212:  Hold'em Limit ($3/$6 USD) - 2016/01/13 20:28:40 ET
Table 'Polit' 6-max Seat #3 is the button
Seat 3: permafrost07 ($135.94 in chips)
Seat 4: AzureCaper ($110.40 in chips)
permafrost07: posts small blind $1
AzureCaper: posts big blind $3
*** HOLE CARDS ***
permafrost07: raises $3 to $6
AzureCaper: calls $3
*** FLOP *** [Tc 8c Ks]
AzureCaper: checks
permafrost07: bets $3
AzureCaper: folds
Uncalled bet ($3) returned to permafrost07
permafrost07 collected $11.76 from pot
permafrost07: doesn't show hand
*** SUMMARY ***
Total pot $12 | Rake $0.24
Board [Tc 8c Ks]
Seat 3: permafrost07 (button) (small blind) collected ($11.76)
Seat 4: AzureCaper (big blind) folded on the Flop


PokerStars Hand #147001491094:  Hold'em Limit ($3/$6 USD) - 2016/01/13 20:29:41 ET
Table 'Polit' 6-max Seat #4 is the button
Seat 3: permafrost07 ($150.50 in chips)
Seat 4: AzureCaper ($100.40 in chips)
AzureCaper: posts small blind $1
SmellyToes4u: is sitting out
permafrost07: posts big blind $3
*** HOLE CARDS ***
AzureCaper: folds
Uncalled bet ($2) returned to permafrost07
permafrost07 collected $2 from pot
permafrost07: doesn't show hand
*** SUMMARY ***
Total pot $2 | Rake $0
Seat 3: permafrost07 (big blind) collected ($2)
Seat 4: AzureCaper (button) (small blind) folded before Flop


PokerStars Hand #147001494368:  Hold'em Limit ($3/$6 USD) - 2016/01/13 20:29:47 ET
Table 'Polit' 6-max Seat #3 is the button
Seat 3: permafrost07 ($151.50 in chips)
Seat 4: AzureCaper ($99.40 in chips)
permafrost07: posts small blind $1
AzureCaper: posts big blind $3
*** HOLE CARDS ***
permafrost07: raises $3 to $6
AzureCaper: folds
Uncalled bet ($3) returned to permafrost07
permafrost07 collected $6 from pot
*** SUMMARY ***
Total pot $6 | Rake $0
Seat 3: permafrost07 (button) (small blind) collected ($6)
Seat 4: AzureCaper (big blind) folded before Flop


PokerStars Hand #147001499544:  Hold'em Limit ($3/$6 USD) - 2016/01/13 20:29:56 ET
Table 'Polit' 6-max Seat #4 is the button
Seat 3: permafrost07 ($154.50 in chips)
Seat 4: AzureCaper ($96.40 in chips)
AzureCaper: posts small blind $1
permafrost07: posts big blind $3
*** HOLE CARDS ***
AzureCaper: raises $3 to $6
permafrost07: raises $3 to $9
AzureCaper: calls $3
*** FLOP *** [2d Tc 2c]
permafrost07: bets $3
AzureCaper: calls $3
*** TURN *** [2d Tc 2c] [Js]
permafrost07: checks
AzureCaper: bets $6
permafrost07: calls $6
*** RIVER *** [2d Tc 2c Js] [5d]
permafrost07: checks
AzureCaper: bets $6
permafrost07: folds
Uncalled bet ($6) returned to AzureCaper
AzureCaper collected $35.50 from pot
AzureCaper: doesn't show hand
*** SUMMARY ***
Total pot $36 | Rake $0.50
Board [2d Tc 2c Js 5d]
Seat 3: permafrost07 (big blind) folded on the River
Seat 4: AzureCaper (button) (small blind) collected ($35.50)


PokerStars Hand #147001511173:  Hold'em Limit ($3/$6 USD) - 2016/01/13 20:30:18 ET
Table 'Polit' 6-max Seat #3 is the button
Seat 3: permafrost07 ($136.50 in chips)
Seat 4: AzureCaper ($113.90 in chips)
permafrost07: posts small blind $1
AzureCaper: posts big blind $3
*** HOLE CARDS ***
permafrost07: raises $3 to $6
AzureCaper: raises $3 to $9
permafrost07: calls $3
*** FLOP *** [6s 4h Td]
AzureCaper: bets $3
permafrost07: raises $3 to $6
AzureCaper: raises $3 to $9
permafrost07: calls $3
*** TURN *** [6s 4h Td] [Kd]
AzureCaper: bets $6
permafrost07: calls $6
*** RIVER *** [6s 4h Td Kd] [Qh]
AzureCaper: bets $6
permafrost07: calls $6
*** SHOW DOWN ***
AzureCaper: shows [8d 8s] (a pair of Eights)
permafrost07: mucks hand
AzureCaper collected $59.50 from pot
*** SUMMARY ***
Total pot $60 | Rake $0.50
Board [6s 4h Td Kd Qh]
Seat 3: permafrost07 (button) (small blind) mucked
Seat 4: AzureCaper (big blind) showed [8d 8s] and won ($59.50) with a pair of Eights


PokerStars Hand #147003457070:  Hold'em Limit ($3/$6 USD) - 2016/01/13 21:36:12 ET
Table 'Polit' 6-max Seat #4 is the button
Seat 3: miss kitty50 ($24.07 in chips)
Seat 4: Paulllchen ($192.71 in chips)
Paulllchen: posts small blind $1
SmellyToes4u: is sitting out
miss kitty50: posts big blind $3
*** HOLE CARDS ***
Paulllchen: raises $3 to $6
miss kitty50: folds
Uncalled bet ($3) returned to Paulllchen
Paulllchen collected $6 from pot
*** SUMMARY ***
Total pot $6 | Rake $0
Seat 3: miss kitty50 (big blind) folded before Flop
Seat 4: Paulllchen (button) (small blind) collected ($6)


PokerStars Hand #147003665794:  Hold'em Limit ($3/$6 USD) - 2016/01/13 21:43:56 ET
Table 'Polit' 6-max Seat #3 is the button
Seat 3: Paulllchen ($120 in chips)
Seat 5: SmellyToes4u ($52 in chips)
Paulllchen: posts small blind $1
SmellyToes4u: posts big blind $3
*** HOLE CARDS ***
Paulllchen: raises $3 to $6
SmellyToes4u: raises $3 to $9
Paulllchen: raises $3 to $12
Betting is capped
SmellyToes4u: calls $3
*** FLOP *** [7d Kd Qh]
SmellyToes4u: checks
Paulllchen: bets $3
SmellyToes4u: raises $3 to $6
Paulllchen: raises $3 to $9
SmellyToes4u: raises $3 to $12
Betting is capped
Paulllchen: calls $3
*** TURN *** [7d Kd Qh] [Qd]
SmellyToes4u: bets $6
Paulllchen: calls $6
*** RIVER *** [7d Kd Qh Qd] [6h]
SmellyToes4u: bets $6
Paulllchen: calls $6
*** SHOW DOWN ***
SmellyToes4u: shows [7s 7h] (a full house, Sevens full of Queens)
Paulllchen: mucks hand
SmellyToes4u collected $71.50 from pot
*** SUMMARY ***
Total pot $72 | Rake $0.50
Board [7d Kd Qh Qd 6h]
Seat 3: Paulllchen (button) (small blind) mucked
Seat 5: SmellyToes4u (big blind) showed [7s 7h] and won ($71.50) with a full house, Sevens full of Queens


PokerStars Hand #147003684011:  Hold'em Limit ($3/$6 USD) - 2016/01/13 21:44:36 ET
Table 'Polit' 6-max Seat #3 is the button
Seat 3: Paulllchen ($81 in chips)
Seat 5: SmellyToes4u ($90.50 in chips)
Paulllchen: posts small blind $1
SmellyToes4u: posts big blind $3
*** HOLE CARDS ***
Paulllchen: raises $3 to $6
SmellyToes4u: calls $3
*** FLOP *** [4c Jh 6d]
SmellyToes4u: checks
Paulllchen: bets $3
SmellyToes4u: folds
Uncalled bet ($3) returned to Paulllchen
Paulllchen collected $11.76 from pot
*** SUMMARY ***
Total pot $12 | Rake $0.24
Board [4c Jh 6d]
Seat 3: Paulllchen (button) (small blind) collected ($11.76)
Seat 5: SmellyToes4u (big blind) folded on the Flop


PokerStars Hand #147003692795:  Hold'em Limit ($3/$6 USD) - 2016/01/13 21:44:55 ET
Table 'Polit' 6-max Seat #5 is the button
Seat 3: Paulllchen ($86.76 in chips)
Seat 5: SmellyToes4u ($84.50 in chips)
SmellyToes4u: posts small blind $1
harrydonkey was removed from the table for failing to post
Paulllchen: posts big blind $3
*** HOLE CARDS ***
SmellyToes4u: raises $3 to $6
Paulllchen: calls $3
*** FLOP *** [Jd Qd 6h]
Paulllchen: checks
SmellyToes4u: bets $3
Paulllchen: folds
Uncalled bet ($3) returned to SmellyToes4u
SmellyToes4u collected $11.76 from pot
SmellyToes4u: doesn't show hand
*** SUMMARY ***
Total pot $12 | Rake $0.24
Board [Jd Qd 6h]
Seat 3: Paulllchen (big blind) folded on the Flop
Seat 5: SmellyToes4u (button) (small blind) collected ($11.76)


PokerStars Hand #147003680791:  Hold'em Limit ($3/$6 USD) - 2016/01/13 21:44:29 ET
Table 'Polit' 6-max Seat #5 is the button
Seat 3: Paulllchen ($84 in chips)
Seat 5: SmellyToes4u ($87.50 in chips)
SmellyToes4u: posts small blind $1
Paulllchen: posts big blind $3
*** HOLE CARDS ***
SmellyToes4u: raises $3 to $6
Paulllchen: folds
Uncalled bet ($3) returned to SmellyToes4u
SmellyToes4u collected $6 from pot
SmellyToes4u: doesn't show hand
*** SUMMARY ***
Total pot $6 | Rake $0
Seat 3: Paulllchen (big blind) folded before Flop
Seat 5: SmellyToes4u (button) (small blind) collected ($6)


PokerStars Hand #147003993648:  Hold'em Limit ($3/$6 USD) - 2016/01/13 21:56:31 ET
Table 'Polit' 6-max Seat #4 is the button
Seat 1: mo-chicky ($45.19 in chips)
Seat 4: AzureCaper ($81.92 in chips)
AzureCaper: posts small blind $1
mo-chicky: posts big blind $3
*** HOLE CARDS ***
AzureCaper: raises $3 to $6
mo-chicky: folds
Uncalled bet ($3) returned to AzureCaper
AzureCaper collected $6 from pot
AzureCaper: doesn't show hand
*** SUMMARY ***
Total pot $6 | Rake $0
Seat 1: mo-chicky (big blind) folded before Flop
Seat 4: AzureCaper (button) (small blind) collected ($6)


PokerStars Hand #147003987617:  Hold'em Limit ($3/$6 USD) - 2016/01/13 21:56:14 ET
Table 'Polit' 6-max Seat #1 is the button
Seat 1: mo-chicky ($39.43 in chips)
Seat 4: AzureCaper ($87.92 in chips)
mo-chicky: posts small blind $1
AzureCaper: posts big blind $3
*** HOLE CARDS ***
mo-chicky: calls $2
AzureCaper: checks
*** FLOP *** [Js Jc Ad]
Mazylis83 leaves the table
AzureCaper: bets $3
bianca_AK joins the table at seat #2
mo-chicky: calls $3
*** TURN *** [Js Jc Ad] [Th]
AzureCaper: checks
mo-chicky: bets $6
AzureCaper: folds
Uncalled bet ($6) returned to mo-chicky
mo-chicky collected $11.76 from pot
mo-chicky: doesn't show hand
*** SUMMARY ***
Total pot $12 | Rake $0.24
Board [Js Jc Ad Th]
Seat 1: mo-chicky (button) (small blind) collected ($11.76)
Seat 4: AzureCaper (big blind) folded on the Turn


PokerStars Hand #147004003630:  Hold'em Limit ($3/$6 USD) - 2016/01/13 21:56:59 ET
Table 'Polit' 6-max Seat #4 is the button
Seat 2: bianca_AK ($26 in chips)
Seat 4: AzureCaper ($79.92 in chips)
AzureCaper: posts small blind $1
bianca_AK: posts big blind $3
*** HOLE CARDS ***
mo-chicky leaves the table
AzureCaper: raises $3 to $6
bianca_AK: raises $3 to $9
AzureCaper: calls $3
*** FLOP *** [Jd 7s Qs]
bianca_AK: bets $3
AzureCaper: calls $3
*** TURN *** [Jd 7s Qs] [9d]
bianca_AK: bets $6
AzureCaper: calls $6
*** RIVER *** [Jd 7s Qs 9d] [6h]
bianca_AK: bets $6
AzureCaper: calls $6
*** SHOW DOWN ***
bianca_AK: shows [Tc Qc] (a pair of Queens)
AzureCaper: mucks hand
bianca_AK collected $47.50 from pot
*** SUMMARY ***
Total pot $48 | Rake $0.50
Board [Jd 7s Qs 9d 6h]
Seat 2: bianca_AK (big blind) showed [Tc Qc] and won ($47.50) with a pair of Queens
Seat 4: AzureCaper (button) (small blind) mucked


PokerStars Hand #147006050562:  Hold'em Limit ($3/$6 USD) - 2016/01/13 23:30:14 ET
Table 'Polit' 6-max Seat #4 is the button
Seat 4: LolDnkaments ($73 in chips)
Seat 6: mustangz_00 ($119 in chips)
LolDnkaments: posts small blind $1
mustangz_00: posts big blind $3
*** HOLE CARDS ***
LolDnkaments: folds
Uncalled bet ($2) returned to mustangz_00
mustangz_00 collected $2 from pot
*** SUMMARY ***
Total pot $2 | Rake $0
Seat 4: LolDnkaments (button) (small blind) folded before Flop
Seat 6: mustangz_00 (big blind) collected ($2)


PokerStars Hand #147006046184:  Hold'em Limit ($3/$6 USD) - 2016/01/13 23:30:00 ET
Table 'Polit' 6-max Seat #6 is the button
Seat 4: LolDnkaments ($72 in chips)
Seat 6: mustangz_00 ($120 in chips)
mustangz_00: posts small blind $1
LolDnkaments: posts big blind $3
*** HOLE CARDS ***
mustangz_00: folds
Uncalled bet ($2) returned to LolDnkaments
LolDnkaments collected $2 from pot
LolDnkaments: doesn't show hand
*** SUMMARY ***
Total pot $2 | Rake $0
Seat 4: LolDnkaments (big blind) collected ($2)
Seat 6: mustangz_00 (button) (small blind) folded before Flop


PokerStars Hand #147006052678:  Hold'em Limit ($3/$6 USD) - 2016/01/13 23:30:21 ET
Table 'Polit' 6-max Seat #6 is the button
Seat 4: LolDnkaments ($72 in chips)
Seat 6: mustangz_00 ($120 in chips)
mustangz_00: posts small blind $1
LolDnkaments: posts big blind $3
*** HOLE CARDS ***
mustangz_00: raises $3 to $6
LolDnkaments: calls $3
*** FLOP *** [Td 4d Jd]
LolDnkaments: checks
mustangz_00: bets $3
LolDnkaments: calls $3
*** TURN *** [Td 4d Jd] [Ah]
LolDnkaments: checks
mustangz_00: bets $6
LolDnkaments: raises $6 to $12
mustangz_00: folds
Uncalled bet ($6) returned to LolDnkaments
LolDnkaments collected $29.50 from pot
LolDnkaments: doesn't show hand
*** SUMMARY ***
Total pot $30 | Rake $0.50
Board [Td 4d Jd Ah]
Seat 4: LolDnkaments (big blind) collected ($29.50)
Seat 6: mustangz_00 (button) (small blind) folded on the Turn


PokerStars Hand #147006058316:  Hold'em Limit ($3/$6 USD) - 2016/01/13 23:30:39 ET
Table 'Polit' 6-max Seat #4 is the button
Seat 4: LolDnkaments ($86.50 in chips)
Seat 6: mustangz_00 ($105 in chips)
LolDnkaments: posts small blind $1
mustangz_00: posts big blind $3
*** HOLE CARDS ***
LolDnkaments: folds
Uncalled bet ($2) returned to mustangz_00
mustangz_00 collected $2 from pot
*** SUMMARY ***
Total pot $2 | Rake $0
Seat 4: LolDnkaments (button) (small blind) folded before Flop
Seat 6: mustangz_00 (big blind) collected ($2)


PokerStars Hand #147006059990:  Hold'em Limit ($3/$6 USD) - 2016/01/13 23:30:44 ET
Table 'Polit' 6-max Seat #6 is the button
Seat 4: LolDnkaments ($85.50 in chips)
Seat 6: mustangz_00 ($106 in chips)
mustangz_00: posts small blind $1
LolDnkaments: posts big blind $3
*** HOLE CARDS ***
mustangz_00: folds
Uncalled bet ($2) returned to LolDnkaments
LolDnkaments collected $2 from pot
LolDnkaments: doesn't show hand
*** SUMMARY ***
Total pot $2 | Rake $0
Seat 4: LolDnkaments (big blind) collected ($2)
Seat 6: mustangz_00 (button) (small blind) folded before Flop


PokerStars Hand #147006065665:  Hold'em Limit ($3/$6 USD) - 2016/01/13 23:31:03 ET
Table 'Polit' 6-max Seat #4 is the button
Seat 4: LolDnkaments ($86.50 in chips)
Seat 6: mustangz_00 ($105 in chips)
LolDnkaments: posts small blind $1
mustangz_00: posts big blind $3
*** HOLE CARDS ***
LolDnkaments: raises $3 to $6
mustangz_00: calls $3
*** FLOP *** [Qh Qs 2c]
mustangz_00: checks
LolDnkaments: bets $3
mustangz_00: folds
Uncalled bet ($3) returned to LolDnkaments
LolDnkaments collected $11.76 from pot
LolDnkaments: doesn't show hand
*** SUMMARY ***
Total pot $12 | Rake $0.24
Board [Qh Qs 2c]
Seat 4: LolDnkaments (button) (small blind) collected ($11.76)
Seat 6: mustangz_00 (big blind) folded on the Flop


PokerStars Hand #147006085098:  Hold'em Limit ($3/$6 USD) - 2016/01/13 23:32:05 ET
Table 'Polit' 6-max Seat #4 is the button
Seat 4: LolDnkaments ($100.90 in chips)
Seat 6: mustangz_00 ($90 in chips)
LolDnkaments: posts small blind $1
mustangz_00: posts big blind $3
*** HOLE CARDS ***
LolDnkaments: raises $3 to $6
mustangz_00: calls $3
*** FLOP *** [Kd Kc Js]
mustangz_00: checks
LolDnkaments: bets $3
mustangz_00: calls $3
*** TURN *** [Kd Kc Js] [2c]
mustangz_00: checks
LolDnkaments: checks
*** RIVER *** [Kd Kc Js 2c] [Kh]
mustangz_00: checks
LolDnkaments: checks
*** SHOW DOWN ***
mustangz_00: shows [Ks As] (four of a kind, Kings)
LolDnkaments: mucks hand
mustangz_00 collected $17.64 from pot
*** SUMMARY ***
Total pot $18 | Rake $0.36
Board [Kd Kc Js 2c Kh]
Seat 4: LolDnkaments (button) (small blind) mucked
Seat 6: mustangz_00 (big blind) showed [Ks As] and won ($17.64) with four of a kind, Kings


PokerStars Hand #147006075168:  Hold'em Limit ($3/$6 USD) - 2016/01/13 23:31:33 ET
Table 'Polit' 6-max Seat #6 is the button
Seat 4: LolDnkaments ($92.26 in chips)
Seat 6: mustangz_00 ($99 in chips)
mustangz_00: posts small blind $1
LolDnkaments: posts big blind $3
*** HOLE CARDS ***
mustangz_00: calls $2
LolDnkaments: raises $3 to $6
mustangz_00: calls $3
*** FLOP *** [Ah 7c Td]
LolDnkaments: bets $3
mustangz_00: calls $3
*** TURN *** [Ah 7c Td] [Ad]
LolDnkaments: bets $6
mustangz_00: folds
Uncalled bet ($6) returned to LolDnkaments
LolDnkaments collected $17.64 from pot
LolDnkaments: doesn't show hand
*** SUMMARY ***
Total pot $18 | Rake $0.36
Board [Ah 7c Td Ad]
Seat 4: LolDnkaments (big blind) collected ($17.64)
Seat 6: mustangz_00 (button) (small blind) folded on the Turn


PokerStars Hand #147006110275:  Hold'em Limit ($3/$6 USD) - 2016/01/13 23:33:25 ET
Table 'Polit' 6-max Seat #4 is the button
Seat 4: LolDnkaments ($85.54 in chips)
Seat 6: mustangz_00 ($104.04 in chips)
LolDnkaments: posts small blind $1
mustangz_00: posts big blind $3
*** HOLE CARDS ***
LolDnkaments: raises $3 to $6
mustangz_00: folds
Uncalled bet ($3) returned to LolDnkaments
LolDnkaments collected $6 from pot
LolDnkaments: doesn't show hand
*** SUMMARY ***
Total pot $6 | Rake $0
Seat 4: LolDnkaments (button) (small blind) collected ($6)
Seat 6: mustangz_00 (big blind) folded before Flop


PokerStars Hand #147006104613:  Hold'em Limit ($3/$6 USD) - 2016/01/13 23:33:07 ET
Table 'Polit' 6-max Seat #6 is the button
Seat 4: LolDnkaments ($76.90 in chips)
Seat 6: mustangz_00 ($113.04 in chips)
mustangz_00: posts small blind $1
LolDnkaments: posts big blind $3
*** HOLE CARDS ***
mustangz_00: raises $3 to $6
LolDnkaments: calls $3
*** FLOP *** [4s 7s Kd]
LolDnkaments: checks
mustangz_00: bets $3
LolDnkaments: calls $3
*** TURN *** [4s 7s Kd] [Js]
LolDnkaments: checks
mustangz_00: checks
*** RIVER *** [4s 7s Kd Js] [6s]
LolDnkaments: bets $6
mustangz_00: folds
Uncalled bet ($6) returned to LolDnkaments
LolDnkaments collected $17.64 from pot
LolDnkaments: doesn't show hand
*** SUMMARY ***
Total pot $18 | Rake $0.36
Board [4s 7s Kd Js 6s]
Seat 4: LolDnkaments (big blind) collected ($17.64)
Seat 6: mustangz_00 (button) (small blind) folded on the River


PokerStars Hand #147006098323:  Hold'em Limit ($3/$6 USD) - 2016/01/13 23:32:47 ET
Table 'Polit' 6-max Seat #4 is the button
Seat 4: LolDnkaments ($88.90 in chips)
Seat 6: mustangz_00 ($101.52 in chips)
LolDnkaments: posts small blind $1
mustangz_00: posts big blind $3
*** HOLE CARDS ***
LolDnkaments: raises $3 to $6
mustangz_00: raises $3 to $9
LolDnkaments: calls $3
*** FLOP *** [4h 8d 4d]
mustangz_00: bets $3
LolDnkaments: calls $3
*** TURN *** [4h 8d 4d] [3h]
mustangz_00: bets $6
LolDnkaments: folds
Uncalled bet ($6) returned to mustangz_00
mustangz_00 collected $23.52 from pot
mustangz_00: doesn't show hand
*** SUMMARY ***
Total pot $24 | Rake $0.48
Board [4h 8d 4d 3h]
Seat 4: LolDnkaments (button) (small blind) folded on the Turn
Seat 6: mustangz_00 (big blind) collected ($23.52)


PokerStars Hand #147006092355:  Hold'em Limit ($3/$6 USD) - 2016/01/13 23:32:28 ET
Table 'Polit' 6-max Seat #6 is the button
Seat 4: LolDnkaments ($91.90 in chips)
Seat 6: mustangz_00 ($98.64 in chips)
mustangz_00: posts small blind $1
LolDnkaments: posts big blind $3
*** HOLE CARDS ***
mustangz_00: calls $2
LolDnkaments: checks
*** FLOP *** [5s 8d Kc]
LolDnkaments: checks
mustangz_00: checks
*** TURN *** [5s 8d Kc] [Jh]
LolDnkaments: checks
mustangz_00: bets $6
LolDnkaments: folds
Uncalled bet ($6) returned to mustangz_00
mustangz_00 collected $5.88 from pot
mustangz_00: doesn't show hand
*** SUMMARY ***
Total pot $6 | Rake $0.12
Board [5s 8d Kc Jh]
Seat 4: LolDnkaments (big blind) folded on the Turn
Seat 6: mustangz_00 (button) (small blind) collected ($5.88)


PokerStars Hand #147006122116:  Hold'em Limit ($3/$6 USD) - 2016/01/13 23:34:03 ET
Table 'Polit' 6-max Seat #6 is the button
Seat 4: LolDnkaments ($74.54 in chips)
Seat 6: mustangz_00 ($114.54 in chips)
mustangz_00: posts small blind $1
LolDnkaments: posts big blind $3
*** HOLE CARDS ***
mustangz_00: raises $3 to $6
LolDnkaments: calls $3
*** FLOP *** [3d Th 2h]
LolDnkaments: checks
mustangz_00: checks
*** TURN *** [3d Th 2h] [9s]
LolDnkaments: bets $6
mustangz_00: folds
Uncalled bet ($6) returned to LolDnkaments
LolDnkaments collected $11.76 from pot
LolDnkaments: doesn't show hand
*** SUMMARY ***
Total pot $12 | Rake $0.24
Board [3d Th 2h 9s]
Seat 4: LolDnkaments (big blind) collected ($11.76)
Seat 6: mustangz_00 (button) (small blind) folded on the Turn


PokerStars Hand #147006115054:  Hold'em Limit ($3/$6 USD) - 2016/01/13 23:33:41 ET
Table 'Polit' 6-max Seat #4 is the button
Seat 4: LolDnkaments ($89.54 in chips)
Seat 6: mustangz_00 ($100.04 in chips)
LolDnkaments: posts small blind $1
mustangz_00: posts big blind $3
*** HOLE CARDS ***
LolDnkaments: raises $3 to $6
mustangz_00: calls $3
*** FLOP *** [Kh 6s 8h]
mustangz_00: checks
LolDnkaments: bets $3
mustangz_00: calls $3
*** TURN *** [Kh 6s 8h] [Ks]
mustangz_00: checks
LolDnkaments: bets $6
mustangz_00: raises $6 to $12
LolDnkaments: folds
Uncalled bet ($6) returned to mustangz_00
mustangz_00 collected $29.50 from pot
mustangz_00: doesn't show hand
*** SUMMARY ***
Total pot $30 | Rake $0.50
Board [Kh 6s 8h Ks]
Seat 4: LolDnkaments (button) (small blind) folded on the Turn
Seat 6: mustangz_00 (big blind) collected ($29.50)


PokerStars Hand #147006112932:  Hold'em Limit ($3/$6 USD) - 2016/01/13 23:33:34 ET
Table 'Polit' 6-max Seat #6 is the button
Seat 4: LolDnkaments ($88.54 in chips)
Seat 6: mustangz_00 ($101.04 in chips)
mustangz_00: posts small blind $1
LolDnkaments: posts big blind $3
*** HOLE CARDS ***
mustangz_00: folds
Uncalled bet ($2) returned to LolDnkaments
LolDnkaments collected $2 from pot
LolDnkaments: doesn't show hand
*** SUMMARY ***
Total pot $2 | Rake $0
Seat 4: LolDnkaments (big blind) collected ($2)
Seat 6: mustangz_00 (button) (small blind) folded before Flop


PokerStars Hand #147006139308:  Hold'em Limit ($3/$6 USD) - 2016/01/13 23:34:58 ET
Table 'Polit' 6-max Seat #4 is the button
Seat 4: LolDnkaments ($77.76 in chips)
Seat 6: mustangz_00 ($111.18 in chips)
LolDnkaments: posts small blind $1
mustangz_00: posts big blind $3
*** HOLE CARDS ***
LolDnkaments: raises $3 to $6
mustangz_00: calls $3
*** FLOP *** [7c Kd 3h]
Chessnok joins the table at seat #1
mustangz_00: checks
LolDnkaments: bets $3
mustangz_00: calls $3
*** TURN *** [7c Kd 3h] [Td]
mustangz_00: checks
LolDnkaments: checks
*** RIVER *** [7c Kd 3h Td] [Qs]
mustangz_00: bets $6
LolDnkaments: folds
Uncalled bet ($6) returned to mustangz_00
mustangz_00 collected $17.64 from pot
mustangz_00: doesn't show hand
*** SUMMARY ***
Total pot $18 | Rake $0.36
Board [7c Kd 3h Td Qs]
Seat 4: LolDnkaments (button) (small blind) folded on the River
Seat 6: mustangz_00 (big blind) collected ($17.64)


PokerStars Hand #147006135360:  Hold'em Limit ($3/$6 USD) - 2016/01/13 23:34:46 ET
Table 'Polit' 6-max Seat #6 is the button
Seat 4: LolDnkaments ($72 in chips)
Seat 6: mustangz_00 ($117.18 in chips)
mustangz_00: posts small blind $1
LolDnkaments: posts big blind $3
*** HOLE CARDS ***
mustangz_00: calls $2
LolDnkaments: raises $3 to $6
mustangz_00: calls $3
*** FLOP *** [Jc 3d Qh]
LolDnkaments: bets $3
mustangz_00: folds
Uncalled bet ($3) returned to LolDnkaments
LolDnkaments collected $11.76 from pot
LolDnkaments: doesn't show hand
*** SUMMARY ***
Total pot $12 | Rake $0.24
Board [Jc 3d Qh]
Seat 4: LolDnkaments (big blind) collected ($11.76)
Seat 6: mustangz_00 (button) (small blind) folded on the Flop


PokerStars Hand #147006129969:  Hold'em Limit ($3/$6 USD) - 2016/01/13 23:34:29 ET
Table 'Polit' 6-max Seat #4 is the button
Seat 4: LolDnkaments ($80.30 in chips)
Seat 6: mustangz_00 ($108.54 in chips)
LolDnkaments: posts small blind $1
mustangz_00: posts big blind $3
*** HOLE CARDS ***
LolDnkaments: raises $3 to $6
mustangz_00: calls $3
*** FLOP *** [6d Qc 8d]
mustangz_00: checks
LolDnkaments: bets $3
mustangz_00: calls $3
*** TURN *** [6d Qc 8d] [4h]
mustangz_00: checks
LolDnkaments: checks
*** RIVER *** [6d Qc 8d 4h] [Qd]
mustangz_00: checks
LolDnkaments: checks
*** SHOW DOWN ***
mustangz_00: shows [Qs 2s] (three of a kind, Queens)
LolDnkaments: mucks hand
mustangz_00 collected $17.64 from pot
*** SUMMARY ***
Total pot $18 | Rake $0.36
Board [6d Qc 8d 4h Qd]
Seat 4: LolDnkaments (button) (small blind) mucked
Seat 6: mustangz_00 (big blind) showed [Qs 2s] and won ($17.64) with three of a kind, Queens


PokerStars Hand #147006224230:  Hold'em Limit ($3/$6 USD) - 2016/01/13 23:39:32 ET
Table 'Polit' 6-max Seat #1 is the button
Seat 1: Chessnok ($173.86 in chips)
Seat 4: LolDnkaments ($91.74 in chips)
Chessnok: posts small blind $1
LolDnkaments: posts big blind $3
*** HOLE CARDS ***
Chessnok: raises $3 to $6
LolDnkaments: calls $3
*** FLOP *** [Jh 4s 4d]
LolDnkaments: checks
Chessnok: bets $3
LolDnkaments: folds
Uncalled bet ($3) returned to Chessnok
Chessnok collected $11.76 from pot
Chessnok: doesn't show hand
*** SUMMARY ***
Total pot $12 | Rake $0.24
Board [Jh 4s 4d]
Seat 1: Chessnok (button) (small blind) collected ($11.76)
Seat 4: LolDnkaments (big blind) folded on the Flop


