PokerStars Hand #152047874241:  Hold'em Limit ($3/$6 USD) - 2016/04/17 11:44:39 ET
Table 'Polit' 6-max Seat #2 is the button
Seat 1: rego5nesg ($33.63 in chips)
Seat 2: agers20 ($63.39 in chips)
agers20: posts small blind $1
rego5nesg: posts big blind $3
*** HOLE CARDS ***
agers20: raises $3 to $6
rego5nesg: raises $3 to $9
agers20: raises $3 to $12
Betting is capped
rego5nesg: calls $3
*** FLOP *** [5h 5d Tc]
rego5nesg: bets $3
agers20: raises $3 to $6
rego5nesg: raises $3 to $9
agers20: raises $3 to $12
Betting is capped
rego5nesg: calls $3
*** TURN *** [5h 5d Tc] [Qs]
rego5nesg: bets $6
agers20: calls $6
*** RIVER *** [5h 5d Tc Qs] [2c]
Hi Im Alexey joins the table at seat #3
rego5nesg: checks
agers20: bets $6
rego5nesg: folds
Uncalled bet ($6) returned to agers20
agers20 collected $59.50 from pot
agers20: doesn't show hand
*** SUMMARY ***
Total pot $60 | Rake $0.50
Board [5h 5d Tc Qs 2c]
Seat 1: rego5nesg (big blind) folded on the River
Seat 2: agers20 (button) (small blind) collected ($59.50)


PokerStars Hand #152047899663:  Hold'em Limit ($3/$6 USD) - 2016/04/17 11:45:09 ET
Table 'Polit' 6-max Seat #1 is the button
Seat 1: rego5nesg ($3.63 in chips)
Seat 2: agers20 ($92.89 in chips)
rego5nesg: posts small blind $1
agers20: posts big blind $3
*** HOLE CARDS ***
rego5nesg: calls $2
agers20: raises $3 to $6
rego5nesg: folds
Uncalled bet ($3) returned to agers20
agers20 collected $6 from pot
agers20: doesn't show hand
*** SUMMARY ***
Total pot $6 | Rake $0
Seat 1: rego5nesg (button) (small blind) folded before Flop
Seat 2: agers20 (big blind) collected ($6)


PokerStars Hand #152048222115:  Hold'em Limit ($3/$6 USD) - 2016/04/17 11:51:33 ET
Table 'Polit' 6-max Seat #1 is the button
Seat 1: Hi Im Alexey ($73 in chips)
Seat 6: L1sandr0 ($29 in chips)
Hi Im Alexey: posts small blind $1
L1sandr0: posts big blind $3
*** HOLE CARDS ***
Hi Im Alexey: raises $3 to $6
L1sandr0: folds
Uncalled bet ($3) returned to Hi Im Alexey
Hi Im Alexey collected $6 from pot
*** SUMMARY ***
Total pot $6 | Rake $0
Seat 1: Hi Im Alexey (button) (small blind) collected ($6)
Seat 6: L1sandr0 (big blind) folded before Flop


PokerStars Hand #152048232122:  Hold'em Limit ($3/$6 USD) - 2016/04/17 11:51:45 ET
Table 'Polit' 6-max Seat #6 is the button
Seat 1: Hi Im Alexey ($76 in chips)
Seat 6: L1sandr0 ($26 in chips)
L1sandr0: posts small blind $1
Hi Im Alexey: posts big blind $3
*** HOLE CARDS ***
L1sandr0: calls $2
Hi Im Alexey: raises $3 to $6
L1sandr0: calls $3
*** FLOP *** [7s Ks Qs]
Hi Im Alexey: bets $3
L1sandr0: folds
Uncalled bet ($3) returned to Hi Im Alexey
Hi Im Alexey collected $11.76 from pot
*** SUMMARY ***
Total pot $12 | Rake $0.24
Board [7s Ks Qs]
Seat 1: Hi Im Alexey (big blind) collected ($11.76)
Seat 6: L1sandr0 (button) (small blind) folded on the Flop


PokerStars Hand #152048214220:  Hold'em Limit ($3/$6 USD) - 2016/04/17 11:51:23 ET
Table 'Polit' 6-max Seat #6 is the button
Seat 1: Hi Im Alexey ($72 in chips)
Seat 6: L1sandr0 ($30 in chips)
L1sandr0: posts small blind $1
Hi Im Alexey: posts big blind $3
*** HOLE CARDS ***
L1sandr0: folds
Uncalled bet ($2) returned to Hi Im Alexey
Hi Im Alexey collected $2 from pot
*** SUMMARY ***
Total pot $2 | Rake $0
Seat 1: Hi Im Alexey (big blind) collected ($2)
Seat 6: L1sandr0 (button) (small blind) folded before Flop


PokerStars Hand #152048264762:  Hold'em Limit ($3/$6 USD) - 2016/04/17 11:52:24 ET
Table 'Polit' 6-max Seat #1 is the button
Seat 1: Hi Im Alexey ($81.76 in chips)
Seat 6: L1sandr0 ($20 in chips)
Hi Im Alexey: posts small blind $1
L1sandr0: posts big blind $3
*** HOLE CARDS ***
Hi Im Alexey: raises $3 to $6
L1sandr0: calls $3
*** FLOP *** [7d Qc Kh]
L1sandr0: checks
Hi Im Alexey: bets $3
L1sandr0: raises $3 to $6
Hi Im Alexey: calls $3
*** TURN *** [7d Qc Kh] [3h]
L1sandr0: bets $6
Hi Im Alexey: raises $6 to $12
L1sandr0: calls $2 and is all-in
Uncalled bet ($4) returned to Hi Im Alexey
*** RIVER *** [7d Qc Kh 3h] [5h]
*** SHOW DOWN ***
L1sandr0: shows [Qh 6h] (a flush, King high)
Hi Im Alexey: shows [9c Kc] (a pair of Kings)
L1sandr0 collected $39.50 from pot
*** SUMMARY ***
Total pot $40 | Rake $0.50
Board [7d Qc Kh 3h 5h]
Seat 1: Hi Im Alexey (button) (small blind) showed [9c Kc] and lost with a pair of Kings
Seat 6: L1sandr0 (big blind) showed [Qh 6h] and won ($39.50) with a flush, King high


PokerStars Hand #152048290524:  Hold'em Limit ($3/$6 USD) - 2016/04/17 11:52:54 ET
Table 'Polit' 6-max Seat #6 is the button
Seat 1: Hi Im Alexey ($72 in chips)
Seat 6: L1sandr0 ($39.50 in chips)
L1sandr0: posts small blind $1
Hi Im Alexey: posts big blind $3
*** HOLE CARDS ***
L1sandr0: folds
Uncalled bet ($2) returned to Hi Im Alexey
L1sandr0 leaves the table
Hi Im Alexey collected $2 from pot
*** SUMMARY ***
Total pot $2 | Rake $0
Seat 1: Hi Im Alexey (big blind) collected ($2)
Seat 6: L1sandr0 (button) (small blind) folded before Flop


PokerStars Hand #152048259508:  Hold'em Limit ($3/$6 USD) - 2016/04/17 11:52:18 ET
Table 'Polit' 6-max Seat #6 is the button
Seat 1: Hi Im Alexey ($80.76 in chips)
Seat 6: L1sandr0 ($21 in chips)
L1sandr0: posts small blind $1
Hi Im Alexey: posts big blind $3
*** HOLE CARDS ***
L1sandr0: folds
Uncalled bet ($2) returned to Hi Im Alexey
Hi Im Alexey collected $2 from pot
*** SUMMARY ***
Total pot $2 | Rake $0
Seat 1: Hi Im Alexey (big blind) collected ($2)
Seat 6: L1sandr0 (button) (small blind) folded before Flop


PokerStars Hand #152048251291:  Hold'em Limit ($3/$6 USD) - 2016/04/17 11:52:08 ET
Table 'Polit' 6-max Seat #1 is the button
Seat 1: Hi Im Alexey ($81.76 in chips)
Seat 6: L1sandr0 ($20 in chips)
Hi Im Alexey: posts small blind $1
L1sandr0: posts big blind $3
*** HOLE CARDS ***
Hi Im Alexey: folds
Uncalled bet ($2) returned to L1sandr0
L1sandr0 collected $2 from pot
*** SUMMARY ***
Total pot $2 | Rake $0
Seat 1: Hi Im Alexey (button) (small blind) folded before Flop
Seat 6: L1sandr0 (big blind) collected ($2)


PokerStars Hand #152050199236:  Hold'em Limit ($3/$6 USD) - 2016/04/17 12:30:41 ET
Table 'Polit' 6-max Seat #4 is the button
Seat 1: davyyyyyyy ($119 in chips)
Seat 4: Agrotait ($73 in chips)
Agrotait: posts small blind $1
davyyyyyyy: posts big blind $3
*** HOLE CARDS ***
Agrotait: raises $3 to $6
davyyyyyyy: raises $3 to $9
Agrotait: calls $3
*** FLOP *** [Js 5s 8h]
davyyyyyyy: bets $3
Agrotait: calls $3
*** TURN *** [Js 5s 8h] [Ks]
davyyyyyyy: checks
Agrotait: bets $6
davyyyyyyy: calls $6
*** RIVER *** [Js 5s 8h Ks] [6d]
davyyyyyyy: checks
Agrotait: bets $6
davyyyyyyy: calls $6
*** SHOW DOWN ***
Agrotait: shows [7c 4c] (a straight, Four to Eight)
davyyyyyyy: mucks hand
Agrotait collected $47.50 from pot
*** SUMMARY ***
Total pot $48 | Rake $0.50
Board [Js 5s 8h Ks 6d]
Seat 1: davyyyyyyy (big blind) mucked
Seat 4: Agrotait (button) (small blind) showed [7c 4c] and won ($47.50) with a straight, Four to Eight


PokerStars Hand #152050236571:  Hold'em Limit ($3/$6 USD) - 2016/04/17 12:31:23 ET
Table 'Polit' 6-max Seat #1 is the button
Seat 1: davyyyyyyy ($95 in chips)
Seat 4: Agrotait ($96.50 in chips)
davyyyyyyy: posts small blind $1
Agrotait: posts big blind $3
*** HOLE CARDS ***
davyyyyyyy: raises $3 to $6
Agrotait: calls $3
*** FLOP *** [6c 8d Th]
Agrotait: checks
davyyyyyyy: bets $3
Agrotait: folds
Uncalled bet ($3) returned to davyyyyyyy
davyyyyyyy collected $11.76 from pot
*** SUMMARY ***
Total pot $12 | Rake $0.24
Board [6c 8d Th]
Seat 1: davyyyyyyy (button) (small blind) collected ($11.76)
Seat 4: Agrotait (big blind) folded on the Flop


PokerStars Hand #152050261640:  Hold'em Limit ($3/$6 USD) - 2016/04/17 12:31:51 ET
Table 'Polit' 6-max Seat #4 is the button
Seat 1: davyyyyyyy ($100.76 in chips)
Seat 4: Agrotait ($90.50 in chips)
Agrotait: posts small blind $1
davyyyyyyy: posts big blind $3
*** HOLE CARDS ***
Agrotait: raises $3 to $6
davyyyyyyy: raises $3 to $9
Agrotait: calls $3
*** FLOP *** [Ad 3s 6s]
davyyyyyyy: bets $3
Agrotait: calls $3
*** TURN *** [Ad 3s 6s] [Qs]
davyyyyyyy: bets $6
Agrotait: calls $6
*** RIVER *** [Ad 3s 6s Qs] [7h]
davyyyyyyy: bets $6
Agrotait: raises $6 to $12
davyyyyyyy: calls $6
*** SHOW DOWN ***
Agrotait: shows [Ac 7s] (two pair, Aces and Sevens)
davyyyyyyy: mucks hand
Agrotait collected $59.50 from pot
*** SUMMARY ***
Total pot $60 | Rake $0.50
Board [Ad 3s 6s Qs 7h]
Seat 1: davyyyyyyy (big blind) mucked
Seat 4: Agrotait (button) (small blind) showed [Ac 7s] and won ($59.50) with two pair, Aces and Sevens


PokerStars Hand #152050295506:  Hold'em Limit ($3/$6 USD) - 2016/04/17 12:32:28 ET
Table 'Polit' 6-max Seat #1 is the button
Seat 1: davyyyyyyy ($70.76 in chips)
Seat 4: Agrotait ($120 in chips)
davyyyyyyy: posts small blind $1
Agrotait: posts big blind $3
*** HOLE CARDS ***
davyyyyyyy: raises $3 to $6
Agrotait: calls $3
*** FLOP *** [9h 6c 8s]
Agrotait: bets $3
davyyyyyyy: calls $3
*** TURN *** [9h 6c 8s] [Ts]
Agrotait: bets $6
davyyyyyyy: calls $6
*** RIVER *** [9h 6c 8s Ts] [7s]
Agrotait: bets $6
davyyyyyyy: raises $6 to $12
Agrotait: folds
Uncalled bet ($6) returned to davyyyyyyy
davyyyyyyy collected $41.50 from pot
*** SUMMARY ***
Total pot $42 | Rake $0.50
Board [9h 6c 8s Ts 7s]
Seat 1: davyyyyyyy (button) (small blind) collected ($41.50)
Seat 4: Agrotait (big blind) folded on the River


PokerStars Hand #152050339673:  Hold'em Limit ($3/$6 USD) - 2016/04/17 12:33:16 ET
Table 'Polit' 6-max Seat #4 is the button
Seat 1: davyyyyyyy ($91.26 in chips)
Seat 4: Agrotait ($99 in chips)
Agrotait: posts small blind $1
davyyyyyyy: posts big blind $3
*** HOLE CARDS ***
Agrotait: raises $3 to $6
davyyyyyyy: folds
Uncalled bet ($3) returned to Agrotait
Agrotait collected $6 from pot
Agrotait: doesn't show hand
*** SUMMARY ***
Total pot $6 | Rake $0
Seat 1: davyyyyyyy (big blind) folded before Flop
Seat 4: Agrotait (button) (small blind) collected ($6)


PokerStars Hand #152050348337:  Hold'em Limit ($3/$6 USD) - 2016/04/17 12:33:26 ET
Table 'Polit' 6-max Seat #1 is the button
Seat 1: davyyyyyyy ($88.26 in chips)
Seat 4: Agrotait ($102 in chips)
davyyyyyyy: posts small blind $1
Agrotait: posts big blind $3
*** HOLE CARDS ***
davyyyyyyy: raises $3 to $6
Agrotait: calls $3
*** FLOP *** [Kd 7c 4h]
Agrotait: checks
davyyyyyyy: checks
*** TURN *** [Kd 7c 4h] [Ac]
Agrotait: checks
davyyyyyyy: bets $6
Agrotait: folds
Uncalled bet ($6) returned to davyyyyyyy
davyyyyyyy collected $11.76 from pot
*** SUMMARY ***
Total pot $12 | Rake $0.24
Board [Kd 7c 4h Ac]
Seat 1: davyyyyyyy (button) (small blind) collected ($11.76)
Seat 4: Agrotait (big blind) folded on the Turn


PokerStars Hand #152050369287:  Hold'em Limit ($3/$6 USD) - 2016/04/17 12:33:48 ET
Table 'Polit' 6-max Seat #4 is the button
Seat 1: davyyyyyyy ($94.02 in chips)
Seat 4: Agrotait ($96 in chips)
Agrotait: posts small blind $1
davyyyyyyy: posts big blind $3
*** HOLE CARDS ***
Agrotait: raises $3 to $6
davyyyyyyy: calls $3
*** FLOP *** [7h 6c 8h]
davyyyyyyy: checks
Agrotait: bets $3
davyyyyyyy: calls $3
*** TURN *** [7h 6c 8h] [3d]
davyyyyyyy: checks
Agrotait: checks
*** RIVER *** [7h 6c 8h 3d] [As]
davyyyyyyy: bets $6
Agrotait: folds
Uncalled bet ($6) returned to davyyyyyyy
davyyyyyyy collected $17.64 from pot
*** SUMMARY ***
Total pot $18 | Rake $0.36
Board [7h 6c 8h 3d As]
Seat 1: davyyyyyyy (big blind) collected ($17.64)
Seat 4: Agrotait (button) (small blind) folded on the River


PokerStars Hand #152050387713:  Hold'em Limit ($3/$6 USD) - 2016/04/17 12:34:09 ET
Table 'Polit' 6-max Seat #1 is the button
Seat 1: davyyyyyyy ($102.66 in chips)
Seat 4: Agrotait ($87 in chips)
davyyyyyyy: posts small blind $1
Agrotait: posts big blind $3
*** HOLE CARDS ***
davyyyyyyy: raises $3 to $6
Agrotait: calls $3
*** FLOP *** [4c 9s 5s]
Agrotait: checks
davyyyyyyy: checks
*** TURN *** [4c 9s 5s] [3c]
Agrotait: bets $6
davyyyyyyy: calls $6
*** RIVER *** [4c 9s 5s 3c] [Ah]
Agrotait: bets $6
davyyyyyyy: folds
Uncalled bet ($6) returned to Agrotait
Agrotait collected $23.52 from pot
Agrotait: doesn't show hand
*** SUMMARY ***
Total pot $24 | Rake $0.48
Board [4c 9s 5s 3c Ah]
Seat 1: davyyyyyyy (button) (small blind) folded on the River
Seat 4: Agrotait (big blind) collected ($23.52)


PokerStars Hand #152050405933:  Hold'em Limit ($3/$6 USD) - 2016/04/17 12:34:28 ET
Table 'Polit' 6-max Seat #4 is the button
Seat 1: davyyyyyyy ($90.66 in chips)
Seat 4: Agrotait ($98.52 in chips)
Agrotait: posts small blind $1
davyyyyyyy: posts big blind $3
*** HOLE CARDS ***
Agrotait: raises $3 to $6
davyyyyyyy: calls $3
*** FLOP *** [Ah 9c 4s]
davyyyyyyy: checks
Agrotait: bets $3
davyyyyyyy: raises $3 to $6
Agrotait: folds
Uncalled bet ($3) returned to davyyyyyyy
davyyyyyyy collected $17.64 from pot
*** SUMMARY ***
Total pot $18 | Rake $0.36
Board [Ah 9c 4s]
Seat 1: davyyyyyyy (big blind) collected ($17.64)
Seat 4: Agrotait (button) (small blind) folded on the Flop


PokerStars Hand #152050421365:  Hold'em Limit ($3/$6 USD) - 2016/04/17 12:34:45 ET
Table 'Polit' 6-max Seat #1 is the button
Seat 1: davyyyyyyy ($99.30 in chips)
Seat 4: Agrotait ($89.52 in chips)
davyyyyyyy: posts small blind $1
Agrotait: posts big blind $3
*** HOLE CARDS ***
davyyyyyyy: raises $3 to $6
Agrotait: calls $3
*** FLOP *** [Td 7c 9c]
Agrotait: bets $3
davyyyyyyy: calls $3
*** TURN *** [Td 7c 9c] [2c]
Agrotait: bets $6
davyyyyyyy: calls $6
*** RIVER *** [Td 7c 9c 2c] [Kc]
Agrotait: checks
davyyyyyyy: bets $6
Agrotait: calls $6
*** SHOW DOWN ***
davyyyyyyy: shows [Kh Ac] (a flush, Ace high)
Agrotait: mucks hand
davyyyyyyy collected $41.50 from pot
*** SUMMARY ***
Total pot $42 | Rake $0.50
Board [Td 7c 9c 2c Kc]
Seat 1: davyyyyyyy (button) (small blind) showed [Kh Ac] and won ($41.50) with a flush, Ace high
Seat 4: Agrotait (big blind) mucked


PokerStars Hand #152050446837:  Hold'em Limit ($3/$6 USD) - 2016/04/17 12:35:13 ET
Table 'Polit' 6-max Seat #4 is the button
Seat 1: davyyyyyyy ($119.80 in chips)
Seat 4: Agrotait ($68.52 in chips)
Agrotait: posts small blind $1
davyyyyyyy: posts big blind $3
*** HOLE CARDS ***
Agrotait: raises $3 to $6
davyyyyyyy: calls $3
*** FLOP *** [9d 2h 4h]
davyyyyyyy: checks
Agrotait: checks
*** TURN *** [9d 2h 4h] [Kd]
davyyyyyyy: checks
Agrotait: bets $6
davyyyyyyy: calls $6
*** RIVER *** [9d 2h 4h Kd] [7s]
davyyyyyyy: checks
Agrotait: checks
*** SHOW DOWN ***
davyyyyyyy: shows [7c As] (a pair of Sevens)
Agrotait: mucks hand
davyyyyyyy collected $23.52 from pot
*** SUMMARY ***
Total pot $24 | Rake $0.48
Board [9d 2h 4h Kd 7s]
Seat 1: davyyyyyyy (big blind) showed [7c As] and won ($23.52) with a pair of Sevens
Seat 4: Agrotait (button) (small blind) mucked


PokerStars Hand #152050468386:  Hold'em Limit ($3/$6 USD) - 2016/04/17 12:35:37 ET
Table 'Polit' 6-max Seat #1 is the button
Seat 1: davyyyyyyy ($131.32 in chips)
Seat 4: Agrotait ($72 in chips)
davyyyyyyy: posts small blind $1
Agrotait: posts big blind $3
*** HOLE CARDS ***
davyyyyyyy: calls $2
Agrotait: checks
*** FLOP *** [3s Ks 6c]
Agrotait: bets $3
davyyyyyyy: folds
Uncalled bet ($3) returned to Agrotait
Agrotait collected $5.88 from pot
Agrotait: doesn't show hand
*** SUMMARY ***
Total pot $6 | Rake $0.12
Board [3s Ks 6c]
Seat 1: davyyyyyyy (button) (small blind) folded on the Flop
Seat 4: Agrotait (big blind) collected ($5.88)


