PokerStars Hand #164676751796:  Hold'em Limit ($3/$6 USD) - 2017/01/16 12:58:14 ET
Table 'Polites III' 6-max Seat #5 is the button
Seat 1: volkovsky ($143.04 in chips)
Seat 5: LouisB ($194.86 in chips)
LouisB: posts small blind $1
volkovsky: posts big blind $3
*** HOLE CARDS ***
LouisB: raises $3 to $6
volkovsky: calls $3
*** FLOP *** [9d 9c Ac]
Velbor107 leaves the table
volkovsky: checks
LouisB: bets $3
volkovsky: folds
Uncalled bet ($3) returned to LouisB
LouisB collected $11.76 from pot
LouisB: doesn't show hand
*** SUMMARY ***
Total pot $12 | Rake $0.24
Board [9d 9c Ac]
Seat 1: volkovsky (big blind) folded on the Flop
Seat 5: LouisB (button) (small blind) collected ($11.76)


PokerStars Hand #164676729381:  Hold'em Limit ($3/$6 USD) - 2017/01/16 12:57:45 ET
Table 'Polites III' 6-max Seat #1 is the button
Seat 1: volkovsky ($137.28 in chips)
Seat 5: LouisB ($200.86 in chips)
volkovsky: posts small blind $1
Chessnok: is sitting out
LouisB: posts big blind $3
*** HOLE CARDS ***
Chessnok leaves the table
volkovsky: raises $3 to $6
Velbor107 joins the table at seat #3
MalishR said, "chesnok pokusal kaku naverno ili doma suher"
MalishR leaves the table
LouisB: calls $3
*** FLOP *** [Jc Kd 6s]
LouisB: checks
volkovsky: bets $3
LouisB: folds
Uncalled bet ($3) returned to volkovsky
volkovsky collected $11.76 from pot
volkovsky: doesn't show hand
*** SUMMARY ***
Total pot $12 | Rake $0.24
Board [Jc Kd 6s]
Seat 1: volkovsky (button) (small blind) collected ($11.76)
Seat 5: LouisB (big blind) folded on the Flop


