PokerStars Hand #166436836515:  Hold'em Limit ($3/$6 USD) - 2017/02/19 4:30:32 ET
Table 'Pollux' 6-max Seat #4 is the button
Seat 1: aremom4e ($35.76 in chips)
Seat 4: AzureCaper ($72 in chips)
AzureCaper: posts small blind $1
aremom4e: posts big blind $3
*** HOLE CARDS ***
AzureCaper: raises $3 to $6
aremom4e: raises $3 to $9
AzureCaper: calls $3
*** FLOP *** [9h 7h Kh]
aremom4e: bets $3
AzureCaper: raises $3 to $6
aremom4e: calls $3
*** TURN *** [9h 7h Kh] [Th]
aremom4e: checks
AzureCaper: bets $6
aremom4e: calls $6
*** RIVER *** [9h 7h Kh Th] [4s]
aremom4e: checks
fluit83 joins the table at seat #3
AzureCaper: bets $6
aremom4e: calls $6
*** SHOW DOWN ***
AzureCaper: shows [Ks Qh] (a flush, King high)
aremom4e: mucks hand
AzureCaper collected $53.50 from pot
*** SUMMARY ***
Total pot $54 | Rake $0.50
Board [9h 7h Kh Th 4s]
Seat 1: aremom4e (big blind) mucked
Seat 4: AzureCaper (button) (small blind) showed [Ks Qh] and won ($53.50) with a flush, King high


PokerStars Hand #166436827796:  Hold'em Limit ($3/$6 USD) - 2017/02/19 4:30:12 ET
Table 'Pollux' 6-max Seat #1 is the button
Seat 1: aremom4e ($30 in chips)
Seat 4: AzureCaper ($72 in chips)
aremom4e: posts small blind $1
AzureCaper: posts big blind $3
*** HOLE CARDS ***
aremom4e: raises $3 to $6
AzureCaper: calls $3
*** FLOP *** [Ac Qd 2d]
AzureCaper: checks
aremom4e: bets $3
AzureCaper: folds
Uncalled bet ($3) returned to aremom4e
aremom4e collected $11.76 from pot
aremom4e: doesn't show hand
*** SUMMARY ***
Total pot $12 | Rake $0.24
Board [Ac Qd 2d]
Seat 1: aremom4e (button) (small blind) collected ($11.76)
Seat 4: AzureCaper (big blind) folded on the Flop


PokerStars Hand #166437987671:  Hold'em Limit ($3/$6 USD) - 2017/02/19 5:13:33 ET
Table 'Pollux' 6-max Seat #5 is the button
Seat 3: fluit83 ($164.37 in chips)
Seat 5: Krazy90 ($125.64 in chips)
Krazy90: posts small blind $1
Fabulous108: is sitting out
fluit83: posts big blind $3
*** HOLE CARDS ***
Krazy90: folds
Uncalled bet ($2) returned to fluit83
fluit83 collected $2 from pot
fluit83: doesn't show hand
*** SUMMARY ***
Total pot $2 | Rake $0
Seat 3: fluit83 (big blind) collected ($2)
Seat 5: Krazy90 (button) (small blind) folded before Flop


PokerStars Hand #166437990534:  Hold'em Limit ($3/$6 USD) - 2017/02/19 5:13:39 ET
Table 'Pollux' 6-max Seat #3 is the button
Seat 3: fluit83 ($165.37 in chips)
Seat 5: Krazy90 ($124.64 in chips)
fluit83: posts small blind $1
Krazy90: posts big blind $3
*** HOLE CARDS ***
Fabulous108 leaves the table
fluit83 has timed out
fluit83: folds
Uncalled bet ($2) returned to Krazy90
Krazy90 collected $2 from pot
Krazy90: doesn't show hand
*** SUMMARY ***
Total pot $2 | Rake $0
Seat 3: fluit83 (button) (small blind) folded before Flop
Seat 5: Krazy90 (big blind) collected ($2)


PokerStars Hand #166438008506:  Hold'em Limit ($3/$6 USD) - 2017/02/19 5:14:15 ET
Table 'Pollux' 6-max Seat #5 is the button
Seat 3: fluit83 ($164.37 in chips)
Seat 5: Krazy90 ($125.64 in chips)
Krazy90: posts small blind $1
fluit83: posts big blind $3
*** HOLE CARDS ***
Krazy90: raises $3 to $6
fluit83: raises $3 to $9
Krazy90: calls $3
*** FLOP *** [6c 4s 2c]
fluit83: bets $3
Krazy90: calls $3
*** TURN *** [6c 4s 2c] [8d]
fluit83: bets $6
Krazy90: raises $6 to $12
fluit83: calls $6
*** RIVER *** [6c 4s 2c 8d] [7s]
fluit83: checks
Krazy90: bets $6
fluit83: folds
Uncalled bet ($6) returned to Krazy90
Krazy90 collected $47.50 from pot
Krazy90: doesn't show hand
*** SUMMARY ***
Total pot $48 | Rake $0.50
Board [6c 4s 2c 8d 7s]
Seat 3: fluit83 (big blind) folded on the River
Seat 5: Krazy90 (button) (small blind) collected ($47.50)


PokerStars Hand #166438030883:  Hold'em Limit ($3/$6 USD) - 2017/02/19 5:15:01 ET
Table 'Pollux' 6-max Seat #3 is the button
Seat 3: fluit83 ($140.37 in chips)
Seat 5: Krazy90 ($149.14 in chips)
fluit83: posts small blind $1
Krazy90: posts big blind $3
*** HOLE CARDS ***
fluit83: calls $2
Krazy90: raises $3 to $6
fluit83: calls $3
*** FLOP *** [Jd Jc 9h]
Krazy90: bets $3
fluit83: folds
Uncalled bet ($3) returned to Krazy90
Krazy90 collected $11.76 from pot
Krazy90: doesn't show hand
*** SUMMARY ***
Total pot $12 | Rake $0.24
Board [Jd Jc 9h]
Seat 3: fluit83 (button) (small blind) folded on the Flop
Seat 5: Krazy90 (big blind) collected ($11.76)


PokerStars Hand #166465231203:  Hold'em Limit ($3/$6 USD) - 2017/02/19 14:56:50 ET
Table 'Pollux' 6-max Seat #5 is the button
Seat 2: Luanto 14 ($242.56 in chips)
Seat 5: laapin ($130.02 in chips)
laapin: posts small blind $1
Luanto 14: posts big blind $3
*** HOLE CARDS ***
laapin: folds
Uncalled bet ($2) returned to Luanto 14
Luanto 14 collected $2 from pot
Luanto 14: doesn't show hand
*** SUMMARY ***
Total pot $2 | Rake $0
Seat 2: Luanto 14 (big blind) collected ($2)
Seat 5: laapin (button) (small blind) folded before Flop


PokerStars Hand #166465235229:  Hold'em Limit ($3/$6 USD) - 2017/02/19 14:56:55 ET
Table 'Pollux' 6-max Seat #2 is the button
Seat 2: Luanto 14 ($243.56 in chips)
Seat 5: laapin ($129.02 in chips)
Luanto 14: posts small blind $1
laapin: posts big blind $3
*** HOLE CARDS ***
Fabulous108 joins the table at seat #6
Luanto 14: raises $3 to $6
laapin: calls $3
*** FLOP *** [7s 7h Js]
laapin: checks
Luanto 14: bets $3
laapin: calls $3
*** TURN *** [7s 7h Js] [Kc]
laapin: checks
Luanto 14: bets $6
laapin: raises $6 to $12
Luanto 14: calls $6
*** RIVER *** [7s 7h Js Kc] [Td]
laapin: bets $6
Luanto 14: folds
Uncalled bet ($6) returned to laapin
laapin collected $41.50 from pot
laapin: doesn't show hand
*** SUMMARY ***
Total pot $42 | Rake $0.50
Board [7s 7h Js Kc Td]
Seat 2: Luanto 14 (button) (small blind) folded on the River
Seat 5: laapin (big blind) collected ($41.50)


PokerStars Hand #166468127689:  Hold'em Limit ($3/$6 USD) - 2017/02/19 15:42:24 ET
Table 'Pollux' 6-max Seat #1 is the button
Seat 1: lachef111 ($107.17 in chips)
Seat 4: Chessnok ($128.78 in chips)
lachef111: posts small blind $1
Luanto 14: is sitting out
Chessnok: posts big blind $3
*** HOLE CARDS ***
lachef111: raises $3 to $6
Chessnok: raises $3 to $9
lachef111: calls $3
*** FLOP *** [Qs 3c Qd]
Chessnok: bets $3
lachef111: calls $3
*** TURN *** [Qs 3c Qd] [Td]
Chessnok: bets $6
lachef111: folds
Uncalled bet ($6) returned to Chessnok
Chessnok collected $23.52 from pot
Chessnok: doesn't show hand
*** SUMMARY ***
Total pot $24 | Rake $0.48
Board [Qs 3c Qd Td]
Seat 1: lachef111 (button) (small blind) folded on the Turn
Seat 4: Chessnok (big blind) collected ($23.52)


