PokerStars Hand #176250863069:  Hold'em Limit ($3/$6 USD) - 2017/09/28 21:04:43 ET
Table 'Pollux' 6-max Seat #1 is the button
Seat 1: CharginWapos ($142.46 in chips)
Seat 5: krytalex ($97.38 in chips)
CharginWapos: posts small blind $1
krytalex: posts big blind $3
*** HOLE CARDS ***
CharginWapos: folds
Uncalled bet ($2) returned to krytalex
krytalex collected $2 from pot
*** SUMMARY ***
Total pot $2 | Rake $0
Seat 1: CharginWapos (button) (small blind) folded before Flop
Seat 5: krytalex (big blind) collected ($2)


PokerStars Hand #176250865302:  Hold'em Limit ($3/$6 USD) - 2017/09/28 21:04:49 ET
Table 'Pollux' 6-max Seat #5 is the button
Seat 1: CharginWapos ($141.46 in chips)
Seat 5: krytalex ($98.38 in chips)
krytalex: posts small blind $1
CharginWapos: posts big blind $3
*** HOLE CARDS ***
krytalex: raises $3 to $6
CharginWapos: raises $3 to $9
krytalex: calls $3
*** FLOP *** [4d Ad 5h]
CharginWapos: bets $3
krytalex: calls $3
*** TURN *** [4d Ad 5h] [Td]
CharginWapos: bets $6
krytalex: calls $6
*** RIVER *** [4d Ad 5h Td] [2d]
CharginWapos: bets $6
krytalex: calls $6
*** SHOW DOWN ***
CharginWapos: shows [9h 7h] (high card Ace)
krytalex: shows [Qh 5d] (a flush, Ace high)
krytalex collected $47.50 from pot
*** SUMMARY ***
Total pot $48 | Rake $0.50
Board [4d Ad 5h Td 2d]
Seat 1: CharginWapos (big blind) showed [9h 7h] and lost with high card Ace
Seat 5: krytalex (button) (small blind) showed [Qh 5d] and won ($47.50) with a flush, Ace high


PokerStars Hand #176250874599:  Hold'em Limit ($3/$6 USD) - 2017/09/28 21:05:12 ET
Table 'Pollux' 6-max Seat #1 is the button
Seat 1: CharginWapos ($117.46 in chips)
Seat 5: krytalex ($121.88 in chips)
CharginWapos: posts small blind $1
krytalex: posts big blind $3
*** HOLE CARDS ***
CharginWapos: calls $2
krytalex: checks
*** FLOP *** [Qs Ah 9c]
krytalex: bets $3
CharginWapos: raises $3 to $6
krytalex: calls $3
*** TURN *** [Qs Ah 9c] [8s]
krytalex: checks
CharginWapos: bets $6
krytalex: folds
Uncalled bet ($6) returned to CharginWapos
CharginWapos collected $17.64 from pot
CharginWapos: doesn't show hand
*** SUMMARY ***
Total pot $18 | Rake $0.36
Board [Qs Ah 9c 8s]
Seat 1: CharginWapos (button) (small blind) collected ($17.64)
Seat 5: krytalex (big blind) folded on the Turn


PokerStars Hand #176250885997:  Hold'em Limit ($3/$6 USD) - 2017/09/28 21:05:40 ET
Table 'Pollux' 6-max Seat #5 is the button
Seat 1: CharginWapos ($126.10 in chips)
Seat 5: krytalex ($112.88 in chips)
krytalex: posts small blind $1
CharginWapos: posts big blind $3
*** HOLE CARDS ***
krytalex: raises $3 to $6
CharginWapos: calls $3
*** FLOP *** [Ts Qd 5s]
CharginWapos: checks
Veter A. Y. leaves the table
krytalex: bets $3
CharginWapos: folds
Uncalled bet ($3) returned to krytalex
krytalex collected $11.76 from pot
*** SUMMARY ***
Total pot $12 | Rake $0.24
Board [Ts Qd 5s]
Seat 1: CharginWapos (big blind) folded on the Flop
Seat 5: krytalex (button) (small blind) collected ($11.76)


PokerStars Hand #176250900665:  Hold'em Limit ($3/$6 USD) - 2017/09/28 21:06:17 ET
Table 'Pollux' 6-max Seat #1 is the button
Seat 1: CharginWapos ($120.10 in chips)
Seat 5: krytalex ($118.64 in chips)
CharginWapos: posts small blind $1
krytalex: posts big blind $3
*** HOLE CARDS ***
CharginWapos: folds
Uncalled bet ($2) returned to krytalex
krytalex collected $2 from pot
*** SUMMARY ***
Total pot $2 | Rake $0
Seat 1: CharginWapos (button) (small blind) folded before Flop
Seat 5: krytalex (big blind) collected ($2)


PokerStars Hand #176250902744:  Hold'em Limit ($3/$6 USD) - 2017/09/28 21:06:22 ET
Table 'Pollux' 6-max Seat #5 is the button
Seat 1: CharginWapos ($119.10 in chips)
Seat 5: krytalex ($119.64 in chips)
krytalex: posts small blind $1
CharginWapos: posts big blind $3
*** HOLE CARDS ***
krytalex: folds
Uncalled bet ($2) returned to CharginWapos
CharginWapos collected $2 from pot
CharginWapos: doesn't show hand
*** SUMMARY ***
Total pot $2 | Rake $0
Seat 1: CharginWapos (big blind) collected ($2)
Seat 5: krytalex (button) (small blind) folded before Flop


PokerStars Hand #176250931139:  Hold'em Limit ($3/$6 USD) - 2017/09/28 21:07:32 ET
Table 'Pollux' 6-max Seat #1 is the button
Seat 1: CharginWapos ($132.62 in chips)
Seat 5: krytalex ($105.64 in chips)
CharginWapos: posts small blind $1
krytalex: posts big blind $3
*** HOLE CARDS ***
CharginWapos: folds
Uncalled bet ($2) returned to krytalex
krytalex collected $2 from pot
*** SUMMARY ***
Total pot $2 | Rake $0
Seat 1: CharginWapos (button) (small blind) folded before Flop
Seat 5: krytalex (big blind) collected ($2)


PokerStars Hand #176250924833:  Hold'em Limit ($3/$6 USD) - 2017/09/28 21:07:17 ET
Table 'Pollux' 6-max Seat #5 is the button
Seat 1: CharginWapos ($131.62 in chips)
Seat 5: krytalex ($106.64 in chips)
krytalex: posts small blind $1
CharginWapos: posts big blind $3
*** HOLE CARDS ***
Chessnok leaves the table
krytalex: folds
Uncalled bet ($2) returned to CharginWapos
CharginWapos collected $2 from pot
*** SUMMARY ***
Total pot $2 | Rake $0
Seat 1: CharginWapos (big blind) collected ($2)
Seat 5: krytalex (button) (small blind) folded before Flop


PokerStars Hand #176250906162:  Hold'em Limit ($3/$6 USD) - 2017/09/28 21:06:30 ET
Table 'Pollux' 6-max Seat #1 is the button
Seat 1: CharginWapos ($120.10 in chips)
Seat 5: krytalex ($118.64 in chips)
CharginWapos: posts small blind $1
krytalex: posts big blind $3
*** HOLE CARDS ***
CharginWapos: calls $2
krytalex: checks
*** FLOP *** [2d Kc Kh]
krytalex: bets $3
CharginWapos: calls $3
*** TURN *** [2d Kc Kh] [2c]
krytalex: bets $6
CharginWapos: calls $6
*** RIVER *** [2d Kc Kh 2c] [Qd]
krytalex: checks
CharginWapos: bets $6
krytalex: folds
Uncalled bet ($6) returned to CharginWapos
CharginWapos collected $23.52 from pot
CharginWapos: doesn't show hand
*** SUMMARY ***
Total pot $24 | Rake $0.48
Board [2d Kc Kh 2c Qd]
Seat 1: CharginWapos (button) (small blind) collected ($23.52)
Seat 5: krytalex (big blind) folded on the River


PokerStars Hand #176250941795:  Hold'em Limit ($3/$6 USD) - 2017/09/28 21:07:58 ET
Table 'Pollux' 6-max Seat #1 is the button
Seat 1: CharginWapos ($128.62 in chips)
Seat 5: krytalex ($109.64 in chips)
CharginWapos: posts small blind $1
krytalex: posts big blind $3
*** HOLE CARDS ***
CharginWapos: raises $3 to $6
krytalex: calls $3
*** FLOP *** [9d 5s 4h]
krytalex: checks
CharginWapos: checks
*** TURN *** [9d 5s 4h] [5h]
krytalex: bets $6
CharginWapos: calls $6
*** RIVER *** [9d 5s 4h 5h] [As]
krytalex: bets $6
CharginWapos: calls $6
*** SHOW DOWN ***
krytalex: shows [Qs 9s] (two pair, Nines and Fives)
CharginWapos: shows [Ts Ah] (two pair, Aces and Fives)
CharginWapos collected $35.50 from pot
*** SUMMARY ***
Total pot $36 | Rake $0.50
Board [9d 5s 4h 5h As]
Seat 1: CharginWapos (button) (small blind) showed [Ts Ah] and won ($35.50) with two pair, Aces and Fives
Seat 5: krytalex (big blind) showed [Qs 9s] and lost with two pair, Nines and Fives


PokerStars Hand #176250933094:  Hold'em Limit ($3/$6 USD) - 2017/09/28 21:07:37 ET
Table 'Pollux' 6-max Seat #5 is the button
Seat 1: CharginWapos ($131.62 in chips)
Seat 5: krytalex ($106.64 in chips)
krytalex: posts small blind $1
CharginWapos: posts big blind $3
*** HOLE CARDS ***
krytalex: raises $3 to $6
CharginWapos: folds
Uncalled bet ($3) returned to krytalex
krytalex collected $6 from pot
*** SUMMARY ***
Total pot $6 | Rake $0
Seat 1: CharginWapos (big blind) folded before Flop
Seat 5: krytalex (button) (small blind) collected ($6)


PokerStars Hand #176250955208:  Hold'em Limit ($3/$6 USD) - 2017/09/28 21:08:31 ET
Table 'Pollux' 6-max Seat #5 is the button
Seat 1: CharginWapos ($146.12 in chips)
Seat 5: krytalex ($91.64 in chips)
krytalex: posts small blind $1
CharginWapos: posts big blind $3
*** HOLE CARDS ***
krytalex: raises $3 to $6
CharginWapos: calls $3
*** FLOP *** [Ah 7s Th]
CharginWapos: checks
krytalex: bets $3
CharginWapos: calls $3
*** TURN *** [Ah 7s Th] [4h]
CharginWapos: checks
krytalex: bets $6
CharginWapos: calls $6
*** RIVER *** [Ah 7s Th 4h] [5h]
CharginWapos: checks
krytalex: bets $6
CharginWapos: folds
Uncalled bet ($6) returned to krytalex
krytalex collected $29.50 from pot
*** SUMMARY ***
Total pot $30 | Rake $0.50
Board [Ah 7s Th 4h 5h]
Seat 1: CharginWapos (big blind) folded on the River
Seat 5: krytalex (button) (small blind) collected ($29.50)


PokerStars Hand #176250975934:  Hold'em Limit ($3/$6 USD) - 2017/09/28 21:09:23 ET
Table 'Pollux' 6-max Seat #5 is the button
Seat 1: CharginWapos ($125.12 in chips)
Seat 5: krytalex ($111.90 in chips)
krytalex: posts small blind $1
CharginWapos: posts big blind $3
*** HOLE CARDS ***
krytalex: folds
Uncalled bet ($2) returned to CharginWapos
CharginWapos collected $2 from pot
CharginWapos: doesn't show hand
*** SUMMARY ***
Total pot $2 | Rake $0
Seat 1: CharginWapos (big blind) collected ($2)
Seat 5: krytalex (button) (small blind) folded before Flop


PokerStars Hand #176250969588:  Hold'em Limit ($3/$6 USD) - 2017/09/28 21:09:07 ET
Table 'Pollux' 6-max Seat #1 is the button
Seat 1: CharginWapos ($131.12 in chips)
Seat 5: krytalex ($106.14 in chips)
CharginWapos: posts small blind $1
krytalex: posts big blind $3
*** HOLE CARDS ***
CharginWapos: calls $2
krytalex: raises $3 to $6
CharginWapos: calls $3
*** FLOP *** [3c As Jd]
krytalex: bets $3
CharginWapos: folds
Uncalled bet ($3) returned to krytalex
krytalex collected $11.76 from pot
*** SUMMARY ***
Total pot $12 | Rake $0.24
Board [3c As Jd]
Seat 1: CharginWapos (button) (small blind) folded on the Flop
Seat 5: krytalex (big blind) collected ($11.76)


PokerStars Hand #176250978337:  Hold'em Limit ($3/$6 USD) - 2017/09/28 21:09:29 ET
Table 'Pollux' 6-max Seat #1 is the button
Seat 1: CharginWapos ($126.12 in chips)
Seat 5: krytalex ($110.90 in chips)
CharginWapos: posts small blind $1
krytalex: posts big blind $3
*** HOLE CARDS ***
CharginWapos: folds
Uncalled bet ($2) returned to krytalex
krytalex collected $2 from pot
*** SUMMARY ***
Total pot $2 | Rake $0
Seat 1: CharginWapos (button) (small blind) folded before Flop
Seat 5: krytalex (big blind) collected ($2)


PokerStars Hand #176250980537:  Hold'em Limit ($3/$6 USD) - 2017/09/28 21:09:34 ET
Table 'Pollux' 6-max Seat #5 is the button
Seat 1: CharginWapos ($125.12 in chips)
Seat 5: krytalex ($111.90 in chips)
krytalex: posts small blind $1
CharginWapos: posts big blind $3
*** HOLE CARDS ***
krytalex: raises $3 to $6
CharginWapos: raises $3 to $9
krytalex: raises $3 to $12
Betting is capped
CharginWapos: calls $3
*** FLOP *** [3d Ts Td]
CharginWapos: checks
krytalex: bets $3
CharginWapos: calls $3
*** TURN *** [3d Ts Td] [Ks]
CharginWapos: checks
krytalex: bets $6
CharginWapos: raises $6 to $12
krytalex: calls $6
*** RIVER *** [3d Ts Td Ks] [6h]
CharginWapos: bets $6
krytalex: calls $6
*** SHOW DOWN ***
CharginWapos: shows [Th Tc] (four of a kind, Tens)
krytalex: mucks hand
CharginWapos collected $65.50 from pot
*** SUMMARY ***
Total pot $66 | Rake $0.50
Board [3d Ts Td Ks 6h]
Seat 1: CharginWapos (big blind) showed [Th Tc] and won ($65.50) with four of a kind, Tens
Seat 5: krytalex (button) (small blind) mucked


PokerStars Hand #176251002714:  Hold'em Limit ($3/$6 USD) - 2017/09/28 21:10:30 ET
Table 'Pollux' 6-max Seat #1 is the button
Seat 1: CharginWapos ($157.62 in chips)
Seat 5: krytalex ($78.90 in chips)
CharginWapos: posts small blind $1
krytalex: posts big blind $3
*** HOLE CARDS ***
CharginWapos: raises $3 to $6
krytalex: calls $3
*** FLOP *** [6c Js Ac]
krytalex: checks
CharginWapos: bets $3
krytalex: calls $3
*** TURN *** [6c Js Ac] [3s]
krytalex: checks
CharginWapos: bets $6
krytalex: folds
Uncalled bet ($6) returned to CharginWapos
CharginWapos collected $17.64 from pot
CharginWapos: doesn't show hand
*** SUMMARY ***
Total pot $18 | Rake $0.36
Board [6c Js Ac 3s]
Seat 1: CharginWapos (button) (small blind) collected ($17.64)
Seat 5: krytalex (big blind) folded on the Turn


