PokerStars Hand #176243511307:  Hold'em Limit ($3/$6 USD) - 2017/09/28 17:24:00 ET
Table 'Pollux' 6-max Seat #3 is the button
Seat 3: Big Fold HD ($173.55 in chips)
Seat 4: Actionni13 ($158.16 in chips)
Big Fold HD: posts small blind $1
Actionni13: posts big blind $3
*** HOLE CARDS ***
Big Fold HD: calls $2
Actionni13: checks
*** FLOP *** [Ah 9s 5h]
Actionni13: checks
Big Fold HD: checks
*** TURN *** [Ah 9s 5h] [Qs]
Actionni13: checks
Big Fold HD: checks
*** RIVER *** [Ah 9s 5h Qs] [Kc]
Actionni13: checks
Big Fold HD: checks
*** SHOW DOWN ***
Actionni13: shows [2h 6d] (high card Ace)
Big Fold HD: shows [7d Jd] (high card Ace - King+Queen+Jack kicker)
Big Fold HD collected $5.88 from pot
*** SUMMARY ***
Total pot $6 | Rake $0.12
Board [Ah 9s 5h Qs Kc]
Seat 3: Big Fold HD (button) (small blind) showed [7d Jd] and won ($5.88) with high card Ace
Seat 4: Actionni13 (big blind) showed [2h 6d] and lost with high card Ace


PokerStars Hand #176243497782:  Hold'em Limit ($3/$6 USD) - 2017/09/28 17:23:42 ET
Table 'Pollux' 6-max Seat #4 is the button
Seat 3: Big Fold HD ($164.91 in chips)
Seat 4: Actionni13 ($167.16 in chips)
Actionni13: posts small blind $1
Big Fold HD: posts big blind $3
*** HOLE CARDS ***
libaikang joins the table at seat #2
Actionni13: raises $3 to $6
Big Fold HD: raises $3 to $9
Actionni13: calls $3
*** FLOP *** [4h 6h Td]
krytalex joins the table at seat #5
Big Fold HD: bets $3
Actionni13: folds
Uncalled bet ($3) returned to Big Fold HD
libaikang leaves the table
Big Fold HD collected $17.64 from pot
Big Fold HD: doesn't show hand
*** SUMMARY ***
Total pot $18 | Rake $0.36
Board [4h 6h Td]
Seat 3: Big Fold HD (big blind) collected ($17.64)
Seat 4: Actionni13 (button) (small blind) folded on the Flop


PokerStars Hand #176244180810:  Hold'em Limit ($3/$6 USD) - 2017/09/28 17:39:10 ET
Table 'Pollux' 6-max Seat #4 is the button
Seat 4: Actionni13 ($214.34 in chips)
Seat 5: krytalex ($92.74 in chips)
Actionni13: posts small blind $1
krytalex: posts big blind $3
*** HOLE CARDS ***
Big Fold HD leaves the table
Actionni13: folds
Uncalled bet ($2) returned to krytalex
krytalex collected $2 from pot
*** SUMMARY ***
Total pot $2 | Rake $0
Seat 4: Actionni13 (button) (small blind) folded before Flop
Seat 5: krytalex (big blind) collected ($2)


PokerStars Hand #176244198921:  Hold'em Limit ($3/$6 USD) - 2017/09/28 17:39:34 ET
Table 'Pollux' 6-max Seat #4 is the button
Seat 4: Actionni13 ($214.34 in chips)
Seat 5: krytalex ($92.74 in chips)
Actionni13: posts small blind $1
krytalex: posts big blind $3
*** HOLE CARDS ***
Actionni13: raises $3 to $6
krytalex: folds
Uncalled bet ($3) returned to Actionni13
Actionni13 collected $6 from pot
Actionni13: doesn't show hand
*** SUMMARY ***
Total pot $6 | Rake $0
Seat 4: Actionni13 (button) (small blind) collected ($6)
Seat 5: krytalex (big blind) folded before Flop


PokerStars Hand #176244192155:  Hold'em Limit ($3/$6 USD) - 2017/09/28 17:39:25 ET
Table 'Pollux' 6-max Seat #5 is the button
Seat 4: Actionni13 ($213.34 in chips)
Seat 5: krytalex ($93.74 in chips)
krytalex: posts small blind $1
Actionni13: posts big blind $3
*** HOLE CARDS ***
krytalex: folds
Uncalled bet ($2) returned to Actionni13
Actionni13 collected $2 from pot
Actionni13: doesn't show hand
*** SUMMARY ***
Total pot $2 | Rake $0
Seat 4: Actionni13 (big blind) collected ($2)
Seat 5: krytalex (button) (small blind) folded before Flop


PokerStars Hand #176245819886:  Hold'em Limit ($3/$6 USD) - 2017/09/28 18:19:35 ET
Table 'Pollux' 6-max Seat #5 is the button
Seat 3: xKronic2k11 ($86.59 in chips)
Seat 5: krytalex ($89.74 in chips)
krytalex: posts small blind $1
xKronic2k11: posts big blind $3
*** HOLE CARDS ***
krytalex: raises $3 to $6
xKronic2k11: calls $3
*** FLOP *** [5h As 4c]
xKronic2k11: checks
krytalex: bets $3
xKronic2k11: calls $3
*** TURN *** [5h As 4c] [3d]
xKronic2k11: checks
krytalex: checks
*** RIVER *** [5h As 4c 3d] [Ah]
xKronic2k11: bets $6
krytalex: calls $6
*** SHOW DOWN ***
xKronic2k11: shows [Qc 3s] (two pair, Aces and Threes)
krytalex: mucks hand
xKronic2k11 collected $29.50 from pot
*** SUMMARY ***
Total pot $30 | Rake $0.50
Board [5h As 4c 3d Ah]
Seat 3: xKronic2k11 (big blind) showed [Qc 3s] and won ($29.50) with two pair, Aces and Threes
Seat 5: krytalex (button) (small blind) mucked


PokerStars Hand #176245836126:  Hold'em Limit ($3/$6 USD) - 2017/09/28 18:20:00 ET
Table 'Pollux' 6-max Seat #3 is the button
Seat 3: xKronic2k11 ($101.09 in chips)
Seat 5: krytalex ($74.74 in chips)
xKronic2k11: posts small blind $1
krytalex: posts big blind $3
*** HOLE CARDS ***
xKronic2k11: raises $3 to $6
krytalex: raises $3 to $9
xKronic2k11: calls $3
*** FLOP *** [8s 9h 6c]
krytalex: bets $3
xKronic2k11: calls $3
*** TURN *** [8s 9h 6c] [Kh]
krytalex: bets $6
xKronic2k11: calls $6
*** RIVER *** [8s 9h 6c Kh] [Qs]
krytalex: bets $6
xKronic2k11: calls $6
*** SHOW DOWN ***
krytalex: shows [Th Ks] (a pair of Kings)
xKronic2k11: mucks hand
krytalex collected $47.50 from pot
*** SUMMARY ***
Total pot $48 | Rake $0.50
Board [8s 9h 6c Kh Qs]
Seat 3: xKronic2k11 (button) (small blind) mucked
Seat 5: krytalex (big blind) showed [Th Ks] and won ($47.50) with a pair of Kings


PokerStars Hand #176247267267:  Hold'em Limit ($3/$6 USD) - 2017/09/28 18:59:19 ET
Table 'Pollux' 6-max Seat #3 is the button
Seat 3: zantis365 ($68.52 in chips)
Seat 4: Actionni13 ($150 in chips)
zantis365: posts small blind $1
Actionni13: posts big blind $3
*** HOLE CARDS ***
zantis365: folds
Uncalled bet ($2) returned to Actionni13
Actionni13 collected $2 from pot
Actionni13: doesn't show hand
*** SUMMARY ***
Total pot $2 | Rake $0
Seat 3: zantis365 (button) (small blind) folded before Flop
Seat 4: Actionni13 (big blind) collected ($2)


PokerStars Hand #176247258618:  Hold'em Limit ($3/$6 USD) - 2017/09/28 18:59:01 ET
Table 'Pollux' 6-max Seat #4 is the button
Seat 3: zantis365 ($57 in chips)
Seat 4: Actionni13 ($151 in chips)
Actionni13: posts small blind $1
zantis365: posts big blind $3
*** HOLE CARDS ***
Ag3r0n joins the table at seat #5
Actionni13: raises $3 to $6
zantis365: raises $3 to $9
Actionni13: calls $3
*** FLOP *** [Th 3s Qd]
zantis365: bets $3
Actionni13: calls $3
*** TURN *** [Th 3s Qd] [Kd]
zantis365: bets $6
Actionni13: folds
Uncalled bet ($6) returned to zantis365
zantis365 collected $23.52 from pot
*** SUMMARY ***
Total pot $24 | Rake $0.48
Board [Th 3s Qd Kd]
Seat 3: zantis365 (big blind) collected ($23.52)
Seat 4: Actionni13 (button) (small blind) folded on the Turn


PokerStars Hand #176247516246:  Hold'em Limit ($3/$6 USD) - 2017/09/28 19:06:08 ET
Table 'Pollux' 6-max Seat #1 is the button
Seat 1: B_loJkl ($68.35 in chips)
Seat 6: rastik28 ($93 in chips)
B_loJkl: posts small blind $1
Actionni13: is sitting out
Ag3r0n: is sitting out
rastik28: posts big blind $3
*** HOLE CARDS ***
Ag3r0n leaves the table
B_loJkl: raises $3 to $6
rastik28: calls $3
*** FLOP *** [7h 3h Jc]
rastik28: checks
B_loJkl: checks
*** TURN *** [7h 3h Jc] [6h]
rastik28: bets $6
B_loJkl: calls $6
*** RIVER *** [7h 3h Jc 6h] [5h]
rastik28: checks
B_loJkl: checks
*** SHOW DOWN ***
rastik28: shows [9h Qc] (a flush, Nine high)
B_loJkl: mucks hand
rastik28 collected $23.52 from pot
*** SUMMARY ***
Total pot $24 | Rake $0.48
Board [7h 3h Jc 6h 5h]
Seat 1: B_loJkl (button) (small blind) mucked
Seat 6: rastik28 (big blind) showed [9h Qc] and won ($23.52) with a flush, Nine high


PokerStars Hand #176247538541:  Hold'em Limit ($3/$6 USD) - 2017/09/28 19:06:44 ET
Table 'Pollux' 6-max Seat #6 is the button
Seat 1: B_loJkl ($56.35 in chips)
Seat 6: rastik28 ($104.52 in chips)
rastik28: posts small blind $1
B_loJkl: posts big blind $3
*** HOLE CARDS ***
rastik28: raises $3 to $6
B_loJkl: calls $3
*** FLOP *** [8h Ah 5d]
plongo joins the table at seat #2
B_loJkl: checks
rastik28: bets $3
B_loJkl: calls $3
*** TURN *** [8h Ah 5d] [9c]
B_loJkl: checks
rastik28: bets $6
B_loJkl: calls $6
*** RIVER *** [8h Ah 5d 9c] [8c]
B_loJkl: checks
rastik28: checks
*** SHOW DOWN ***
B_loJkl: shows [Kd 7c] (a pair of Eights)
rastik28: shows [9s 5s] (two pair, Nines and Eights)
rastik28 collected $29.50 from pot
*** SUMMARY ***
Total pot $30 | Rake $0.50
Board [8h Ah 5d 9c 8c]
Seat 1: B_loJkl (big blind) showed [Kd 7c] and lost with a pair of Eights
Seat 6: rastik28 (button) (small blind) showed [9s 5s] and won ($29.50) with two pair, Nines and Eights


