PokerStars Hand #146263192998:  Hold'em Limit ($3/$6 USD) - 2016/01/01 6:02:18 ET
Table 'Pollux' 2-max Seat #1 is the button
Seat 1: elifnur2008 ($121 in chips)
Seat 2: sibi108 ($40.32 in chips)
elifnur2008: posts small blind $1
sibi108: posts big blind $3
*** HOLE CARDS ***
elifnur2008: raises $3 to $6
sibi108: calls $3
*** FLOP *** [5h 5s Kh]
sibi108: checks
elifnur2008: checks
*** TURN *** [5h 5s Kh] [6s]
sibi108: checks
elifnur2008: checks
*** RIVER *** [5h 5s Kh 6s] [Ks]
sibi108: bets $6
elifnur2008: folds
Uncalled bet ($6) returned to sibi108
sibi108 collected $11.76 from pot
sibi108: doesn't show hand
*** SUMMARY ***
Total pot $12 | Rake $0.24
Board [5h 5s Kh 6s Ks]
Seat 1: elifnur2008 (button) (small blind) folded on the River
Seat 2: sibi108 (big blind) collected ($11.76)


PokerStars Hand #146263202489:  Hold'em Limit ($3/$6 USD) - 2016/01/01 6:02:39 ET
Table 'Pollux' 2-max Seat #2 is the button
Seat 1: elifnur2008 ($115 in chips)
Seat 2: sibi108 ($46.08 in chips)
sibi108: posts small blind $1
elifnur2008: posts big blind $3
*** HOLE CARDS ***
sibi108: raises $3 to $6
elifnur2008: raises $3 to $9
sibi108: calls $3
*** FLOP *** [Ac 2s Kc]
elifnur2008: bets $3
sibi108: calls $3
*** TURN *** [Ac 2s Kc] [4s]
elifnur2008: bets $6
sibi108: raises $6 to $12
elifnur2008: raises $6 to $18
sibi108: folds
Uncalled bet ($6) returned to elifnur2008
elifnur2008 collected $47.50 from pot
elifnur2008: doesn't show hand
*** SUMMARY ***
Total pot $48 | Rake $0.50
Board [Ac 2s Kc 4s]
Seat 1: elifnur2008 (big blind) collected ($47.50)
Seat 2: sibi108 (button) (small blind) folded on the Turn


PokerStars Hand #146263211544:  Hold'em Limit ($3/$6 USD) - 2016/01/01 6:02:59 ET
Table 'Pollux' 2-max Seat #1 is the button
Seat 1: elifnur2008 ($138.50 in chips)
Seat 2: sibi108 ($22.08 in chips)
elifnur2008: posts small blind $1
sibi108: posts big blind $3
*** HOLE CARDS ***
elifnur2008: folds
Uncalled bet ($2) returned to sibi108
sibi108 collected $2 from pot
sibi108: doesn't show hand
*** SUMMARY ***
Total pot $2 | Rake $0
Seat 1: elifnur2008 (button) (small blind) folded before Flop
Seat 2: sibi108 (big blind) collected ($2)


PokerStars Hand #146263218721:  Hold'em Limit ($3/$6 USD) - 2016/01/01 6:03:14 ET
Table 'Pollux' 2-max Seat #1 is the button
Seat 1: elifnur2008 ($131.50 in chips)
Seat 2: sibi108 ($28.84 in chips)
elifnur2008: posts small blind $1
sibi108: posts big blind $3
*** HOLE CARDS ***
elifnur2008: folds
Uncalled bet ($2) returned to sibi108
sibi108 collected $2 from pot
sibi108: doesn't show hand
*** SUMMARY ***
Total pot $2 | Rake $0
Seat 1: elifnur2008 (button) (small blind) folded before Flop
Seat 2: sibi108 (big blind) collected ($2)


PokerStars Hand #146263213825:  Hold'em Limit ($3/$6 USD) - 2016/01/01 6:03:04 ET
Table 'Pollux' 2-max Seat #2 is the button
Seat 1: elifnur2008 ($137.50 in chips)
Seat 2: sibi108 ($23.08 in chips)
sibi108: posts small blind $1
elifnur2008: posts big blind $3
*** HOLE CARDS ***
sibi108: raises $3 to $6
elifnur2008: calls $3
*** FLOP *** [3c As 4s]
elifnur2008: checks
sibi108: bets $3
elifnur2008: folds
Uncalled bet ($3) returned to sibi108
sibi108 collected $11.76 from pot
sibi108: doesn't show hand
*** SUMMARY ***
Total pot $12 | Rake $0.24
Board [3c As 4s]
Seat 1: elifnur2008 (big blind) folded on the Flop
Seat 2: sibi108 (button) (small blind) collected ($11.76)


PokerStars Hand #146263220853:  Hold'em Limit ($3/$6 USD) - 2016/01/01 6:03:19 ET
Table 'Pollux' 2-max Seat #2 is the button
Seat 1: elifnur2008 ($130.50 in chips)
Seat 2: sibi108 ($29.84 in chips)
sibi108: posts small blind $1
elifnur2008: posts big blind $3
*** HOLE CARDS ***
sibi108: raises $3 to $6
elifnur2008: calls $3
*** FLOP *** [7h 3c 3d]
elifnur2008: checks
sibi108: bets $3
elifnur2008: calls $3
*** TURN *** [7h 3c 3d] [Tc]
elifnur2008: bets $6
sibi108: folds
Uncalled bet ($6) returned to elifnur2008
elifnur2008 collected $17.64 from pot
elifnur2008: doesn't show hand
*** SUMMARY ***
Total pot $18 | Rake $0.36
Board [7h 3c 3d Tc]
Seat 1: elifnur2008 (big blind) collected ($17.64)
Seat 2: sibi108 (button) (small blind) folded on the Turn


PokerStars Hand #146263229250:  Hold'em Limit ($3/$6 USD) - 2016/01/01 6:03:38 ET
Table 'Pollux' 2-max Seat #1 is the button
Seat 1: elifnur2008 ($139.14 in chips)
Seat 2: sibi108 ($20.84 in chips)
elifnur2008: posts small blind $1
sibi108: posts big blind $3
*** HOLE CARDS ***
elifnur2008: raises $3 to $6
sibi108: raises $3 to $9
elifnur2008: calls $3
*** FLOP *** [Kd 9s 6c]
sibi108: bets $3
elifnur2008: calls $3
*** TURN *** [Kd 9s 6c] [2c]
sibi108: bets $6
elifnur2008: raises $6 to $12
sibi108: calls $2.84 and is all-in
Uncalled bet ($3.16) returned to elifnur2008
*** RIVER *** [Kd 9s 6c 2c] [3c]
*** SHOW DOWN ***
sibi108: shows [3h 3d] (three of a kind, Threes)
elifnur2008: shows [Th Kh] (a pair of Kings)
sibi108 collected $41.18 from pot
*** SUMMARY ***
Total pot $41.68 | Rake $0.50
Board [Kd 9s 6c 2c 3c]
Seat 1: elifnur2008 (button) (small blind) showed [Th Kh] and lost with a pair of Kings
Seat 2: sibi108 (big blind) showed [3h 3d] and won ($41.18) with three of a kind, Threes


PokerStars Hand #146263237720:  Hold'em Limit ($3/$6 USD) - 2016/01/01 6:03:56 ET
Table 'Pollux' 2-max Seat #2 is the button
Seat 1: elifnur2008 ($118.30 in chips)
Seat 2: sibi108 ($41.18 in chips)
sibi108: posts small blind $1
elifnur2008: posts big blind $3
*** HOLE CARDS ***
sibi108: raises $3 to $6
elifnur2008: calls $3
*** FLOP *** [8d 2c Th]
elifnur2008: checks
sibi108: bets $3
elifnur2008: calls $3
*** TURN *** [8d 2c Th] [6s]
elifnur2008: checks
sibi108: bets $6
elifnur2008: calls $6
*** RIVER *** [8d 2c Th 6s] [8c]
elifnur2008: checks
sibi108: bets $6
elifnur2008: folds
Uncalled bet ($6) returned to sibi108
sibi108 collected $29.50 from pot
sibi108: doesn't show hand
*** SUMMARY ***
Total pot $30 | Rake $0.50
Board [8d 2c Th 6s 8c]
Seat 1: elifnur2008 (big blind) folded on the River
Seat 2: sibi108 (button) (small blind) collected ($29.50)


PokerStars Hand #146263246879:  Hold'em Limit ($3/$6 USD) - 2016/01/01 6:04:16 ET
Table 'Pollux' 2-max Seat #1 is the button
Seat 1: elifnur2008 ($103.30 in chips)
Seat 2: sibi108 ($55.68 in chips)
elifnur2008: posts small blind $1
sibi108: posts big blind $3
*** HOLE CARDS ***
elifnur2008: raises $3 to $6
sibi108: raises $3 to $9
elifnur2008: raises $3 to $12
Betting is capped
sibi108: calls $3
*** FLOP *** [6h 7c 2s]
sibi108: bets $3
elifnur2008: calls $3
*** TURN *** [6h 7c 2s] [Jh]
sibi108: bets $6
elifnur2008: calls $6
*** RIVER *** [6h 7c 2s Jh] [2h]
sibi108: checks
elifnur2008: bets $6
sibi108: calls $6
*** SHOW DOWN ***
elifnur2008: shows [Qs Ad] (a pair of Deuces)
sibi108: mucks hand
elifnur2008 collected $53.50 from pot
*** SUMMARY ***
Total pot $54 | Rake $0.50
Board [6h 7c 2s Jh 2h]
Seat 1: elifnur2008 (button) (small blind) showed [Qs Ad] and won ($53.50) with a pair of Deuces
Seat 2: sibi108 (big blind) mucked


PokerStars Hand #146263258446:  Hold'em Limit ($3/$6 USD) - 2016/01/01 6:04:41 ET
Table 'Pollux' 2-max Seat #2 is the button
Seat 1: elifnur2008 ($129.80 in chips)
Seat 2: sibi108 ($28.68 in chips)
sibi108: posts small blind $1
elifnur2008: posts big blind $3
*** HOLE CARDS ***
sibi108: raises $3 to $6
elifnur2008: calls $3
*** FLOP *** [Ac 5c 6c]
elifnur2008: checks
sibi108: bets $3
elifnur2008: calls $3
*** TURN *** [Ac 5c 6c] [5h]
elifnur2008: checks
sibi108: bets $6
elifnur2008: calls $6
*** RIVER *** [Ac 5c 6c 5h] [2c]
elifnur2008: bets $6
sibi108: calls $6
*** SHOW DOWN ***
elifnur2008: shows [7s 4c] (a flush, Ace high)
sibi108: mucks hand
elifnur2008 collected $41.50 from pot
*** SUMMARY ***
Total pot $42 | Rake $0.50
Board [Ac 5c 6c 5h 2c]
Seat 1: elifnur2008 (big blind) showed [7s 4c] and won ($41.50) with a flush, Ace high
Seat 2: sibi108 (button) (small blind) mucked


PokerStars Hand #146263273118:  Hold'em Limit ($3/$6 USD) - 2016/01/01 6:05:13 ET
Table 'Pollux' 2-max Seat #1 is the button
Seat 1: elifnur2008 ($150.30 in chips)
Seat 2: sibi108 ($7.68 in chips)
elifnur2008: posts small blind $1
sibi108: posts big blind $3
*** HOLE CARDS ***
elifnur2008: folds
Uncalled bet ($2) returned to sibi108
sibi108 collected $2 from pot
sibi108: doesn't show hand
*** SUMMARY ***
Total pot $2 | Rake $0
Seat 1: elifnur2008 (button) (small blind) folded before Flop
Seat 2: sibi108 (big blind) collected ($2)


PokerStars Hand #146263275477:  Hold'em Limit ($3/$6 USD) - 2016/01/01 6:05:18 ET
Table 'Pollux' 2-max Seat #2 is the button
Seat 1: elifnur2008 ($149.30 in chips)
Seat 2: sibi108 ($8.68 in chips)
sibi108: posts small blind $1
elifnur2008: posts big blind $3
*** HOLE CARDS ***
sibi108: folds
Uncalled bet ($2) returned to elifnur2008
elifnur2008 collected $2 from pot
elifnur2008: doesn't show hand
*** SUMMARY ***
Total pot $2 | Rake $0
Seat 1: elifnur2008 (big blind) collected ($2)
Seat 2: sibi108 (button) (small blind) folded before Flop


PokerStars Hand #146263279595:  Hold'em Limit ($3/$6 USD) - 2016/01/01 6:05:27 ET
Table 'Pollux' 2-max Seat #1 is the button
Seat 1: elifnur2008 ($150.30 in chips)
Seat 2: sibi108 ($7.68 in chips)
elifnur2008: posts small blind $1
sibi108: posts big blind $3
*** HOLE CARDS ***
elifnur2008: calls $2
sibi108: raises $3 to $6
elifnur2008: calls $3
*** FLOP *** [Qc 5d Jc]
sibi108: bets $1.68 and is all-in
elifnur2008: calls $1.68
*** TURN *** [Qc 5d Jc] [Tc]
*** RIVER *** [Qc 5d Jc Tc] [Td]
*** SHOW DOWN ***
sibi108: shows [Kc Qs] (two pair, Queens and Tens)
elifnur2008: shows [4c 3c] (a flush, Queen high)
elifnur2008 collected $15.05 from pot
*** SUMMARY ***
Total pot $15.36 | Rake $0.31
Board [Qc 5d Jc Tc Td]
Seat 1: elifnur2008 (button) (small blind) showed [4c 3c] and won ($15.05) with a flush, Queen high
Seat 2: sibi108 (big blind) showed [Kc Qs] and lost with two pair, Queens and Tens


