PokerStars Hand #155865938880:  Hold'em Limit ($3/$6 USD) - 2016/07/12 2:31:17 ET
Table 'Pollux' 6-max Seat #3 is the button
Seat 3: jl45259071 ($105.52 in chips)
Seat 4: Agrotait ($65.76 in chips)
jl45259071: posts small blind $1
Agrotait: posts big blind $3
*** HOLE CARDS ***
jl45259071: folds
Uncalled bet ($2) returned to Agrotait
Agrotait collected $2 from pot
Agrotait: doesn't show hand
*** SUMMARY ***
Total pot $2 | Rake $0
Seat 3: jl45259071 (button) (small blind) folded before Flop
Seat 4: Agrotait (big blind) collected ($2)


PokerStars Hand #155865931648:  Hold'em Limit ($3/$6 USD) - 2016/07/12 2:30:45 ET
Table 'Pollux' 6-max Seat #4 is the button
Seat 3: jl45259071 ($99.76 in chips)
Seat 4: Agrotait ($71.76 in chips)
Agrotait: posts small blind $1
jl45259071: posts big blind $3
*** HOLE CARDS ***
Agrotait: raises $3 to $6
jl45259071: calls $3
*** FLOP *** [3h Jc Ts]
jl45259071: checks
Agrotait: checks
*** TURN *** [3h Jc Ts] [Qc]
jl45259071: bets $6
Agrotait: folds
Uncalled bet ($6) returned to jl45259071
jl45259071 collected $11.76 from pot
jl45259071: doesn't show hand
*** SUMMARY ***
Total pot $12 | Rake $0.24
Board [3h Jc Ts Qc]
Seat 3: jl45259071 (big blind) collected ($11.76)
Seat 4: Agrotait (button) (small blind) folded on the Turn


PokerStars Hand #155865940101:  Hold'em Limit ($3/$6 USD) - 2016/07/12 2:31:22 ET
Table 'Pollux' 6-max Seat #4 is the button
Seat 3: jl45259071 ($104.52 in chips)
Seat 4: Agrotait ($66.76 in chips)
Agrotait: posts small blind $1
jl45259071: posts big blind $3
*** HOLE CARDS ***
Agrotait: raises $3 to $6
jl45259071: calls $3
*** FLOP *** [9s 6c Tc]
jl45259071: checks
Agrotait: bets $3
jl45259071: calls $3
*** TURN *** [9s 6c Tc] [2d]
jl45259071: bets $6
Agrotait: calls $6
*** RIVER *** [9s 6c Tc 2d] [2c]
jl45259071: bets $6
Agrotait: folds
Uncalled bet ($6) returned to jl45259071
jl45259071 collected $29.50 from pot
jl45259071: doesn't show hand
*** SUMMARY ***
Total pot $30 | Rake $0.50
Board [9s 6c Tc 2d 2c]
Seat 3: jl45259071 (big blind) collected ($29.50)
Seat 4: Agrotait (button) (small blind) folded on the River


PokerStars Hand #155865948546:  Hold'em Limit ($3/$6 USD) - 2016/07/12 2:31:58 ET
Table 'Pollux' 6-max Seat #3 is the button
Seat 3: jl45259071 ($119.02 in chips)
Seat 4: Agrotait ($72 in chips)
jl45259071: posts small blind $1
Agrotait: posts big blind $3
*** HOLE CARDS ***
jl45259071: raises $3 to $6
Agrotait: raises $3 to $9
jl45259071: calls $3
*** FLOP *** [2h 3d 6s]
Agrotait: bets $3
jl45259071: raises $3 to $6
Agrotait: calls $3
*** TURN *** [2h 3d 6s] [4d]
Agrotait: bets $6
jl45259071: calls $6
*** RIVER *** [2h 3d 6s 4d] [3h]
Agrotait: bets $6
jl45259071: calls $6
*** SHOW DOWN ***
Agrotait: shows [Jd Js] (two pair, Jacks and Threes)
jl45259071: mucks hand
Agrotait collected $53.50 from pot
*** SUMMARY ***
Total pot $54 | Rake $0.50
Board [2h 3d 6s 4d 3h]
Seat 3: jl45259071 (button) (small blind) mucked
Seat 4: Agrotait (big blind) showed [Jd Js] and won ($53.50) with two pair, Jacks and Threes


PokerStars Hand #155865959010:  Hold'em Limit ($3/$6 USD) - 2016/07/12 2:32:43 ET
Table 'Pollux' 6-max Seat #4 is the button
Seat 3: jl45259071 ($92.02 in chips)
Seat 4: Agrotait ($98.50 in chips)
Agrotait: posts small blind $1
jl45259071: posts big blind $3
*** HOLE CARDS ***
Agrotait: raises $3 to $6
jl45259071: raises $3 to $9
Agrotait: calls $3
*** FLOP *** [4s 6c Ks]
jl45259071: bets $3
Agrotait: calls $3
*** TURN *** [4s 6c Ks] [Qd]
jl45259071: bets $6
Agrotait: calls $6
*** RIVER *** [4s 6c Ks Qd] [2s]
jl45259071: checks
Agrotait: bets $6
jl45259071: folds
Uncalled bet ($6) returned to Agrotait
Agrotait collected $35.50 from pot
Agrotait: doesn't show hand
*** SUMMARY ***
Total pot $36 | Rake $0.50
Board [4s 6c Ks Qd 2s]
Seat 3: jl45259071 (big blind) folded on the River
Seat 4: Agrotait (button) (small blind) collected ($35.50)


PokerStars Hand #155865970988:  Hold'em Limit ($3/$6 USD) - 2016/07/12 2:33:35 ET
Table 'Pollux' 6-max Seat #3 is the button
Seat 3: jl45259071 ($74.02 in chips)
Seat 4: Agrotait ($116 in chips)
jl45259071: posts small blind $1
Agrotait: posts big blind $3
*** HOLE CARDS ***
jl45259071: raises $3 to $6
Agrotait: raises $3 to $9
jl45259071: raises $3 to $12
Betting is capped
Agrotait: calls $3
*** FLOP *** [4h Th 4s]
Agrotait: checks
jl45259071: bets $3
Agrotait: raises $3 to $6
jl45259071: calls $3
*** TURN *** [4h Th 4s] [8h]
Agrotait: bets $6
jl45259071: calls $6
*** RIVER *** [4h Th 4s 8h] [Ah]
Agrotait: bets $6
jl45259071: folds
Uncalled bet ($6) returned to Agrotait
Agrotait collected $47.50 from pot
Agrotait: doesn't show hand
*** SUMMARY ***
Total pot $48 | Rake $0.50
Board [4h Th 4s 8h Ah]
Seat 3: jl45259071 (button) (small blind) folded on the River
Seat 4: Agrotait (big blind) collected ($47.50)


PokerStars Hand #155865983534:  Hold'em Limit ($3/$6 USD) - 2016/07/12 2:34:29 ET
Table 'Pollux' 6-max Seat #3 is the button
Seat 3: jl45259071 ($44.02 in chips)
Seat 4: Agrotait ($145.26 in chips)
jl45259071: posts small blind $1
Agrotait: posts big blind $3
*** HOLE CARDS ***
jl45259071: raises $3 to $6
Agrotait: raises $3 to $9
jl45259071: raises $3 to $12
Betting is capped
Agrotait: calls $3
*** FLOP *** [Qc 8s 7d]
Agrotait: checks
jl45259071: checks
*** TURN *** [Qc 8s 7d] [3s]
Agrotait: bets $6
jl45259071: calls $6
*** RIVER *** [Qc 8s 7d 3s] [Jc]
Agrotait: bets $6
jl45259071: calls $6
*** SHOW DOWN ***
Agrotait: shows [As Ah] (a pair of Aces)
jl45259071: mucks hand
Agrotait collected $47.50 from pot
*** SUMMARY ***
Total pot $48 | Rake $0.50
Board [Qc 8s 7d 3s Jc]
Seat 3: jl45259071 (button) (small blind) mucked
Seat 4: Agrotait (big blind) showed [As Ah] and won ($47.50) with a pair of Aces


PokerStars Hand #155865979957:  Hold'em Limit ($3/$6 USD) - 2016/07/12 2:34:13 ET
Table 'Pollux' 6-max Seat #4 is the button
Seat 3: jl45259071 ($50.02 in chips)
Seat 4: Agrotait ($139.50 in chips)
Agrotait: posts small blind $1
jl45259071: posts big blind $3
*** HOLE CARDS ***
Agrotait: raises $3 to $6
jl45259071: calls $3
*** FLOP *** [Ts 4s 9s]
jl45259071: checks
Agrotait: bets $3
jl45259071: folds
Uncalled bet ($3) returned to Agrotait
Agrotait collected $11.76 from pot
Agrotait: doesn't show hand
*** SUMMARY ***
Total pot $12 | Rake $0.24
Board [Ts 4s 9s]
Seat 3: jl45259071 (big blind) folded on the Flop
Seat 4: Agrotait (button) (small blind) collected ($11.76)


PokerStars Hand #155865990461:  Hold'em Limit ($3/$6 USD) - 2016/07/12 2:34:58 ET
Table 'Pollux' 6-max Seat #4 is the button
Seat 3: jl45259071 ($20.02 in chips)
Seat 4: Agrotait ($168.76 in chips)
Agrotait: posts small blind $1
jl45259071: posts big blind $3
*** HOLE CARDS ***
Agrotait: raises $3 to $6
jl45259071: calls $3
*** FLOP *** [5d Js 6s]
jl45259071: checks
Agrotait: bets $3
jl45259071: calls $3
*** TURN *** [5d Js 6s] [3d]
jl45259071: checks
Agrotait: bets $6
jl45259071: raises $5.02 to $11.02 and is all-in
Agrotait: calls $5.02
*** RIVER *** [5d Js 6s 3d] [Jc]
*** SHOW DOWN ***
jl45259071: shows [4c 7s] (a straight, Three to Seven)
Agrotait: shows [8h Jd] (three of a kind, Jacks)
jl45259071 collected $39.54 from pot
*** SUMMARY ***
Total pot $40.04 | Rake $0.50
Board [5d Js 6s 3d Jc]
Seat 3: jl45259071 (big blind) showed [4c 7s] and won ($39.54) with a straight, Three to Seven
Seat 4: Agrotait (button) (small blind) showed [8h Jd] and lost with three of a kind, Jacks


PokerStars Hand #155865997556:  Hold'em Limit ($3/$6 USD) - 2016/07/12 2:35:28 ET
Table 'Pollux' 6-max Seat #3 is the button
Seat 3: jl45259071 ($39.54 in chips)
Seat 4: Agrotait ($148.74 in chips)
jl45259071: posts small blind $1
Agrotait: posts big blind $3
*** HOLE CARDS ***
jl45259071: calls $2
Agrotait: checks
*** FLOP *** [Ah 7d 5c]
Agrotait: bets $3
jl45259071: calls $3
*** TURN *** [Ah 7d 5c] [Jc]
Agrotait: checks
jl45259071: checks
*** RIVER *** [Ah 7d 5c Jc] [5s]
Agrotait: checks
jl45259071: bets $6
Agrotait: calls $6
*** SHOW DOWN ***
jl45259071: shows [8d 6c] (a pair of Fives)
Agrotait: shows [Kc 3s] (a pair of Fives - Ace+King kicker)
Agrotait collected $23.52 from pot
*** SUMMARY ***
Total pot $24 | Rake $0.48
Board [Ah 7d 5c Jc 5s]
Seat 3: jl45259071 (button) (small blind) showed [8d 6c] and lost with a pair of Fives
Seat 4: Agrotait (big blind) showed [Kc 3s] and won ($23.52) with a pair of Fives


PokerStars Hand #155866003436:  Hold'em Limit ($3/$6 USD) - 2016/07/12 2:35:53 ET
Table 'Pollux' 6-max Seat #4 is the button
Seat 3: jl45259071 ($27.54 in chips)
Seat 4: Agrotait ($160.26 in chips)
Agrotait: posts small blind $1
jl45259071: posts big blind $3
*** HOLE CARDS ***
Agrotait: folds
Uncalled bet ($2) returned to jl45259071
jl45259071 collected $2 from pot
jl45259071: doesn't show hand
*** SUMMARY ***
Total pot $2 | Rake $0
Seat 3: jl45259071 (big blind) collected ($2)
Seat 4: Agrotait (button) (small blind) folded before Flop


PokerStars Hand #155866005385:  Hold'em Limit ($3/$6 USD) - 2016/07/12 2:36:01 ET
Table 'Pollux' 6-max Seat #3 is the button
Seat 3: jl45259071 ($28.54 in chips)
Seat 4: Agrotait ($159.26 in chips)
jl45259071: posts small blind $1
Agrotait: posts big blind $3
*** HOLE CARDS ***
jl45259071: calls $2
Agrotait: raises $3 to $6
jl45259071: calls $3
*** FLOP *** [Qs 4s Qd]
Agrotait: bets $3
jl45259071: calls $3
*** TURN *** [Qs 4s Qd] [7d]
Agrotait: bets $6
jl45259071: folds
Uncalled bet ($6) returned to Agrotait
Agrotait collected $17.64 from pot
Agrotait: doesn't show hand
*** SUMMARY ***
Total pot $18 | Rake $0.36
Board [Qs 4s Qd 7d]
Seat 3: jl45259071 (button) (small blind) folded on the Turn
Seat 4: Agrotait (big blind) collected ($17.64)


PokerStars Hand #155866026601:  Hold'em Limit ($3/$6 USD) - 2016/07/12 2:37:00 ET
Table 'Pollux' 6-max Seat #4 is the button
Seat 3: jl45259071 ($19.54 in chips)
Seat 4: Agrotait ($167.90 in chips)
Agrotait: posts small blind $1
jl45259071: posts big blind $3
*** HOLE CARDS ***
Agrotait: raises $3 to $6
jl45259071: calls $3
*** FLOP *** [Qs Qh 9s]
jl45259071: checks
Agrotait: bets $3
jl45259071: folds
Uncalled bet ($3) returned to Agrotait
Agrotait collected $11.76 from pot
Agrotait: doesn't show hand
*** SUMMARY ***
Total pot $12 | Rake $0.24
Board [Qs Qh 9s]
Seat 3: jl45259071 (big blind) folded on the Flop
Seat 4: Agrotait (button) (small blind) collected ($11.76)


PokerStars Hand #155866030375:  Hold'em Limit ($3/$6 USD) - 2016/07/12 2:37:16 ET
Table 'Pollux' 6-max Seat #3 is the button
Seat 3: jl45259071 ($13.54 in chips)
Seat 4: Agrotait ($173.66 in chips)
jl45259071: posts small blind $1
Agrotait: posts big blind $3
*** HOLE CARDS ***
jl45259071: calls $2
Agrotait: raises $3 to $6
jl45259071: calls $3
*** FLOP *** [Qs 6c Jc]
Agrotait: bets $3
jl45259071: raises $3 to $6
Agrotait: calls $3
*** TURN *** [Qs 6c Jc] [7s]
Agrotait: checks
jl45259071: bets $1.54 and is all-in
Agrotait: calls $1.54
*** RIVER *** [Qs 6c Jc 7s] [6h]
*** SHOW DOWN ***
Agrotait: shows [Kc Qd] (two pair, Queens and Sixes)
jl45259071: shows [Jd 4c] (two pair, Jacks and Sixes)
Agrotait collected $26.58 from pot
*** SUMMARY ***
Total pot $27.08 | Rake $0.50
Board [Qs 6c Jc 7s 6h]
Seat 3: jl45259071 (button) (small blind) showed [Jd 4c] and lost with two pair, Jacks and Sixes
Seat 4: Agrotait (big blind) showed [Kc Qd] and won ($26.58) with two pair, Queens and Sixes


