PokerStars Hand #150956073343:  Hold'em Limit ($3/$6 USD) - 2016/03/26 10:17:41 ET
Table 'Pollux II' 6-max Seat #2 is the button
Seat 2: gnatakurchpz ($58.37 in chips)
Seat 3: TinaM206 ($53 in chips)
gnatakurchpz: posts small blind $1
TinaM206: posts big blind $3
*** HOLE CARDS ***
gnatakurchpz: raises $3 to $6
TinaM206: calls $3
*** FLOP *** [Ad Jh 3d]
TinaM206: checks
gnatakurchpz: bets $3
TinaM206: folds
Uncalled bet ($3) returned to gnatakurchpz
gnatakurchpz collected $11.76 from pot
gnatakurchpz: doesn't show hand
*** SUMMARY ***
Total pot $12 | Rake $0.24
Board [Ad Jh 3d]
Seat 2: gnatakurchpz (button) (small blind) collected ($11.76)
Seat 3: TinaM206 (big blind) folded on the Flop


PokerStars Hand #150956032563:  Hold'em Limit ($3/$6 USD) - 2016/03/26 10:16:44 ET
Table 'Pollux II' 6-max Seat #3 is the button
Seat 2: gnatakurchpz ($39.99 in chips)
Seat 3: TinaM206 ($72 in chips)
TinaM206: posts small blind $1
TbIP-TbIP 88: is sitting out
TbIP-TbIP 88 leaves the table
gnatakurchpz: posts big blind $3
*** HOLE CARDS ***
TinaM206: calls $2
gnatakurchpz: checks
*** FLOP *** [Ac 8h 2s]
gnatakurchpz: checks
TinaM206: checks
*** TURN *** [Ac 8h 2s] [Tc]
gnatakurchpz: checks
TinaM206: checks
*** RIVER *** [Ac 8h 2s Tc] [4s]
gnatakurchpz: checks
TinaM206: checks
*** SHOW DOWN ***
gnatakurchpz: shows [5c Kh] (high card Ace)
TinaM206: mucks hand
gnatakurchpz collected $5.88 from pot
*** SUMMARY ***
Total pot $6 | Rake $0.12
Board [Ac 8h 2s Tc 4s]
Seat 2: gnatakurchpz (big blind) showed [5c Kh] and won ($5.88) with high card Ace
Seat 3: TinaM206 (button) (small blind) mucked


PokerStars Hand #150956069373:  Hold'em Limit ($3/$6 USD) - 2016/03/26 10:17:35 ET
Table 'Pollux II' 6-max Seat #3 is the button
Seat 2: gnatakurchpz ($57.37 in chips)
Seat 3: TinaM206 ($54 in chips)
TinaM206: posts small blind $1
gnatakurchpz: posts big blind $3
*** HOLE CARDS ***
TinaM206: folds
Uncalled bet ($2) returned to gnatakurchpz
gnatakurchpz collected $2 from pot
gnatakurchpz: doesn't show hand
*** SUMMARY ***
Total pot $2 | Rake $0
Seat 2: gnatakurchpz (big blind) collected ($2)
Seat 3: TinaM206 (button) (small blind) folded before Flop


PokerStars Hand #150956051324:  Hold'em Limit ($3/$6 USD) - 2016/03/26 10:17:10 ET
Table 'Pollux II' 6-max Seat #2 is the button
Seat 2: gnatakurchpz ($42.87 in chips)
Seat 3: TinaM206 ($69 in chips)
gnatakurchpz: posts small blind $1
TinaM206: posts big blind $3
*** HOLE CARDS ***
gnatakurchpz: raises $3 to $6
TinaM206: calls $3
*** FLOP *** [8d 6s 4s]
TinaM206: checks
gnatakurchpz: bets $3
TinaM206: calls $3
*** TURN *** [8d 6s 4s] [Tc]
TinaM206: checks
gnatakurchpz: bets $6
TinaM206: calls $6
*** RIVER *** [8d 6s 4s Tc] [Kc]
TinaM206: checks
gnatakurchpz: bets $6
TinaM206: folds
Uncalled bet ($6) returned to gnatakurchpz
gnatakurchpz collected $29.50 from pot
gnatakurchpz: doesn't show hand
*** SUMMARY ***
Total pot $30 | Rake $0.50
Board [8d 6s 4s Tc Kc]
Seat 2: gnatakurchpz (button) (small blind) collected ($29.50)
Seat 3: TinaM206 (big blind) folded on the River


PokerStars Hand #150956099584:  Hold'em Limit ($3/$6 USD) - 2016/03/26 10:18:17 ET
Table 'Pollux II' 6-max Seat #2 is the button
Seat 2: gnatakurchpz ($86.63 in chips)
Seat 3: TinaM206 ($24 in chips)
gnatakurchpz: posts small blind $1
TinaM206: posts big blind $3
*** HOLE CARDS ***
gnatakurchpz: folds
Uncalled bet ($2) returned to TinaM206
TinaM206 collected $2 from pot
*** SUMMARY ***
Total pot $2 | Rake $0
Seat 2: gnatakurchpz (button) (small blind) folded before Flop
Seat 3: TinaM206 (big blind) collected ($2)


PokerStars Hand #150956095950:  Hold'em Limit ($3/$6 USD) - 2016/03/26 10:18:12 ET
Table 'Pollux II' 6-max Seat #3 is the button
Seat 2: gnatakurchpz ($85.63 in chips)
Seat 3: TinaM206 ($25 in chips)
TinaM206: posts small blind $1
gnatakurchpz: posts big blind $3
*** HOLE CARDS ***
TinaM206: folds
Uncalled bet ($2) returned to gnatakurchpz
gnatakurchpz collected $2 from pot
gnatakurchpz: doesn't show hand
*** SUMMARY ***
Total pot $2 | Rake $0
Seat 2: gnatakurchpz (big blind) collected ($2)
Seat 3: TinaM206 (button) (small blind) folded before Flop


PokerStars Hand #150956083864:  Hold'em Limit ($3/$6 USD) - 2016/03/26 10:17:56 ET
Table 'Pollux II' 6-max Seat #2 is the button
Seat 2: gnatakurchpz ($65.13 in chips)
Seat 3: TinaM206 ($46 in chips)
gnatakurchpz: posts small blind $1
TinaM206: posts big blind $3
*** HOLE CARDS ***
gnatakurchpz: raises $3 to $6
TinaM206: calls $3
*** FLOP *** [Qd 2h Kh]
TinaM206: checks
gnatakurchpz: bets $3
TinaM206: calls $3
*** TURN *** [Qd 2h Kh] [Qc]
TinaM206: checks
gnatakurchpz: bets $6
TinaM206: calls $6
*** RIVER *** [Qd 2h Kh Qc] [Jh]
TinaM206: checks
gnatakurchpz: bets $6
TinaM206: calls $6
*** SHOW DOWN ***
gnatakurchpz: shows [Qs 3d] (three of a kind, Queens)
TinaM206: mucks hand
gnatakurchpz collected $41.50 from pot
*** SUMMARY ***
Total pot $42 | Rake $0.50
Board [Qd 2h Kh Qc Jh]
Seat 2: gnatakurchpz (button) (small blind) showed [Qs 3d] and won ($41.50) with three of a kind, Queens
Seat 3: TinaM206 (big blind) mucked


PokerStars Hand #150956103076:  Hold'em Limit ($3/$6 USD) - 2016/03/26 10:18:22 ET
Table 'Pollux II' 6-max Seat #3 is the button
Seat 2: gnatakurchpz ($85.63 in chips)
Seat 3: TinaM206 ($25 in chips)
TinaM206: posts small blind $1
gnatakurchpz: posts big blind $3
*** HOLE CARDS ***
TinaM206: raises $3 to $6
gnatakurchpz: calls $3
*** FLOP *** [Ad 7d Kh]
gnatakurchpz: checks
TinaM206: bets $3
gnatakurchpz: calls $3
*** TURN *** [Ad 7d Kh] [2d]
gnatakurchpz: checks
TinaM206: checks
*** RIVER *** [Ad 7d Kh 2d] [9d]
gnatakurchpz: bets $6
TinaM206: folds
Uncalled bet ($6) returned to gnatakurchpz
gnatakurchpz collected $17.64 from pot
gnatakurchpz: doesn't show hand
*** SUMMARY ***
Total pot $18 | Rake $0.36
Board [Ad 7d Kh 2d 9d]
Seat 2: gnatakurchpz (big blind) collected ($17.64)
Seat 3: TinaM206 (button) (small blind) folded on the River


PokerStars Hand #150956080467:  Hold'em Limit ($3/$6 USD) - 2016/03/26 10:17:51 ET
Table 'Pollux II' 6-max Seat #3 is the button
Seat 2: gnatakurchpz ($64.13 in chips)
Seat 3: TinaM206 ($47 in chips)
TinaM206: posts small blind $1
gnatakurchpz: posts big blind $3
*** HOLE CARDS ***
TinaM206: folds
Uncalled bet ($2) returned to gnatakurchpz
gnatakurchpz collected $2 from pot
gnatakurchpz: doesn't show hand
*** SUMMARY ***
Total pot $2 | Rake $0
Seat 2: gnatakurchpz (big blind) collected ($2)
Seat 3: TinaM206 (button) (small blind) folded before Flop


PokerStars Hand #150956114116:  Hold'em Limit ($3/$6 USD) - 2016/03/26 10:18:38 ET
Table 'Pollux II' 6-max Seat #2 is the button
Seat 2: gnatakurchpz ($94.27 in chips)
Seat 3: TinaM206 ($16 in chips)
gnatakurchpz: posts small blind $1
TinaM206: posts big blind $3
*** HOLE CARDS ***
gnatakurchpz: raises $3 to $6
TinaM206: calls $3
*** FLOP *** [Qd 4h 6d]
TinaM206: checks
gnatakurchpz: bets $3
TinaM206: calls $3
*** TURN *** [Qd 4h 6d] [Js]
TinaM206: checks
gnatakurchpz: bets $6
TinaM206: folds
Uncalled bet ($6) returned to gnatakurchpz
gnatakurchpz collected $17.64 from pot
gnatakurchpz: doesn't show hand
*** SUMMARY ***
Total pot $18 | Rake $0.36
Board [Qd 4h 6d Js]
Seat 2: gnatakurchpz (button) (small blind) collected ($17.64)
Seat 3: TinaM206 (big blind) folded on the Turn


