PokerStars Hand #166913724877:  Hold'em Limit ($3/$6 USD) - 2017/02/28 14:26:24 ET
Table 'Pollux II' 6-max Seat #1 is the button
Seat 1: Brando Jr ($268 in chips)
Seat 2: Auge72 ($26.25 in chips)
Brando Jr: posts small blind $1
Auge72: posts big blind $3
*** HOLE CARDS ***
Brando Jr: raises $3 to $6
Auge72: calls $3
*** FLOP *** [8h 7d 6c]
Auge72: checks
Brando Jr: checks
*** TURN *** [8h 7d 6c] [4c]
Auge72: bets $6
Brando Jr: raises $6 to $12
Auge72: raises $6 to $18
Brando Jr: calls $6
*** RIVER *** [8h 7d 6c 4c] [5s]
Auge72: bets $2.25 and is all-in
Brando Jr: calls $2.25
*** SHOW DOWN ***
Auge72: shows [9h Td] (a straight, Six to Ten)
Brando Jr: shows [5h Jc] (a straight, Four to Eight)
Auge72 collected $52 from pot
*** SUMMARY ***
Total pot $52.50 | Rake $0.50
Board [8h 7d 6c 4c 5s]
Seat 1: Brando Jr (button) (small blind) showed [5h Jc] and lost with a straight, Four to Eight
Seat 2: Auge72 (big blind) showed [9h Td] and won ($52) with a straight, Six to Ten


PokerStars Hand #166913773921:  Hold'em Limit ($3/$6 USD) - 2017/02/28 14:27:16 ET
Table 'Pollux II' 6-max Seat #1 is the button
Seat 1: Brando Jr ($242.75 in chips)
Seat 2: Auge72 ($51 in chips)
Brando Jr: posts small blind $1
Auge72: posts big blind $3
*** HOLE CARDS ***
Brando Jr: raises $3 to $6
Auge72: folds
Uncalled bet ($3) returned to Brando Jr
Brando Jr collected $6 from pot
Brando Jr: doesn't show hand
*** SUMMARY ***
Total pot $6 | Rake $0
Seat 1: Brando Jr (button) (small blind) collected ($6)
Seat 2: Auge72 (big blind) folded before Flop


PokerStars Hand #166913770217:  Hold'em Limit ($3/$6 USD) - 2017/02/28 14:27:12 ET
Table 'Pollux II' 6-max Seat #2 is the button
Seat 1: Brando Jr ($241.75 in chips)
Seat 2: Auge72 ($52 in chips)
Auge72: posts small blind $1
Brando Jr: posts big blind $3
*** HOLE CARDS ***
Auge72: folds
Uncalled bet ($2) returned to Brando Jr
Brando Jr said, "nice1"
Brando Jr collected $2 from pot
Brando Jr: doesn't show hand
*** SUMMARY ***
Total pot $2 | Rake $0
Seat 1: Brando Jr (big blind) collected ($2)
Seat 2: Auge72 (button) (small blind) folded before Flop


PokerStars Hand #166913798338:  Hold'em Limit ($3/$6 USD) - 2017/02/28 14:27:43 ET
Table 'Pollux II' 6-max Seat #1 is the button
Seat 1: Brando Jr ($218.75 in chips)
Seat 2: Auge72 ($74.50 in chips)
Brando Jr: posts small blind $1
Auge72: posts big blind $3
*** HOLE CARDS ***
Brando Jr: raises $3 to $6
Auge72: calls $3
*** FLOP *** [2h 5d Qh]
Auge72: checks
Brando Jr: bets $3
Auge72: folds
Uncalled bet ($3) returned to Brando Jr
Brando Jr collected $11.76 from pot
Brando Jr: doesn't show hand
*** SUMMARY ***
Total pot $12 | Rake $0.24
Board [2h 5d Qh]
Seat 1: Brando Jr (button) (small blind) collected ($11.76)
Seat 2: Auge72 (big blind) folded on the Flop


PokerStars Hand #166913821182:  Hold'em Limit ($3/$6 USD) - 2017/02/28 14:28:07 ET
Table 'Pollux II' 6-max Seat #1 is the button
Seat 1: Brando Jr ($225.51 in chips)
Seat 2: Auge72 ($67.50 in chips)
Brando Jr: posts small blind $1
Auge72: posts big blind $3
*** HOLE CARDS ***
Brando Jr: folds
Uncalled bet ($2) returned to Auge72
Auge72 collected $2 from pot
Auge72: doesn't show hand
*** SUMMARY ***
Total pot $2 | Rake $0
Seat 1: Brando Jr (button) (small blind) folded before Flop
Seat 2: Auge72 (big blind) collected ($2)


PokerStars Hand #166913814653:  Hold'em Limit ($3/$6 USD) - 2017/02/28 14:28:00 ET
Table 'Pollux II' 6-max Seat #2 is the button
Seat 1: Brando Jr ($224.51 in chips)
Seat 2: Auge72 ($68.50 in chips)
Auge72: posts small blind $1
Brando Jr: posts big blind $3
*** HOLE CARDS ***
Auge72: folds
Uncalled bet ($2) returned to Brando Jr
Brando Jr collected $2 from pot
Brando Jr: doesn't show hand
*** SUMMARY ***
Total pot $2 | Rake $0
Seat 1: Brando Jr (big blind) collected ($2)
Seat 2: Auge72 (button) (small blind) folded before Flop


PokerStars Hand #166913841488:  Hold'em Limit ($3/$6 USD) - 2017/02/28 14:28:29 ET
Table 'Pollux II' 6-max Seat #1 is the button
Seat 1: Brando Jr ($206.51 in chips)
Seat 2: Auge72 ($86 in chips)
Brando Jr: posts small blind $1
Auge72: posts big blind $3
*** HOLE CARDS ***
Brando Jr: raises $3 to $6
Auge72: folds
Uncalled bet ($3) returned to Brando Jr
Brando Jr collected $6 from pot
Brando Jr: doesn't show hand
*** SUMMARY ***
Total pot $6 | Rake $0
Seat 1: Brando Jr (button) (small blind) collected ($6)
Seat 2: Auge72 (big blind) folded before Flop


PokerStars Hand #166913826209:  Hold'em Limit ($3/$6 USD) - 2017/02/28 14:28:12 ET
Table 'Pollux II' 6-max Seat #2 is the button
Seat 1: Brando Jr ($224.51 in chips)
Seat 2: Auge72 ($68.50 in chips)
Auge72: posts small blind $1
Brando Jr: posts big blind $3
*** HOLE CARDS ***
Auge72: calls $2
Brando Jr: checks
*** FLOP *** [3h 3s Qs]
Brando Jr: bets $3
Auge72: calls $3
*** TURN *** [3h 3s Qs] [Ts]
Brando Jr: bets $6
Auge72: calls $6
*** RIVER *** [3h 3s Qs Ts] [8s]
Brando Jr: bets $6
Auge72: calls $6
*** SHOW DOWN ***
Brando Jr: shows [6h 4s] (a flush, Queen high)
Auge72: shows [5s 6s] (a flush, Queen high - Six higher)
Auge72 collected $35.50 from pot
*** SUMMARY ***
Total pot $36 | Rake $0.50
Board [3h 3s Qs Ts 8s]
Seat 1: Brando Jr (big blind) showed [6h 4s] and lost with a flush, Queen high
Seat 2: Auge72 (button) (small blind) showed [5s 6s] and won ($35.50) with a flush, Queen high


PokerStars Hand #166913779437:  Hold'em Limit ($3/$6 USD) - 2017/02/28 14:27:22 ET
Table 'Pollux II' 6-max Seat #2 is the button
Seat 1: Brando Jr ($245.75 in chips)
Seat 2: Auge72 ($48 in chips)
Auge72: posts small blind $1
Brando Jr: posts big blind $3
*** HOLE CARDS ***
Auge72: calls $2
vestimokrec joins the table at seat #3
Brando Jr: checks
*** FLOP *** [Ks Ah 8s]
Brando Jr: checks
Auge72: checks
*** TURN *** [Ks Ah 8s] [Jc]
Brando Jr: checks
Auge72: bets $6
Brando Jr: calls $6
*** RIVER *** [Ks Ah 8s Jc] [5h]
Brando Jr: checks
Auge72: bets $6
Brando Jr: raises $6 to $12
Auge72: raises $6 to $18
Brando Jr: calls $6
*** SHOW DOWN ***
Auge72: shows [Qh Tc] (a straight, Ten to Ace)
Brando Jr: mucks hand
Auge72 collected $53.50 from pot
*** SUMMARY ***
Total pot $54 | Rake $0.50
Board [Ks Ah 8s Jc 5h]
Seat 1: Brando Jr (big blind) mucked
Seat 2: Auge72 (button) (small blind) showed [Qh Tc] and won ($53.50) with a straight, Ten to Ace


PokerStars Hand #166913856585:  Hold'em Limit ($3/$6 USD) - 2017/02/28 14:28:45 ET
Table 'Pollux II' 6-max Seat #2 is the button
Seat 1: Brando Jr ($209.51 in chips)
Seat 2: Auge72 ($83 in chips)
Auge72: posts small blind $1
Brando Jr: posts big blind $3
*** HOLE CARDS ***
Auge72: calls $2
Brando Jr: raises $3 to $6
Auge72: calls $3
*** FLOP *** [3s Qh 8h]
Brando Jr: bets $3
Auge72: calls $3
*** TURN *** [3s Qh 8h] [7s]
Brando Jr: bets $6
Auge72: calls $6
*** RIVER *** [3s Qh 8h 7s] [5d]
Brando Jr: bets $6
Auge72: calls $6
*** SHOW DOWN ***
Brando Jr: shows [3d 3h] (three of a kind, Threes)
Auge72: mucks hand
Brando Jr collected $41.50 from pot
*** SUMMARY ***
Total pot $42 | Rake $0.50
Board [3s Qh 8h 7s 5d]
Seat 1: Brando Jr (big blind) showed [3d 3h] and won ($41.50) with three of a kind, Threes
Seat 2: Auge72 (button) (small blind) mucked


PokerStars Hand #166913883161:  Hold'em Limit ($3/$6 USD) - 2017/02/28 14:29:13 ET
Table 'Pollux II' 6-max Seat #1 is the button
Seat 1: Brando Jr ($230.01 in chips)
Seat 2: Auge72 ($62 in chips)
Brando Jr: posts small blind $1
Auge72: posts big blind $3
*** HOLE CARDS ***
Brando Jr: folds
Uncalled bet ($2) returned to Auge72
Auge72 collected $2 from pot
*** SUMMARY ***
Total pot $2 | Rake $0
Seat 1: Brando Jr (button) (small blind) folded before Flop
Seat 2: Auge72 (big blind) collected ($2)


PokerStars Hand #166913851362:  Hold'em Limit ($3/$6 USD) - 2017/02/28 14:28:39 ET
Table 'Pollux II' 6-max Seat #1 is the button
Seat 1: Brando Jr ($210.51 in chips)
Seat 2: Auge72 ($82 in chips)
Brando Jr: posts small blind $1
Auge72: posts big blind $3
*** HOLE CARDS ***
Brando Jr: folds
Uncalled bet ($2) returned to Auge72
Auge72 collected $2 from pot
*** SUMMARY ***
Total pot $2 | Rake $0
Seat 1: Brando Jr (button) (small blind) folded before Flop
Seat 2: Auge72 (big blind) collected ($2)


PokerStars Hand #166913846642:  Hold'em Limit ($3/$6 USD) - 2017/02/28 14:28:34 ET
Table 'Pollux II' 6-max Seat #2 is the button
Seat 1: Brando Jr ($209.51 in chips)
Seat 2: Auge72 ($83 in chips)
Auge72: posts small blind $1
Brando Jr: posts big blind $3
*** HOLE CARDS ***
Auge72: folds
Uncalled bet ($2) returned to Brando Jr
Brando Jr collected $2 from pot
Brando Jr: doesn't show hand
*** SUMMARY ***
Total pot $2 | Rake $0
Seat 1: Brando Jr (big blind) collected ($2)
Seat 2: Auge72 (button) (small blind) folded before Flop


PokerStars Hand #166914653075:  Hold'em Limit ($3/$6 USD) - 2017/02/28 14:42:47 ET
Table 'Pollux II' 6-max Seat #5 is the button
Seat 4: kismespit ($42.42 in chips)
Seat 5: krytalex ($136.47 in chips)
krytalex: posts small blind $1
Brando Jr: is sitting out
zxkz: is sitting out
kismespit: posts big blind $3
*** HOLE CARDS ***
krytalex: raises $3 to $6
zxkz leaves the table
kismespit: calls $3
*** FLOP *** [4c Td 4d]
kismespit: checks
krytalex: bets $3
kismespit: calls $3
*** TURN *** [4c Td 4d] [As]
kismespit: checks
krytalex: bets $6
kismespit: calls $6
*** RIVER *** [4c Td 4d As] [Kd]
kismespit: bets $6
krytalex: raises $6 to $12
kismespit: calls $6
*** SHOW DOWN ***
krytalex: shows [Jd 6d] (a flush, King high)
kismespit: mucks hand
krytalex collected $53.50 from pot
*** SUMMARY ***
Total pot $54 | Rake $0.50
Board [4c Td 4d As Kd]
Seat 4: kismespit (big blind) mucked
Seat 5: krytalex (button) (small blind) showed [Jd 6d] and won ($53.50) with a flush, King high


PokerStars Hand #166914679871:  Hold'em Limit ($3/$6 USD) - 2017/02/28 14:43:15 ET
Table 'Pollux II' 6-max Seat #4 is the button
Seat 4: kismespit ($15.42 in chips)
Seat 5: krytalex ($162.97 in chips)
kismespit: posts small blind $1
krytalex: posts big blind $3
*** HOLE CARDS ***
Kaukadiginte joins the table at seat #6
kismespit: raises $3 to $6
krytalex: raises $3 to $9
vestimokrec joins the table at seat #2
kismespit: raises $3 to $12
Betting is capped
krytalex: calls $3
*** FLOP *** [9c As 8s]
Psgunnnnnnnn joins the table at seat #3
krytalex: checks
kismespit: bets $3
krytalex: calls $3
*** TURN *** [9c As 8s] [5s]
krytalex: checks
kismespit: bets $0.42 and is all-in
krytalex: calls $0.42
*** RIVER *** [9c As 8s 5s] [Kd]
*** SHOW DOWN ***
krytalex: shows [Qs Js] (a flush, Ace high)
kismespit: shows [2h 2c] (a pair of Deuces)
krytalex collected $30.34 from pot
*** SUMMARY ***
Total pot $30.84 | Rake $0.50
Board [9c As 8s 5s Kd]
Seat 4: kismespit (button) (small blind) showed [2h 2c] and lost with a pair of Deuces
Seat 5: krytalex (big blind) showed [Qs Js] and won ($30.34) with a flush, Ace high


PokerStars Hand #166918865146:  Hold'em Limit ($3/$6 USD) - 2017/02/28 15:57:50 ET
Table 'Pollux II' 6-max Seat #6 is the button
Seat 3: julenchu ($31.83 in chips)
Seat 6: boogi ($67.16 in chips)
pompier40 will be allowed to play after the button
boogi: posts small blind $1
Koraseg: is sitting out
julenchu: posts big blind $3
*** HOLE CARDS ***
boogi: raises $3 to $6
julenchu: folds
Uncalled bet ($3) returned to boogi
boogi collected $6 from pot
boogi: doesn't show hand
*** SUMMARY ***
Total pot $6 | Rake $0
Seat 3: julenchu (big blind) folded before Flop
Seat 6: boogi (button) (small blind) collected ($6)


PokerStars Hand #166920370231:  Hold'em Limit ($3/$6 USD) - 2017/02/28 16:25:16 ET
Table 'Pollux II' 6-max Seat #3 is the button
Seat 3: julenchu ($118.56 in chips)
Seat 5: LouisB ($91.92 in chips)
julenchu: posts small blind $1
pompier40: is sitting out
LouisB: posts big blind $3
*** HOLE CARDS ***
julenchu: folds
Uncalled bet ($2) returned to LouisB
LouisB collected $2 from pot
LouisB: doesn't show hand
*** SUMMARY ***
Total pot $2 | Rake $0
Seat 3: julenchu (button) (small blind) folded before Flop
Seat 5: LouisB (big blind) collected ($2)


