PokerStars Hand #158409138862:  Hold'em Limit ($3/$6 USD) - 2016/09/10 6:44:00 ET
Table 'Pollux II' 6-max Seat #2 is the button
Seat 2: libaikang ($173 in chips)
Seat 4: Agrotait ($72 in chips)
libaikang: posts small blind $1
Agrotait: posts big blind $3
*** HOLE CARDS ***
libaikang: raises $3 to $6
Agrotait: calls $3
*** FLOP *** [Kc 9h Jc]
Wurst2000 joins the table at seat #3
Agrotait: checks
libaikang: bets $3
Agrotait: raises $3 to $6
libaikang: calls $3
*** TURN *** [Kc 9h Jc] [6c]
Agrotait: checks
libaikang: bets $6
Agrotait: calls $6
*** RIVER *** [Kc 9h Jc 6c] [Qd]
Agrotait: bets $6
libaikang: folds
Uncalled bet ($6) returned to Agrotait
Agrotait collected $35.50 from pot
Agrotait: doesn't show hand
*** SUMMARY ***
Total pot $36 | Rake $0.50
Board [Kc 9h Jc 6c Qd]
Seat 2: libaikang (button) (small blind) folded on the River
Seat 4: Agrotait (big blind) collected ($35.50)


PokerStars Hand #158409161909:  Hold'em Limit ($3/$6 USD) - 2016/09/10 6:44:53 ET
Table 'Pollux II' 6-max Seat #4 is the button
Seat 2: libaikang ($155 in chips)
Seat 4: Agrotait ($89.50 in chips)
Agrotait: posts small blind $1
libaikang: posts big blind $3
*** HOLE CARDS ***
Agrotait: raises $3 to $6
libaikang: folds
Uncalled bet ($3) returned to Agrotait
Agrotait collected $6 from pot
Agrotait: doesn't show hand
*** SUMMARY ***
Total pot $6 | Rake $0
Seat 2: libaikang (big blind) folded before Flop
Seat 4: Agrotait (button) (small blind) collected ($6)


PokerStars Hand #158409191245:  Hold'em Limit ($3/$6 USD) - 2016/09/10 6:46:00 ET
Table 'Pollux II' 6-max Seat #2 is the button
Seat 2: libaikang ($152 in chips)
Seat 3: Wurst2000 ($120 in chips)
libaikang: posts small blind $1
Wurst2000: posts big blind $3
*** HOLE CARDS ***
libaikang: raises $3 to $6
Wurst2000: calls $3
*** FLOP *** [7s 8h 6h]
Wurst2000: checks
libaikang: bets $3
Wurst2000: raises $3 to $6
libaikang: raises $3 to $9
Wurst2000: calls $3
*** TURN *** [7s 8h 6h] [Th]
Wurst2000: checks
libaikang: bets $6
Wurst2000: calls $6
*** RIVER *** [7s 8h 6h Th] [5s]
Wurst2000: checks
libaikang: checks
*** SHOW DOWN ***
Wurst2000: shows [8d Tc] (two pair, Tens and Eights)
libaikang: mucks hand
Wurst2000 collected $41.50 from pot
*** SUMMARY ***
Total pot $42 | Rake $0.50
Board [7s 8h 6h Th 5s]
Seat 2: libaikang (button) (small blind) mucked
Seat 3: Wurst2000 (big blind) showed [8d Tc] and won ($41.50) with two pair, Tens and Eights


PokerStars Hand #158409217825:  Hold'em Limit ($3/$6 USD) - 2016/09/10 6:47:01 ET
Table 'Pollux II' 6-max Seat #3 is the button
Seat 2: libaikang ($133.76 in chips)
Seat 3: Wurst2000 ($137.50 in chips)
Wurst2000: posts small blind $1
libaikang: posts big blind $3
*** HOLE CARDS ***
Wurst2000: raises $3 to $6
libaikang: folds
Uncalled bet ($3) returned to Wurst2000
Wurst2000 collected $6 from pot
Wurst2000: doesn't show hand
*** SUMMARY ***
Total pot $6 | Rake $0
Seat 2: libaikang (big blind) folded before Flop
Seat 3: Wurst2000 (button) (small blind) collected ($6)


PokerStars Hand #158409209547:  Hold'em Limit ($3/$6 USD) - 2016/09/10 6:46:42 ET
Table 'Pollux II' 6-max Seat #2 is the button
Seat 2: libaikang ($128 in chips)
Seat 3: Wurst2000 ($143.50 in chips)
libaikang: posts small blind $1
Wurst2000: posts big blind $3
*** HOLE CARDS ***
libaikang: raises $3 to $6
Wurst2000: calls $3
*** FLOP *** [9s Th 4d]
Wurst2000: checks
libaikang: checks
*** TURN *** [9s Th 4d] [Qh]
Wurst2000: checks
libaikang: checks
*** RIVER *** [9s Th 4d Qh] [8d]
Wurst2000: checks
libaikang: bets $6
Wurst2000: folds
Uncalled bet ($6) returned to libaikang
libaikang collected $11.76 from pot
libaikang: doesn't show hand
*** SUMMARY ***
Total pot $12 | Rake $0.24
Board [9s Th 4d Qh 8d]
Seat 2: libaikang (button) (small blind) collected ($11.76)
Seat 3: Wurst2000 (big blind) folded on the River


PokerStars Hand #158409206625:  Hold'em Limit ($3/$6 USD) - 2016/09/10 6:46:35 ET
Table 'Pollux II' 6-max Seat #3 is the button
Seat 2: libaikang ($131 in chips)
Seat 3: Wurst2000 ($140.50 in chips)
Wurst2000: posts small blind $1
libaikang: posts big blind $3
*** HOLE CARDS ***
Wurst2000: raises $3 to $6
libaikang: folds
Uncalled bet ($3) returned to Wurst2000
Wurst2000 collected $6 from pot
Wurst2000: doesn't show hand
*** SUMMARY ***
Total pot $6 | Rake $0
Seat 2: libaikang (big blind) folded before Flop
Seat 3: Wurst2000 (button) (small blind) collected ($6)


PokerStars Hand #158409236315:  Hold'em Limit ($3/$6 USD) - 2016/09/10 6:47:43 ET
Table 'Pollux II' 6-max Seat #2 is the button
Seat 2: libaikang ($138.40 in chips)
Seat 3: Wurst2000 ($132.50 in chips)
libaikang: posts small blind $1
Wurst2000: posts big blind $3
*** HOLE CARDS ***
libaikang: folds
Uncalled bet ($2) returned to Wurst2000
Wurst2000 collected $2 from pot
Wurst2000: doesn't show hand
*** SUMMARY ***
Total pot $2 | Rake $0
Seat 2: libaikang (button) (small blind) folded before Flop
Seat 3: Wurst2000 (big blind) collected ($2)


PokerStars Hand #158409234159:  Hold'em Limit ($3/$6 USD) - 2016/09/10 6:47:39 ET
Table 'Pollux II' 6-max Seat #3 is the button
Seat 2: libaikang ($137.40 in chips)
Seat 3: Wurst2000 ($133.50 in chips)
Wurst2000: posts small blind $1
libaikang: posts big blind $3
*** HOLE CARDS ***
Wurst2000: folds
Uncalled bet ($2) returned to libaikang
libaikang collected $2 from pot
libaikang: doesn't show hand
*** SUMMARY ***
Total pot $2 | Rake $0
Seat 2: libaikang (big blind) collected ($2)
Seat 3: Wurst2000 (button) (small blind) folded before Flop


PokerStars Hand #158409231554:  Hold'em Limit ($3/$6 USD) - 2016/09/10 6:47:33 ET
Table 'Pollux II' 6-max Seat #2 is the button
Seat 2: libaikang ($138.40 in chips)
Seat 3: Wurst2000 ($132.50 in chips)
libaikang: posts small blind $1
Wurst2000: posts big blind $3
*** HOLE CARDS ***
libaikang: folds
Uncalled bet ($2) returned to Wurst2000
Wurst2000 collected $2 from pot
Wurst2000: doesn't show hand
*** SUMMARY ***
Total pot $2 | Rake $0
Seat 2: libaikang (button) (small blind) folded before Flop
Seat 3: Wurst2000 (big blind) collected ($2)


PokerStars Hand #158409223389:  Hold'em Limit ($3/$6 USD) - 2016/09/10 6:47:14 ET
Table 'Pollux II' 6-max Seat #3 is the button
Seat 2: libaikang ($129.76 in chips)
Seat 3: Wurst2000 ($141.50 in chips)
Wurst2000: posts small blind $1
libaikang: posts big blind $3
*** HOLE CARDS ***
Wurst2000: raises $3 to $6
libaikang: raises $3 to $9
Wurst2000: calls $3
*** FLOP *** [Qh Kd Js]
libaikang: checks
Wurst2000: checks
*** TURN *** [Qh Kd Js] [7s]
libaikang: bets $6
Wurst2000: folds
Uncalled bet ($6) returned to libaikang
libaikang collected $17.64 from pot
libaikang: doesn't show hand
*** SUMMARY ***
Total pot $18 | Rake $0.36
Board [Qh Kd Js 7s]
Seat 2: libaikang (big blind) collected ($17.64)
Seat 3: Wurst2000 (button) (small blind) folded on the Turn


PokerStars Hand #158409241563:  Hold'em Limit ($3/$6 USD) - 2016/09/10 6:47:56 ET
Table 'Pollux II' 6-max Seat #2 is the button
Seat 2: libaikang ($138.40 in chips)
Seat 3: Wurst2000 ($132.50 in chips)
libaikang: posts small blind $1
Wurst2000: posts big blind $3
*** HOLE CARDS ***
libaikang: calls $2
Wurst2000: raises $3 to $6
libaikang: raises $3 to $9
Wurst2000: calls $3
*** FLOP *** [8s 9h 4d]
Wurst2000: checks
libaikang: checks
*** TURN *** [8s 9h 4d] [8c]
Wurst2000: bets $6
libaikang: raises $6 to $12
Wurst2000: calls $6
*** RIVER *** [8s 9h 4d 8c] [8d]
Wurst2000: checks
libaikang: bets $6
Wurst2000: calls $6
*** SHOW DOWN ***
libaikang: shows [Ad As] (a full house, Eights full of Aces)
Wurst2000: mucks hand
libaikang collected $53.50 from pot
*** SUMMARY ***
Total pot $54 | Rake $0.50
Board [8s 9h 4d 8c 8d]
Seat 2: libaikang (button) (small blind) showed [Ad As] and won ($53.50) with a full house, Eights full of Aces
Seat 3: Wurst2000 (big blind) mucked


PokerStars Hand #158409250657:  Hold'em Limit ($3/$6 USD) - 2016/09/10 6:48:17 ET
Table 'Pollux II' 6-max Seat #3 is the button
Seat 2: libaikang ($164.90 in chips)
Seat 3: Wurst2000 ($105.50 in chips)
Wurst2000: posts small blind $1
ZOGI joins the table at seat #6
libaikang: posts big blind $3
*** HOLE CARDS ***
Wurst2000: raises $3 to $6
libaikang: folds
Uncalled bet ($3) returned to Wurst2000
Wurst2000 collected $6 from pot
*** SUMMARY ***
Total pot $6 | Rake $0
Seat 2: libaikang (big blind) folded before Flop
Seat 3: Wurst2000 (button) (small blind) collected ($6)


PokerStars Hand #158409263692:  Hold'em Limit ($3/$6 USD) - 2016/09/10 6:48:46 ET
Table 'Pollux II' 6-max Seat #2 is the button
Seat 2: libaikang ($161.90 in chips)
Seat 3: Wurst2000 ($108.50 in chips)
libaikang: posts small blind $1
Wurst2000: posts big blind $3
*** HOLE CARDS ***
libaikang: folds
Uncalled bet ($2) returned to Wurst2000
Wurst2000 collected $2 from pot
Wurst2000: doesn't show hand
freestyler85 joins the table at seat #4
*** SUMMARY ***
Total pot $2 | Rake $0
Seat 2: libaikang (button) (small blind) folded before Flop
Seat 3: Wurst2000 (big blind) collected ($2)


PokerStars Hand #158410052407:  Hold'em Limit ($3/$6 USD) - 2016/09/10 7:19:07 ET
Table 'Pollux II' 6-max Seat #4 is the button
Seat 2: VolkovDmitri ($155.13 in chips)
Seat 4: billabonglad ($75.16 in chips)
billabonglad: posts small blind $1
VolkovDmitri: posts big blind $3
*** HOLE CARDS ***
billabonglad: folds
Uncalled bet ($2) returned to VolkovDmitri
VolkovDmitri collected $2 from pot
VolkovDmitri: doesn't show hand
*** SUMMARY ***
Total pot $2 | Rake $0
Seat 2: VolkovDmitri (big blind) collected ($2)
Seat 4: billabonglad (button) (small blind) folded before Flop


PokerStars Hand #158410045963:  Hold'em Limit ($3/$6 USD) - 2016/09/10 7:18:53 ET
Table 'Pollux II' 6-max Seat #2 is the button
Seat 2: VolkovDmitri ($149.37 in chips)
Seat 4: billabonglad ($81.16 in chips)
VolkovDmitri: posts small blind $1
billabonglad: posts big blind $3
*** HOLE CARDS ***
VolkovDmitri: raises $3 to $6
billabonglad: calls $3
*** FLOP *** [Ks 9s 2s]
billabonglad: checks
VolkovDmitri: bets $3
billabonglad: folds
Uncalled bet ($3) returned to VolkovDmitri
VolkovDmitri collected $11.76 from pot
VolkovDmitri: doesn't show hand
*** SUMMARY ***
Total pot $12 | Rake $0.24
Board [Ks 9s 2s]
Seat 2: VolkovDmitri (button) (small blind) collected ($11.76)
Seat 4: billabonglad (big blind) folded on the Flop


PokerStars Hand #158410043715:  Hold'em Limit ($3/$6 USD) - 2016/09/10 7:18:48 ET
Table 'Pollux II' 6-max Seat #4 is the button
Seat 2: VolkovDmitri ($152.37 in chips)
Seat 4: billabonglad ($78.16 in chips)
billabonglad: posts small blind $1
VolkovDmitri: posts big blind $3
*** HOLE CARDS ***
billabonglad: raises $3 to $6
VolkovDmitri: folds
Uncalled bet ($3) returned to billabonglad
billabonglad collected $6 from pot
billabonglad: doesn't show hand
*** SUMMARY ***
Total pot $6 | Rake $0
Seat 2: VolkovDmitri (big blind) folded before Flop
Seat 4: billabonglad (button) (small blind) collected ($6)


PokerStars Hand #158410039226:  Hold'em Limit ($3/$6 USD) - 2016/09/10 7:18:38 ET
Table 'Pollux II' 6-max Seat #2 is the button
Seat 2: VolkovDmitri ($161.37 in chips)
Seat 4: billabonglad ($69.52 in chips)
VolkovDmitri: posts small blind $1
billabonglad: posts big blind $3
*** HOLE CARDS ***
VolkovDmitri: raises $3 to $6
billabonglad: raises $3 to $9
VolkovDmitri: calls $3
*** FLOP *** [4s Qs Jd]
billabonglad: bets $3
VolkovDmitri: folds
Uncalled bet ($3) returned to billabonglad
billabonglad collected $17.64 from pot
*** SUMMARY ***
Total pot $18 | Rake $0.36
Board [4s Qs Jd]
Seat 2: VolkovDmitri (button) (small blind) folded on the Flop
Seat 4: billabonglad (big blind) collected ($17.64)


PokerStars Hand #158410033200:  Hold'em Limit ($3/$6 USD) - 2016/09/10 7:18:24 ET
Table 'Pollux II' 6-max Seat #4 is the button
Seat 2: VolkovDmitri ($149.85 in chips)
Seat 4: billabonglad ($81.52 in chips)
billabonglad: posts small blind $1
VolkovDmitri: posts big blind $3
*** HOLE CARDS ***
billabonglad: raises $3 to $6
VolkovDmitri: calls $3
*** FLOP *** [Ah 5d 8s]
VolkovDmitri: checks
billabonglad: bets $3
VolkovDmitri: raises $3 to $6
billabonglad: calls $3
*** TURN *** [Ah 5d 8s] [4s]
VolkovDmitri: bets $6
billabonglad: folds
Uncalled bet ($6) returned to VolkovDmitri
VolkovDmitri collected $23.52 from pot
VolkovDmitri: doesn't show hand
*** SUMMARY ***
Total pot $24 | Rake $0.48
Board [Ah 5d 8s 4s]
Seat 2: VolkovDmitri (big blind) collected ($23.52)
Seat 4: billabonglad (button) (small blind) folded on the Turn


PokerStars Hand #158410079916:  Hold'em Limit ($3/$6 USD) - 2016/09/10 7:20:09 ET
Table 'Pollux II' 6-max Seat #2 is the button
Seat 2: VolkovDmitri ($135.89 in chips)
Seat 4: billabonglad ($93.18 in chips)
VolkovDmitri: posts small blind $1
billabonglad: posts big blind $3
*** HOLE CARDS ***
VolkovDmitri: raises $3 to $6
billabonglad: calls $3
*** FLOP *** [9s Jd 9c]
billabonglad: checks
VolkovDmitri: bets $3
billabonglad: calls $3
*** TURN *** [9s Jd 9c] [8c]
billabonglad: checks
VolkovDmitri: checks
*** RIVER *** [9s Jd 9c 8c] [3h]
billabonglad: bets $6
VolkovDmitri: calls $6
*** SHOW DOWN ***
billabonglad: shows [7c Jh] (two pair, Jacks and Nines)
VolkovDmitri: mucks hand
billabonglad collected $29.50 from pot
*** SUMMARY ***
Total pot $30 | Rake $0.50
Board [9s Jd 9c 8c 3h]
Seat 2: VolkovDmitri (button) (small blind) mucked
Seat 4: billabonglad (big blind) showed [7c Jh] and won ($29.50) with two pair, Jacks and Nines


PokerStars Hand #158410077742:  Hold'em Limit ($3/$6 USD) - 2016/09/10 7:20:04 ET
Table 'Pollux II' 6-max Seat #4 is the button
Seat 2: VolkovDmitri ($134.89 in chips)
Seat 4: billabonglad ($94.18 in chips)
billabonglad: posts small blind $1
VolkovDmitri: posts big blind $3
*** HOLE CARDS ***
billabonglad: folds
Uncalled bet ($2) returned to VolkovDmitri
VolkovDmitri collected $2 from pot
VolkovDmitri: doesn't show hand
*** SUMMARY ***
Total pot $2 | Rake $0
Seat 2: VolkovDmitri (big blind) collected ($2)
Seat 4: billabonglad (button) (small blind) folded before Flop


PokerStars Hand #158410073522:  Hold'em Limit ($3/$6 USD) - 2016/09/10 7:19:54 ET
Table 'Pollux II' 6-max Seat #2 is the button
Seat 2: VolkovDmitri ($129.13 in chips)
Seat 4: billabonglad ($100.18 in chips)
VolkovDmitri: posts small blind $1
billabonglad: posts big blind $3
*** HOLE CARDS ***
VolkovDmitri: raises $3 to $6
billabonglad: calls $3
*** FLOP *** [Qd Ad 3c]
billabonglad: checks
VolkovDmitri: bets $3
billabonglad: folds
Uncalled bet ($3) returned to VolkovDmitri
VolkovDmitri collected $11.76 from pot
VolkovDmitri: doesn't show hand
*** SUMMARY ***
Total pot $12 | Rake $0.24
Board [Qd Ad 3c]
Seat 2: VolkovDmitri (button) (small blind) collected ($11.76)
Seat 4: billabonglad (big blind) folded on the Flop


PokerStars Hand #158410065592:  Hold'em Limit ($3/$6 USD) - 2016/09/10 7:19:36 ET
Table 'Pollux II' 6-max Seat #4 is the button
Seat 2: VolkovDmitri ($144.13 in chips)
Seat 4: billabonglad ($85.68 in chips)
billabonglad: posts small blind $1
VolkovDmitri: posts big blind $3
*** HOLE CARDS ***
billabonglad: raises $3 to $6
VolkovDmitri: calls $3
*** FLOP *** [5h 6s 7h]
VolkovDmitri: checks
billabonglad: bets $3
VolkovDmitri: calls $3
*** TURN *** [5h 6s 7h] [5d]
VolkovDmitri: checks
billabonglad: bets $6
VolkovDmitri: calls $6
*** RIVER *** [5h 6s 7h 5d] [4s]
VolkovDmitri: checks
billabonglad: checks
*** SHOW DOWN ***
VolkovDmitri: shows [Qc 4c] (two pair, Fives and Fours)
billabonglad: shows [Tc Th] (two pair, Tens and Fives)
billabonglad collected $29.50 from pot
*** SUMMARY ***
Total pot $30 | Rake $0.50
Board [5h 6s 7h 5d 4s]
Seat 2: VolkovDmitri (big blind) showed [Qc 4c] and lost with two pair, Fives and Fours
Seat 4: billabonglad (button) (small blind) showed [Tc Th] and won ($29.50) with two pair, Tens and Fives


PokerStars Hand #158410113588:  Hold'em Limit ($3/$6 USD) - 2016/09/10 7:21:25 ET
Table 'Pollux II' 6-max Seat #2 is the button
Seat 2: VolkovDmitri ($126.76 in chips)
Seat 4: billabonglad ($103.44 in chips)
VolkovDmitri: posts small blind $1
billabonglad: posts big blind $3
*** HOLE CARDS ***
VolkovDmitri: raises $3 to $6
billabonglad: raises $3 to $9
VolkovDmitri: calls $3
*** FLOP *** [Jd Kd 6s]
billabonglad: bets $3
VolkovDmitri: calls $3
*** TURN *** [Jd Kd 6s] [Kh]
billabonglad: bets $6
VolkovDmitri: folds
Uncalled bet ($6) returned to billabonglad
billabonglad collected $23.52 from pot
*** SUMMARY ***
Total pot $24 | Rake $0.48
Board [Jd Kd 6s Kh]
Seat 2: VolkovDmitri (button) (small blind) folded on the Turn
Seat 4: billabonglad (big blind) collected ($23.52)


PokerStars Hand #158410100225:  Hold'em Limit ($3/$6 USD) - 2016/09/10 7:20:55 ET
Table 'Pollux II' 6-max Seat #4 is the button
Seat 2: VolkovDmitri ($125.76 in chips)
Seat 4: billabonglad ($104.68 in chips)
billabonglad: posts small blind $1
VolkovDmitri: posts big blind $3
*** HOLE CARDS ***
billabonglad: raises $3 to $6
VolkovDmitri: calls $3
*** FLOP *** [9s 9h Kh]
VolkovDmitri: checks
billabonglad: bets $3
VolkovDmitri: folds
Uncalled bet ($3) returned to billabonglad
billabonglad collected $11.76 from pot
billabonglad: doesn't show hand
*** SUMMARY ***
Total pot $12 | Rake $0.24
Board [9s 9h Kh]
Seat 2: VolkovDmitri (big blind) folded on the Flop
Seat 4: billabonglad (button) (small blind) collected ($11.76)


PokerStars Hand #158410095458:  Hold'em Limit ($3/$6 USD) - 2016/09/10 7:20:44 ET
Table 'Pollux II' 6-max Seat #2 is the button
Seat 2: VolkovDmitri ($120 in chips)
Seat 4: billabonglad ($110.68 in chips)
VolkovDmitri: posts small blind $1
billabonglad: posts big blind $3
*** HOLE CARDS ***
VolkovDmitri: raises $3 to $6
billabonglad: calls $3
*** FLOP *** [7d 4d Ah]
billabonglad: checks
VolkovDmitri: bets $3
billabonglad: folds
Uncalled bet ($3) returned to VolkovDmitri
VolkovDmitri collected $11.76 from pot
VolkovDmitri: doesn't show hand
*** SUMMARY ***
Total pot $12 | Rake $0.24
Board [7d 4d Ah]
Seat 2: VolkovDmitri (button) (small blind) collected ($11.76)
Seat 4: billabonglad (big blind) folded on the Flop


PokerStars Hand #158410092269:  Hold'em Limit ($3/$6 USD) - 2016/09/10 7:20:36 ET
Table 'Pollux II' 6-max Seat #4 is the button
Seat 2: VolkovDmitri ($120.89 in chips)
Seat 4: billabonglad ($107.68 in chips)
billabonglad: posts small blind $1
VolkovDmitri: posts big blind $3
*** HOLE CARDS ***
billabonglad: raises $3 to $6
VolkovDmitri: folds
Uncalled bet ($3) returned to billabonglad
billabonglad collected $6 from pot
*** SUMMARY ***
Total pot $6 | Rake $0
Seat 2: VolkovDmitri (big blind) folded before Flop
Seat 4: billabonglad (button) (small blind) collected ($6)


PokerStars Hand #158410090147:  Hold'em Limit ($3/$6 USD) - 2016/09/10 7:20:32 ET
Table 'Pollux II' 6-max Seat #2 is the button
Seat 2: VolkovDmitri ($121.89 in chips)
Seat 4: billabonglad ($106.68 in chips)
VolkovDmitri: posts small blind $1
billabonglad: posts big blind $3
*** HOLE CARDS ***
VolkovDmitri: folds
Uncalled bet ($2) returned to billabonglad
billabonglad collected $2 from pot
*** SUMMARY ***
Total pot $2 | Rake $0
Seat 2: VolkovDmitri (button) (small blind) folded before Flop
Seat 4: billabonglad (big blind) collected ($2)


PokerStars Hand #158410087739:  Hold'em Limit ($3/$6 USD) - 2016/09/10 7:20:26 ET
Table 'Pollux II' 6-max Seat #4 is the button
Seat 2: VolkovDmitri ($120.89 in chips)
Seat 4: billabonglad ($107.68 in chips)
billabonglad: posts small blind $1
VolkovDmitri: posts big blind $3
*** HOLE CARDS ***
billabonglad: folds
Uncalled bet ($2) returned to VolkovDmitri
VolkovDmitri collected $2 from pot
VolkovDmitri: doesn't show hand
*** SUMMARY ***
Total pot $2 | Rake $0
Seat 2: VolkovDmitri (big blind) collected ($2)
Seat 4: billabonglad (button) (small blind) folded before Flop


PokerStars Hand #158410111258:  Hold'em Limit ($3/$6 USD) - 2016/09/10 7:21:19 ET
Table 'Pollux II' 6-max Seat #4 is the button
Seat 2: VolkovDmitri ($125.76 in chips)
Seat 4: billabonglad ($104.44 in chips)
billabonglad: posts small blind $1
VolkovDmitri: posts big blind $3
*** HOLE CARDS ***
billabonglad: folds
Uncalled bet ($2) returned to VolkovDmitri
VolkovDmitri collected $2 from pot
VolkovDmitri: doesn't show hand
*** SUMMARY ***
Total pot $2 | Rake $0
Seat 2: VolkovDmitri (big blind) collected ($2)
Seat 4: billabonglad (button) (small blind) folded before Flop


PokerStars Hand #158410106414:  Hold'em Limit ($3/$6 USD) - 2016/09/10 7:21:09 ET
Table 'Pollux II' 6-max Seat #2 is the button
Seat 2: VolkovDmitri ($120 in chips)
Seat 4: billabonglad ($110.44 in chips)
VolkovDmitri: posts small blind $1
billabonglad: posts big blind $3
*** HOLE CARDS ***
VolkovDmitri: raises $3 to $6
billabonglad: calls $3
*** FLOP *** [2s 6h Th]
billabonglad: checks
VolkovDmitri: bets $3
billabonglad: folds
Uncalled bet ($3) returned to VolkovDmitri
VolkovDmitri collected $11.76 from pot
VolkovDmitri: doesn't show hand
*** SUMMARY ***
Total pot $12 | Rake $0.24
Board [2s 6h Th]
Seat 2: VolkovDmitri (button) (small blind) collected ($11.76)
Seat 4: billabonglad (big blind) folded on the Flop


PokerStars Hand #158410147189:  Hold'em Limit ($3/$6 USD) - 2016/09/10 7:22:40 ET
Table 'Pollux II' 6-max Seat #4 is the button
Seat 2: VolkovDmitri ($134.50 in chips)
Seat 4: billabonglad ($120.46 in chips)
billabonglad: posts small blind $1
VolkovDmitri: posts big blind $3
*** HOLE CARDS ***
billabonglad: folds
Uncalled bet ($2) returned to VolkovDmitri
VolkovDmitri collected $2 from pot
VolkovDmitri: doesn't show hand
*** SUMMARY ***
Total pot $2 | Rake $0
Seat 2: VolkovDmitri (big blind) collected ($2)
Seat 4: billabonglad (button) (small blind) folded before Flop


PokerStars Hand #158410138183:  Hold'em Limit ($3/$6 USD) - 2016/09/10 7:22:20 ET
Table 'Pollux II' 6-max Seat #2 is the button
Seat 2: VolkovDmitri ($120 in chips)
Seat 4: billabonglad ($135.46 in chips)
VolkovDmitri: posts small blind $1
billabonglad: posts big blind $3
*** HOLE CARDS ***
VolkovDmitri: raises $3 to $6
billabonglad: calls $3
*** FLOP *** [5s 9h 2c]
billabonglad: checks
VolkovDmitri: bets $3
billabonglad: calls $3
*** TURN *** [5s 9h 2c] [4c]
billabonglad: checks
VolkovDmitri: bets $6
billabonglad: calls $6
*** RIVER *** [5s 9h 2c 4c] [8c]
billabonglad: checks
VolkovDmitri: checks
*** SHOW DOWN ***
billabonglad: shows [7c 2d] (a pair of Deuces)
VolkovDmitri: shows [4h Qd] (a pair of Fours)
VolkovDmitri collected $29.50 from pot
*** SUMMARY ***
Total pot $30 | Rake $0.50
Board [5s 9h 2c 4c 8c]
Seat 2: VolkovDmitri (button) (small blind) showed [4h Qd] and won ($29.50) with a pair of Fours
Seat 4: billabonglad (big blind) showed [7c 2d] and lost with a pair of Deuces


PokerStars Hand #158410121852:  Hold'em Limit ($3/$6 USD) - 2016/09/10 7:21:43 ET
Table 'Pollux II' 6-max Seat #4 is the button
Seat 2: VolkovDmitri ($120 in chips)
Seat 4: billabonglad ($114.96 in chips)
billabonglad: posts small blind $1
VolkovDmitri: posts big blind $3
*** HOLE CARDS ***
billabonglad: raises $3 to $6
VolkovDmitri: calls $3
*** FLOP *** [3d Ts 2c]
VolkovDmitri: checks
billabonglad: bets $3
VolkovDmitri: calls $3
*** TURN *** [3d Ts 2c] [Jh]
VolkovDmitri: checks
billabonglad: bets $6
VolkovDmitri: calls $6
*** RIVER *** [3d Ts 2c Jh] [7h]
VolkovDmitri: checks
billabonglad: bets $6
VolkovDmitri: calls $6
*** SHOW DOWN ***
billabonglad: shows [3c 3s] (three of a kind, Threes)
VolkovDmitri: mucks hand
billabonglad collected $41.50 from pot
*** SUMMARY ***
Total pot $42 | Rake $0.50
Board [3d Ts 2c Jh 7h]
Seat 2: VolkovDmitri (big blind) mucked
Seat 4: billabonglad (button) (small blind) showed [3c 3s] and won ($41.50) with three of a kind, Threes


