PokerStars Hand #166531738143:  Hold'em Limit ($3/$6 USD) - 2017/02/20 20:24:41 ET
Table 'Pollux' 6-max Seat #1 is the button
Seat 1: Chessnok ($120 in chips)
Seat 2: kirste78 ($112.16 in chips)
Chessnok: posts small blind $1
kirste78: posts big blind $3
*** HOLE CARDS ***
Chessnok: raises $3 to $6
kirste78: calls $3
*** FLOP *** [Td Qd 6c]
kirste78: bets $3
Chessnok: calls $3
*** TURN *** [Td Qd 6c] [3c]
kirste78: bets $6
Chessnok: calls $6
*** RIVER *** [Td Qd 6c 3c] [Jh]
kirste78: bets $6
Chessnok: folds
Uncalled bet ($6) returned to kirste78
kirste78 collected $29.50 from pot
*** SUMMARY ***
Total pot $30 | Rake $0.50
Board [Td Qd 6c 3c Jh]
Seat 1: Chessnok (button) (small blind) folded on the River
Seat 2: kirste78 (big blind) collected ($29.50)


PokerStars Hand #166531755098:  Hold'em Limit ($3/$6 USD) - 2017/02/20 20:25:14 ET
Table 'Pollux' 6-max Seat #1 is the button
Seat 1: Chessnok ($106 in chips)
Seat 2: kirste78 ($125.66 in chips)
Chessnok: posts small blind $1
kirste78: posts big blind $3
*** HOLE CARDS ***
Chessnok: folds
Uncalled bet ($2) returned to kirste78
kirste78 collected $2 from pot
*** SUMMARY ***
Total pot $2 | Rake $0
Seat 1: Chessnok (button) (small blind) folded before Flop
Seat 2: kirste78 (big blind) collected ($2)


PokerStars Hand #166531752267:  Hold'em Limit ($3/$6 USD) - 2017/02/20 20:25:09 ET
Table 'Pollux' 6-max Seat #2 is the button
Seat 1: Chessnok ($105 in chips)
Seat 2: kirste78 ($126.66 in chips)
kirste78: posts small blind $1
Chessnok: posts big blind $3
*** HOLE CARDS ***
kirste78: folds
Uncalled bet ($2) returned to Chessnok
Chessnok collected $2 from pot
Chessnok: doesn't show hand
*** SUMMARY ***
Total pot $2 | Rake $0
Seat 1: Chessnok (big blind) collected ($2)
Seat 2: kirste78 (button) (small blind) folded before Flop


PokerStars Hand #166531772866:  Hold'em Limit ($3/$6 USD) - 2017/02/20 20:25:49 ET
Table 'Pollux' 6-max Seat #2 is the button
Seat 1: Chessnok ($113 in chips)
Seat 2: kirste78 ($118.66 in chips)
kirste78: posts small blind $1
Chessnok: posts big blind $3
*** HOLE CARDS ***
kirste78: raises $3 to $6
Chessnok: calls $3
*** FLOP *** [9s Qd 5d]
Chessnok: checks
kirste78: bets $3
Chessnok: raises $3 to $6
kirste78: calls $3
*** TURN *** [9s Qd 5d] [4c]
Chessnok: bets $6
kirste78: calls $6
*** RIVER *** [9s Qd 5d 4c] [2c]
Chessnok: bets $6
kirste78: calls $6
*** SHOW DOWN ***
Chessnok: shows [7d Qh] (a pair of Queens)
kirste78: shows [2d 4d] (two pair, Fours and Deuces)
kirste78 collected $47.50 from pot
*** SUMMARY ***
Total pot $48 | Rake $0.50
Board [9s Qd 5d 4c 2c]
Seat 1: Chessnok (big blind) showed [7d Qh] and lost with a pair of Queens
Seat 2: kirste78 (button) (small blind) showed [2d 4d] and won ($47.50) with two pair, Fours and Deuces


PokerStars Hand #166531765412:  Hold'em Limit ($3/$6 USD) - 2017/02/20 20:25:34 ET
Table 'Pollux' 6-max Seat #2 is the button
Seat 1: Chessnok ($109 in chips)
Seat 2: kirste78 ($122.66 in chips)
kirste78: posts small blind $1
Chessnok: posts big blind $3
*** HOLE CARDS ***
kirste78: folds
Uncalled bet ($2) returned to Chessnok
Chessnok collected $2 from pot
Chessnok: doesn't show hand
*** SUMMARY ***
Total pot $2 | Rake $0
Seat 1: Chessnok (big blind) collected ($2)
Seat 2: kirste78 (button) (small blind) folded before Flop


PokerStars Hand #166531762321:  Hold'em Limit ($3/$6 USD) - 2017/02/20 20:25:28 ET
Table 'Pollux' 6-max Seat #1 is the button
Seat 1: Chessnok ($106 in chips)
Seat 2: kirste78 ($125.66 in chips)
Chessnok: posts small blind $1
kirste78: posts big blind $3
*** HOLE CARDS ***
Chessnok: raises $3 to $6
kirste78: folds
Uncalled bet ($3) returned to Chessnok
Chessnok collected $6 from pot
Chessnok: doesn't show hand
*** SUMMARY ***
Total pot $6 | Rake $0
Seat 1: Chessnok (button) (small blind) collected ($6)
Seat 2: kirste78 (big blind) folded before Flop


PokerStars Hand #166531768157:  Hold'em Limit ($3/$6 USD) - 2017/02/20 20:25:39 ET
Table 'Pollux' 6-max Seat #1 is the button
Seat 1: Chessnok ($110 in chips)
Seat 2: kirste78 ($121.66 in chips)
Chessnok: posts small blind $1
kirste78: posts big blind $3
*** HOLE CARDS ***
Chessnok: raises $3 to $6
kirste78: folds
Uncalled bet ($3) returned to Chessnok
Chessnok collected $6 from pot
Chessnok: doesn't show hand
*** SUMMARY ***
Total pot $6 | Rake $0
Seat 1: Chessnok (button) (small blind) collected ($6)
Seat 2: kirste78 (big blind) folded before Flop


PokerStars Hand #166531759058:  Hold'em Limit ($3/$6 USD) - 2017/02/20 20:25:22 ET
Table 'Pollux' 6-max Seat #2 is the button
Seat 1: Chessnok ($105 in chips)
Seat 2: kirste78 ($126.66 in chips)
kirste78: posts small blind $1
Chessnok: posts big blind $3
*** HOLE CARDS ***
kirste78: folds
Uncalled bet ($2) returned to Chessnok
Chessnok collected $2 from pot
Chessnok: doesn't show hand
*** SUMMARY ***
Total pot $2 | Rake $0
Seat 1: Chessnok (big blind) collected ($2)
Seat 2: kirste78 (button) (small blind) folded before Flop


PokerStars Hand #166531782634:  Hold'em Limit ($3/$6 USD) - 2017/02/20 20:26:07 ET
Table 'Pollux' 6-max Seat #1 is the button
Seat 1: Chessnok ($89 in chips)
Seat 2: kirste78 ($142.16 in chips)
Chessnok: posts small blind $1
kirste78: posts big blind $3
*** HOLE CARDS ***
Chessnok: raises $3 to $6
kirste78: calls $3
*** FLOP *** [2s 2c 8s]
kirste78: bets $3
Chessnok: calls $3
*** TURN *** [2s 2c 8s] [9c]
kirste78: bets $6
Chessnok: calls $6
*** RIVER *** [2s 2c 8s 9c] [6c]
kirste78: bets $6
Great_Kang joins the table at seat #3
Chessnok: raises $6 to $12
kirste78: folds
Uncalled bet ($6) returned to Chessnok
Chessnok collected $41.50 from pot
Chessnok: doesn't show hand
*** SUMMARY ***
Total pot $42 | Rake $0.50
Board [2s 2c 8s 9c 6c]
Seat 1: Chessnok (button) (small blind) collected ($41.50)
Seat 2: kirste78 (big blind) folded on the River


PokerStars Hand #166533235876:  Hold'em Limit ($3/$6 USD) - 2017/02/20 21:16:23 ET
Table 'Pollux' 6-max Seat #5 is the button
Seat 1: Chessnok ($147.20 in chips)
Seat 5: GlamDragon ($324.41 in chips)
GlamDragon: posts small blind $1
LouisB: is sitting out
Chessnok: posts big blind $3
*** HOLE CARDS ***
GlamDragon: raises $3 to $6
Chessnok: calls $3
*** FLOP *** [Jc 2c 8s]
Chessnok: checks
LouisB leaves the table
GlamDragon: bets $3
Chessnok: folds
Uncalled bet ($3) returned to GlamDragon
GlamDragon collected $11.76 from pot
GlamDragon: doesn't show hand
*** SUMMARY ***
Total pot $12 | Rake $0.24
Board [Jc 2c 8s]
Seat 1: Chessnok (big blind) folded on the Flop
Seat 5: GlamDragon (button) (small blind) collected ($11.76)


PokerStars Hand #166533241037:  Hold'em Limit ($3/$6 USD) - 2017/02/20 21:16:34 ET
Table 'Pollux' 6-max Seat #1 is the button
Seat 1: Chessnok ($141.20 in chips)
Seat 5: GlamDragon ($330.17 in chips)
Chessnok: posts small blind $1
GlamDragon: posts big blind $3
*** HOLE CARDS ***
Larooo leaves the table
Chessnok: raises $3 to $6
GlamDragon: calls $3
*** FLOP *** [Kh Ah 4c]
GlamDragon: checks
Chessnok: bets $3
GlamDragon: folds
Uncalled bet ($3) returned to Chessnok
Chessnok collected $11.76 from pot
Chessnok: doesn't show hand
*** SUMMARY ***
Total pot $12 | Rake $0.24
Board [Kh Ah 4c]
Seat 1: Chessnok (button) (small blind) collected ($11.76)
Seat 5: GlamDragon (big blind) folded on the Flop


