PokerStars Hand #163224825231:  Hold'em Limit ($3/$6 USD) - 2016/12/19 22:55:45 ET
Table 'Pollux' 6-max Seat #4 is the button
Seat 3: Ahjorth87 ($83.64 in chips)
Seat 4: Bakenbaster ($70.50 in chips)
Bakenbaster: posts small blind $1
Ahjorth87: posts big blind $3
*** HOLE CARDS ***
Bakenbaster: folds
Uncalled bet ($2) returned to Ahjorth87
Ahjorth87 collected $2 from pot
Ahjorth87: doesn't show hand
*** SUMMARY ***
Total pot $2 | Rake $0
Seat 3: Ahjorth87 (big blind) collected ($2)
Seat 4: Bakenbaster (button) (small blind) folded before Flop


PokerStars Hand #163224821657:  Hold'em Limit ($3/$6 USD) - 2016/12/19 22:55:33 ET
Table 'Pollux' 6-max Seat #3 is the button
Seat 3: Ahjorth87 ($77.88 in chips)
Seat 4: Bakenbaster ($76.50 in chips)
Ahjorth87: posts small blind $1
Bakenbaster: posts big blind $3
*** HOLE CARDS ***
Ahjorth87: raises $3 to $6
Bakenbaster: calls $3
*** FLOP *** [7d 9c Kc]
Bakenbaster: checks
Ahjorth87: checks
*** TURN *** [7d 9c Kc] [Qs]
Bakenbaster: checks
Ahjorth87: checks
*** RIVER *** [7d 9c Kc Qs] [6c]
Bakenbaster: checks
Ahjorth87: checks
*** SHOW DOWN ***
Bakenbaster: shows [5h Jd] (high card King)
Ahjorth87: shows [Jh Ad] (high card Ace)
Ahjorth87 collected $11.76 from pot
*** SUMMARY ***
Total pot $12 | Rake $0.24
Board [7d 9c Kc Qs 6c]
Seat 3: Ahjorth87 (button) (small blind) showed [Jh Ad] and won ($11.76) with high card Ace
Seat 4: Bakenbaster (big blind) showed [5h Jd] and lost with high card King


PokerStars Hand #163224816209:  Hold'em Limit ($3/$6 USD) - 2016/12/19 22:55:15 ET
Table 'Pollux' 6-max Seat #3 is the button
Seat 3: Ahjorth87 ($94.88 in chips)
Seat 4: Bakenbaster ($60 in chips)
Ahjorth87: posts small blind $1
Bakenbaster: posts big blind $3
*** HOLE CARDS ***
Ahjorth87: raises $3 to $6
Bakenbaster: calls $3
*** FLOP *** [7d 8s Ks]
Bakenbaster: checks
Ahjorth87: bets $3
Bakenbaster: raises $3 to $6
Ahjorth87: calls $3
*** TURN *** [7d 8s Ks] [Ah]
Bakenbaster: bets $6
Ahjorth87: calls $6
*** RIVER *** [7d 8s Ks Ah] [5s]
Bakenbaster: checks
Ahjorth87: checks
*** SHOW DOWN ***
Bakenbaster: shows [2h Kc] (a pair of Kings)
Ahjorth87: mucks hand
Bakenbaster collected $35.50 from pot
*** SUMMARY ***
Total pot $36 | Rake $0.50
Board [7d 8s Ks Ah 5s]
Seat 3: Ahjorth87 (button) (small blind) mucked
Seat 4: Bakenbaster (big blind) showed [2h Kc] and won ($35.50) with a pair of Kings


PokerStars Hand #163224826663:  Hold'em Limit ($3/$6 USD) - 2016/12/19 22:55:50 ET
Table 'Pollux' 6-max Seat #3 is the button
Seat 3: Ahjorth87 ($84.64 in chips)
Seat 4: Bakenbaster ($69.50 in chips)
Ahjorth87: posts small blind $1
Bakenbaster: posts big blind $3
*** HOLE CARDS ***
Ahjorth87: raises $3 to $6
Bakenbaster: calls $3
*** FLOP *** [Kd As Ad]
Bakenbaster: checks
Ahjorth87: bets $3
Bakenbaster: calls $3
*** TURN *** [Kd As Ad] [8h]
Bakenbaster: checks
Ahjorth87: checks
*** RIVER *** [Kd As Ad 8h] [9c]
Bakenbaster: checks
Ahjorth87: checks
*** SHOW DOWN ***
Bakenbaster: shows [Qs 6c] (a pair of Aces)
Ahjorth87: mucks hand
Bakenbaster collected $17.64 from pot
*** SUMMARY ***
Total pot $18 | Rake $0.36
Board [Kd As Ad 8h 9c]
Seat 3: Ahjorth87 (button) (small blind) mucked
Seat 4: Bakenbaster (big blind) showed [Qs 6c] and won ($17.64) with a pair of Aces


PokerStars Hand #163224840035:  Hold'em Limit ($3/$6 USD) - 2016/12/19 22:56:35 ET
Table 'Pollux' 6-max Seat #4 is the button
Seat 3: Ahjorth87 ($63.64 in chips)
Seat 4: Bakenbaster ($89.66 in chips)
Bakenbaster: posts small blind $1
Ahjorth87: posts big blind $3
*** HOLE CARDS ***
Bakenbaster: raises $3 to $6
Ahjorth87: calls $3
*** FLOP *** [8h 9c Qc]
Ahjorth87: checks
Bakenbaster: bets $3
Ahjorth87: calls $3
*** TURN *** [8h 9c Qc] [4c]
Ahjorth87: checks
Bakenbaster: bets $6
Ahjorth87: calls $6
*** RIVER *** [8h 9c Qc 4c] [8s]
Ahjorth87: checks
Bakenbaster: checks
*** SHOW DOWN ***
Ahjorth87: shows [7h Th] (a pair of Eights)
Bakenbaster: shows [9d Qd] (two pair, Queens and Nines)
Bakenbaster collected $29.50 from pot
*** SUMMARY ***
Total pot $30 | Rake $0.50
Board [8h 9c Qc 4c 8s]
Seat 3: Ahjorth87 (big blind) showed [7h Th] and lost with a pair of Eights
Seat 4: Bakenbaster (button) (small blind) showed [9d Qd] and won ($29.50) with two pair, Queens and Nines


PokerStars Hand #163224834585:  Hold'em Limit ($3/$6 USD) - 2016/12/19 22:56:17 ET
Table 'Pollux' 6-max Seat #3 is the button
Seat 3: Ahjorth87 ($66.64 in chips)
Seat 4: Bakenbaster ($86.78 in chips)
Ahjorth87: posts small blind $1
Bakenbaster: posts big blind $3
*** HOLE CARDS ***
Ahjorth87: calls $2
Bakenbaster: checks
*** FLOP *** [5d 8h 7c]
Bakenbaster: checks
Ahjorth87: checks
*** TURN *** [5d 8h 7c] [Jd]
Bakenbaster: checks
Ahjorth87: checks
*** RIVER *** [5d 8h 7c Jd] [Jh]
Bakenbaster: bets $6
Ahjorth87: folds
Uncalled bet ($6) returned to Bakenbaster
Bakenbaster collected $5.88 from pot
Bakenbaster: doesn't show hand
*** SUMMARY ***
Total pot $6 | Rake $0.12
Board [5d 8h 7c Jd Jh]
Seat 3: Ahjorth87 (button) (small blind) folded on the River
Seat 4: Bakenbaster (big blind) collected ($5.88)


PokerStars Hand #163224830546:  Hold'em Limit ($3/$6 USD) - 2016/12/19 22:56:03 ET
Table 'Pollux' 6-max Seat #4 is the button
Seat 3: Ahjorth87 ($75.64 in chips)
Seat 4: Bakenbaster ($78.14 in chips)
Bakenbaster: posts small blind $1
Ahjorth87: posts big blind $3
*** HOLE CARDS ***
Bakenbaster: raises $3 to $6
Ahjorth87: calls $3
*** FLOP *** [Kd 3s 2d]
Ahjorth87: checks
Bakenbaster: bets $3
Ahjorth87: calls $3
*** TURN *** [Kd 3s 2d] [Jc]
Ahjorth87: checks
Bakenbaster: bets $6
Ahjorth87: folds
Uncalled bet ($6) returned to Bakenbaster
Bakenbaster collected $17.64 from pot
Bakenbaster: doesn't show hand
*** SUMMARY ***
Total pot $18 | Rake $0.36
Board [Kd 3s 2d Jc]
Seat 3: Ahjorth87 (big blind) folded on the Turn
Seat 4: Bakenbaster (button) (small blind) collected ($17.64)


PokerStars Hand #163224847693:  Hold'em Limit ($3/$6 USD) - 2016/12/19 22:57:01 ET
Table 'Pollux' 6-max Seat #4 is the button
Seat 3: Ahjorth87 ($47.64 in chips)
Seat 4: Bakenbaster ($105.16 in chips)
Bakenbaster: posts small blind $1
Ahjorth87: posts big blind $3
*** HOLE CARDS ***
Bakenbaster: raises $3 to $6
Ahjorth87: calls $3
*** FLOP *** [As 7d Td]
Ahjorth87: checks
Bakenbaster: checks
*** TURN *** [As 7d Td] [3c]
Ahjorth87: checks
Bakenbaster: bets $6
Ahjorth87: calls $6
*** RIVER *** [As 7d Td 3c] [Qh]
Ahjorth87: checks
Bakenbaster: checks
*** SHOW DOWN ***
Ahjorth87: shows [7h Kh] (a pair of Sevens)
Bakenbaster: mucks hand
Ahjorth87 collected $23.52 from pot
*** SUMMARY ***
Total pot $24 | Rake $0.48
Board [As 7d Td 3c Qh]
Seat 3: Ahjorth87 (big blind) showed [7h Kh] and won ($23.52) with a pair of Sevens
Seat 4: Bakenbaster (button) (small blind) mucked


PokerStars Hand #163224846172:  Hold'em Limit ($3/$6 USD) - 2016/12/19 22:56:56 ET
Table 'Pollux' 6-max Seat #3 is the button
Seat 3: Ahjorth87 ($48.64 in chips)
Seat 4: Bakenbaster ($104.16 in chips)
Ahjorth87: posts small blind $1
Bakenbaster: posts big blind $3
*** HOLE CARDS ***
Ahjorth87: folds
Uncalled bet ($2) returned to Bakenbaster
Bakenbaster collected $2 from pot
Bakenbaster: doesn't show hand
*** SUMMARY ***
Total pot $2 | Rake $0
Seat 3: Ahjorth87 (button) (small blind) folded before Flop
Seat 4: Bakenbaster (big blind) collected ($2)


PokerStars Hand #163224852718:  Hold'em Limit ($3/$6 USD) - 2016/12/19 22:57:18 ET
Table 'Pollux' 6-max Seat #3 is the button
Seat 3: Ahjorth87 ($59.16 in chips)
Seat 4: Bakenbaster ($93.16 in chips)
Ahjorth87: posts small blind $1
Bakenbaster: posts big blind $3
*** HOLE CARDS ***
Ahjorth87: raises $3 to $6
denn69 joins the table at seat #6
Bakenbaster: calls $3
*** FLOP *** [7d 3s Ac]
Bakenbaster: checks
Ahjorth87: checks
*** TURN *** [7d 3s Ac] [5h]
Bakenbaster: bets $6
Ahjorth87: folds
Uncalled bet ($6) returned to Bakenbaster
Bakenbaster collected $11.76 from pot
Bakenbaster: doesn't show hand
*** SUMMARY ***
Total pot $12 | Rake $0.24
Board [7d 3s Ac 5h]
Seat 3: Ahjorth87 (button) (small blind) folded on the Turn
Seat 4: Bakenbaster (big blind) collected ($11.76)


PokerStars Hand #163225003669:  Hold'em Limit ($3/$6 USD) - 2016/12/19 23:05:19 ET
Table 'Pollux' 6-max Seat #4 is the button
Seat 4: Bakenbaster ($199.89 in chips)
Seat 6: denn69 ($210.50 in chips)
Bakenbaster: posts small blind $1
Helmes1402 leaves the table
denn69: posts big blind $3
*** HOLE CARDS ***
Bakenbaster: raises $3 to $6
denn69: calls $3
*** FLOP *** [6d 7s 4s]
denn69: checks
Bakenbaster: bets $3
denn69: raises $3 to $6
Bakenbaster: calls $3
*** TURN *** [6d 7s 4s] [2c]
denn69: bets $6
Bakenbaster: raises $6 to $12
denn69: calls $6
*** RIVER *** [6d 7s 4s 2c] [Qh]
denn69: checks
Bakenbaster: bets $6
denn69: calls $6
*** SHOW DOWN ***
Bakenbaster: shows [4c 7c] (two pair, Sevens and Fours)
denn69: mucks hand
Bakenbaster collected $59.50 from pot
*** SUMMARY ***
Total pot $60 | Rake $0.50
Board [6d 7s 4s 2c Qh]
Seat 4: Bakenbaster (button) (small blind) showed [4c 7c] and won ($59.50) with two pair, Sevens and Fours
Seat 6: denn69 (big blind) mucked


PokerStars Hand #163225178247:  Hold'em Limit ($3/$6 USD) - 2016/12/19 23:14:16 ET
Table 'Pollux' 6-max Seat #6 is the button
Seat 4: Bakenbaster ($245.08 in chips)
Seat 6: denn69 ($213.37 in chips)
denn69: posts small blind $1
Bakenbaster: posts big blind $3
*** HOLE CARDS ***
denn69: raises $3 to $6
Bakenbaster: calls $3
*** FLOP *** [9c 4h 8s]
Bakenbaster: checks
denn69: bets $3
Bakenbaster: raises $3 to $6
denn69: raises $3 to $9
Bakenbaster: calls $3
*** TURN *** [9c 4h 8s] [6h]
Bakenbaster: checks
denn69: bets $6
Bakenbaster: calls $6
*** RIVER *** [9c 4h 8s 6h] [4s]
Bakenbaster: checks
denn69: checks
*** SHOW DOWN ***
Bakenbaster: shows [Qc 8d] (two pair, Eights and Fours)
denn69: mucks hand
Bakenbaster collected $41.50 from pot
*** SUMMARY ***
Total pot $42 | Rake $0.50
Board [9c 4h 8s 6h 4s]
Seat 4: Bakenbaster (big blind) showed [Qc 8d] and won ($41.50) with two pair, Eights and Fours
Seat 6: denn69 (button) (small blind) mucked


PokerStars Hand #163225185666:  Hold'em Limit ($3/$6 USD) - 2016/12/19 23:14:40 ET
Table 'Pollux' 6-max Seat #6 is the button
Seat 4: Bakenbaster ($264.58 in chips)
Seat 6: denn69 ($193.37 in chips)
denn69: posts small blind $1
Bakenbaster: posts big blind $3
*** HOLE CARDS ***
denn69: raises $3 to $6
Bakenbaster: folds
Uncalled bet ($3) returned to denn69
denn69 collected $6 from pot
denn69: doesn't show hand
*** SUMMARY ***
Total pot $6 | Rake $0
Seat 4: Bakenbaster (big blind) folded before Flop
Seat 6: denn69 (button) (small blind) collected ($6)


PokerStars Hand #163225206109:  Hold'em Limit ($3/$6 USD) - 2016/12/19 23:15:44 ET
Table 'Pollux' 6-max Seat #4 is the button
Seat 3: Ahjorth87 ($63.94 in chips)
Seat 4: Bakenbaster ($265.22 in chips)
Bakenbaster: posts small blind $1
Ahjorth87: posts big blind $3
*** HOLE CARDS ***
Bakenbaster: folds
Uncalled bet ($2) returned to Ahjorth87
Ahjorth87 collected $2 from pot
Ahjorth87: doesn't show hand
*** SUMMARY ***
Total pot $2 | Rake $0
Seat 3: Ahjorth87 (big blind) collected ($2)
Seat 4: Bakenbaster (button) (small blind) folded before Flop


PokerStars Hand #163225201801:  Hold'em Limit ($3/$6 USD) - 2016/12/19 23:15:30 ET
Table 'Pollux' 6-max Seat #3 is the button
Seat 3: Ahjorth87 ($55.30 in chips)
Seat 4: Bakenbaster ($274.22 in chips)
Ahjorth87: posts small blind $1
Bakenbaster: posts big blind $3
*** HOLE CARDS ***
Ahjorth87: raises $3 to $6
Bakenbaster: calls $3
*** FLOP *** [Ah 5d 3s]
Bakenbaster: checks
Ahjorth87: bets $3
Bakenbaster: calls $3
*** TURN *** [Ah 5d 3s] [8h]
Bakenbaster: checks
Ahjorth87: bets $6
Bakenbaster: folds
Uncalled bet ($6) returned to Ahjorth87
Ahjorth87 collected $17.64 from pot
Ahjorth87: doesn't show hand
*** SUMMARY ***
Total pot $18 | Rake $0.36
Board [Ah 5d 3s 8h]
Seat 3: Ahjorth87 (button) (small blind) collected ($17.64)
Seat 4: Bakenbaster (big blind) folded on the Turn


PokerStars Hand #163225194174:  Hold'em Limit ($3/$6 USD) - 2016/12/19 23:15:07 ET
Table 'Pollux' 6-max Seat #4 is the button
Seat 3: Ahjorth87 ($68.30 in chips)
Seat 4: Bakenbaster ($261.58 in chips)
Bakenbaster: posts small blind $1
Ahjorth87: posts big blind $3
*** HOLE CARDS ***
Bakenbaster: raises $3 to $6
Ahjorth87: calls $3
*** FLOP *** [6d Qh 2h]
Ahjorth87: checks
Bakenbaster: bets $3
Ahjorth87: calls $3
*** TURN *** [6d Qh 2h] [6s]
Ahjorth87: checks
Bakenbaster: bets $6
Ahjorth87: folds
Uncalled bet ($6) returned to Bakenbaster
Bakenbaster collected $17.64 from pot
Bakenbaster: doesn't show hand
*** SUMMARY ***
Total pot $18 | Rake $0.36
Board [6d Qh 2h 6s]
Seat 3: Ahjorth87 (big blind) folded on the Turn
Seat 4: Bakenbaster (button) (small blind) collected ($17.64)


PokerStars Hand #163225199859:  Hold'em Limit ($3/$6 USD) - 2016/12/19 23:15:24 ET
Table 'Pollux' 6-max Seat #4 is the button
Seat 3: Ahjorth87 ($58.30 in chips)
Seat 4: Bakenbaster ($271.22 in chips)
Bakenbaster: posts small blind $1
Ahjorth87: posts big blind $3
*** HOLE CARDS ***
Bakenbaster: raises $3 to $6
Ahjorth87: folds
Uncalled bet ($3) returned to Bakenbaster
Bakenbaster collected $6 from pot
Bakenbaster: doesn't show hand
*** SUMMARY ***
Total pot $6 | Rake $0
Seat 3: Ahjorth87 (big blind) folded before Flop
Seat 4: Bakenbaster (button) (small blind) collected ($6)


PokerStars Hand #163225198101:  Hold'em Limit ($3/$6 USD) - 2016/12/19 23:15:19 ET
Table 'Pollux' 6-max Seat #3 is the button
Seat 3: Ahjorth87 ($59.30 in chips)
Seat 4: Bakenbaster ($270.22 in chips)
Ahjorth87: posts small blind $1
Bakenbaster: posts big blind $3
*** HOLE CARDS ***
Ahjorth87: folds
Uncalled bet ($2) returned to Bakenbaster
Bakenbaster collected $2 from pot
Bakenbaster: doesn't show hand
*** SUMMARY ***
Total pot $2 | Rake $0
Seat 3: Ahjorth87 (button) (small blind) folded before Flop
Seat 4: Bakenbaster (big blind) collected ($2)


PokerStars Hand #163225207770:  Hold'em Limit ($3/$6 USD) - 2016/12/19 23:15:49 ET
Table 'Pollux' 6-max Seat #3 is the button
Seat 3: Ahjorth87 ($64.94 in chips)
Seat 4: Bakenbaster ($264.22 in chips)
Ahjorth87: posts small blind $1
Bakenbaster: posts big blind $3
*** HOLE CARDS ***
Ahjorth87: folds
Uncalled bet ($2) returned to Bakenbaster
Bakenbaster collected $2 from pot
Bakenbaster: doesn't show hand
*** SUMMARY ***
Total pot $2 | Rake $0
Seat 3: Ahjorth87 (button) (small blind) folded before Flop
Seat 4: Bakenbaster (big blind) collected ($2)


PokerStars Hand #163225223911:  Hold'em Limit ($3/$6 USD) - 2016/12/19 23:16:40 ET
Table 'Pollux' 6-max Seat #4 is the button
Seat 3: Ahjorth87 ($97.84 in chips)
Seat 4: Bakenbaster ($230.22 in chips)
Bakenbaster: posts small blind $1
Ahjorth87: posts big blind $3
*** HOLE CARDS ***
Bakenbaster: raises $3 to $6
Ahjorth87: calls $3
*** FLOP *** [Ah Js Jd]
Ahjorth87: checks
Bakenbaster: bets $3
Ahjorth87: folds
Uncalled bet ($3) returned to Bakenbaster
Bakenbaster collected $11.76 from pot
Bakenbaster: doesn't show hand
*** SUMMARY ***
Total pot $12 | Rake $0.24
Board [Ah Js Jd]
Seat 3: Ahjorth87 (big blind) folded on the Flop
Seat 4: Bakenbaster (button) (small blind) collected ($11.76)


PokerStars Hand #163225209226:  Hold'em Limit ($3/$6 USD) - 2016/12/19 23:15:54 ET
Table 'Pollux' 6-max Seat #4 is the button
Seat 3: Ahjorth87 ($63.94 in chips)
Seat 4: Bakenbaster ($265.22 in chips)
Bakenbaster: posts small blind $1
Ahjorth87: posts big blind $3
*** HOLE CARDS ***
Bakenbaster: raises $3 to $6
Ahjorth87: calls $3
*** FLOP *** [2c Kd 5c]
Ahjorth87: checks
Bakenbaster: bets $3
Ahjorth87: calls $3
*** TURN *** [2c Kd 5c] [Js]
Ahjorth87: checks
Bakenbaster: bets $6
Ahjorth87: calls $6
*** RIVER *** [2c Kd 5c Js] [Jh]
Ahjorth87: checks
Bakenbaster: bets $6
Ahjorth87: calls $6
*** SHOW DOWN ***
Bakenbaster: shows [4h 9h] (a pair of Jacks)
Ahjorth87: shows [8c Ad] (a pair of Jacks - Ace kicker)
Ahjorth87 collected $41.50 from pot
*** SUMMARY ***
Total pot $42 | Rake $0.50
Board [2c Kd 5c Js Jh]
Seat 3: Ahjorth87 (big blind) showed [8c Ad] and won ($41.50) with a pair of Jacks
Seat 4: Bakenbaster (button) (small blind) showed [4h 9h] and lost with a pair of Jacks


PokerStars Hand #163225213498:  Hold'em Limit ($3/$6 USD) - 2016/12/19 23:16:07 ET
Table 'Pollux' 6-max Seat #3 is the button
Seat 3: Ahjorth87 ($84.44 in chips)
Seat 4: Bakenbaster ($244.22 in chips)
Ahjorth87: posts small blind $1
Bakenbaster: posts big blind $3
*** HOLE CARDS ***
Ahjorth87: raises $3 to $6
Bakenbaster: calls $3
*** FLOP *** [As Qs 5c]
Bakenbaster: checks
Ahjorth87: bets $3
Bakenbaster: folds
Uncalled bet ($3) returned to Ahjorth87
Ahjorth87 collected $11.76 from pot
Ahjorth87: doesn't show hand
*** SUMMARY ***
Total pot $12 | Rake $0.24
Board [As Qs 5c]
Seat 3: Ahjorth87 (button) (small blind) collected ($11.76)
Seat 4: Bakenbaster (big blind) folded on the Flop


PokerStars Hand #163225222367:  Hold'em Limit ($3/$6 USD) - 2016/12/19 23:16:35 ET
Table 'Pollux' 6-max Seat #3 is the button
Seat 3: Ahjorth87 ($98.84 in chips)
Seat 4: Bakenbaster ($229.22 in chips)
Ahjorth87: posts small blind $1
Bakenbaster: posts big blind $3
*** HOLE CARDS ***
Ahjorth87: folds
Uncalled bet ($2) returned to Bakenbaster
Bakenbaster collected $2 from pot
Bakenbaster: doesn't show hand
*** SUMMARY ***
Total pot $2 | Rake $0
Seat 3: Ahjorth87 (button) (small blind) folded before Flop
Seat 4: Bakenbaster (big blind) collected ($2)


PokerStars Hand #163225216583:  Hold'em Limit ($3/$6 USD) - 2016/12/19 23:16:17 ET
Table 'Pollux' 6-max Seat #4 is the button
Seat 3: Ahjorth87 ($90.20 in chips)
Seat 4: Bakenbaster ($238.22 in chips)
Bakenbaster: posts small blind $1
Ahjorth87: posts big blind $3
*** HOLE CARDS ***
Bakenbaster: raises $3 to $6
Ahjorth87: calls $3
*** FLOP *** [2s Kd Ks]
Ahjorth87: checks
Bakenbaster: bets $3
Ahjorth87: calls $3
*** TURN *** [2s Kd Ks] [8d]
Ahjorth87: checks
Bakenbaster: checks
*** RIVER *** [2s Kd Ks 8d] [7d]
Ahjorth87: bets $6
Bakenbaster: folds
Uncalled bet ($6) returned to Ahjorth87
Ahjorth87 collected $17.64 from pot
Ahjorth87: doesn't show hand
*** SUMMARY ***
Total pot $18 | Rake $0.36
Board [2s Kd Ks 8d 7d]
Seat 3: Ahjorth87 (big blind) collected ($17.64)
Seat 4: Bakenbaster (button) (small blind) folded on the River


PokerStars Hand #163225228008:  Hold'em Limit ($3/$6 USD) - 2016/12/19 23:16:53 ET
Table 'Pollux' 6-max Seat #4 is the button
Seat 3: Ahjorth87 ($90.84 in chips)
Seat 4: Bakenbaster ($236.98 in chips)
Bakenbaster: posts small blind $1
Ahjorth87: posts big blind $3
*** HOLE CARDS ***
Bakenbaster: folds
Uncalled bet ($2) returned to Ahjorth87
Ahjorth87 collected $2 from pot
Ahjorth87: doesn't show hand
*** SUMMARY ***
Total pot $2 | Rake $0
Seat 3: Ahjorth87 (big blind) collected ($2)
Seat 4: Bakenbaster (button) (small blind) folded before Flop


PokerStars Hand #163225226619:  Hold'em Limit ($3/$6 USD) - 2016/12/19 23:16:48 ET
Table 'Pollux' 6-max Seat #3 is the button
Seat 3: Ahjorth87 ($91.84 in chips)
Seat 4: Bakenbaster ($235.98 in chips)
Ahjorth87: posts small blind $1
Bakenbaster: posts big blind $3
*** HOLE CARDS ***
Ahjorth87: folds
Uncalled bet ($2) returned to Bakenbaster
Bakenbaster collected $2 from pot
Bakenbaster: doesn't show hand
*** SUMMARY ***
Total pot $2 | Rake $0
Seat 3: Ahjorth87 (button) (small blind) folded before Flop
Seat 4: Bakenbaster (big blind) collected ($2)


PokerStars Hand #163225229771:  Hold'em Limit ($3/$6 USD) - 2016/12/19 23:16:58 ET
Table 'Pollux' 6-max Seat #3 is the button
Seat 3: Ahjorth87 ($91.84 in chips)
Seat 4: Bakenbaster ($235.98 in chips)
Ahjorth87: posts small blind $1
Bakenbaster: posts big blind $3
*** HOLE CARDS ***
Ahjorth87: raises $3 to $6
Bakenbaster: calls $3
*** FLOP *** [6s 3h 9s]
Bakenbaster: checks
Ahjorth87: bets $3
Bakenbaster: raises $3 to $6
Ahjorth87: calls $3
*** TURN *** [6s 3h 9s] [As]
Bakenbaster: bets $6
Ahjorth87: calls $6
*** RIVER *** [6s 3h 9s As] [Qh]
Bakenbaster: checks
Ahjorth87: checks
*** SHOW DOWN ***
Bakenbaster: shows [6d 7d] (a pair of Sixes)
Ahjorth87: shows [9h Qs] (two pair, Queens and Nines)
Ahjorth87 collected $35.50 from pot
*** SUMMARY ***
Total pot $36 | Rake $0.50
Board [6s 3h 9s As Qh]
Seat 3: Ahjorth87 (button) (small blind) showed [9h Qs] and won ($35.50) with two pair, Queens and Nines
Seat 4: Bakenbaster (big blind) showed [6d 7d] and lost with a pair of Sixes


PokerStars Hand #163225235262:  Hold'em Limit ($3/$6 USD) - 2016/12/19 23:17:16 ET
Table 'Pollux' 6-max Seat #4 is the button
Seat 3: Ahjorth87 ($109.34 in chips)
Seat 4: Bakenbaster ($217.98 in chips)
Bakenbaster: posts small blind $1
Ahjorth87: posts big blind $3
*** HOLE CARDS ***
Bakenbaster: raises $3 to $6
Ahjorth87: calls $3
*** FLOP *** [Qd 3s 9c]
Ahjorth87: checks
Bakenbaster: bets $3
Ahjorth87: folds
Uncalled bet ($3) returned to Bakenbaster
Bakenbaster collected $11.76 from pot
Bakenbaster: doesn't show hand
*** SUMMARY ***
Total pot $12 | Rake $0.24
Board [Qd 3s 9c]
Seat 3: Ahjorth87 (big blind) folded on the Flop
Seat 4: Bakenbaster (button) (small blind) collected ($11.76)


PokerStars Hand #163225238979:  Hold'em Limit ($3/$6 USD) - 2016/12/19 23:17:28 ET
Table 'Pollux' 6-max Seat #3 is the button
Seat 3: Ahjorth87 ($103.34 in chips)
Seat 4: Bakenbaster ($223.74 in chips)
Ahjorth87: posts small blind $1
Bakenbaster: posts big blind $3
*** HOLE CARDS ***
Ahjorth87: raises $3 to $6
Bakenbaster: raises $3 to $9
Ahjorth87: calls $3
*** FLOP *** [9s 2d Ah]
Bakenbaster: bets $3
Ahjorth87: calls $3
*** TURN *** [9s 2d Ah] [2h]
Bakenbaster: bets $6
Ahjorth87: calls $6
*** RIVER *** [9s 2d Ah 2h] [6c]
Bakenbaster: checks
Ahjorth87: checks
*** SHOW DOWN ***
Bakenbaster: shows [8h 8c] (two pair, Eights and Deuces)
Ahjorth87: mucks hand
Bakenbaster collected $35.50 from pot
*** SUMMARY ***
Total pot $36 | Rake $0.50
Board [9s 2d Ah 2h 6c]
Seat 3: Ahjorth87 (button) (small blind) mucked
Seat 4: Bakenbaster (big blind) showed [8h 8c] and won ($35.50) with two pair, Eights and Deuces


PokerStars Hand #163225243275:  Hold'em Limit ($3/$6 USD) - 2016/12/19 23:17:41 ET
Table 'Pollux' 6-max Seat #4 is the button
Seat 3: Ahjorth87 ($85.34 in chips)
Seat 4: Bakenbaster ($241.24 in chips)
Bakenbaster: posts small blind $1
Ahjorth87: posts big blind $3
*** HOLE CARDS ***
Bakenbaster: raises $3 to $6
Ahjorth87: calls $3
*** FLOP *** [7d 8h 7h]
Ahjorth87: checks
Bakenbaster: bets $3
Ahjorth87: calls $3
*** TURN *** [7d 8h 7h] [Jc]
Ahjorth87: checks
Bakenbaster: bets $6
Ahjorth87: calls $6
*** RIVER *** [7d 8h 7h Jc] [Jh]
Ahjorth87: checks
Bakenbaster: checks
*** SHOW DOWN ***
Ahjorth87: shows [Jd 9d] (a full house, Jacks full of Sevens)
Bakenbaster: mucks hand
Ahjorth87 collected $29.50 from pot
*** SUMMARY ***
Total pot $30 | Rake $0.50
Board [7d 8h 7h Jc Jh]
Seat 3: Ahjorth87 (big blind) showed [Jd 9d] and won ($29.50) with a full house, Jacks full of Sevens
Seat 4: Bakenbaster (button) (small blind) mucked


PokerStars Hand #163225250592:  Hold'em Limit ($3/$6 USD) - 2016/12/19 23:17:54 ET
Table 'Pollux' 6-max Seat #3 is the button
Seat 3: Ahjorth87 ($99.84 in chips)
Seat 4: Bakenbaster ($226.24 in chips)
Ahjorth87: posts small blind $1
Bakenbaster: posts big blind $3
*** HOLE CARDS ***
Ahjorth87: raises $3 to $6
Bakenbaster: calls $3
*** FLOP *** [Qs Kc 7c]
Bakenbaster: checks
Ahjorth87: checks
*** TURN *** [Qs Kc 7c] [Td]
Bakenbaster: checks
Ahjorth87: checks
*** RIVER *** [Qs Kc 7c Td] [3c]
Bakenbaster: checks
Ahjorth87: checks
*** SHOW DOWN ***
Bakenbaster: shows [5c 6h] (high card King)
Ahjorth87: shows [7d 8d] (a pair of Sevens)
Ahjorth87 collected $11.76 from pot
*** SUMMARY ***
Total pot $12 | Rake $0.24
Board [Qs Kc 7c Td 3c]
Seat 3: Ahjorth87 (button) (small blind) showed [7d 8d] and won ($11.76) with a pair of Sevens
Seat 4: Bakenbaster (big blind) showed [5c 6h] and lost with high card King


PokerStars Hand #163225259891:  Hold'em Limit ($3/$6 USD) - 2016/12/19 23:18:23 ET
Table 'Pollux' 6-max Seat #3 is the button
Seat 3: Ahjorth87 ($126.10 in chips)
Seat 4: Bakenbaster ($199.24 in chips)
Ahjorth87: posts small blind $1
Bakenbaster: posts big blind $3
*** HOLE CARDS ***
Ahjorth87: folds
Uncalled bet ($2) returned to Bakenbaster
Bakenbaster collected $2 from pot
Bakenbaster: doesn't show hand
*** SUMMARY ***
Total pot $2 | Rake $0
Seat 3: Ahjorth87 (button) (small blind) folded before Flop
Seat 4: Bakenbaster (big blind) collected ($2)


PokerStars Hand #163225254528:  Hold'em Limit ($3/$6 USD) - 2016/12/19 23:18:06 ET
Table 'Pollux' 6-max Seat #4 is the button
Seat 3: Ahjorth87 ($105.60 in chips)
Seat 4: Bakenbaster ($220.24 in chips)
Bakenbaster: posts small blind $1
Ahjorth87: posts big blind $3
*** HOLE CARDS ***
Bakenbaster: raises $3 to $6
Ahjorth87: calls $3
*** FLOP *** [3h 3c Td]
Ahjorth87: checks
Bakenbaster: bets $3
Ahjorth87: calls $3
*** TURN *** [3h 3c Td] [Ac]
Ahjorth87: bets $6
Bakenbaster: calls $6
*** RIVER *** [3h 3c Td Ac] [9s]
Ahjorth87: bets $6
Bakenbaster: calls $6
*** SHOW DOWN ***
Ahjorth87: shows [2c 3s] (three of a kind, Threes)
Bakenbaster: mucks hand
Ahjorth87 collected $41.50 from pot
*** SUMMARY ***
Total pot $42 | Rake $0.50
Board [3h 3c Td Ac 9s]
Seat 3: Ahjorth87 (big blind) showed [2c 3s] and won ($41.50) with three of a kind, Threes
Seat 4: Bakenbaster (button) (small blind) mucked


PokerStars Hand #163225285669:  Hold'em Limit ($3/$6 USD) - 2016/12/19 23:19:45 ET
Table 'Pollux' 6-max Seat #3 is the button
Seat 3: Ahjorth87 ($94.10 in chips)
Seat 4: Bakenbaster ($228.74 in chips)
Ahjorth87: posts small blind $1
Bakenbaster: posts big blind $3
*** HOLE CARDS ***
Ahjorth87: folds
Uncalled bet ($2) returned to Bakenbaster
Bakenbaster collected $2 from pot
Bakenbaster: doesn't show hand
*** SUMMARY ***
Total pot $2 | Rake $0
Seat 3: Ahjorth87 (button) (small blind) folded before Flop
Seat 4: Bakenbaster (big blind) collected ($2)


PokerStars Hand #163225279893:  Hold'em Limit ($3/$6 USD) - 2016/12/19 23:19:27 ET
Table 'Pollux' 6-max Seat #4 is the button
Seat 3: Ahjorth87 ($118.10 in chips)
Seat 4: Bakenbaster ($205.24 in chips)
Bakenbaster: posts small blind $1
Ahjorth87: posts big blind $3
*** HOLE CARDS ***
Bakenbaster: raises $3 to $6
Ahjorth87: raises $3 to $9
Bakenbaster: calls $3
*** FLOP *** [5d Kd 8s]
Ahjorth87: bets $3
Bakenbaster: calls $3
*** TURN *** [5d Kd 8s] [3c]
Ahjorth87: checks
Bakenbaster: bets $6
Ahjorth87: calls $6
*** RIVER *** [5d Kd 8s 3c] [Jd]
Ahjorth87: checks
Bakenbaster: bets $6
Ahjorth87: calls $6
*** SHOW DOWN ***
Bakenbaster: shows [Kh Qh] (a pair of Kings)
Ahjorth87: mucks hand
Bakenbaster collected $47.50 from pot
*** SUMMARY ***
Total pot $48 | Rake $0.50
Board [5d Kd 8s 3c Jd]
Seat 3: Ahjorth87 (big blind) mucked
Seat 4: Bakenbaster (button) (small blind) showed [Kh Qh] and won ($47.50) with a pair of Kings


PokerStars Hand #163225271483:  Hold'em Limit ($3/$6 USD) - 2016/12/19 23:19:00 ET
Table 'Pollux' 6-max Seat #4 is the button
Seat 3: Ahjorth87 ($157.10 in chips)
Seat 4: Bakenbaster ($167.24 in chips)
Bakenbaster: posts small blind $1
Ahjorth87: posts big blind $3
*** HOLE CARDS ***
Bakenbaster: raises $3 to $6
Ahjorth87: calls $3
*** FLOP *** [8d 9c 9s]
Ahjorth87: checks
Bakenbaster: bets $3
Ahjorth87: calls $3
*** TURN *** [8d 9c 9s] [Th]
Ahjorth87: checks
Bakenbaster: bets $6
Ahjorth87: calls $6
*** RIVER *** [8d 9c 9s Th] [Ad]
Ahjorth87: checks
Bakenbaster: checks
*** SHOW DOWN ***
Ahjorth87: shows [Qc 5c] (a pair of Nines)
Bakenbaster: shows [Jc Ks] (a pair of Nines - Ace+King kicker)
Bakenbaster collected $29.50 from pot
*** SUMMARY ***
Total pot $30 | Rake $0.50
Board [8d 9c 9s Th Ad]
Seat 3: Ahjorth87 (big blind) showed [Qc 5c] and lost with a pair of Nines
Seat 4: Bakenbaster (button) (small blind) showed [Jc Ks] and won ($29.50) with a pair of Nines


PokerStars Hand #163225275724:  Hold'em Limit ($3/$6 USD) - 2016/12/19 23:19:13 ET
Table 'Pollux' 6-max Seat #3 is the button
Seat 3: Ahjorth87 ($142.10 in chips)
Seat 4: Bakenbaster ($181.74 in chips)
Ahjorth87: posts small blind $1
Bakenbaster: posts big blind $3
*** HOLE CARDS ***
Ahjorth87: raises $3 to $6
Bakenbaster: raises $3 to $9
Ahjorth87: calls $3
*** FLOP *** [Ts Js 6s]
Bakenbaster: bets $3
Ahjorth87: calls $3
*** TURN *** [Ts Js 6s] [5h]
Bakenbaster: bets $6
Ahjorth87: calls $6
*** RIVER *** [Ts Js 6s 5h] [Tc]
Bakenbaster: bets $6
Ahjorth87: calls $6
*** SHOW DOWN ***
Bakenbaster: shows [Jc Ad] (two pair, Jacks and Tens)
Ahjorth87: mucks hand
Bakenbaster collected $47.50 from pot
*** SUMMARY ***
Total pot $48 | Rake $0.50
Board [Ts Js 6s 5h Tc]
Seat 3: Ahjorth87 (button) (small blind) mucked
Seat 4: Bakenbaster (big blind) showed [Jc Ad] and won ($47.50) with two pair, Jacks and Tens


PokerStars Hand #163225267324:  Hold'em Limit ($3/$6 USD) - 2016/12/19 23:18:47 ET
Table 'Pollux' 6-max Seat #3 is the button
Seat 3: Ahjorth87 ($139.60 in chips)
Seat 4: Bakenbaster ($185.24 in chips)
Ahjorth87: posts small blind $1
Bakenbaster: posts big blind $3
*** HOLE CARDS ***
Ahjorth87: raises $3 to $6
Bakenbaster: calls $3
*** FLOP *** [5h As 8c]
Bakenbaster: checks
Ahjorth87: checks
*** TURN *** [5h As 8c] [2d]
Bakenbaster: checks
Ahjorth87: bets $6
Bakenbaster: calls $6
*** RIVER *** [5h As 8c 2d] [Js]
Bakenbaster: checks
Ahjorth87: bets $6
Bakenbaster: calls $6
*** SHOW DOWN ***
Ahjorth87: shows [Ad 4h] (a pair of Aces)
Bakenbaster: mucks hand
Ahjorth87 collected $35.50 from pot
*** SUMMARY ***
Total pot $36 | Rake $0.50
Board [5h As 8c 2d Js]
Seat 3: Ahjorth87 (button) (small blind) showed [Ad 4h] and won ($35.50) with a pair of Aces
Seat 4: Bakenbaster (big blind) mucked


PokerStars Hand #163225287162:  Hold'em Limit ($3/$6 USD) - 2016/12/19 23:19:50 ET
Table 'Pollux' 6-max Seat #4 is the button
Seat 3: Ahjorth87 ($93.10 in chips)
Seat 4: Bakenbaster ($229.74 in chips)
Bakenbaster: posts small blind $1
Ahjorth87: posts big blind $3
*** HOLE CARDS ***
Bakenbaster: raises $3 to $6
Ahjorth87: calls $3
*** FLOP *** [6c Qc 4s]
Ahjorth87: checks
Bakenbaster: bets $3
Ahjorth87: calls $3
*** TURN *** [6c Qc 4s] [Ts]
Ahjorth87: checks
Bakenbaster: checks
*** RIVER *** [6c Qc 4s Ts] [7d]
Ahjorth87: bets $6
Bakenbaster: folds
Uncalled bet ($6) returned to Ahjorth87
Ahjorth87 collected $17.64 from pot
Ahjorth87: doesn't show hand
*** SUMMARY ***
Total pot $18 | Rake $0.36
Board [6c Qc 4s Ts 7d]
Seat 3: Ahjorth87 (big blind) collected ($17.64)
Seat 4: Bakenbaster (button) (small blind) folded on the River


PokerStars Hand #163225290611:  Hold'em Limit ($3/$6 USD) - 2016/12/19 23:20:01 ET
Table 'Pollux' 6-max Seat #3 is the button
Seat 3: Ahjorth87 ($101.74 in chips)
Seat 4: Bakenbaster ($220.74 in chips)
Ahjorth87: posts small blind $1
Bakenbaster: posts big blind $3
*** HOLE CARDS ***
Ahjorth87: folds
Uncalled bet ($2) returned to Bakenbaster
Bakenbaster collected $2 from pot
Bakenbaster: doesn't show hand
*** SUMMARY ***
Total pot $2 | Rake $0
Seat 3: Ahjorth87 (button) (small blind) folded before Flop
Seat 4: Bakenbaster (big blind) collected ($2)


PokerStars Hand #163225295536:  Hold'em Limit ($3/$6 USD) - 2016/12/19 23:20:17 ET
Table 'Pollux' 6-max Seat #3 is the button
Seat 3: Ahjorth87 ($91.74 in chips)
Seat 4: Bakenbaster ($230.38 in chips)
Ahjorth87: posts small blind $1
Bakenbaster: posts big blind $3
*** HOLE CARDS ***
Ahjorth87: raises $3 to $6
Bakenbaster: calls $3
*** FLOP *** [Tc Qc 6c]
Bakenbaster: checks
Ahjorth87: bets $3
Bakenbaster: folds
Uncalled bet ($3) returned to Ahjorth87
Ahjorth87 collected $11.76 from pot
Ahjorth87: doesn't show hand
*** SUMMARY ***
Total pot $12 | Rake $0.24
Board [Tc Qc 6c]
Seat 3: Ahjorth87 (button) (small blind) collected ($11.76)
Seat 4: Bakenbaster (big blind) folded on the Flop


PokerStars Hand #163225292137:  Hold'em Limit ($3/$6 USD) - 2016/12/19 23:20:06 ET
Table 'Pollux' 6-max Seat #4 is the button
Seat 3: Ahjorth87 ($100.74 in chips)
Seat 4: Bakenbaster ($221.74 in chips)
Bakenbaster: posts small blind $1
Ahjorth87: posts big blind $3
*** HOLE CARDS ***
Bakenbaster: raises $3 to $6
Ahjorth87: calls $3
*** FLOP *** [2s 4s 3h]
Ahjorth87: checks
Bakenbaster: bets $3
Ahjorth87: calls $3
*** TURN *** [2s 4s 3h] [Kh]
Ahjorth87: checks
Bakenbaster: bets $6
Ahjorth87: folds
Uncalled bet ($6) returned to Bakenbaster
Bakenbaster collected $17.64 from pot
Bakenbaster: doesn't show hand
*** SUMMARY ***
Total pot $18 | Rake $0.36
Board [2s 4s 3h Kh]
Seat 3: Ahjorth87 (big blind) folded on the Turn
Seat 4: Bakenbaster (button) (small blind) collected ($17.64)


PokerStars Hand #163225299391:  Hold'em Limit ($3/$6 USD) - 2016/12/19 23:20:29 ET
Table 'Pollux' 6-max Seat #4 is the button
Seat 3: Ahjorth87 ($97.50 in chips)
Seat 4: Bakenbaster ($224.38 in chips)
Bakenbaster: posts small blind $1
Ahjorth87: posts big blind $3
*** HOLE CARDS ***
Bakenbaster: raises $3 to $6
Ahjorth87: calls $3
*** FLOP *** [As 7d 3c]
Ahjorth87: checks
Bakenbaster: bets $3
Ahjorth87: calls $3
*** TURN *** [As 7d 3c] [6d]
Ahjorth87: checks
Bakenbaster: bets $6
Ahjorth87: calls $6
*** RIVER *** [As 7d 3c 6d] [8h]
Ahjorth87: checks
Bakenbaster: bets $6
Ahjorth87: calls $6
*** SHOW DOWN ***
Bakenbaster: shows [8s Qh] (a pair of Eights)
Ahjorth87: mucks hand
Bakenbaster collected $41.50 from pot
*** SUMMARY ***
Total pot $42 | Rake $0.50
Board [As 7d 3c 6d 8h]
Seat 3: Ahjorth87 (big blind) mucked
Seat 4: Bakenbaster (button) (small blind) showed [8s Qh] and won ($41.50) with a pair of Eights


PokerStars Hand #163225312684:  Hold'em Limit ($3/$6 USD) - 2016/12/19 23:21:12 ET
Table 'Pollux' 6-max Seat #4 is the button
Seat 3: Ahjorth87 ($63.50 in chips)
Seat 4: Bakenbaster ($257.38 in chips)
Bakenbaster: posts small blind $1
Ahjorth87: posts big blind $3
*** HOLE CARDS ***
Bakenbaster: raises $3 to $6
Ahjorth87: calls $3
*** FLOP *** [8h 2s 6s]
Ahjorth87: checks
Bakenbaster: bets $3
Ahjorth87: calls $3
*** TURN *** [8h 2s 6s] [Ks]
Ahjorth87: checks
Bakenbaster: bets $6
Ahjorth87: calls $6
*** RIVER *** [8h 2s 6s Ks] [7s]
Ahjorth87: checks
Bakenbaster: checks
*** SHOW DOWN ***
Ahjorth87: shows [7d Ad] (a pair of Sevens)
Bakenbaster: shows [Kc Qd] (a pair of Kings)
Bakenbaster collected $29.50 from pot
*** SUMMARY ***
Total pot $30 | Rake $0.50
Board [8h 2s 6s Ks 7s]
Seat 3: Ahjorth87 (big blind) showed [7d Ad] and lost with a pair of Sevens
Seat 4: Bakenbaster (button) (small blind) showed [Kc Qd] and won ($29.50) with a pair of Kings


PokerStars Hand #163225318275:  Hold'em Limit ($3/$6 USD) - 2016/12/19 23:21:30 ET
Table 'Pollux' 6-max Seat #3 is the button
Seat 3: Ahjorth87 ($48.50 in chips)
Seat 4: Bakenbaster ($271.88 in chips)
Ahjorth87: posts small blind $1
Bakenbaster: posts big blind $3
*** HOLE CARDS ***
Ahjorth87: raises $3 to $6
Bakenbaster: calls $3
*** FLOP *** [5s Th 6d]
Bakenbaster: checks
Ahjorth87: checks
*** TURN *** [5s Th 6d] [7s]
Bakenbaster: bets $6
Ahjorth87: calls $6
*** RIVER *** [5s Th 6d 7s] [4d]
Bakenbaster: bets $6
Ahjorth87: folds
Uncalled bet ($6) returned to Bakenbaster
Bakenbaster collected $23.52 from pot
Bakenbaster: doesn't show hand
*** SUMMARY ***
Total pot $24 | Rake $0.48
Board [5s Th 6d 7s 4d]
Seat 3: Ahjorth87 (button) (small blind) folded on the River
Seat 4: Bakenbaster (big blind) collected ($23.52)


PokerStars Hand #163225305054:  Hold'em Limit ($3/$6 USD) - 2016/12/19 23:20:48 ET
Table 'Pollux' 6-max Seat #3 is the button
Seat 3: Ahjorth87 ($76.50 in chips)
Seat 4: Bakenbaster ($244.88 in chips)
Ahjorth87: posts small blind $1
Bakenbaster: posts big blind $3
*** HOLE CARDS ***
Ahjorth87: raises $3 to $6
Bakenbaster: folds
Uncalled bet ($3) returned to Ahjorth87
Ahjorth87 collected $6 from pot
Ahjorth87: doesn't show hand
*** SUMMARY ***
Total pot $6 | Rake $0
Seat 3: Ahjorth87 (button) (small blind) collected ($6)
Seat 4: Bakenbaster (big blind) folded before Flop


PokerStars Hand #163225311283:  Hold'em Limit ($3/$6 USD) - 2016/12/19 23:21:07 ET
Table 'Pollux' 6-max Seat #3 is the button
Seat 3: Ahjorth87 ($64.50 in chips)
Seat 4: Bakenbaster ($256.38 in chips)
Ahjorth87: posts small blind $1
Bakenbaster: posts big blind $3
*** HOLE CARDS ***
Ahjorth87: folds
Uncalled bet ($2) returned to Bakenbaster
Bakenbaster collected $2 from pot
Bakenbaster: doesn't show hand
*** SUMMARY ***
Total pot $2 | Rake $0
Seat 3: Ahjorth87 (button) (small blind) folded before Flop
Seat 4: Bakenbaster (big blind) collected ($2)


PokerStars Hand #163225306910:  Hold'em Limit ($3/$6 USD) - 2016/12/19 23:20:53 ET
Table 'Pollux' 6-max Seat #4 is the button
Seat 3: Ahjorth87 ($79.50 in chips)
Seat 4: Bakenbaster ($241.88 in chips)
Bakenbaster: posts small blind $1
Ahjorth87: posts big blind $3
*** HOLE CARDS ***
Bakenbaster: raises $3 to $6
Ahjorth87: calls $3
*** FLOP *** [5s Qc Jh]
Ahjorth87: checks
Bakenbaster: bets $3
Ahjorth87: calls $3
*** TURN *** [5s Qc Jh] [Tc]
Ahjorth87: checks
Bakenbaster: bets $6
Ahjorth87: calls $6
*** RIVER *** [5s Qc Jh Tc] [8h]
Ahjorth87: checks
Bakenbaster: bets $6
Ahjorth87: folds
Uncalled bet ($6) returned to Bakenbaster
Bakenbaster collected $29.50 from pot
Bakenbaster: doesn't show hand
*** SUMMARY ***
Total pot $30 | Rake $0.50
Board [5s Qc Jh Tc 8h]
Seat 3: Ahjorth87 (big blind) folded on the River
Seat 4: Bakenbaster (button) (small blind) collected ($29.50)


PokerStars Hand #163225326985:  Hold'em Limit ($3/$6 USD) - 2016/12/19 23:21:58 ET
Table 'Pollux' 6-max Seat #3 is the button
Seat 3: Ahjorth87 ($51 in chips)
Seat 4: Bakenbaster ($268.40 in chips)
Ahjorth87: posts small blind $1
Bakenbaster: posts big blind $3
*** HOLE CARDS ***
Ahjorth87: raises $3 to $6
Bakenbaster: calls $3
*** FLOP *** [4d 4h 4c]
Bakenbaster: checks
Ahjorth87: bets $3
Bakenbaster: calls $3
*** TURN *** [4d 4h 4c] [3c]
Bakenbaster: checks
Ahjorth87: bets $6
Bakenbaster: folds
Uncalled bet ($6) returned to Ahjorth87
s s h joins the table at seat #2
Ahjorth87 collected $17.64 from pot
Ahjorth87: doesn't show hand
*** SUMMARY ***
Total pot $18 | Rake $0.36
Board [4d 4h 4c 3c]
Seat 3: Ahjorth87 (button) (small blind) collected ($17.64)
Seat 4: Bakenbaster (big blind) folded on the Turn


PokerStars Hand #163225322076:  Hold'em Limit ($3/$6 USD) - 2016/12/19 23:21:42 ET
Table 'Pollux' 6-max Seat #4 is the button
Seat 3: Ahjorth87 ($36.50 in chips)
Seat 4: Bakenbaster ($283.40 in chips)
Bakenbaster: posts small blind $1
Ahjorth87: posts big blind $3
*** HOLE CARDS ***
Bakenbaster: raises $3 to $6
Ahjorth87: calls $3
*** FLOP *** [Td 3h 6d]
Ahjorth87: checks
Bakenbaster: bets $3
Ahjorth87: calls $3
*** TURN *** [Td 3h 6d] [Jh]
Ahjorth87: checks
Bakenbaster: bets $6
Ahjorth87: calls $6
*** RIVER *** [Td 3h 6d Jh] [2c]
Ahjorth87: checks
Bakenbaster: checks
*** SHOW DOWN ***
Ahjorth87: shows [6s 8h] (a pair of Sixes)
Bakenbaster: mucks hand
Ahjorth87 collected $29.50 from pot
*** SUMMARY ***
Total pot $30 | Rake $0.50
Board [Td 3h 6d Jh 2c]
Seat 3: Ahjorth87 (big blind) showed [6s 8h] and won ($29.50) with a pair of Sixes
Seat 4: Bakenbaster (button) (small blind) mucked


PokerStars Hand #163225579089:  Hold'em Limit ($3/$6 USD) - 2016/12/19 23:35:32 ET
Table 'Pollux' 6-max Seat #1 is the button
Seat 1: RobinsKid ($165.49 in chips)
Seat 5: denn69 ($333.77 in chips)
RobinsKid: posts small blind $1
denn69: posts big blind $3
*** HOLE CARDS ***
RobinsKid: raises $3 to $6
denn69: calls $3
*** FLOP *** [Tc Jc Qd]
denn69: checks
RobinsKid: bets $3
denn69: folds
Uncalled bet ($3) returned to RobinsKid
RobinsKid collected $11.76 from pot
RobinsKid: doesn't show hand
*** SUMMARY ***
Total pot $12 | Rake $0.24
Board [Tc Jc Qd]
Seat 1: RobinsKid (button) (small blind) collected ($11.76)
Seat 5: denn69 (big blind) folded on the Flop


PokerStars Hand #163225573500:  Hold'em Limit ($3/$6 USD) - 2016/12/19 23:35:13 ET
Table 'Pollux' 6-max Seat #5 is the button
Seat 1: RobinsKid ($189.49 in chips)
Seat 5: denn69 ($310.27 in chips)
denn69: posts small blind $1
RobinsKid: posts big blind $3
*** HOLE CARDS ***
denn69: raises $3 to $6
RobinsKid: calls $3
*** FLOP *** [Ks 8h 3d]
RobinsKid: checks
denn69: bets $3
RobinsKid: raises $3 to $6
denn69: calls $3
*** TURN *** [Ks 8h 3d] [9d]
RobinsKid: bets $6
denn69: calls $6
*** RIVER *** [Ks 8h 3d 9d] [4h]
RobinsKid: bets $6
denn69: calls $6
*** SHOW DOWN ***
RobinsKid: shows [6d 7s] (high card King)
denn69: shows [8c Qh] (a pair of Eights)
denn69 collected $47.50 from pot
*** SUMMARY ***
Total pot $48 | Rake $0.50
Board [Ks 8h 3d 9d 4h]
Seat 1: RobinsKid (big blind) showed [6d 7s] and lost with high card King
Seat 5: denn69 (button) (small blind) showed [8c Qh] and won ($47.50) with a pair of Eights


PokerStars Hand #163225571704:  Hold'em Limit ($3/$6 USD) - 2016/12/19 23:35:07 ET
Table 'Pollux' 6-max Seat #1 is the button
Seat 1: RobinsKid ($190.49 in chips)
Seat 5: denn69 ($309.27 in chips)
RobinsKid: posts small blind $1
s s h: is sitting out
denn69: posts big blind $3
*** HOLE CARDS ***
s s h leaves the table
RobinsKid: folds
Uncalled bet ($2) returned to denn69
denn69 collected $2 from pot
denn69: doesn't show hand
*** SUMMARY ***
Total pot $2 | Rake $0
Seat 1: RobinsKid (button) (small blind) folded before Flop
Seat 5: denn69 (big blind) collected ($2)


PokerStars Hand #163225583442:  Hold'em Limit ($3/$6 USD) - 2016/12/19 23:35:47 ET
Table 'Pollux' 6-max Seat #5 is the button
Seat 1: RobinsKid ($171.25 in chips)
Seat 5: denn69 ($327.77 in chips)
denn69: posts small blind $1
RobinsKid: posts big blind $3
*** HOLE CARDS ***
denn69: raises $3 to $6
RobinsKid: raises $3 to $9
denn69: calls $3
*** FLOP *** [8h 9c 9d]
RobinsKid: bets $3
denn69: raises $3 to $6
RobinsKid: calls $3
*** TURN *** [8h 9c 9d] [Kh]
RobinsKid: checks
boriskloris joins the table at seat #2
denn69: bets $6
RobinsKid: calls $6
*** RIVER *** [8h 9c 9d Kh] [Qs]
RobinsKid: checks
denn69: bets $6
RobinsKid: calls $6
*** SHOW DOWN ***
denn69: shows [Qc Td] (two pair, Queens and Nines)
RobinsKid: mucks hand
denn69 collected $53.50 from pot
*** SUMMARY ***
Total pot $54 | Rake $0.50
Board [8h 9c 9d Kh Qs]
Seat 1: RobinsKid (big blind) mucked
Seat 5: denn69 (button) (small blind) showed [Qc Td] and won ($53.50) with two pair, Queens and Nines


PokerStars Hand #163226534201:  Hold'em Limit ($3/$6 USD) - 2016/12/20 0:32:28 ET
Table 'Pollux' 6-max Seat #2 is the button
Seat 2: beng_51 ($192.38 in chips)
Seat 4: s s h ($495.08 in chips)
beng_51: posts small blind $1
ToDaFelt: is sitting out
s s h: posts big blind $3
*** HOLE CARDS ***
ToDaFelt leaves the table
beng_51: raises $3 to $6
s s h: calls $3
*** FLOP *** [Ac Jc 8s]
s s h: checks
beng_51: bets $3
s s h: folds
Uncalled bet ($3) returned to beng_51
beng_51 collected $11.76 from pot
*** SUMMARY ***
Total pot $12 | Rake $0.24
Board [Ac Jc 8s]
Seat 2: beng_51 (button) (small blind) collected ($11.76)
Seat 4: s s h (big blind) folded on the Flop


