PokerStars Hand #147345097639:  Hold'em Limit ($3/$6 USD) - 2016/01/19 21:02:03 ET
Table 'Polonia' 6-max Seat #4 is the button
Seat 4: AzureCaper ($77 in chips)
Seat 5: elvirto ($154.76 in chips)
AzureCaper: posts small blind $1
elvirto: posts big blind $3
*** HOLE CARDS ***
AzureCaper: raises $3 to $6
elvirto: folds
Uncalled bet ($3) returned to AzureCaper
AzureCaper collected $6 from pot
AzureCaper: doesn't show hand
*** SUMMARY ***
Total pot $6 | Rake $0
Seat 4: AzureCaper (button) (small blind) collected ($6)
Seat 5: elvirto (big blind) folded before Flop


PokerStars Hand #147345095359:  Hold'em Limit ($3/$6 USD) - 2016/01/19 21:01:59 ET
Table 'Polonia' 6-max Seat #5 is the button
Seat 4: AzureCaper ($76 in chips)
Seat 5: elvirto ($155.76 in chips)
elvirto: posts small blind $1
AzureCaper: posts big blind $3
*** HOLE CARDS ***
elvirto: folds
Uncalled bet ($2) returned to AzureCaper
AzureCaper collected $2 from pot
AzureCaper: doesn't show hand
*** SUMMARY ***
Total pot $2 | Rake $0
Seat 4: AzureCaper (big blind) collected ($2)
Seat 5: elvirto (button) (small blind) folded before Flop


PokerStars Hand #147345092701:  Hold'em Limit ($3/$6 USD) - 2016/01/19 21:01:53 ET
Table 'Polonia' 6-max Seat #4 is the button
Seat 4: AzureCaper ($73 in chips)
Seat 5: elvirto ($158.76 in chips)
AzureCaper: posts small blind $1
elvirto: posts big blind $3
*** HOLE CARDS ***
AzureCaper: raises $3 to $6
elvirto: folds
Uncalled bet ($3) returned to AzureCaper
AzureCaper collected $6 from pot
AzureCaper: doesn't show hand
*** SUMMARY ***
Total pot $6 | Rake $0
Seat 4: AzureCaper (button) (small blind) collected ($6)
Seat 5: elvirto (big blind) folded before Flop


PokerStars Hand #147345090493:  Hold'em Limit ($3/$6 USD) - 2016/01/19 21:01:49 ET
Table 'Polonia' 6-max Seat #5 is the button
Seat 4: AzureCaper ($72 in chips)
Seat 5: elvirto ($159.76 in chips)
elvirto: posts small blind $1
AzureCaper: posts big blind $3
*** HOLE CARDS ***
elvirto: folds
Uncalled bet ($2) returned to AzureCaper
AzureCaper collected $2 from pot
AzureCaper: doesn't show hand
*** SUMMARY ***
Total pot $2 | Rake $0
Seat 4: AzureCaper (big blind) collected ($2)
Seat 5: elvirto (button) (small blind) folded before Flop


PokerStars Hand #147345082689:  Hold'em Limit ($3/$6 USD) - 2016/01/19 21:01:32 ET
Table 'Polonia' 6-max Seat #4 is the button
Seat 4: AzureCaper ($72 in chips)
Seat 5: elvirto ($142.26 in chips)
AzureCaper: posts small blind $1
elvirto: posts big blind $3
*** HOLE CARDS ***
AzureCaper: raises $3 to $6
elvirto: calls $3
*** FLOP *** [6h 9d 9h]
elvirto: checks
AzureCaper: bets $3
elvirto: raises $3 to $6
AzureCaper: calls $3
*** TURN *** [6h 9d 9h] [4c]
elvirto: bets $6
AzureCaper: calls $6
*** RIVER *** [6h 9d 9h 4c] [5c]
elvirto: bets $6
AzureCaper: folds
Uncalled bet ($6) returned to elvirto
elvirto collected $35.50 from pot
elvirto: doesn't show hand
*** SUMMARY ***
Total pot $36 | Rake $0.50
Board [6h 9d 9h 4c 5c]
Seat 4: AzureCaper (button) (small blind) folded on the River
Seat 5: elvirto (big blind) collected ($35.50)


PokerStars Hand #147345073332:  Hold'em Limit ($3/$6 USD) - 2016/01/19 21:01:12 ET
Table 'Polonia' 6-max Seat #5 is the button
Seat 4: AzureCaper ($72 in chips)
Seat 5: elvirto ($127.76 in chips)
elvirto: posts small blind $1
AzureCaper: posts big blind $3
*** HOLE CARDS ***
elvirto: raises $3 to $6
AzureCaper: calls $3
*** FLOP *** [Kd 9c 4d]
AzureCaper: checks
elvirto: bets $3
AzureCaper: calls $3
*** TURN *** [Kd 9c 4d] [Qc]
AzureCaper: checks
elvirto: bets $6
AzureCaper: calls $6
*** RIVER *** [Kd 9c 4d Qc] [Qh]
AzureCaper: checks
elvirto: bets $6
AzureCaper: folds
Uncalled bet ($6) returned to elvirto
elvirto collected $29.50 from pot
elvirto: doesn't show hand
*** SUMMARY ***
Total pot $30 | Rake $0.50
Board [Kd 9c 4d Qc Qh]
Seat 4: AzureCaper (big blind) folded on the River
Seat 5: elvirto (button) (small blind) collected ($29.50)


PokerStars Hand #147345118303:  Hold'em Limit ($3/$6 USD) - 2016/01/19 21:02:47 ET
Table 'Polonia' 6-max Seat #4 is the button
Seat 4: AzureCaper ($73 in chips)
Seat 5: elvirto ($164.40 in chips)
AzureCaper: posts small blind $1
elvirto: posts big blind $3
*** HOLE CARDS ***
AzureCaper: raises $3 to $6
elvirto: calls $3
*** FLOP *** [7d 8h Qh]
elvirto: checks
AzureCaper: bets $3
elvirto: calls $3
*** TURN *** [7d 8h Qh] [Tc]
elvirto: checks
AzureCaper: checks
*** RIVER *** [7d 8h Qh Tc] [Ks]
elvirto: checks
AzureCaper: checks
*** SHOW DOWN ***
elvirto: shows [6h 8s] (a pair of Eights)
AzureCaper: shows [8d 6s] (a pair of Eights)
elvirto collected $8.82 from pot
AzureCaper collected $8.82 from pot
*** SUMMARY ***
Total pot $18 | Rake $0.36
Board [7d 8h Qh Tc Ks]
Seat 4: AzureCaper (button) (small blind) showed [8d 6s] and won ($8.82) with a pair of Eights
Seat 5: elvirto (big blind) showed [6h 8s] and won ($8.82) with a pair of Eights


PokerStars Hand #147345115282:  Hold'em Limit ($3/$6 USD) - 2016/01/19 21:02:40 ET
Table 'Polonia' 6-max Seat #5 is the button
Seat 4: AzureCaper ($72 in chips)
Seat 5: elvirto ($165.40 in chips)
elvirto: posts small blind $1
AzureCaper: posts big blind $3
*** HOLE CARDS ***
elvirto: folds
Uncalled bet ($2) returned to AzureCaper
AzureCaper collected $2 from pot
AzureCaper: doesn't show hand
*** SUMMARY ***
Total pot $2 | Rake $0
Seat 4: AzureCaper (big blind) collected ($2)
Seat 5: elvirto (button) (small blind) folded before Flop


PokerStars Hand #147345113070:  Hold'em Limit ($3/$6 USD) - 2016/01/19 21:02:36 ET
Table 'Polonia' 6-max Seat #4 is the button
Seat 4: AzureCaper ($72 in chips)
Seat 5: elvirto ($164.40 in chips)
AzureCaper: posts small blind $1
elvirto: posts big blind $3
*** HOLE CARDS ***
AzureCaper: folds
Uncalled bet ($2) returned to elvirto
elvirto collected $2 from pot
elvirto: doesn't show hand
*** SUMMARY ***
Total pot $2 | Rake $0
Seat 4: AzureCaper (button) (small blind) folded before Flop
Seat 5: elvirto (big blind) collected ($2)


PokerStars Hand #147345105330:  Hold'em Limit ($3/$6 USD) - 2016/01/19 21:02:20 ET
Table 'Polonia' 6-max Seat #5 is the button
Seat 4: AzureCaper ($76 in chips)
Seat 5: elvirto ($155.76 in chips)
elvirto: posts small blind $1
AzureCaper: posts big blind $3
*** HOLE CARDS ***
elvirto: raises $3 to $6
AzureCaper: calls $3
*** FLOP *** [2c 4d Ks]
AzureCaper: checks
elvirto: bets $3
AzureCaper: calls $3
*** TURN *** [2c 4d Ks] [6s]
AzureCaper: checks
elvirto: checks
*** RIVER *** [2c 4d Ks 6s] [8c]
AzureCaper: checks
elvirto: checks
*** SHOW DOWN ***
AzureCaper: shows [Qh Td] (high card King)
elvirto: shows [9d Ad] (high card Ace)
elvirto collected $17.64 from pot
*** SUMMARY ***
Total pot $18 | Rake $0.36
Board [2c 4d Ks 6s 8c]
Seat 4: AzureCaper (big blind) showed [Qh Td] and lost with high card King
Seat 5: elvirto (button) (small blind) showed [9d Ad] and won ($17.64) with high card Ace


PokerStars Hand #147345103421:  Hold'em Limit ($3/$6 USD) - 2016/01/19 21:02:16 ET
Table 'Polonia' 6-max Seat #4 is the button
Seat 4: AzureCaper ($77 in chips)
Seat 5: elvirto ($154.76 in chips)
AzureCaper: posts small blind $1
elvirto: posts big blind $3
*** HOLE CARDS ***
AzureCaper: folds
Uncalled bet ($2) returned to elvirto
elvirto collected $2 from pot
elvirto: doesn't show hand
*** SUMMARY ***
Total pot $2 | Rake $0
Seat 4: AzureCaper (button) (small blind) folded before Flop
Seat 5: elvirto (big blind) collected ($2)


PokerStars Hand #147345100106:  Hold'em Limit ($3/$6 USD) - 2016/01/19 21:02:08 ET
Table 'Polonia' 6-max Seat #5 is the button
Seat 4: AzureCaper ($80 in chips)
Seat 5: elvirto ($151.76 in chips)
elvirto: posts small blind $1
AzureCaper: posts big blind $3
*** HOLE CARDS ***
elvirto: raises $3 to $6
AzureCaper: folds
Uncalled bet ($3) returned to elvirto
elvirto collected $6 from pot
elvirto: doesn't show hand
*** SUMMARY ***
Total pot $6 | Rake $0
Seat 4: AzureCaper (big blind) folded before Flop
Seat 5: elvirto (button) (small blind) collected ($6)


PokerStars Hand #147345138498:  Hold'em Limit ($3/$6 USD) - 2016/01/19 21:03:29 ET
Table 'Polonia' 6-max Seat #4 is the button
Seat 4: AzureCaper ($74.76 in chips)
Seat 5: elvirto ($166.98 in chips)
AzureCaper: posts small blind $1
elvirto: posts big blind $3
*** HOLE CARDS ***
AzureCaper: raises $3 to $6
elvirto: folds
Uncalled bet ($3) returned to AzureCaper
aless284 joins the table at seat #6
AzureCaper collected $6 from pot
AzureCaper: doesn't show hand
*** SUMMARY ***
Total pot $6 | Rake $0
Seat 4: AzureCaper (button) (small blind) collected ($6)
Seat 5: elvirto (big blind) folded before Flop


PokerStars Hand #147345135559:  Hold'em Limit ($3/$6 USD) - 2016/01/19 21:03:22 ET
Table 'Polonia' 6-max Seat #5 is the button
Seat 4: AzureCaper ($77.76 in chips)
Seat 5: elvirto ($163.98 in chips)
elvirto: posts small blind $1
AzureCaper: posts big blind $3
*** HOLE CARDS ***
elvirto: raises $3 to $6
AzureCaper: folds
Uncalled bet ($3) returned to elvirto
elvirto collected $6 from pot
elvirto: doesn't show hand
*** SUMMARY ***
Total pot $6 | Rake $0
Seat 4: AzureCaper (big blind) folded before Flop
Seat 5: elvirto (button) (small blind) collected ($6)


PokerStars Hand #147346858025:  Hold'em Limit ($3/$6 USD) - 2016/01/19 22:09:00 ET
Table 'Polonia' 6-max Seat #4 is the button
Seat 4: Leblanc1 ($217.55 in chips)
Seat 5: elvirto ($108.60 in chips)
Leblanc1: posts small blind $1
elvirto: posts big blind $3
*** HOLE CARDS ***
Leblanc1: calls $2
elvirto: checks
*** FLOP *** [3s 7d Ah]
elvirto: bets $3
Leblanc1: folds
Uncalled bet ($3) returned to elvirto
elvirto collected $5.88 from pot
elvirto: doesn't show hand
*** SUMMARY ***
Total pot $6 | Rake $0.12
Board [3s 7d Ah]
Seat 4: Leblanc1 (button) (small blind) folded on the Flop
Seat 5: elvirto (big blind) collected ($5.88)


