PokerStars Hand #149442309765:  Hold'em Limit ($3/$6 USD) - 2016/02/26 9:56:02 ET
Table 'Polydoros II' 6-max Seat #3 is the button
Seat 3: flex331969 ($300.85 in chips)
Seat 4: Agrotait ($72 in chips)
flex331969: posts small blind $1
Agrotait: posts big blind $3
*** HOLE CARDS ***
flex331969: folds
Uncalled bet ($2) returned to Agrotait
Agrotait collected $2 from pot
Agrotait: doesn't show hand
*** SUMMARY ***
Total pot $2 | Rake $0
Seat 3: flex331969 (button) (small blind) folded before Flop
Seat 4: Agrotait (big blind) collected ($2)


PokerStars Hand #149442348427:  Hold'em Limit ($3/$6 USD) - 2016/02/26 9:57:06 ET
Table 'Polydoros II' 6-max Seat #3 is the button
Seat 3: flex331969 ($319.11 in chips)
Seat 4: Agrotait ($67 in chips)
flex331969: posts small blind $1
Agrotait: posts big blind $3
*** HOLE CARDS ***
Chessnok joins the table at seat #6
flex331969: raises $3 to $6
Agrotait: folds
Uncalled bet ($3) returned to flex331969
flex331969 collected $6 from pot
flex331969: doesn't show hand
*** SUMMARY ***
Total pot $6 | Rake $0
Seat 3: flex331969 (button) (small blind) collected ($6)
Seat 4: Agrotait (big blind) folded before Flop


PokerStars Hand #149442334518:  Hold'em Limit ($3/$6 USD) - 2016/02/26 9:56:43 ET
Table 'Polydoros II' 6-max Seat #4 is the button
Seat 3: flex331969 ($313.35 in chips)
Seat 4: Agrotait ($73 in chips)
Agrotait: posts small blind $1
flex331969: posts big blind $3
*** HOLE CARDS ***
PeteSvensson joins the table at seat #5
Agrotait: raises $3 to $6
flex331969: calls $3
*** FLOP *** [8h 8c 6c]
flex331969: checks
Agrotait: checks
*** TURN *** [8h 8c 6c] [7c]
flex331969: bets $6
Agrotait: folds
Uncalled bet ($6) returned to flex331969
flex331969 collected $11.76 from pot
flex331969: doesn't show hand
*** SUMMARY ***
Total pot $12 | Rake $0.24
Board [8h 8c 6c 7c]
Seat 3: flex331969 (big blind) collected ($11.76)
Seat 4: Agrotait (button) (small blind) folded on the Turn


PokerStars Hand #149442328960:  Hold'em Limit ($3/$6 USD) - 2016/02/26 9:56:34 ET
Table 'Polydoros II' 6-max Seat #3 is the button
Seat 3: flex331969 ($314.35 in chips)
Seat 4: Agrotait ($72 in chips)
flex331969: posts small blind $1
Agrotait: posts big blind $3
*** HOLE CARDS ***
flex331969: folds
Uncalled bet ($2) returned to Agrotait
Agrotait collected $2 from pot
Agrotait: doesn't show hand
*** SUMMARY ***
Total pot $2 | Rake $0
Seat 3: flex331969 (button) (small blind) folded before Flop
Seat 4: Agrotait (big blind) collected ($2)


PokerStars Hand #149442317485:  Hold'em Limit ($3/$6 USD) - 2016/02/26 9:56:15 ET
Table 'Polydoros II' 6-max Seat #4 is the button
Seat 3: flex331969 ($299.85 in chips)
Seat 4: Agrotait ($73 in chips)
Agrotait: posts small blind $1
flex331969: posts big blind $3
*** HOLE CARDS ***
Agrotait: raises $3 to $6
flex331969: calls $3
*** FLOP *** [Qs 6h 4c]
flex331969: checks
Agrotait: bets $3
flex331969: calls $3
*** TURN *** [Qs 6h 4c] [Ah]
flex331969: checks
Agrotait: bets $6
flex331969: calls $6
*** RIVER *** [Qs 6h 4c Ah] [7d]
flex331969: checks
Agrotait: checks
*** SHOW DOWN ***
flex331969: shows [Tc Qc] (a pair of Queens)
Agrotait: mucks hand
flex331969 collected $29.50 from pot
*** SUMMARY ***
Total pot $30 | Rake $0.50
Board [Qs 6h 4c Ah 7d]
Seat 3: flex331969 (big blind) showed [Tc Qc] and won ($29.50) with a pair of Queens
Seat 4: Agrotait (button) (small blind) mucked


