PokerStars Hand #154418049413:  Hold'em Limit ($3/$6 USD) - 2016/06/07 11:53:04 ET
Table 'Polyhymnia II' 6-max Seat #1 is the button
Seat 1: fsreibnitz ($97.86 in chips)
Seat 2: dborys ($185.08 in chips)
fsreibnitz: posts small blind $1
dborys: posts big blind $3
*** HOLE CARDS ***
fsreibnitz: folds
Uncalled bet ($2) returned to dborys
dborys collected $2 from pot
dborys: doesn't show hand
*** SUMMARY ***
Total pot $2 | Rake $0
Seat 1: fsreibnitz (button) (small blind) folded before Flop
Seat 2: dborys (big blind) collected ($2)


PokerStars Hand #154418044498:  Hold'em Limit ($3/$6 USD) - 2016/06/07 11:52:57 ET
Table 'Polyhymnia II' 6-max Seat #2 is the button
Seat 1: fsreibnitz ($100.86 in chips)
Seat 2: dborys ($182.08 in chips)
dborys: posts small blind $1
at45newlife leaves the table
fsreibnitz: posts big blind $3
*** HOLE CARDS ***
Ale4o leaves the table
dborys: raises $3 to $6
fsreibnitz: folds
Uncalled bet ($3) returned to dborys
dborys collected $6 from pot
dborys: doesn't show hand
*** SUMMARY ***
Total pot $6 | Rake $0
Seat 1: fsreibnitz (big blind) folded before Flop
Seat 2: dborys (button) (small blind) collected ($6)


PokerStars Hand #154418053163:  Hold'em Limit ($3/$6 USD) - 2016/06/07 11:53:10 ET
Table 'Polyhymnia II' 6-max Seat #2 is the button
Seat 1: fsreibnitz ($96.86 in chips)
Seat 2: dborys ($186.08 in chips)
dborys: posts small blind $1
fsreibnitz: posts big blind $3
*** HOLE CARDS ***
dborys: folds
Uncalled bet ($2) returned to fsreibnitz
fsreibnitz collected $2 from pot
*** SUMMARY ***
Total pot $2 | Rake $0
Seat 1: fsreibnitz (big blind) collected ($2)
Seat 2: dborys (button) (small blind) folded before Flop


PokerStars Hand #154418056000:  Hold'em Limit ($3/$6 USD) - 2016/06/07 11:53:14 ET
Table 'Polyhymnia II' 6-max Seat #1 is the button
Seat 1: fsreibnitz ($97.86 in chips)
Seat 2: dborys ($185.08 in chips)
fsreibnitz: posts small blind $1
dborys: posts big blind $3
*** HOLE CARDS ***
fsreibnitz: raises $3 to $6
dborys: calls $3
*** FLOP *** [5d 7h 4s]
dborys: checks
fsreibnitz: bets $3
dborys: raises $3 to $6
fsreibnitz: calls $3
*** TURN *** [5d 7h 4s] [3h]
dborys: bets $6
fsreibnitz: calls $6
*** RIVER *** [5d 7h 4s 3h] [Qs]
dborys: bets $6
fsreibnitz: calls $6
*** SHOW DOWN ***
dborys: shows [6h Tc] (a straight, Three to Seven)
fsreibnitz: mucks hand
dborys collected $47.50 from pot
*** SUMMARY ***
Total pot $48 | Rake $0.50
Board [5d 7h 4s 3h Qs]
Seat 1: fsreibnitz (button) (small blind) mucked
Seat 2: dborys (big blind) showed [6h Tc] and won ($47.50) with a straight, Three to Seven


PokerStars Hand #154418078947:  Hold'em Limit ($3/$6 USD) - 2016/06/07 11:53:49 ET
Table 'Polyhymnia II' 6-max Seat #2 is the button
Seat 1: fsreibnitz ($73.86 in chips)
Seat 2: dborys ($208.58 in chips)
dborys: posts small blind $1
fsreibnitz: posts big blind $3
*** HOLE CARDS ***
dborys: folds
Uncalled bet ($2) returned to fsreibnitz
fsreibnitz collected $2 from pot
*** SUMMARY ***
Total pot $2 | Rake $0
Seat 1: fsreibnitz (big blind) collected ($2)
Seat 2: dborys (button) (small blind) folded before Flop


PokerStars Hand #154418109527:  Hold'em Limit ($3/$6 USD) - 2016/06/07 11:54:34 ET
Table 'Polyhymnia II' 6-max Seat #2 is the button
Seat 1: fsreibnitz ($38.86 in chips)
Seat 2: dborys ($243.08 in chips)
dborys: posts small blind $1
fsreibnitz: posts big blind $3
*** HOLE CARDS ***
dborys: raises $3 to $6
fsreibnitz: calls $3
*** FLOP *** [Ks 6h Js]
fsreibnitz: checks
dborys: bets $3
fsreibnitz: raises $3 to $6
dborys: calls $3
*** TURN *** [Ks 6h Js] [Ad]
fsreibnitz: bets $6
dborys: calls $6
*** RIVER *** [Ks 6h Js Ad] [8c]
fsreibnitz: bets $6
dborys: calls $6
*** SHOW DOWN ***
fsreibnitz: shows [4s Qs] (high card Ace)
dborys: shows [Jc 7s] (a pair of Jacks)
dborys collected $47.50 from pot
*** SUMMARY ***
Total pot $48 | Rake $0.50
Board [Ks 6h Js Ad 8c]
Seat 1: fsreibnitz (big blind) showed [4s Qs] and lost with high card Ace
Seat 2: dborys (button) (small blind) showed [Jc 7s] and won ($47.50) with a pair of Jacks


PokerStars Hand #154418123377:  Hold'em Limit ($3/$6 USD) - 2016/06/07 11:54:55 ET
Table 'Polyhymnia II' 6-max Seat #1 is the button
Seat 1: fsreibnitz ($14.86 in chips)
Seat 2: dborys ($266.58 in chips)
fsreibnitz: posts small blind $1
dborys: posts big blind $3
*** HOLE CARDS ***
fsreibnitz: raises $3 to $6
dborys: calls $3
*** FLOP *** [9s 9d 8c]
dborys: checks
fsreibnitz: bets $3
dborys: folds
Uncalled bet ($3) returned to fsreibnitz
fsreibnitz collected $11.76 from pot
*** SUMMARY ***
Total pot $12 | Rake $0.24
Board [9s 9d 8c]
Seat 1: fsreibnitz (button) (small blind) collected ($11.76)
Seat 2: dborys (big blind) folded on the Flop


PokerStars Hand #154418086169:  Hold'em Limit ($3/$6 USD) - 2016/06/07 11:54:00 ET
Table 'Polyhymnia II' 6-max Seat #1 is the button
Seat 1: fsreibnitz ($74.86 in chips)
Seat 2: dborys ($207.58 in chips)
fsreibnitz: posts small blind $1
dborys: posts big blind $3
*** HOLE CARDS ***
fsreibnitz: raises $3 to $6
dborys: calls $3
*** FLOP *** [Ts 4h Ah]
dborys: checks
fsreibnitz: bets $3
dborys: raises $3 to $6
fsreibnitz: calls $3
*** TURN *** [Ts 4h Ah] [5d]
dborys: bets $6
fsreibnitz: raises $6 to $12
dborys: raises $6 to $18
fsreibnitz: calls $6
*** RIVER *** [Ts 4h Ah 5d] [Tc]
dborys: bets $6
fsreibnitz: calls $6
*** SHOW DOWN ***
dborys: shows [5h Td] (a full house, Tens full of Fives)
fsreibnitz: mucks hand
dborys collected $71.50 from pot
*** SUMMARY ***
Total pot $72 | Rake $0.50
Board [Ts 4h Ah 5d Tc]
Seat 1: fsreibnitz (button) (small blind) mucked
Seat 2: dborys (big blind) showed [5h Td] and won ($71.50) with a full house, Tens full of Fives


PokerStars Hand #154418131946:  Hold'em Limit ($3/$6 USD) - 2016/06/07 11:55:08 ET
Table 'Polyhymnia II' 6-max Seat #2 is the button
Seat 1: fsreibnitz ($20.62 in chips)
Seat 2: dborys ($260.58 in chips)
dborys: posts small blind $1
fsreibnitz: posts big blind $3
*** HOLE CARDS ***
dborys: raises $3 to $6
fsreibnitz: raises $3 to $9
dborys: calls $3
*** FLOP *** [9h 7c 8s]
fsreibnitz: bets $3
dborys: raises $3 to $6
fsreibnitz: raises $3 to $9
dborys: raises $3 to $12
Betting is capped
fsreibnitz: calls $2.62 and is all-in
Uncalled bet ($0.38) returned to dborys
*** TURN *** [9h 7c 8s] [8c]
*** RIVER *** [9h 7c 8s 8c] [Kc]
*** SHOW DOWN ***
fsreibnitz: shows [6c As] (a pair of Eights)
dborys: shows [9c 5d] (two pair, Nines and Eights)
dborys collected $40.74 from pot
*** SUMMARY ***
Total pot $41.24 | Rake $0.50
Board [9h 7c 8s 8c Kc]
Seat 1: fsreibnitz (big blind) showed [6c As] and lost with a pair of Eights
Seat 2: dborys (button) (small blind) showed [9c 5d] and won ($40.74) with two pair, Nines and Eights


