PokerStars Hand #176009662200:  Hold'em Limit ($3/$6 USD) - 2017/09/23 7:13:33 ET
Table 'Polyxo' 6-max Seat #1 is the button
Seat 1: carina289 ($220 in chips)
Seat 4: VolkovDmitri ($120 in chips)
carina289: posts small blind $1
VolkovDmitri: posts big blind $3
*** HOLE CARDS ***
carina289: raises $3 to $6
VolkovDmitri: calls $3
*** FLOP *** [Ks 6s 7h]
VolkovDmitri: checks
carina289: bets $3
VolkovDmitri: raises $3 to $6
carina289: calls $3
*** TURN *** [Ks 6s 7h] [Jc]
VolkovDmitri: bets $6
carina289: raises $6 to $12
VolkovDmitri: calls $6
*** RIVER *** [Ks 6s 7h Jc] [5c]
VolkovDmitri: checks
carina289: bets $6
VolkovDmitri: calls $6
*** SHOW DOWN ***
carina289: shows [Kd As] (a pair of Kings)
VolkovDmitri: mucks hand
carina289 collected $59.50 from pot
*** SUMMARY ***
Total pot $60 | Rake $0.50
Board [Ks 6s 7h Jc 5c]
Seat 1: carina289 (button) (small blind) showed [Kd As] and won ($59.50) with a pair of Kings
Seat 4: VolkovDmitri (big blind) mucked


PokerStars Hand #176009697780:  Hold'em Limit ($3/$6 USD) - 2017/09/23 7:14:58 ET
Table 'Polyxo' 6-max Seat #1 is the button
Seat 1: carina289 ($243.50 in chips)
Seat 4: VolkovDmitri ($125.76 in chips)
carina289: posts small blind $1
VolkovDmitri: posts big blind $3
*** HOLE CARDS ***
carina289: folds
Uncalled bet ($2) returned to VolkovDmitri
VolkovDmitri collected $2 from pot
VolkovDmitri: doesn't show hand
*** SUMMARY ***
Total pot $2 | Rake $0
Seat 1: carina289 (button) (small blind) folded before Flop
Seat 4: VolkovDmitri (big blind) collected ($2)


PokerStars Hand #176009700139:  Hold'em Limit ($3/$6 USD) - 2017/09/23 7:15:04 ET
Table 'Polyxo' 6-max Seat #4 is the button
Seat 1: carina289 ($242.50 in chips)
Seat 4: VolkovDmitri ($126.76 in chips)
VolkovDmitri: posts small blind $1
carina289: posts big blind $3
*** HOLE CARDS ***
VolkovDmitri: raises $3 to $6
carina289: folds
Uncalled bet ($3) returned to VolkovDmitri
VolkovDmitri collected $6 from pot
VolkovDmitri: doesn't show hand
*** SUMMARY ***
Total pot $6 | Rake $0
Seat 1: carina289 (big blind) folded before Flop
Seat 4: VolkovDmitri (button) (small blind) collected ($6)


PokerStars Hand #176009685927:  Hold'em Limit ($3/$6 USD) - 2017/09/23 7:14:30 ET
Table 'Polyxo' 6-max Seat #4 is the button
Seat 1: carina289 ($249.50 in chips)
Seat 4: VolkovDmitri ($120 in chips)
VolkovDmitri: posts small blind $1
carina289: posts big blind $3
*** HOLE CARDS ***
VolkovDmitri: raises $3 to $6
carina289: calls $3
*** FLOP *** [6d 8h Ad]
carina289: checks
VolkovDmitri: bets $3
carina289: folds
Uncalled bet ($3) returned to VolkovDmitri
VolkovDmitri collected $11.76 from pot
VolkovDmitri: doesn't show hand
*** SUMMARY ***
Total pot $12 | Rake $0.24
Board [6d 8h Ad]
Seat 1: carina289 (big blind) folded on the Flop
Seat 4: VolkovDmitri (button) (small blind) collected ($11.76)


PokerStars Hand #176009704247:  Hold'em Limit ($3/$6 USD) - 2017/09/23 7:15:13 ET
Table 'Polyxo' 6-max Seat #1 is the button
Seat 1: carina289 ($239.50 in chips)
Seat 4: VolkovDmitri ($129.76 in chips)
carina289: posts small blind $1
VolkovDmitri: posts big blind $3
*** HOLE CARDS ***
carina289: raises $3 to $6
VolkovDmitri: calls $3
*** FLOP *** [8h Th 9c]
VolkovDmitri: checks
carina289: bets $3
VolkovDmitri: raises $3 to $6
carina289: raises $3 to $9
VolkovDmitri: calls $3
*** TURN *** [8h Th 9c] [Kd]
VolkovDmitri: checks
carina289: bets $6
VolkovDmitri: calls $6
*** RIVER *** [8h Th 9c Kd] [6c]
VolkovDmitri: checks
carina289: checks
*** SHOW DOWN ***
VolkovDmitri: shows [9d 6h] (two pair, Nines and Sixes)
carina289: mucks hand
VolkovDmitri collected $41.50 from pot
*** SUMMARY ***
Total pot $42 | Rake $0.50
Board [8h Th 9c Kd 6c]
Seat 1: carina289 (button) (small blind) mucked
Seat 4: VolkovDmitri (big blind) showed [9d 6h] and won ($41.50) with two pair, Nines and Sixes


PokerStars Hand #176009728170:  Hold'em Limit ($3/$6 USD) - 2017/09/23 7:16:10 ET
Table 'Polyxo' 6-max Seat #4 is the button
Seat 1: carina289 ($218.50 in chips)
Seat 4: VolkovDmitri ($150.26 in chips)
VolkovDmitri: posts small blind $1
carina289: posts big blind $3
*** HOLE CARDS ***
VolkovDmitri: raises $3 to $6
carina289: calls $3
*** FLOP *** [4c Jh Qs]
carina289: checks
VolkovDmitri: bets $3
carina289: folds
Uncalled bet ($3) returned to VolkovDmitri
VolkovDmitri collected $11.76 from pot
VolkovDmitri: doesn't show hand
*** SUMMARY ***
Total pot $12 | Rake $0.24
Board [4c Jh Qs]
Seat 1: carina289 (big blind) folded on the Flop
Seat 4: VolkovDmitri (button) (small blind) collected ($11.76)


PokerStars Hand #176009744695:  Hold'em Limit ($3/$6 USD) - 2017/09/23 7:16:49 ET
Table 'Polyxo' 6-max Seat #1 is the button
Seat 1: carina289 ($212.50 in chips)
Seat 4: VolkovDmitri ($156.02 in chips)
carina289: posts small blind $1
VolkovDmitri: posts big blind $3
*** HOLE CARDS ***
carina289: raises $3 to $6
VolkovDmitri: raises $3 to $9
carina289: calls $3
*** FLOP *** [Kc Tc 2c]
VolkovDmitri: bets $3
carina289: calls $3
*** TURN *** [Kc Tc 2c] [2h]
VolkovDmitri: checks
carina289: bets $6
VolkovDmitri: calls $6
*** RIVER *** [Kc Tc 2c 2h] [Qh]
VolkovDmitri: checks
carina289: bets $6
VolkovDmitri: folds
Uncalled bet ($6) returned to carina289
carina289 collected $35.50 from pot
carina289: doesn't show hand
*** SUMMARY ***
Total pot $36 | Rake $0.50
Board [Kc Tc 2c 2h Qh]
Seat 1: carina289 (button) (small blind) collected ($35.50)
Seat 4: VolkovDmitri (big blind) folded on the River


PokerStars Hand #176009773919:  Hold'em Limit ($3/$6 USD) - 2017/09/23 7:17:58 ET
Table 'Polyxo' 6-max Seat #4 is the button
Seat 1: carina289 ($230 in chips)
Seat 4: VolkovDmitri ($138.02 in chips)
VolkovDmitri: posts small blind $1
carina289: posts big blind $3
*** HOLE CARDS ***
VolkovDmitri: raises $3 to $6
carina289: calls $3
*** FLOP *** [8d 3s As]
carina289: checks
VolkovDmitri: bets $3
carina289: raises $3 to $6
VolkovDmitri: calls $3
*** TURN *** [8d 3s As] [4s]
carina289: bets $6
VolkovDmitri: folds
Uncalled bet ($6) returned to carina289
carina289 collected $23.52 from pot
carina289: doesn't show hand
*** SUMMARY ***
Total pot $24 | Rake $0.48
Board [8d 3s As 4s]
Seat 1: carina289 (big blind) collected ($23.52)
Seat 4: VolkovDmitri (button) (small blind) folded on the Turn


PokerStars Hand #176009814359:  Hold'em Limit ($3/$6 USD) - 2017/09/23 7:19:33 ET
Table 'Polyxo' 6-max Seat #4 is the button
Seat 1: carina289 ($217.52 in chips)
Seat 4: VolkovDmitri ($149.52 in chips)
VolkovDmitri: posts small blind $1
carina289: posts big blind $3
*** HOLE CARDS ***
VolkovDmitri: raises $3 to $6
carina289: raises $3 to $9
VolkovDmitri: calls $3
*** FLOP *** [4s Qh Kh]
carina289: bets $3
VolkovDmitri: calls $3
*** TURN *** [4s Qh Kh] [8h]
carina289: bets $6
VolkovDmitri: calls $6
*** RIVER *** [4s Qh Kh 8h] [2h]
carina289: bets $6
VolkovDmitri: calls $6
*** SHOW DOWN ***
carina289: shows [5s As] (high card Ace)
VolkovDmitri: shows [Kd 3h] (a flush, King high)
VolkovDmitri collected $47.50 from pot
*** SUMMARY ***
Total pot $48 | Rake $0.50
Board [4s Qh Kh 8h 2h]
Seat 1: carina289 (big blind) showed [5s As] and lost with high card Ace
Seat 4: VolkovDmitri (button) (small blind) showed [Kd 3h] and won ($47.50) with a flush, King high


PokerStars Hand #176009797639:  Hold'em Limit ($3/$6 USD) - 2017/09/23 7:18:54 ET
Table 'Polyxo' 6-max Seat #1 is the button
Seat 1: carina289 ($241.52 in chips)
Seat 4: VolkovDmitri ($126.02 in chips)
carina289: posts small blind $1
VolkovDmitri: posts big blind $3
*** HOLE CARDS ***
carina289: raises $3 to $6
VolkovDmitri: raises $3 to $9
carina289: calls $3
*** FLOP *** [Ks 8c 5h]
VolkovDmitri: bets $3
carina289: calls $3
*** TURN *** [Ks 8c 5h] [4d]
VolkovDmitri: bets $6
carina289: calls $6
*** RIVER *** [Ks 8c 5h 4d] [3c]
VolkovDmitri: bets $6
carina289: calls $6
*** SHOW DOWN ***
VolkovDmitri: shows [Js 8d] (a pair of Eights)
carina289: mucks hand
VolkovDmitri collected $47.50 from pot
*** SUMMARY ***
Total pot $48 | Rake $0.50
Board [Ks 8c 5h 4d 3c]
Seat 1: carina289 (button) (small blind) mucked
Seat 4: VolkovDmitri (big blind) showed [Js 8d] and won ($47.50) with a pair of Eights


PokerStars Hand #176009831748:  Hold'em Limit ($3/$6 USD) - 2017/09/23 7:20:15 ET
Table 'Polyxo' 6-max Seat #1 is the button
Seat 1: carina289 ($193.52 in chips)
Seat 4: VolkovDmitri ($173.02 in chips)
carina289: posts small blind $1
VolkovDmitri: posts big blind $3
*** HOLE CARDS ***
carina289: raises $3 to $6
VolkovDmitri: calls $3
*** FLOP *** [3h 9d 8d]
VolkovDmitri: checks
carina289: bets $3
VolkovDmitri: folds
Uncalled bet ($3) returned to carina289
carina289 collected $11.76 from pot
carina289: doesn't show hand
*** SUMMARY ***
Total pot $12 | Rake $0.24
Board [3h 9d 8d]
Seat 1: carina289 (button) (small blind) collected ($11.76)
Seat 4: VolkovDmitri (big blind) folded on the Flop


PokerStars Hand #176009863282:  Hold'em Limit ($3/$6 USD) - 2017/09/23 7:21:30 ET
Table 'Polyxo' 6-max Seat #4 is the button
Seat 1: carina289 ($210.68 in chips)
Seat 4: VolkovDmitri ($154.78 in chips)
VolkovDmitri: posts small blind $1
carina289: posts big blind $3
*** HOLE CARDS ***
VolkovDmitri: raises $3 to $6
carina289: calls $3
*** FLOP *** [Qs 4s 3c]
carina289: checks
VolkovDmitri: bets $3
carina289: folds
Uncalled bet ($3) returned to VolkovDmitri
VolkovDmitri collected $11.76 from pot
VolkovDmitri: doesn't show hand
*** SUMMARY ***
Total pot $12 | Rake $0.24
Board [Qs 4s 3c]
Seat 1: carina289 (big blind) folded on the Flop
Seat 4: VolkovDmitri (button) (small blind) collected ($11.76)


PokerStars Hand #176009838563:  Hold'em Limit ($3/$6 USD) - 2017/09/23 7:20:31 ET
Table 'Polyxo' 6-max Seat #4 is the button
Seat 1: carina289 ($199.28 in chips)
Seat 4: VolkovDmitri ($167.02 in chips)
VolkovDmitri: posts small blind $1
carina289: posts big blind $3
*** HOLE CARDS ***
VolkovDmitri: raises $3 to $6
carina289: raises $3 to $9
VolkovDmitri: calls $3
*** FLOP *** [9s 4c 9h]
carina289: bets $3
VolkovDmitri: folds
Uncalled bet ($3) returned to carina289
carina289 collected $17.64 from pot
carina289: doesn't show hand
*** SUMMARY ***
Total pot $18 | Rake $0.36
Board [9s 4c 9h]
Seat 1: carina289 (big blind) collected ($17.64)
Seat 4: VolkovDmitri (button) (small blind) folded on the Flop


PokerStars Hand #176009846330:  Hold'em Limit ($3/$6 USD) - 2017/09/23 7:20:49 ET
Table 'Polyxo' 6-max Seat #1 is the button
Seat 1: carina289 ($207.92 in chips)
Seat 4: VolkovDmitri ($158.02 in chips)
carina289: posts small blind $1
VolkovDmitri: posts big blind $3
*** HOLE CARDS ***
carina289: raises $3 to $6
VolkovDmitri: folds
Uncalled bet ($3) returned to carina289
carina289 collected $6 from pot
carina289: doesn't show hand
*** SUMMARY ***
Total pot $6 | Rake $0
Seat 1: carina289 (button) (small blind) collected ($6)
Seat 4: VolkovDmitri (big blind) folded before Flop


PokerStars Hand #176009850165:  Hold'em Limit ($3/$6 USD) - 2017/09/23 7:20:58 ET
Table 'Polyxo' 6-max Seat #4 is the button
Seat 1: carina289 ($210.92 in chips)
Seat 4: VolkovDmitri ($155.02 in chips)
VolkovDmitri: posts small blind $1
carina289: posts big blind $3
*** HOLE CARDS ***
VolkovDmitri: raises $3 to $6
carina289: calls $3
*** FLOP *** [9c 8c 5d]
carina289: checks
VolkovDmitri: bets $3
carina289: folds
Uncalled bet ($3) returned to VolkovDmitri
VolkovDmitri collected $11.76 from pot
VolkovDmitri: doesn't show hand
*** SUMMARY ***
Total pot $12 | Rake $0.24
Board [9c 8c 5d]
Seat 1: carina289 (big blind) folded on the Flop
Seat 4: VolkovDmitri (button) (small blind) collected ($11.76)


PokerStars Hand #176009884184:  Hold'em Limit ($3/$6 USD) - 2017/09/23 7:22:19 ET
Table 'Polyxo' 6-max Seat #4 is the button
Seat 1: carina289 ($189.68 in chips)
Seat 4: VolkovDmitri ($175.04 in chips)
VolkovDmitri: posts small blind $1
carina289: posts big blind $3
*** HOLE CARDS ***
VolkovDmitri: folds
Uncalled bet ($2) returned to carina289
carina289 collected $2 from pot
carina289: doesn't show hand
*** SUMMARY ***
Total pot $2 | Rake $0
Seat 1: carina289 (big blind) collected ($2)
Seat 4: VolkovDmitri (button) (small blind) folded before Flop


PokerStars Hand #176009868404:  Hold'em Limit ($3/$6 USD) - 2017/09/23 7:21:42 ET
Table 'Polyxo' 6-max Seat #1 is the button
Seat 1: carina289 ($204.68 in chips)
Seat 4: VolkovDmitri ($160.54 in chips)
carina289: posts small blind $1
VolkovDmitri: posts big blind $3
*** HOLE CARDS ***
carina289: raises $3 to $6
VolkovDmitri: calls $3
*** FLOP *** [Ts Qd Th]
VolkovDmitri: checks
carina289: bets $3
VolkovDmitri: calls $3
*** TURN *** [Ts Qd Th] [Jc]
VolkovDmitri: checks
carina289: bets $6
VolkovDmitri: calls $6
*** RIVER *** [Ts Qd Th Jc] [Ad]
VolkovDmitri: bets $6
carina289: folds
Uncalled bet ($6) returned to VolkovDmitri
VolkovDmitri collected $29.50 from pot
VolkovDmitri: doesn't show hand
*** SUMMARY ***
Total pot $30 | Rake $0.50
Board [Ts Qd Th Jc Ad]
Seat 1: carina289 (button) (small blind) folded on the River
Seat 4: VolkovDmitri (big blind) collected ($29.50)


PokerStars Hand #176009886768:  Hold'em Limit ($3/$6 USD) - 2017/09/23 7:22:25 ET
Table 'Polyxo' 6-max Seat #1 is the button
Seat 1: carina289 ($190.68 in chips)
Seat 4: VolkovDmitri ($174.04 in chips)
carina289: posts small blind $1
VolkovDmitri: posts big blind $3
*** HOLE CARDS ***
carina289: raises $3 to $6
VolkovDmitri: calls $3
*** FLOP *** [Ah 9d Ad]
VolkovDmitri: checks
carina289: bets $3
VolkovDmitri: calls $3
*** TURN *** [Ah 9d Ad] [2s]
VolkovDmitri: checks
carina289: bets $6
VolkovDmitri: calls $6
*** RIVER *** [Ah 9d Ad 2s] [Kc]
VolkovDmitri: checks
carina289: bets $6
VolkovDmitri: calls $6
*** SHOW DOWN ***
carina289: shows [7h 8c] (a pair of Aces)
VolkovDmitri: shows [9h 5d] (two pair, Aces and Nines)
VolkovDmitri collected $41.50 from pot
*** SUMMARY ***
Total pot $42 | Rake $0.50
Board [Ah 9d Ad 2s Kc]
Seat 1: carina289 (button) (small blind) showed [7h 8c] and lost with a pair of Aces
Seat 4: VolkovDmitri (big blind) showed [9h 5d] and won ($41.50) with two pair, Aces and Nines


PokerStars Hand #176009904888:  Hold'em Limit ($3/$6 USD) - 2017/09/23 7:23:08 ET
Table 'Polyxo' 6-max Seat #4 is the button
Seat 1: carina289 ($169.68 in chips)
Seat 4: VolkovDmitri ($194.54 in chips)
VolkovDmitri: posts small blind $1
carina289: posts big blind $3
*** HOLE CARDS ***
VolkovDmitri: raises $3 to $6
carina289: calls $3
*** FLOP *** [Jc Td 9c]
carina289: checks
VolkovDmitri: bets $3
carina289: raises $3 to $6
VolkovDmitri: folds
Uncalled bet ($3) returned to carina289
carina289 collected $17.64 from pot
carina289: doesn't show hand
*** SUMMARY ***
Total pot $18 | Rake $0.36
Board [Jc Td 9c]
Seat 1: carina289 (big blind) collected ($17.64)
Seat 4: VolkovDmitri (button) (small blind) folded on the Flop


PokerStars Hand #176009916067:  Hold'em Limit ($3/$6 USD) - 2017/09/23 7:23:35 ET
Table 'Polyxo' 6-max Seat #1 is the button
Seat 1: carina289 ($178.32 in chips)
Seat 4: VolkovDmitri ($185.54 in chips)
carina289: posts small blind $1
VolkovDmitri: posts big blind $3
*** HOLE CARDS ***
carina289: raises $3 to $6
VolkovDmitri: calls $3
*** FLOP *** [3h 5c 7h]
VolkovDmitri: checks
carina289: checks
*** TURN *** [3h 5c 7h] [6s]
VolkovDmitri: bets $6
carina289: calls $6
*** RIVER *** [3h 5c 7h 6s] [Qs]
VolkovDmitri: bets $6
carina289: raises $6 to $12
VolkovDmitri: raises $6 to $18
carina289: calls $6
*** SHOW DOWN ***
VolkovDmitri: shows [2h 4h] (a straight, Three to Seven)
carina289: mucks hand
VolkovDmitri collected $59.50 from pot
*** SUMMARY ***
Total pot $60 | Rake $0.50
Board [3h 5c 7h 6s Qs]
Seat 1: carina289 (button) (small blind) mucked
Seat 4: VolkovDmitri (big blind) showed [2h 4h] and won ($59.50) with a straight, Three to Seven


PokerStars Hand #176009934877:  Hold'em Limit ($3/$6 USD) - 2017/09/23 7:24:19 ET
Table 'Polyxo' 6-max Seat #1 is the button
Seat 1: carina289 ($142.32 in chips)
Seat 4: VolkovDmitri ($220.80 in chips)
carina289: posts small blind $1
VolkovDmitri: posts big blind $3
*** HOLE CARDS ***
carina289: folds
Uncalled bet ($2) returned to VolkovDmitri
VolkovDmitri collected $2 from pot
VolkovDmitri: doesn't show hand
*** SUMMARY ***
Total pot $2 | Rake $0
Seat 1: carina289 (button) (small blind) folded before Flop
Seat 4: VolkovDmitri (big blind) collected ($2)


PokerStars Hand #176009928491:  Hold'em Limit ($3/$6 USD) - 2017/09/23 7:24:04 ET
Table 'Polyxo' 6-max Seat #4 is the button
Seat 1: carina289 ($148.32 in chips)
Seat 4: VolkovDmitri ($215.04 in chips)
VolkovDmitri: posts small blind $1
carina289: posts big blind $3
*** HOLE CARDS ***
VolkovDmitri: raises $3 to $6
carina289: calls $3
*** FLOP *** [Qs 8s 6c]
carina289: checks
VolkovDmitri: bets $3
carina289: folds
Uncalled bet ($3) returned to VolkovDmitri
VolkovDmitri collected $11.76 from pot
VolkovDmitri: doesn't show hand
*** SUMMARY ***
Total pot $12 | Rake $0.24
Board [Qs 8s 6c]
Seat 1: carina289 (big blind) folded on the Flop
Seat 4: VolkovDmitri (button) (small blind) collected ($11.76)


PokerStars Hand #176009959491:  Hold'em Limit ($3/$6 USD) - 2017/09/23 7:25:17 ET
Table 'Polyxo' 6-max Seat #4 is the button
Seat 1: carina289 ($116.32 in chips)
Seat 4: VolkovDmitri ($246.30 in chips)
VolkovDmitri: posts small blind $1
carina289: posts big blind $3
*** HOLE CARDS ***
VolkovDmitri: raises $3 to $6
carina289: raises $3 to $9
VolkovDmitri: calls $3
*** FLOP *** [Js 7h 2c]
carina289: bets $3
VolkovDmitri: folds
Uncalled bet ($3) returned to carina289
carina289 collected $17.64 from pot
carina289: doesn't show hand
*** SUMMARY ***
Total pot $18 | Rake $0.36
Board [Js 7h 2c]
Seat 1: carina289 (big blind) collected ($17.64)
Seat 4: VolkovDmitri (button) (small blind) folded on the Flop


PokerStars Hand #176009967067:  Hold'em Limit ($3/$6 USD) - 2017/09/23 7:25:35 ET
Table 'Polyxo' 6-max Seat #1 is the button
Seat 1: carina289 ($124.96 in chips)
Seat 4: VolkovDmitri ($237.30 in chips)
carina289: posts small blind $1
VolkovDmitri: posts big blind $3
*** HOLE CARDS ***
carina289: folds
Uncalled bet ($2) returned to VolkovDmitri
VolkovDmitri collected $2 from pot
VolkovDmitri: doesn't show hand
*** SUMMARY ***
Total pot $2 | Rake $0
Seat 1: carina289 (button) (small blind) folded before Flop
Seat 4: VolkovDmitri (big blind) collected ($2)


PokerStars Hand #176009957235:  Hold'em Limit ($3/$6 USD) - 2017/09/23 7:25:12 ET
Table 'Polyxo' 6-max Seat #1 is the button
Seat 1: carina289 ($117.32 in chips)
Seat 4: VolkovDmitri ($245.30 in chips)
carina289: posts small blind $1
VolkovDmitri: posts big blind $3
*** HOLE CARDS ***
carina289: folds
Uncalled bet ($2) returned to VolkovDmitri
VolkovDmitri collected $2 from pot
VolkovDmitri: doesn't show hand
*** SUMMARY ***
Total pot $2 | Rake $0
Seat 1: carina289 (button) (small blind) folded before Flop
Seat 4: VolkovDmitri (big blind) collected ($2)


PokerStars Hand #176009937062:  Hold'em Limit ($3/$6 USD) - 2017/09/23 7:24:24 ET
Table 'Polyxo' 6-max Seat #4 is the button
Seat 1: carina289 ($141.32 in chips)
Seat 4: VolkovDmitri ($221.80 in chips)
VolkovDmitri: posts small blind $1
carina289: posts big blind $3
*** HOLE CARDS ***
VolkovDmitri: raises $3 to $6
carina289: raises $3 to $9
VolkovDmitri: calls $3
*** FLOP *** [6c Tc 5c]
carina289: bets $3
VolkovDmitri: calls $3
*** TURN *** [6c Tc 5c] [Qd]
carina289: bets $6
VolkovDmitri: calls $6
*** RIVER *** [6c Tc 5c Qd] [Kc]
carina289: bets $6
VolkovDmitri: raises $6 to $12
carina289: folds
Uncalled bet ($6) returned to VolkovDmitri
VolkovDmitri collected $47.50 from pot
VolkovDmitri: doesn't show hand
*** SUMMARY ***
Total pot $48 | Rake $0.50
Board [6c Tc 5c Qd Kc]
Seat 1: carina289 (big blind) folded on the River
Seat 4: VolkovDmitri (button) (small blind) collected ($47.50)


PokerStars Hand #176009996084:  Hold'em Limit ($3/$6 USD) - 2017/09/23 7:26:44 ET
Table 'Polyxo' 6-max Seat #4 is the button
Seat 1: carina289 ($170.96 in chips)
Seat 4: VolkovDmitri ($190.30 in chips)
VolkovDmitri: posts small blind $1
carina289: posts big blind $3
*** HOLE CARDS ***
VolkovDmitri: folds
Uncalled bet ($2) returned to carina289
carina289 collected $2 from pot
carina289: doesn't show hand
*** SUMMARY ***
Total pot $2 | Rake $0
Seat 1: carina289 (big blind) collected ($2)
Seat 4: VolkovDmitri (button) (small blind) folded before Flop


PokerStars Hand #176009969156:  Hold'em Limit ($3/$6 USD) - 2017/09/23 7:25:40 ET
Table 'Polyxo' 6-max Seat #4 is the button
Seat 1: carina289 ($123.96 in chips)
Seat 4: VolkovDmitri ($238.30 in chips)
VolkovDmitri: posts small blind $1
carina289: posts big blind $3
*** HOLE CARDS ***
VolkovDmitri: raises $3 to $6
carina289: calls $3
*** FLOP *** [7d 5d 9d]
carina289: checks
VolkovDmitri: bets $3
carina289: calls $3
*** TURN *** [7d 5d 9d] [5s]
carina289: checks
VolkovDmitri: checks
*** RIVER *** [7d 5d 9d 5s] [Ah]
carina289: bets $6
VolkovDmitri: calls $6
*** SHOW DOWN ***
carina289: shows [5c Tc] (three of a kind, Fives)
VolkovDmitri: mucks hand
carina289 collected $29.50 from pot
*** SUMMARY ***
Total pot $30 | Rake $0.50
Board [7d 5d 9d 5s Ah]
Seat 1: carina289 (big blind) showed [5c Tc] and won ($29.50) with three of a kind, Fives
Seat 4: VolkovDmitri (button) (small blind) mucked


PokerStars Hand #176009979392:  Hold'em Limit ($3/$6 USD) - 2017/09/23 7:26:04 ET
Table 'Polyxo' 6-max Seat #1 is the button
Seat 1: carina289 ($138.46 in chips)
Seat 4: VolkovDmitri ($223.30 in chips)
carina289: posts small blind $1
VolkovDmitri: posts big blind $3
*** HOLE CARDS ***
carina289: raises $3 to $6
VolkovDmitri: raises $3 to $9
carina289: raises $3 to $12
Betting is capped
VolkovDmitri: calls $3
*** FLOP *** [Ac Qc 3c]
VolkovDmitri: bets $3
carina289: calls $3
*** TURN *** [Ac Qc 3c] [Qd]
VolkovDmitri: bets $6
carina289: raises $6 to $12
VolkovDmitri: calls $6
*** RIVER *** [Ac Qc 3c Qd] [2h]
VolkovDmitri: checks
carina289: bets $6
VolkovDmitri: calls $6
*** SHOW DOWN ***
carina289: shows [Qs Ah] (a full house, Queens full of Aces)
VolkovDmitri: mucks hand
carina289 collected $65.50 from pot
*** SUMMARY ***
Total pot $66 | Rake $0.50
Board [Ac Qc 3c Qd 2h]
Seat 1: carina289 (button) (small blind) showed [Qs Ah] and won ($65.50) with a full house, Queens full of Aces
Seat 4: VolkovDmitri (big blind) mucked


PokerStars Hand #176010004983:  Hold'em Limit ($3/$6 USD) - 2017/09/23 7:27:05 ET
Table 'Polyxo' 6-max Seat #4 is the button
Seat 1: carina289 ($177.72 in chips)
Seat 4: VolkovDmitri ($183.30 in chips)
VolkovDmitri: posts small blind $1
carina289: posts big blind $3
*** HOLE CARDS ***
VolkovDmitri: raises $3 to $6
carina289: raises $3 to $9
VolkovDmitri: calls $3
*** FLOP *** [4d 6d Kc]
carina289: bets $3
VolkovDmitri: calls $3
*** TURN *** [4d 6d Kc] [Ah]
carina289: bets $6
VolkovDmitri: raises $6 to $12
carina289: raises $6 to $18
VolkovDmitri: calls $6
*** RIVER *** [4d 6d Kc Ah] [Tc]
carina289: bets $6
VolkovDmitri: raises $6 to $12
carina289: calls $6
*** SHOW DOWN ***
VolkovDmitri: shows [6s Ac] (two pair, Aces and Sixes)
carina289: mucks hand
VolkovDmitri collected $83.50 from pot
*** SUMMARY ***
Total pot $84 | Rake $0.50
Board [4d 6d Kc Ah Tc]
Seat 1: carina289 (big blind) mucked
Seat 4: VolkovDmitri (button) (small blind) showed [6s Ac] and won ($83.50) with two pair, Aces and Sixes


PokerStars Hand #176009998268:  Hold'em Limit ($3/$6 USD) - 2017/09/23 7:26:49 ET
Table 'Polyxo' 6-max Seat #1 is the button
Seat 1: carina289 ($171.96 in chips)
Seat 4: VolkovDmitri ($189.30 in chips)
carina289: posts small blind $1
VolkovDmitri: posts big blind $3
*** HOLE CARDS ***
carina289: raises $3 to $6
VolkovDmitri: calls $3
*** FLOP *** [Kd Ts 4d]
VolkovDmitri: checks
carina289: bets $3
VolkovDmitri: folds
Uncalled bet ($3) returned to carina289
carina289 collected $11.76 from pot
carina289: doesn't show hand
*** SUMMARY ***
Total pot $12 | Rake $0.24
Board [Kd Ts 4d]
Seat 1: carina289 (button) (small blind) collected ($11.76)
Seat 4: VolkovDmitri (big blind) folded on the Flop


PokerStars Hand #176010018763:  Hold'em Limit ($3/$6 USD) - 2017/09/23 7:27:38 ET
Table 'Polyxo' 6-max Seat #1 is the button
Seat 1: carina289 ($135.72 in chips)
Seat 4: VolkovDmitri ($224.80 in chips)
carina289: posts small blind $1
VolkovDmitri: posts big blind $3
*** HOLE CARDS ***
carina289: raises $3 to $6
VolkovDmitri: calls $3
*** FLOP *** [7d Ac Kh]
VolkovDmitri: checks
carina289: bets $3
VolkovDmitri: folds
Uncalled bet ($3) returned to carina289
carina289 collected $11.76 from pot
carina289: doesn't show hand
*** SUMMARY ***
Total pot $12 | Rake $0.24
Board [7d Ac Kh]
Seat 1: carina289 (button) (small blind) collected ($11.76)
Seat 4: VolkovDmitri (big blind) folded on the Flop


PokerStars Hand #176010024239:  Hold'em Limit ($3/$6 USD) - 2017/09/23 7:27:50 ET
Table 'Polyxo' 6-max Seat #4 is the button
Seat 1: carina289 ($141.48 in chips)
Seat 4: VolkovDmitri ($218.80 in chips)
VolkovDmitri: posts small blind $1
carina289: posts big blind $3
*** HOLE CARDS ***
VolkovDmitri: raises $3 to $6
carina289: raises $3 to $9
VolkovDmitri: calls $3
*** FLOP *** [7c 4s 2c]
carina289: bets $3
VolkovDmitri: calls $3
*** TURN *** [7c 4s 2c] [8d]
carina289: bets $6
VolkovDmitri: calls $6
*** RIVER *** [7c 4s 2c 8d] [7h]
carina289: bets $6
VolkovDmitri: calls $6
*** SHOW DOWN ***
carina289: shows [Qc 3c] (a pair of Sevens)
VolkovDmitri: shows [Ts Ah] (a pair of Sevens - Ace kicker)
VolkovDmitri collected $47.50 from pot
*** SUMMARY ***
Total pot $48 | Rake $0.50
Board [7c 4s 2c 8d 7h]
Seat 1: carina289 (big blind) showed [Qc 3c] and lost with a pair of Sevens
Seat 4: VolkovDmitri (button) (small blind) showed [Ts Ah] and won ($47.50) with a pair of Sevens


PokerStars Hand #176010037642:  Hold'em Limit ($3/$6 USD) - 2017/09/23 7:28:22 ET
Table 'Polyxo' 6-max Seat #1 is the button
Seat 1: carina289 ($117.48 in chips)
Seat 4: VolkovDmitri ($242.30 in chips)
carina289: posts small blind $1
VolkovDmitri: posts big blind $3
*** HOLE CARDS ***
carina289: raises $3 to $6
VolkovDmitri: calls $3
*** FLOP *** [Ks 7s Ts]
VolkovDmitri: checks
carina289: bets $3
VolkovDmitri: raises $3 to $6
carina289: calls $3
*** TURN *** [Ks 7s Ts] [Qh]
VolkovDmitri: bets $6
carina289: calls $6
*** RIVER *** [Ks 7s Ts Qh] [7d]
VolkovDmitri: bets $6
carina289: raises $6 to $12
VolkovDmitri: calls $6
*** SHOW DOWN ***
carina289: shows [7h 5s] (three of a kind, Sevens)
VolkovDmitri: mucks hand
carina289 collected $59.50 from pot
*** SUMMARY ***
Total pot $60 | Rake $0.50
Board [Ks 7s Ts Qh 7d]
Seat 1: carina289 (button) (small blind) showed [7h 5s] and won ($59.50) with three of a kind, Sevens
Seat 4: VolkovDmitri (big blind) mucked


PokerStars Hand #176010059923:  Hold'em Limit ($3/$6 USD) - 2017/09/23 7:29:14 ET
Table 'Polyxo' 6-max Seat #4 is the button
Seat 1: carina289 ($146.98 in chips)
Seat 4: VolkovDmitri ($212.30 in chips)
VolkovDmitri: posts small blind $1
carina289: posts big blind $3
*** HOLE CARDS ***
VolkovDmitri: raises $3 to $6
carina289: calls $3
*** FLOP *** [3d 8h Kc]
carina289: checks
VolkovDmitri: bets $3
carina289: calls $3
*** TURN *** [3d 8h Kc] [3s]
carina289: checks
VolkovDmitri: checks
*** RIVER *** [3d 8h Kc 3s] [Kh]
carina289: bets $6
VolkovDmitri: calls $6
*** SHOW DOWN ***
carina289: shows [As 6d] (two pair, Kings and Threes)
VolkovDmitri: shows [Ac Ts] (two pair, Kings and Threes)
carina289 collected $14.75 from pot
VolkovDmitri collected $14.75 from pot
*** SUMMARY ***
Total pot $30 | Rake $0.50
Board [3d 8h Kc 3s Kh]
Seat 1: carina289 (big blind) showed [As 6d] and won ($14.75) with two pair, Kings and Threes
Seat 4: VolkovDmitri (button) (small blind) showed [Ac Ts] and won ($14.75) with two pair, Kings and Threes


PokerStars Hand #176010073025:  Hold'em Limit ($3/$6 USD) - 2017/09/23 7:29:45 ET
Table 'Polyxo' 6-max Seat #1 is the button
Seat 1: carina289 ($146.73 in chips)
Seat 4: VolkovDmitri ($212.05 in chips)
carina289: posts small blind $1
VolkovDmitri: posts big blind $3
*** HOLE CARDS ***
carina289: raises $3 to $6
VolkovDmitri: calls $3
*** FLOP *** [5s 4s Jc]
VolkovDmitri: checks
carina289: bets $3
VolkovDmitri: calls $3
*** TURN *** [5s 4s Jc] [Qc]
VolkovDmitri: checks
carina289: checks
*** RIVER *** [5s 4s Jc Qc] [3c]
VolkovDmitri: bets $6
carina289: folds
Uncalled bet ($6) returned to VolkovDmitri
VolkovDmitri collected $17.64 from pot
VolkovDmitri: doesn't show hand
*** SUMMARY ***
Total pot $18 | Rake $0.36
Board [5s 4s Jc Qc 3c]
Seat 1: carina289 (button) (small blind) folded on the River
Seat 4: VolkovDmitri (big blind) collected ($17.64)


PokerStars Hand #176010081278:  Hold'em Limit ($3/$6 USD) - 2017/09/23 7:30:04 ET
Table 'Polyxo' 6-max Seat #4 is the button
Seat 1: carina289 ($137.73 in chips)
Seat 4: VolkovDmitri ($220.69 in chips)
VolkovDmitri: posts small blind $1
carina289: posts big blind $3
*** HOLE CARDS ***
VolkovDmitri: raises $3 to $6
carina289: raises $3 to $9
VolkovDmitri: calls $3
*** FLOP *** [9d Ks 2h]
carina289: bets $3
VolkovDmitri: calls $3
*** TURN *** [9d Ks 2h] [7c]
carina289: bets $6
VolkovDmitri: calls $6
*** RIVER *** [9d Ks 2h 7c] [7d]
carina289: bets $6
VolkovDmitri: calls $6
*** SHOW DOWN ***
carina289: shows [4c 4h] (two pair, Sevens and Fours)
VolkovDmitri: shows [5h 9s] (two pair, Nines and Sevens)
picsel37 joins the table at seat #2
VolkovDmitri collected $47.50 from pot
*** SUMMARY ***
Total pot $48 | Rake $0.50
Board [9d Ks 2h 7c 7d]
Seat 1: carina289 (big blind) showed [4c 4h] and lost with two pair, Sevens and Fours
Seat 4: VolkovDmitri (button) (small blind) showed [5h 9s] and won ($47.50) with two pair, Nines and Sevens


PokerStars Hand #176010903848:  Hold'em Limit ($3/$6 USD) - 2017/09/23 8:01:29 ET
Table 'Polyxo' 6-max Seat #4 is the button
Seat 1: carina289 ($244.02 in chips)
Seat 4: zimin10 ($145.54 in chips)
zimin10: posts small blind $1
carina289: posts big blind $3
*** HOLE CARDS ***
zimin10: raises $3 to $6
carina289: calls $3
*** FLOP *** [6h Js Ad]
carina289: checks
zimin10: bets $3
carina289: folds
Uncalled bet ($3) returned to zimin10
zimin10 collected $11.76 from pot
*** SUMMARY ***
Total pot $12 | Rake $0.24
Board [6h Js Ad]
Seat 1: carina289 (big blind) folded on the Flop
Seat 4: zimin10 (button) (small blind) collected ($11.76)


PokerStars Hand #176010901031:  Hold'em Limit ($3/$6 USD) - 2017/09/23 8:01:23 ET
Table 'Polyxo' 6-max Seat #1 is the button
Seat 1: carina289 ($245.02 in chips)
Seat 4: zimin10 ($144.54 in chips)
carina289: posts small blind $1
zimin10: posts big blind $3
*** HOLE CARDS ***
carina289: folds
Uncalled bet ($2) returned to zimin10
zimin10 collected $2 from pot
*** SUMMARY ***
Total pot $2 | Rake $0
Seat 1: carina289 (button) (small blind) folded before Flop
Seat 4: zimin10 (big blind) collected ($2)


PokerStars Hand #176010877433:  Hold'em Limit ($3/$6 USD) - 2017/09/23 8:00:28 ET
Table 'Polyxo' 6-max Seat #4 is the button
Seat 1: carina289 ($266.02 in chips)
Seat 4: zimin10 ($124.04 in chips)
zimin10: posts small blind $1
carina289: posts big blind $3
*** HOLE CARDS ***
zimin10: raises $3 to $6
carina289: calls $3
*** FLOP *** [8d Ah 6s]
carina289: checks
zimin10: bets $3
carina289: calls $3
*** TURN *** [8d Ah 6s] [3d]
carina289: checks
zimin10: bets $6
carina289: calls $6
*** RIVER *** [8d Ah 6s 3d] [3h]
carina289: checks
zimin10: bets $6
carina289: calls $6
*** SHOW DOWN ***
zimin10: shows [Ad 4s] (two pair, Aces and Threes)
carina289: mucks hand
zimin10 collected $41.50 from pot
*** SUMMARY ***
Total pot $42 | Rake $0.50
Board [8d Ah 6s 3d 3h]
Seat 1: carina289 (big blind) mucked
Seat 4: zimin10 (button) (small blind) showed [Ad 4s] and won ($41.50) with two pair, Aces and Threes


PokerStars Hand #176010910920:  Hold'em Limit ($3/$6 USD) - 2017/09/23 8:01:45 ET
Table 'Polyxo' 6-max Seat #1 is the button
Seat 1: carina289 ($238.02 in chips)
Seat 4: zimin10 ($151.30 in chips)
carina289: posts small blind $1
zimin10: posts big blind $3
*** HOLE CARDS ***
carina289: raises $3 to $6
zimin10: calls $3
*** FLOP *** [8d As 7c]
zimin10: checks
carina289: bets $3
zimin10: raises $3 to $6
carina289: calls $3
*** TURN *** [8d As 7c] [Ks]
zimin10: bets $6
carina289: calls $6
*** RIVER *** [8d As 7c Ks] [Jh]
zimin10: bets $6
carina289: raises $6 to $12
zimin10: folds
Uncalled bet ($6) returned to carina289
carina289 collected $47.50 from pot
carina289: doesn't show hand
*** SUMMARY ***
Total pot $48 | Rake $0.50
Board [8d As 7c Ks Jh]
Seat 1: carina289 (button) (small blind) collected ($47.50)
Seat 4: zimin10 (big blind) folded on the River


PokerStars Hand #176010929843:  Hold'em Limit ($3/$6 USD) - 2017/09/23 8:02:27 ET
Table 'Polyxo' 6-max Seat #4 is the button
Seat 1: carina289 ($261.52 in chips)
Seat 4: zimin10 ($127.30 in chips)
zimin10: posts small blind $1
carina289: posts big blind $3
*** HOLE CARDS ***
zimin10: raises $3 to $6
carina289: calls $3
*** FLOP *** [8s 7s Kh]
carina289: checks
zimin10: bets $3
carina289: calls $3
*** TURN *** [8s 7s Kh] [As]
carina289: checks
zimin10: bets $6
carina289: folds
Uncalled bet ($6) returned to zimin10
zimin10 collected $17.64 from pot
*** SUMMARY ***
Total pot $18 | Rake $0.36
Board [8s 7s Kh As]
Seat 1: carina289 (big blind) folded on the Turn
Seat 4: zimin10 (button) (small blind) collected ($17.64)


PokerStars Hand #176010940825:  Hold'em Limit ($3/$6 USD) - 2017/09/23 8:02:52 ET
Table 'Polyxo' 6-max Seat #1 is the button
Seat 1: carina289 ($252.52 in chips)
Seat 4: zimin10 ($135.94 in chips)
carina289: posts small blind $1
zimin10: posts big blind $3
*** HOLE CARDS ***
carina289: folds
Uncalled bet ($2) returned to zimin10
zimin10 collected $2 from pot
*** SUMMARY ***
Total pot $2 | Rake $0
Seat 1: carina289 (button) (small blind) folded before Flop
Seat 4: zimin10 (big blind) collected ($2)


PokerStars Hand #176010951986:  Hold'em Limit ($3/$6 USD) - 2017/09/23 8:03:16 ET
Table 'Polyxo' 6-max Seat #4 is the button
Seat 1: carina289 ($251.52 in chips)
Seat 4: zimin10 ($136.94 in chips)
zimin10: posts small blind $1
carina289: posts big blind $3
*** HOLE CARDS ***
zimin10: raises $3 to $6
carina289: calls $3
*** FLOP *** [Qc 8h Jd]
carina289: checks
zimin10: bets $3
carina289: raises $3 to $6
zimin10: calls $3
*** TURN *** [Qc 8h Jd] [7h]
carina289: bets $6
zimin10: folds
Uncalled bet ($6) returned to carina289
carina289 collected $23.52 from pot
carina289: doesn't show hand
*** SUMMARY ***
Total pot $24 | Rake $0.48
Board [Qc 8h Jd 7h]
Seat 1: carina289 (big blind) collected ($23.52)
Seat 4: zimin10 (button) (small blind) folded on the Turn


PokerStars Hand #176010945495:  Hold'em Limit ($3/$6 USD) - 2017/09/23 8:03:02 ET
Table 'Polyxo' 6-max Seat #1 is the button
Seat 1: carina289 ($252.52 in chips)
Seat 4: zimin10 ($135.94 in chips)
carina289: posts small blind $1
zimin10: posts big blind $3
*** HOLE CARDS ***
carina289: folds
Uncalled bet ($2) returned to zimin10
zimin10 collected $2 from pot
*** SUMMARY ***
Total pot $2 | Rake $0
Seat 1: carina289 (button) (small blind) folded before Flop
Seat 4: zimin10 (big blind) collected ($2)


PokerStars Hand #176010970496:  Hold'em Limit ($3/$6 USD) - 2017/09/23 8:03:56 ET
Table 'Polyxo' 6-max Seat #1 is the button
Seat 1: carina289 ($263.04 in chips)
Seat 4: zimin10 ($124.94 in chips)
carina289: posts small blind $1
zimin10: posts big blind $3
*** HOLE CARDS ***
carina289: raises $3 to $6
zimin10: calls $3
*** FLOP *** [Ks Td 9s]
zimin10: checks
carina289: bets $3
zimin10: calls $3
*** TURN *** [Ks Td 9s] [4s]
zimin10: checks
carina289: bets $6
zimin10: calls $6
*** RIVER *** [Ks Td 9s 4s] [5s]
zimin10: checks
carina289: bets $6
zimin10: folds
Uncalled bet ($6) returned to carina289
carina289 collected $29.50 from pot
carina289: doesn't show hand
*** SUMMARY ***
Total pot $30 | Rake $0.50
Board [Ks Td 9s 4s 5s]
Seat 1: carina289 (button) (small blind) collected ($29.50)
Seat 4: zimin10 (big blind) folded on the River


PokerStars Hand #176010992887:  Hold'em Limit ($3/$6 USD) - 2017/09/23 8:04:45 ET
Table 'Polyxo' 6-max Seat #4 is the button
Seat 1: carina289 ($277.54 in chips)
Seat 4: zimin10 ($109.94 in chips)
zimin10: posts small blind $1
carina289: posts big blind $3
*** HOLE CARDS ***
zimin10: raises $3 to $6
carina289: calls $3
*** FLOP *** [4s 2h Tc]
carina289: checks
zimin10: bets $3
carina289: calls $3
*** TURN *** [4s 2h Tc] [7s]
carina289: checks
zimin10: bets $6
carina289: folds
Uncalled bet ($6) returned to zimin10
zimin10 collected $17.64 from pot
*** SUMMARY ***
Total pot $18 | Rake $0.36
Board [4s 2h Tc 7s]
Seat 1: carina289 (big blind) folded on the Turn
Seat 4: zimin10 (button) (small blind) collected ($17.64)


PokerStars Hand #176011005182:  Hold'em Limit ($3/$6 USD) - 2017/09/23 8:05:11 ET
Table 'Polyxo' 6-max Seat #1 is the button
Seat 1: carina289 ($268.54 in chips)
Seat 4: zimin10 ($118.58 in chips)
carina289: posts small blind $1
zimin10: posts big blind $3
*** HOLE CARDS ***
carina289: folds
Uncalled bet ($2) returned to zimin10
zimin10 collected $2 from pot
*** SUMMARY ***
Total pot $2 | Rake $0
Seat 1: carina289 (button) (small blind) folded before Flop
Seat 4: zimin10 (big blind) collected ($2)


PokerStars Hand #176011011081:  Hold'em Limit ($3/$6 USD) - 2017/09/23 8:05:24 ET
Table 'Polyxo' 6-max Seat #1 is the button
Seat 1: carina289 ($268.54 in chips)
Seat 4: zimin10 ($118.58 in chips)
carina289: posts small blind $1
zimin10: posts big blind $3
*** HOLE CARDS ***
carina289: calls $2
zimin10: checks
*** FLOP *** [Ac 9h 3c]
zimin10: bets $3
carina289: folds
Uncalled bet ($3) returned to zimin10
zimin10 collected $5.88 from pot
*** SUMMARY ***
Total pot $6 | Rake $0.12
Board [Ac 9h 3c]
Seat 1: carina289 (button) (small blind) folded on the Flop
Seat 4: zimin10 (big blind) collected ($5.88)


PokerStars Hand #176011017271:  Hold'em Limit ($3/$6 USD) - 2017/09/23 8:05:38 ET
Table 'Polyxo' 6-max Seat #4 is the button
Seat 1: carina289 ($265.54 in chips)
Seat 4: zimin10 ($121.46 in chips)
zimin10: posts small blind $1
carina289: posts big blind $3
*** HOLE CARDS ***
zimin10: raises $3 to $6
carina289: calls $3
*** FLOP *** [4h 9h 5c]
carina289: checks
zimin10: bets $3
carina289: raises $3 to $6
zimin10: calls $3
*** TURN *** [4h 9h 5c] [Ac]
carina289: bets $6
zimin10: raises $6 to $12
carina289: calls $6
*** RIVER *** [4h 9h 5c Ac] [3s]
carina289: checks
zimin10: bets $6
carina289: calls $6
*** SHOW DOWN ***
zimin10: shows [Ad 7c] (a pair of Aces)
carina289: mucks hand
zimin10 collected $59.50 from pot
*** SUMMARY ***
Total pot $60 | Rake $0.50
Board [4h 9h 5c Ac 3s]
Seat 1: carina289 (big blind) mucked
Seat 4: zimin10 (button) (small blind) showed [Ad 7c] and won ($59.50) with a pair of Aces


PokerStars Hand #176011039092:  Hold'em Limit ($3/$6 USD) - 2017/09/23 8:06:26 ET
Table 'Polyxo' 6-max Seat #1 is the button
Seat 1: carina289 ($235.54 in chips)
Seat 4: zimin10 ($150.96 in chips)
carina289: posts small blind $1
zimin10: posts big blind $3
*** HOLE CARDS ***
carina289: raises $3 to $6
zimin10: calls $3
*** FLOP *** [Qs Tc 5c]
zimin10: checks
carina289: bets $3
zimin10: raises $3 to $6
carina289: calls $3
*** TURN *** [Qs Tc 5c] [4h]
zimin10: bets $6
carina289: calls $6
*** RIVER *** [Qs Tc 5c 4h] [As]
zimin10: bets $6
carina289: calls $6
*** SHOW DOWN ***
zimin10: shows [Ts Qd] (two pair, Queens and Tens)
carina289: mucks hand
zimin10 collected $47.50 from pot
*** SUMMARY ***
Total pot $48 | Rake $0.50
Board [Qs Tc 5c 4h As]
Seat 1: carina289 (button) (small blind) mucked
Seat 4: zimin10 (big blind) showed [Ts Qd] and won ($47.50) with two pair, Queens and Tens


PokerStars Hand #176011066726:  Hold'em Limit ($3/$6 USD) - 2017/09/23 8:07:26 ET
Table 'Polyxo' 6-max Seat #1 is the button
Seat 1: carina289 ($187.54 in chips)
Seat 4: zimin10 ($197.96 in chips)
carina289: posts small blind $1
zimin10: posts big blind $3
*** HOLE CARDS ***
carina289: folds
Uncalled bet ($2) returned to zimin10
zimin10 collected $2 from pot
*** SUMMARY ***
Total pot $2 | Rake $0
Seat 1: carina289 (button) (small blind) folded before Flop
Seat 4: zimin10 (big blind) collected ($2)


PokerStars Hand #176011053678:  Hold'em Limit ($3/$6 USD) - 2017/09/23 8:06:58 ET
Table 'Polyxo' 6-max Seat #4 is the button
Seat 1: carina289 ($211.54 in chips)
Seat 4: zimin10 ($174.46 in chips)
zimin10: posts small blind $1
carina289: posts big blind $3
*** HOLE CARDS ***
zimin10: raises $3 to $6
carina289: raises $3 to $9
zimin10: calls $3
*** FLOP *** [4h 2c Th]
carina289: bets $3
zimin10: calls $3
*** TURN *** [4h 2c Th] [Qd]
carina289: bets $6
zimin10: calls $6
*** RIVER *** [4h 2c Th Qd] [3c]
carina289: bets $6
zimin10: calls $6
*** SHOW DOWN ***
carina289: shows [8h 7s] (high card Queen)
zimin10: shows [Qc Ks] (a pair of Queens)
zimin10 collected $47.50 from pot
*** SUMMARY ***
Total pot $48 | Rake $0.50
Board [4h 2c Th Qd 3c]
Seat 1: carina289 (big blind) showed [8h 7s] and lost with high card Queen
Seat 4: zimin10 (button) (small blind) showed [Qc Ks] and won ($47.50) with a pair of Queens


PokerStars Hand #176011090864:  Hold'em Limit ($3/$6 USD) - 2017/09/23 8:08:18 ET
Table 'Polyxo' 6-max Seat #1 is the button
Seat 1: carina289 ($168.54 in chips)
Seat 4: zimin10 ($216.46 in chips)
carina289: posts small blind $1
zimin10: posts big blind $3
*** HOLE CARDS ***
carina289: raises $3 to $6
zimin10: calls $3
*** FLOP *** [Kh 9c 6d]
zimin10: checks
carina289: bets $3
zimin10: raises $3 to $6
carina289: calls $3
*** TURN *** [Kh 9c 6d] [7h]
zimin10: bets $6
carina289: calls $6
*** RIVER *** [Kh 9c 6d 7h] [2s]
zimin10: bets $6
carina289: calls $6
*** SHOW DOWN ***
zimin10: shows [Qc Qh] (a pair of Queens)
carina289: mucks hand
zimin10 collected $47.50 from pot
*** SUMMARY ***
Total pot $48 | Rake $0.50
Board [Kh 9c 6d 7h 2s]
Seat 1: carina289 (button) (small blind) mucked
Seat 4: zimin10 (big blind) showed [Qc Qh] and won ($47.50) with a pair of Queens


PokerStars Hand #176011088590:  Hold'em Limit ($3/$6 USD) - 2017/09/23 8:08:13 ET
Table 'Polyxo' 6-max Seat #4 is the button
Seat 1: carina289 ($167.54 in chips)
Seat 4: zimin10 ($217.46 in chips)
zimin10: posts small blind $1
carina289: posts big blind $3
*** HOLE CARDS ***
zimin10: folds
Uncalled bet ($2) returned to carina289
carina289 collected $2 from pot
carina289: doesn't show hand
*** SUMMARY ***
Total pot $2 | Rake $0
Seat 1: carina289 (big blind) collected ($2)
Seat 4: zimin10 (button) (small blind) folded before Flop


PokerStars Hand #176011086031:  Hold'em Limit ($3/$6 USD) - 2017/09/23 8:08:08 ET
Table 'Polyxo' 6-max Seat #1 is the button
Seat 1: carina289 ($168.54 in chips)
Seat 4: zimin10 ($216.46 in chips)
carina289: posts small blind $1
zimin10: posts big blind $3
*** HOLE CARDS ***
carina289: folds
Uncalled bet ($2) returned to zimin10
zimin10 collected $2 from pot
*** SUMMARY ***
Total pot $2 | Rake $0
Seat 1: carina289 (button) (small blind) folded before Flop
Seat 4: zimin10 (big blind) collected ($2)


PokerStars Hand #176011069044:  Hold'em Limit ($3/$6 USD) - 2017/09/23 8:07:31 ET
Table 'Polyxo' 6-max Seat #4 is the button
Seat 1: carina289 ($186.54 in chips)
Seat 4: zimin10 ($198.96 in chips)
zimin10: posts small blind $1
carina289: posts big blind $3
*** HOLE CARDS ***
zimin10: raises $3 to $6
carina289: raises $3 to $9
zimin10: calls $3
*** FLOP *** [Qs Jc Kh]
carina289: bets $3
zimin10: calls $3
*** TURN *** [Qs Jc Kh] [Td]
carina289: bets $6
zimin10: raises $6 to $12
carina289: folds
Uncalled bet ($6) returned to zimin10
zimin10 collected $35.50 from pot
*** SUMMARY ***
Total pot $36 | Rake $0.50
Board [Qs Jc Kh Td]
Seat 1: carina289 (big blind) folded on the Turn
Seat 4: zimin10 (button) (small blind) collected ($35.50)


PokerStars Hand #176011123986:  Hold'em Limit ($3/$6 USD) - 2017/09/23 8:09:29 ET
Table 'Polyxo' 6-max Seat #4 is the button
Seat 1: carina289 ($156.18 in chips)
Seat 4: zimin10 ($227.96 in chips)
zimin10: posts small blind $1
carina289: posts big blind $3
*** HOLE CARDS ***
zimin10: folds
Uncalled bet ($2) returned to carina289
carina289 collected $2 from pot
carina289: doesn't show hand
*** SUMMARY ***
Total pot $2 | Rake $0
Seat 1: carina289 (big blind) collected ($2)
Seat 4: zimin10 (button) (small blind) folded before Flop


PokerStars Hand #176011119436:  Hold'em Limit ($3/$6 USD) - 2017/09/23 8:09:20 ET
Table 'Polyxo' 6-max Seat #1 is the button
Seat 1: carina289 ($153.18 in chips)
Seat 4: zimin10 ($230.96 in chips)
carina289: posts small blind $1
zimin10: posts big blind $3
*** HOLE CARDS ***
carina289: raises $3 to $6
zimin10: folds
Uncalled bet ($3) returned to carina289
carina289 collected $6 from pot
carina289: doesn't show hand
*** SUMMARY ***
Total pot $6 | Rake $0
Seat 1: carina289 (button) (small blind) collected ($6)
Seat 4: zimin10 (big blind) folded before Flop


PokerStars Hand #176011104497:  Hold'em Limit ($3/$6 USD) - 2017/09/23 8:08:48 ET
Table 'Polyxo' 6-max Seat #4 is the button
Seat 1: carina289 ($144.54 in chips)
Seat 4: zimin10 ($239.96 in chips)
zimin10: posts small blind $1
carina289: posts big blind $3
*** HOLE CARDS ***
zimin10: raises $3 to $6
carina289: raises $3 to $9
zimin10: calls $3
*** FLOP *** [5c 7d 6h]
carina289: bets $3
zimin10: folds
Uncalled bet ($3) returned to carina289
carina289 collected $17.64 from pot
carina289: doesn't show hand
*** SUMMARY ***
Total pot $18 | Rake $0.36
Board [5c 7d 6h]
Seat 1: carina289 (big blind) collected ($17.64)
Seat 4: zimin10 (button) (small blind) folded on the Flop


PokerStars Hand #176011126757:  Hold'em Limit ($3/$6 USD) - 2017/09/23 8:09:35 ET
Table 'Polyxo' 6-max Seat #1 is the button
Seat 1: carina289 ($157.18 in chips)
Seat 4: zimin10 ($226.96 in chips)
carina289: posts small blind $1
zimin10: posts big blind $3
*** HOLE CARDS ***
carina289: raises $3 to $6
zimin10: calls $3
*** FLOP *** [2c 7s Ac]
michehh5 joins the table at seat #6
zimin10: checks
carina289: bets $3
zimin10: raises $3 to $6
chebob joins the table at seat #3
carina289: calls $3
*** TURN *** [2c 7s Ac] [4c]
zimin10: bets $6
carina289: calls $6
*** RIVER *** [2c 7s Ac 4c] [Kd]
zimin10: checks
carina289: bets $6
zimin10: calls $6
*** SHOW DOWN ***
carina289: shows [7h 9c] (a pair of Sevens)
zimin10: shows [Js Jh] (a pair of Jacks)
zimin10 collected $47.50 from pot
*** SUMMARY ***
Total pot $48 | Rake $0.50
Board [2c 7s Ac 4c Kd]
Seat 1: carina289 (button) (small blind) showed [7h 9c] and lost with a pair of Sevens
Seat 4: zimin10 (big blind) showed [Js Jh] and won ($47.50) with a pair of Jacks


PokerStars Hand #176011472548:  Hold'em Limit ($3/$6 USD) - 2017/09/23 8:21:45 ET
Table 'Polyxo' 6-max Seat #6 is the button
Seat 4: zimin10 ($188.96 in chips)
Seat 6: michehh5 ($102.23 in chips)
michehh5: posts small blind $1
zimin10: posts big blind $3
*** HOLE CARDS ***
michehh5: folds
Uncalled bet ($2) returned to zimin10
zimin10 collected $2 from pot
*** SUMMARY ***
Total pot $2 | Rake $0
Seat 4: zimin10 (big blind) collected ($2)
Seat 6: michehh5 (button) (small blind) folded before Flop


PokerStars Hand #176011455374:  Hold'em Limit ($3/$6 USD) - 2017/09/23 8:21:09 ET
Table 'Polyxo' 6-max Seat #4 is the button
Seat 4: zimin10 ($197.96 in chips)
Seat 6: michehh5 ($93.59 in chips)
zimin10: posts small blind $1
michehh5: posts big blind $3
*** HOLE CARDS ***
zimin10: raises $3 to $6
michehh5: calls $3
*** FLOP *** [Ks 9h 8h]
michehh5: checks
zimin10: bets $3
michehh5: calls $3
*** TURN *** [Ks 9h 8h] [3h]
michehh5: checks
zimin10: checks
*** RIVER *** [Ks 9h 8h 3h] [3c]
michehh5: bets $6
zimin10: folds
Uncalled bet ($6) returned to michehh5
michehh5 collected $17.64 from pot
michehh5: doesn't show hand
*** SUMMARY ***
Total pot $18 | Rake $0.36
Board [Ks 9h 8h 3h 3c]
Seat 4: zimin10 (button) (small blind) folded on the River
Seat 6: michehh5 (big blind) collected ($17.64)


PokerStars Hand #176011429999:  Hold'em Limit ($3/$6 USD) - 2017/09/23 8:20:17 ET
Table 'Polyxo' 6-max Seat #6 is the button
Seat 4: zimin10 ($168.46 in chips)
Seat 6: michehh5 ($123.59 in chips)
michehh5: posts small blind $1
zimin10: posts big blind $3
*** HOLE CARDS ***
michehh5: raises $3 to $6
zimin10: raises $3 to $9
michehh5: calls $3
*** FLOP *** [3c 4s 9h]
zimin10: bets $3
michehh5: calls $3
*** TURN *** [3c 4s 9h] [Jc]
zimin10: bets $6
michehh5: calls $6
*** RIVER *** [3c 4s 9h Jc] [7h]
zimin10: bets $6
michehh5: raises $6 to $12
zimin10: calls $6
*** SHOW DOWN ***
michehh5: shows [9d 8h] (a pair of Nines)
zimin10: shows [Td Tc] (a pair of Tens)
zimin10 collected $59.50 from pot
*** SUMMARY ***
Total pot $60 | Rake $0.50
Board [3c 4s 9h Jc 7h]
Seat 4: zimin10 (big blind) showed [Td Tc] and won ($59.50) with a pair of Tens
Seat 6: michehh5 (button) (small blind) showed [9d 8h] and lost with a pair of Nines


PokerStars Hand #176011475148:  Hold'em Limit ($3/$6 USD) - 2017/09/23 8:21:50 ET
Table 'Polyxo' 6-max Seat #4 is the button
Seat 4: zimin10 ($189.96 in chips)
Seat 6: michehh5 ($101.23 in chips)
zimin10: posts small blind $1
michehh5: posts big blind $3
*** HOLE CARDS ***
zimin10: raises $3 to $6
michehh5: raises $3 to $9
zimin10: calls $3
*** FLOP *** [7h Qs 6c]
michehh5: checks
zimin10: checks
*** TURN *** [7h Qs 6c] [5d]
michehh5: bets $6
zimin10: calls $6
*** RIVER *** [7h Qs 6c 5d] [Ks]
michehh5: bets $6
zimin10: folds
Uncalled bet ($6) returned to michehh5
michehh5 collected $29.50 from pot
michehh5: doesn't show hand
*** SUMMARY ***
Total pot $30 | Rake $0.50
Board [7h Qs 6c 5d Ks]
Seat 4: zimin10 (button) (small blind) folded on the River
Seat 6: michehh5 (big blind) collected ($29.50)


PokerStars Hand #176011832742:  Hold'em Limit ($3/$6 USD) - 2017/09/23 8:34:08 ET
Table 'Polyxo' 6-max Seat #1 is the button
Seat 1: carina289 ($85.23 in chips)
Seat 2: S.BLACK 71 ($24.26 in chips)
carina289: posts small blind $1
S.BLACK 71: posts big blind $3
*** HOLE CARDS ***
carina289: raises $3 to $6
S.BLACK 71: raises $3 to $9
carina289: calls $3
*** FLOP *** [Jh 9s Ad]
S.BLACK 71: bets $3
carina289: calls $3
*** TURN *** [Jh 9s Ad] [Td]
michehh5 leaves the table
S.BLACK 71: bets $6
carina289: calls $6
*** RIVER *** [Jh 9s Ad Td] [Kh]
S.BLACK 71: bets $6
carina289: calls $6
*** SHOW DOWN ***
S.BLACK 71: shows [Kd Qc] (a straight, Ten to Ace)
carina289: mucks hand
S.BLACK 71 collected $47.50 from pot
*** SUMMARY ***
Total pot $48 | Rake $0.50
Board [Jh 9s Ad Td Kh]
Seat 1: carina289 (button) (small blind) mucked
Seat 2: S.BLACK 71 (big blind) showed [Kd Qc] and won ($47.50) with a straight, Ten to Ace


PokerStars Hand #176013765330:  Hold'em Limit ($3/$6 USD) - 2017/09/23 9:35:07 ET
Table 'Polyxo' 6-max Seat #4 is the button
Seat 4: masterblstr8 ($240.25 in chips)
Seat 5: PrayFTR ($95.16 in chips)
masterblstr8: posts small blind $1
PrayFTR: posts big blind $3
*** HOLE CARDS ***
masterblstr8: raises $3 to $6
PrayFTR: calls $3
*** FLOP *** [Kc Qd 2s]
PrayFTR: checks
masterblstr8: bets $3
PrayFTR: calls $3
*** TURN *** [Kc Qd 2s] [Ad]
PrayFTR: checks
masterblstr8: bets $6
PrayFTR: raises $6 to $12
masterblstr8: calls $6
*** RIVER *** [Kc Qd 2s Ad] [9c]
PrayFTR: bets $6
masterblstr8: calls $6
*** SHOW DOWN ***
PrayFTR: shows [Qc 2d] (two pair, Queens and Deuces)
masterblstr8: mucks hand
PrayFTR collected $53.50 from pot
*** SUMMARY ***
Total pot $54 | Rake $0.50
Board [Kc Qd 2s Ad 9c]
Seat 4: masterblstr8 (button) (small blind) mucked
Seat 5: PrayFTR (big blind) showed [Qc 2d] and won ($53.50) with two pair, Queens and Deuces


PokerStars Hand #176013785960:  Hold'em Limit ($3/$6 USD) - 2017/09/23 9:35:43 ET
Table 'Polyxo' 6-max Seat #5 is the button
Seat 4: masterblstr8 ($213.25 in chips)
Seat 5: PrayFTR ($121.66 in chips)
PrayFTR: posts small blind $1
masterblstr8: posts big blind $3
*** HOLE CARDS ***
PrayFTR: raises $3 to $6
masterblstr8: calls $3
*** FLOP *** [3c Ac Qh]
masterblstr8: checks
PrayFTR: bets $3
masterblstr8: calls $3
*** TURN *** [3c Ac Qh] [Jd]
masterblstr8: checks
PrayFTR: bets $6
masterblstr8: folds
Uncalled bet ($6) returned to PrayFTR
PrayFTR collected $17.64 from pot
PrayFTR: doesn't show hand
*** SUMMARY ***
Total pot $18 | Rake $0.36
Board [3c Ac Qh Jd]
Seat 4: masterblstr8 (big blind) folded on the Turn
Seat 5: PrayFTR (button) (small blind) collected ($17.64)


