PokerStars Hand #150751821416:  Hold'em Limit ($3/$6 USD) - 2016/03/22 9:08:32 ET
Table 'Polyxenos' 6-max Seat #3 is the button
Seat 1: B_loJkl ($89.16 in chips)
Seat 3: je0602 ($45.18 in chips)
je0602: posts small blind $1
B_loJkl: posts big blind $3
*** HOLE CARDS ***
je0602: calls $2
B_loJkl: raises $3 to $6
je0602: calls $3
*** FLOP *** [6d 7c Jd]
B_loJkl: bets $3
je0602: raises $3 to $6
Mixailavd joins the table at seat #2
B_loJkl: raises $3 to $9
je0602: raises $3 to $12
Betting is capped
B_loJkl: calls $3
*** TURN *** [6d 7c Jd] [Qs]
B_loJkl: checks
je0602: checks
*** RIVER *** [6d 7c Jd Qs] [4c]
B_loJkl: bets $6
je0602: folds
Uncalled bet ($6) returned to B_loJkl
B_loJkl collected $35.50 from pot
B_loJkl: doesn't show hand
*** SUMMARY ***
Total pot $36 | Rake $0.50
Board [6d 7c Jd Qs 4c]
Seat 1: B_loJkl (big blind) collected ($35.50)
Seat 3: je0602 (button) (small blind) folded on the River


PokerStars Hand #150753026442:  Hold'em Limit ($3/$6 USD) - 2016/03/22 9:41:13 ET
Table 'Polyxenos' 6-max Seat #1 is the button
Seat 1: ThePredator9 ($139.09 in chips)
Seat 2: anetkaapro ($72 in chips)
HAL9QQQ will be allowed to play after the button
ThePredator9: posts small blind $1
anetkaapro: posts big blind $3
*** HOLE CARDS ***
ThePredator9: folds
Uncalled bet ($2) returned to anetkaapro
anetkaapro collected $2 from pot
anetkaapro: doesn't show hand
*** SUMMARY ***
Total pot $2 | Rake $0
Seat 1: ThePredator9 (button) (small blind) folded before Flop
Seat 2: anetkaapro (big blind) collected ($2)


PokerStars Hand #150753087285:  Hold'em Limit ($3/$6 USD) - 2016/03/22 9:42:50 ET
Table 'Polyxenos' 6-max Seat #2 is the button
Seat 1: ThePredator9 ($152.59 in chips)
Seat 2: anetkaapro ($72 in chips)
anetkaapro: posts small blind $1
ThePredator9: posts big blind $3
*** HOLE CARDS ***
anetkaapro: raises $3 to $6
ThePredator9: calls $3
*** FLOP *** [2s 3d Th]
ThePredator9: checks
anetkaapro: bets $3
ThePredator9: calls $3
*** TURN *** [2s 3d Th] [7s]
ThePredator9: checks
anetkaapro: checks
*** RIVER *** [2s 3d Th 7s] [8s]
ThePredator9: checks
anetkaapro: checks
*** SHOW DOWN ***
ThePredator9: shows [4h Jd] (high card Jack)
anetkaapro: shows [5c Ah] (high card Ace)
anetkaapro collected $17.64 from pot
*** SUMMARY ***
Total pot $18 | Rake $0.36
Board [2s 3d Th 7s 8s]
Seat 1: ThePredator9 (big blind) showed [4h Jd] and lost with high card Jack
Seat 2: anetkaapro (button) (small blind) showed [5c Ah] and won ($17.64) with high card Ace


PokerStars Hand #150753062369:  Hold'em Limit ($3/$6 USD) - 2016/03/22 9:42:10 ET
Table 'Polyxenos' 6-max Seat #2 is the button
Seat 1: ThePredator9 ($126.09 in chips)
Seat 2: anetkaapro ($72 in chips)
anetkaapro: posts small blind $1
HAL9QQQ: is sitting out
ThePredator9: posts big blind $3
*** HOLE CARDS ***
anetkaapro: raises $3 to $6
ThePredator9: calls $3
*** FLOP *** [Jd 7c Td]
ThePredator9: checks
anetkaapro: bets $3
ThePredator9: raises $3 to $6
anetkaapro: calls $3
*** TURN *** [Jd 7c Td] [As]
ThePredator9: bets $6
anetkaapro: calls $6
*** RIVER *** [Jd 7c Td As] [Kh]
ThePredator9: bets $6
anetkaapro: calls $6
*** SHOW DOWN ***
ThePredator9: shows [Kd 8c] (a pair of Kings)
anetkaapro: mucks hand
ThePredator9 collected $47.50 from pot
*** SUMMARY ***
Total pot $48 | Rake $0.50
Board [Jd 7c Td As Kh]
Seat 1: ThePredator9 (big blind) showed [Kd 8c] and won ($47.50) with a pair of Kings
Seat 2: anetkaapro (button) (small blind) mucked


PokerStars Hand #150753082336:  Hold'em Limit ($3/$6 USD) - 2016/03/22 9:42:42 ET
Table 'Polyxenos' 6-max Seat #1 is the button
Seat 1: ThePredator9 ($149.59 in chips)
Seat 2: anetkaapro ($72 in chips)
ThePredator9: posts small blind $1
anetkaapro: posts big blind $3
*** HOLE CARDS ***
ThePredator9: raises $3 to $6
anetkaapro: folds
Uncalled bet ($3) returned to ThePredator9
ThePredator9 collected $6 from pot
ThePredator9: doesn't show hand
*** SUMMARY ***
Total pot $6 | Rake $0
Seat 1: ThePredator9 (button) (small blind) collected ($6)
Seat 2: anetkaapro (big blind) folded before Flop


PokerStars Hand #150753105870:  Hold'em Limit ($3/$6 USD) - 2016/03/22 9:43:19 ET
Table 'Polyxenos' 6-max Seat #1 is the button
Seat 1: ThePredator9 ($143.59 in chips)
Seat 2: anetkaapro ($80.64 in chips)
ThePredator9: posts small blind $1
anetkaapro: posts big blind $3
*** HOLE CARDS ***
ThePredator9: raises $3 to $6
anetkaapro: calls $3
*** FLOP *** [Tc 9s 2d]
anetkaapro: checks
ThePredator9: bets $3
anetkaapro: calls $3
*** TURN *** [Tc 9s 2d] [7c]
anetkaapro: checks
ThePredator9: bets $6
anetkaapro: folds
Uncalled bet ($6) returned to ThePredator9
ThePredator9 collected $17.64 from pot
ThePredator9: doesn't show hand
*** SUMMARY ***
Total pot $18 | Rake $0.36
Board [Tc 9s 2d 7c]
Seat 1: ThePredator9 (button) (small blind) collected ($17.64)
Seat 2: anetkaapro (big blind) folded on the Turn


PokerStars Hand #150753116873:  Hold'em Limit ($3/$6 USD) - 2016/03/22 9:43:37 ET
Table 'Polyxenos' 6-max Seat #2 is the button
Seat 1: ThePredator9 ($152.23 in chips)
Seat 2: anetkaapro ($72 in chips)
anetkaapro: posts small blind $1
ThePredator9: posts big blind $3
*** HOLE CARDS ***
anetkaapro: raises $3 to $6
ThePredator9: raises $3 to $9
anetkaapro: calls $3
*** FLOP *** [3s Ts 6d]
ThePredator9: bets $3
anetkaapro: calls $3
*** TURN *** [3s Ts 6d] [8c]
ThePredator9: bets $6
anetkaapro: calls $6
*** RIVER *** [3s Ts 6d 8c] [Qh]
ThePredator9: checks
anetkaapro: bets $6
ThePredator9: calls $6
*** SHOW DOWN ***
anetkaapro: shows [7h 4h] (high card Queen)
ThePredator9: shows [Jh Ks] (high card King)
ThePredator9 collected $47.50 from pot
*** SUMMARY ***
Total pot $48 | Rake $0.50
Board [3s Ts 6d 8c Qh]
Seat 1: ThePredator9 (big blind) showed [Jh Ks] and won ($47.50) with high card King
Seat 2: anetkaapro (button) (small blind) showed [7h 4h] and lost with high card Queen


PokerStars Hand #150753128838:  Hold'em Limit ($3/$6 USD) - 2016/03/22 9:43:56 ET
Table 'Polyxenos' 6-max Seat #1 is the button
Seat 1: ThePredator9 ($175.73 in chips)
Seat 2: anetkaapro ($72 in chips)
ThePredator9: posts small blind $1
anetkaapro: posts big blind $3
*** HOLE CARDS ***
ThePredator9: raises $3 to $6
anetkaapro: raises $3 to $9
ThePredator9: calls $3
*** FLOP *** [As Ah 7d]
anetkaapro: bets $3
ThePredator9: calls $3
*** TURN *** [As Ah 7d] [6c]
anetkaapro: bets $6
ThePredator9: calls $6
*** RIVER *** [As Ah 7d 6c] [3h]
anetkaapro: checks
ThePredator9: checks
*** SHOW DOWN ***
anetkaapro: shows [2d 2h] (two pair, Aces and Deuces)
ThePredator9: mucks hand
anetkaapro collected $35.50 from pot
*** SUMMARY ***
Total pot $36 | Rake $0.50
Board [As Ah 7d 6c 3h]
Seat 1: ThePredator9 (button) (small blind) mucked
Seat 2: anetkaapro (big blind) showed [2d 2h] and won ($35.50) with two pair, Aces and Deuces


PokerStars Hand #150753143761:  Hold'em Limit ($3/$6 USD) - 2016/03/22 9:44:15 ET
Table 'Polyxenos' 6-max Seat #2 is the button
Seat 1: ThePredator9 ($157.73 in chips)
Seat 2: anetkaapro ($89.50 in chips)
anetkaapro: posts small blind $1
ThePredator9: posts big blind $3
*** HOLE CARDS ***
anetkaapro: raises $3 to $6
ThePredator9: folds
Uncalled bet ($3) returned to anetkaapro
anetkaapro collected $6 from pot
anetkaapro: doesn't show hand
*** SUMMARY ***
Total pot $6 | Rake $0
Seat 1: ThePredator9 (big blind) folded before Flop
Seat 2: anetkaapro (button) (small blind) collected ($6)


PokerStars Hand #150753146879:  Hold'em Limit ($3/$6 USD) - 2016/03/22 9:44:20 ET
Table 'Polyxenos' 6-max Seat #1 is the button
Seat 1: ThePredator9 ($154.73 in chips)
Seat 2: anetkaapro ($92.50 in chips)
ThePredator9: posts small blind $1
anetkaapro: posts big blind $3
*** HOLE CARDS ***
ThePredator9: raises $3 to $6
anetkaapro: raises $3 to $9
ThePredator9: calls $3
*** FLOP *** [4s Qh 6s]
anetkaapro: bets $3
ThePredator9: calls $3
*** TURN *** [4s Qh 6s] [As]
anetkaapro: bets $6
ThePredator9: raises $6 to $12
anetkaapro: calls $6
*** RIVER *** [4s Qh 6s As] [2s]
anetkaapro: checks
ThePredator9: bets $6
anetkaapro: calls $6
agentti32 joins the table at seat #3
*** SHOW DOWN ***
ThePredator9: shows [9h Ks] (a flush, Ace high)
anetkaapro: mucks hand
ThePredator9 collected $59.50 from pot
*** SUMMARY ***
Total pot $60 | Rake $0.50
Board [4s Qh 6s As 2s]
Seat 1: ThePredator9 (button) (small blind) showed [9h Ks] and won ($59.50) with a flush, Ace high
Seat 2: anetkaapro (big blind) mucked


PokerStars Hand #150754712743:  Hold'em Limit ($3/$6 USD) - 2016/03/22 10:25:15 ET
Table 'Polyxenos' 6-max Seat #4 is the button
Seat 3: loooohefer ($88.22 in chips)
Seat 4: lin1rabbit ($93.65 in chips)
lin1rabbit: posts small blind $1
B_loJkl: is sitting out
loooohefer: posts big blind $3
*** HOLE CARDS ***
lin1rabbit: raises $3 to $6
B_loJkl leaves the table
loooohefer: folds
Uncalled bet ($3) returned to lin1rabbit
loooohefer leaves the table
lin1rabbit collected $6 from pot
lin1rabbit: doesn't show hand
*** SUMMARY ***
Total pot $6 | Rake $0
Seat 3: loooohefer (big blind) folded before Flop
Seat 4: lin1rabbit (button) (small blind) collected ($6)


PokerStars Hand #150754987280:  Hold'em Limit ($3/$6 USD) - 2016/03/22 10:32:11 ET
Table 'Polyxenos' 6-max Seat #3 is the button
Seat 3: fire852181 ($69 in chips)
Seat 4: Actionni13 ($150 in chips)
fire852181: posts small blind $1
Actionni13: posts big blind $3
*** HOLE CARDS ***
fire852181: calls $2
Actionni13: raises $3 to $6
fire852181: calls $3
*** FLOP *** [Qh 4s 7h]
Actionni13: bets $3
fire852181: folds
Uncalled bet ($3) returned to Actionni13
Actionni13 collected $11.76 from pot
Actionni13: doesn't show hand
*** SUMMARY ***
Total pot $12 | Rake $0.24
Board [Qh 4s 7h]
Seat 3: fire852181 (button) (small blind) folded on the Flop
Seat 4: Actionni13 (big blind) collected ($11.76)


PokerStars Hand #150755006792:  Hold'em Limit ($3/$6 USD) - 2016/03/22 10:32:40 ET
Table 'Polyxenos' 6-max Seat #4 is the button
Seat 3: fire852181 ($63 in chips)
Seat 4: Actionni13 ($155.76 in chips)
Actionni13: posts small blind $1
fire852181: posts big blind $3
*** HOLE CARDS ***
Actionni13: folds
Uncalled bet ($2) returned to fire852181
fire852181 collected $2 from pot
fire852181: doesn't show hand
*** SUMMARY ***
Total pot $2 | Rake $0
Seat 3: fire852181 (big blind) collected ($2)
Seat 4: Actionni13 (button) (small blind) folded before Flop


PokerStars Hand #150755000667:  Hold'em Limit ($3/$6 USD) - 2016/03/22 10:32:31 ET
Table 'Polyxenos' 6-max Seat #3 is the button
Seat 3: fire852181 ($64 in chips)
Seat 4: Actionni13 ($154.76 in chips)
fire852181: posts small blind $1
Actionni13: posts big blind $3
*** HOLE CARDS ***
fire852181: folds
Uncalled bet ($2) returned to Actionni13
Actionni13 collected $2 from pot
Actionni13: doesn't show hand
*** SUMMARY ***
Total pot $2 | Rake $0
Seat 3: fire852181 (button) (small blind) folded before Flop
Seat 4: Actionni13 (big blind) collected ($2)


PokerStars Hand #150755010356:  Hold'em Limit ($3/$6 USD) - 2016/03/22 10:32:45 ET
Table 'Polyxenos' 6-max Seat #3 is the button
Seat 3: fire852181 ($64 in chips)
Seat 4: Actionni13 ($154.76 in chips)
fire852181: posts small blind $1
Actionni13: posts big blind $3
*** HOLE CARDS ***
fire852181: folds
Uncalled bet ($2) returned to Actionni13
Actionni13 collected $2 from pot
Actionni13: doesn't show hand
*** SUMMARY ***
Total pot $2 | Rake $0
Seat 3: fire852181 (button) (small blind) folded before Flop
Seat 4: Actionni13 (big blind) collected ($2)


PokerStars Hand #150754997029:  Hold'em Limit ($3/$6 USD) - 2016/03/22 10:32:25 ET
Table 'Polyxenos' 6-max Seat #4 is the button
Seat 3: fire852181 ($63 in chips)
Seat 4: Actionni13 ($155.76 in chips)
Actionni13: posts small blind $1
fire852181: posts big blind $3
*** HOLE CARDS ***
Actionni13: folds
Uncalled bet ($2) returned to fire852181
fire852181 collected $2 from pot
fire852181: doesn't show hand
*** SUMMARY ***
Total pot $2 | Rake $0
Seat 3: fire852181 (big blind) collected ($2)
Seat 4: Actionni13 (button) (small blind) folded before Flop


PokerStars Hand #150755017583:  Hold'em Limit ($3/$6 USD) - 2016/03/22 10:32:56 ET
Table 'Polyxenos' 6-max Seat #4 is the button
Seat 3: fire852181 ($63 in chips)
Seat 4: Actionni13 ($155.76 in chips)
Actionni13: posts small blind $1
fire852181: posts big blind $3
*** HOLE CARDS ***
Actionni13: raises $3 to $6
fire852181: calls $3
*** FLOP *** [4h 8c Kc]
fire852181: checks
Actionni13: bets $3
fire852181: raises $3 to $6
Actionni13: calls $3
*** TURN *** [4h 8c Kc] [4s]
fire852181: bets $6
Actionni13: folds
Uncalled bet ($6) returned to fire852181
fire852181 collected $23.52 from pot
fire852181: doesn't show hand
*** SUMMARY ***
Total pot $24 | Rake $0.48
Board [4h 8c Kc 4s]
Seat 3: fire852181 (big blind) collected ($23.52)
Seat 4: Actionni13 (button) (small blind) folded on the Turn


PokerStars Hand #150756262516:  Hold'em Limit ($3/$6 USD) - 2016/03/22 11:04:37 ET
Table 'Polyxenos' 6-max Seat #3 is the button
Seat 3: fire852181 ($25.08 in chips)
Seat 6: win888day ($152.39 in chips)
fire852181: posts small blind $1
B_loJkl: is sitting out
win888day: posts big blind $3
*** HOLE CARDS ***
fire852181: calls $2
win888day: checks
*** FLOP *** [3d 7h Kh]
win888day: checks
fire852181: checks
*** TURN *** [3d 7h Kh] [Td]
win888day: checks
Actionni13 leaves the table
TbIP-TbIP 88 joins the table at seat #4
fire852181: bets $6
win888day: folds
Uncalled bet ($6) returned to fire852181
fire852181 collected $5.88 from pot
fire852181: doesn't show hand
*** SUMMARY ***
Total pot $6 | Rake $0.12
Board [3d 7h Kh Td]
Seat 3: fire852181 (button) (small blind) collected ($5.88)
Seat 6: win888day (big blind) folded on the Turn


PokerStars Hand #150759958316:  Hold'em Limit ($3/$6 USD) - 2016/03/22 12:28:37 ET
Table 'Polyxenos' 6-max Seat #2 is the button
Seat 2: Zubasa07 ($538.21 in chips)
Seat 3: fire852181 ($101.22 in chips)
Zubasa07: posts small blind $1
fire852181: posts big blind $3
*** HOLE CARDS ***
Zubasa07: folds
Uncalled bet ($2) returned to fire852181
fire852181 collected $2 from pot
fire852181: doesn't show hand
*** SUMMARY ***
Total pot $2 | Rake $0
Seat 2: Zubasa07 (button) (small blind) folded before Flop
Seat 3: fire852181 (big blind) collected ($2)


PokerStars Hand #150759938787:  Hold'em Limit ($3/$6 USD) - 2016/03/22 12:28:12 ET
Table 'Polyxenos' 6-max Seat #3 is the button
Seat 2: Zubasa07 ($532.45 in chips)
Seat 3: fire852181 ($107.22 in chips)
fire852181: posts small blind $1
vestimokrec: is sitting out
Zubasa07: posts big blind $3
*** HOLE CARDS ***
fire852181: raises $3 to $6
Zubasa07: calls $3
*** FLOP *** [5d Ts 4d]
Zubasa07: checks
fire852181: checks
*** TURN *** [5d Ts 4d] [Tc]
vestimokrec leaves the table
Zubasa07: checks
fire852181: checks
*** RIVER *** [5d Ts 4d Tc] [2h]
Zubasa07: checks
fire852181: checks
*** SHOW DOWN ***
Zubasa07: shows [Kh 9d] (a pair of Tens)
fire852181: mucks hand
Zubasa07 collected $11.76 from pot
*** SUMMARY ***
Total pot $12 | Rake $0.24
Board [5d Ts 4d Tc 2h]
Seat 2: Zubasa07 (big blind) showed [Kh 9d] and won ($11.76) with a pair of Tens
Seat 3: fire852181 (button) (small blind) mucked


PokerStars Hand #150759994241:  Hold'em Limit ($3/$6 USD) - 2016/03/22 12:29:22 ET
Table 'Polyxenos' 6-max Seat #2 is the button
Seat 2: Zubasa07 ($538.21 in chips)
Seat 3: fire852181 ($101.22 in chips)
Zubasa07: posts small blind $1
fire852181: posts big blind $3
*** HOLE CARDS ***
Zubasa07: folds
Uncalled bet ($2) returned to fire852181
fire852181 collected $2 from pot
fire852181: doesn't show hand
*** SUMMARY ***
Total pot $2 | Rake $0
Seat 2: Zubasa07 (button) (small blind) folded before Flop
Seat 3: fire852181 (big blind) collected ($2)


PokerStars Hand #150759962071:  Hold'em Limit ($3/$6 USD) - 2016/03/22 12:28:41 ET
Table 'Polyxenos' 6-max Seat #3 is the button
Seat 2: Zubasa07 ($537.21 in chips)
Seat 3: fire852181 ($102.22 in chips)
fire852181: posts small blind $1
Zubasa07: posts big blind $3
*** HOLE CARDS ***
fire852181: raises $3 to $6
Zubasa07: folds
Uncalled bet ($3) returned to fire852181
fire852181 collected $6 from pot
fire852181: doesn't show hand
*** SUMMARY ***
Total pot $6 | Rake $0
Seat 2: Zubasa07 (big blind) folded before Flop
Seat 3: fire852181 (button) (small blind) collected ($6)


PokerStars Hand #150759969801:  Hold'em Limit ($3/$6 USD) - 2016/03/22 12:28:51 ET
Table 'Polyxenos' 6-max Seat #2 is the button
Seat 2: Zubasa07 ($534.21 in chips)
Seat 3: fire852181 ($105.22 in chips)
Zubasa07: posts small blind $1
fire852181: posts big blind $3
*** HOLE CARDS ***
Zubasa07: raises $3 to $6
fire852181: folds
Uncalled bet ($3) returned to Zubasa07
Zubasa07 collected $6 from pot
Zubasa07: doesn't show hand
*** SUMMARY ***
Total pot $6 | Rake $0
Seat 2: Zubasa07 (button) (small blind) collected ($6)
Seat 3: fire852181 (big blind) folded before Flop


PokerStars Hand #150759984571:  Hold'em Limit ($3/$6 USD) - 2016/03/22 12:29:10 ET
Table 'Polyxenos' 6-max Seat #2 is the button
Seat 2: Zubasa07 ($538.21 in chips)
Seat 3: fire852181 ($101.22 in chips)
Zubasa07: posts small blind $1
fire852181: posts big blind $3
*** HOLE CARDS ***
Zubasa07: folds
Uncalled bet ($2) returned to fire852181
fire852181 collected $2 from pot
fire852181: doesn't show hand
*** SUMMARY ***
Total pot $2 | Rake $0
Seat 2: Zubasa07 (button) (small blind) folded before Flop
Seat 3: fire852181 (big blind) collected ($2)


PokerStars Hand #150759998906:  Hold'em Limit ($3/$6 USD) - 2016/03/22 12:29:28 ET
Table 'Polyxenos' 6-max Seat #3 is the button
Seat 2: Zubasa07 ($537.21 in chips)
Seat 3: fire852181 ($102.22 in chips)
fire852181: posts small blind $1
Zubasa07: posts big blind $3
*** HOLE CARDS ***
fire852181: folds
Uncalled bet ($2) returned to Zubasa07
tomhradil112 joins the table at seat #1
Zubasa07 collected $2 from pot
Zubasa07: doesn't show hand
*** SUMMARY ***
Total pot $2 | Rake $0
Seat 2: Zubasa07 (big blind) collected ($2)
Seat 3: fire852181 (button) (small blind) folded before Flop


PokerStars Hand #150760006400:  Hold'em Limit ($3/$6 USD) - 2016/03/22 12:29:38 ET
Table 'Polyxenos' 6-max Seat #2 is the button
Seat 2: Zubasa07 ($538.21 in chips)
Seat 3: fire852181 ($101.22 in chips)
Zubasa07: posts small blind $1
fire852181: posts big blind $3
*** HOLE CARDS ***
Zubasa07: raises $3 to $6
fire852181: folds
Uncalled bet ($3) returned to Zubasa07
Zubasa07 collected $6 from pot
Zubasa07: doesn't show hand
*** SUMMARY ***
Total pot $6 | Rake $0
Seat 2: Zubasa07 (button) (small blind) collected ($6)
Seat 3: fire852181 (big blind) folded before Flop


PokerStars Hand #150760142632:  Hold'em Limit ($3/$6 USD) - 2016/03/22 12:32:31 ET
Table 'Polyxenos' 6-max Seat #3 is the button
Seat 2: Zubasa07 ($546.92 in chips)
Seat 3: fire852181 ($148.14 in chips)
fire852181: posts small blind $1
Zubasa07: posts big blind $3
*** HOLE CARDS ***
fire852181: folds
Uncalled bet ($2) returned to Zubasa07
Zubasa07 collected $2 from pot
Zubasa07: doesn't show hand
*** SUMMARY ***
Total pot $2 | Rake $0
Seat 2: Zubasa07 (big blind) collected ($2)
Seat 3: fire852181 (button) (small blind) folded before Flop


PokerStars Hand #150760147892:  Hold'em Limit ($3/$6 USD) - 2016/03/22 12:32:37 ET
Table 'Polyxenos' 6-max Seat #2 is the button
Seat 2: Zubasa07 ($547.92 in chips)
Seat 3: fire852181 ($147.14 in chips)
Zubasa07: posts small blind $1
fire852181: posts big blind $3
*** HOLE CARDS ***
Zubasa07: folds
Uncalled bet ($2) returned to fire852181
fire852181 collected $2 from pot
fire852181: doesn't show hand
*** SUMMARY ***
Total pot $2 | Rake $0
Seat 2: Zubasa07 (button) (small blind) folded before Flop
Seat 3: fire852181 (big blind) collected ($2)


PokerStars Hand #150760270243:  Hold'em Limit ($3/$6 USD) - 2016/03/22 12:35:11 ET
Table 'Polyxenos' 6-max Seat #1 is the button
Seat 1: tomhradil112 ($105.28 in chips)
Seat 2: Zubasa07 ($575.91 in chips)
tomhradil112: posts small blind $1
Zubasa07: posts big blind $3
*** HOLE CARDS ***
tomhradil112: raises $3 to $6
Zubasa07: folds
Uncalled bet ($3) returned to tomhradil112
tomhradil112 collected $6 from pot
tomhradil112: doesn't show hand
*** SUMMARY ***
Total pot $6 | Rake $0
Seat 1: tomhradil112 (button) (small blind) collected ($6)
Seat 2: Zubasa07 (big blind) folded before Flop


PokerStars Hand #150760263966:  Hold'em Limit ($3/$6 USD) - 2016/03/22 12:35:03 ET
Table 'Polyxenos' 6-max Seat #2 is the button
Seat 1: tomhradil112 ($108.28 in chips)
Seat 2: Zubasa07 ($572.91 in chips)
Zubasa07: posts small blind $1
tomhradil112: posts big blind $3
*** HOLE CARDS ***
Zubasa07: raises $3 to $6
tomhradil112: folds
Uncalled bet ($3) returned to Zubasa07
Zubasa07 collected $6 from pot
Zubasa07: doesn't show hand
*** SUMMARY ***
Total pot $6 | Rake $0
Seat 1: tomhradil112 (big blind) folded before Flop
Seat 2: Zubasa07 (button) (small blind) collected ($6)


