PokerStars Hand #147011489238:  Hold'em Limit ($3/$6 USD) - 2016/01/14 4:28:46 ET
Table 'Polyxo II' 6-max Seat #3 is the button
Seat 1: VolkovDmitri ($125.76 in chips)
Seat 3: seurtje ($114 in chips)
seurtje: posts small blind $1
VolkovDmitri: posts big blind $3
*** HOLE CARDS ***
seurtje: raises $3 to $6
VolkovDmitri: calls $3
*** FLOP *** [8d Kc 5d]
VolkovDmitri: checks
seurtje: bets $3
VolkovDmitri: calls $3
*** TURN *** [8d Kc 5d] [Kh]
seurtje said, "q0"
VolkovDmitri: checks
seurtje: bets $6
VolkovDmitri: folds
Uncalled bet ($6) returned to seurtje
seurtje collected $17.64 from pot
seurtje: doesn't show hand
*** SUMMARY ***
Total pot $18 | Rake $0.36
Board [8d Kc 5d Kh]
Seat 1: VolkovDmitri (big blind) folded on the Turn
Seat 3: seurtje (button) (small blind) collected ($17.64)


PokerStars Hand #147011480745:  Hold'em Limit ($3/$6 USD) - 2016/01/14 4:28:23 ET
Table 'Polyxo II' 6-max Seat #1 is the button
Seat 1: VolkovDmitri ($120 in chips)
Seat 3: seurtje ($120 in chips)
VolkovDmitri: posts small blind $1
seurtje: posts big blind $3
*** HOLE CARDS ***
VolkovDmitri: raises $3 to $6
seurtje: calls $3
*** FLOP *** [As 9c Ac]
seurtje: checks
VolkovDmitri: bets $3
seurtje: folds
Uncalled bet ($3) returned to VolkovDmitri
VolkovDmitri collected $11.76 from pot
VolkovDmitri: doesn't show hand
*** SUMMARY ***
Total pot $12 | Rake $0.24
Board [As 9c Ac]
Seat 1: VolkovDmitri (button) (small blind) collected ($11.76)
Seat 3: seurtje (big blind) folded on the Flop


PokerStars Hand #147011515162:  Hold'em Limit ($3/$6 USD) - 2016/01/14 4:29:53 ET
Table 'Polyxo II' 6-max Seat #3 is the button
Seat 1: VolkovDmitri ($146.50 in chips)
Seat 3: seurtje ($95.64 in chips)
seurtje: posts small blind $1
VolkovDmitri: posts big blind $3
*** HOLE CARDS ***
seurtje: calls $2
VolkovDmitri: checks
*** FLOP *** [7s Ks 2c]
VolkovDmitri: checks
seurtje: checks
*** TURN *** [7s Ks 2c] [2h]
VolkovDmitri: checks
seurtje: bets $6
Rmk1500 joins the table at seat #4
VolkovDmitri: folds
Uncalled bet ($6) returned to seurtje
HAL9QQQ joins the table at seat #5
seurtje collected $5.88 from pot
seurtje: doesn't show hand
*** SUMMARY ***
Total pot $6 | Rake $0.12
Board [7s Ks 2c 2h]
Seat 1: VolkovDmitri (big blind) folded on the Turn
Seat 3: seurtje (button) (small blind) collected ($5.88)


PokerStars Hand #147011505346:  Hold'em Limit ($3/$6 USD) - 2016/01/14 4:29:28 ET
Table 'Polyxo II' 6-max Seat #1 is the button
Seat 1: VolkovDmitri ($120 in chips)
Seat 3: seurtje ($122.64 in chips)
VolkovDmitri: posts small blind $1
seurtje: posts big blind $3
*** HOLE CARDS ***
VolkovDmitri: raises $3 to $6
seurtje: calls $3
*** FLOP *** [2d 7d Td]
seurtje: bets $3
VolkovDmitri: calls $3
*** TURN *** [2d 7d Td] [Ks]
seurtje: bets $6
VolkovDmitri: calls $6
*** RIVER *** [2d 7d Td Ks] [3d]
alfredg joins the table at seat #2
seurtje: bets $6
VolkovDmitri: raises $6 to $12
seurtje: calls $6
*** SHOW DOWN ***
VolkovDmitri: shows [3s Ad] (a flush, Ace high)
seurtje: mucks hand
VolkovDmitri collected $53.50 from pot
*** SUMMARY ***
Total pot $54 | Rake $0.50
Board [2d 7d Td Ks 3d]
Seat 1: VolkovDmitri (button) (small blind) showed [3s Ad] and won ($53.50) with a flush, Ace high
Seat 3: seurtje (big blind) mucked


