PokerStars Hand #145560955861:  Hold'em Limit ($3/$6 USD) - 2015/12/18 20:57:52 ET
Table 'Polyxena' 6-max Seat #6 is the button
Seat 5: PycV ($158.43 in chips)
Seat 6: Bedard ($209.98 in chips)
Bedard: posts small blind $1
Velbor107: is sitting out
PycV: posts big blind $3
*** HOLE CARDS ***
Bedard: raises $3 to $6
Joker4691 joins the table at seat #4
PycV: calls $3
*** FLOP *** [4d 3s 8s]
PycV: checks
Bedard: bets $3
PycV: folds
Uncalled bet ($3) returned to Bedard
Bedard collected $11.76 from pot
Bedard: doesn't show hand
*** SUMMARY ***
Total pot $12 | Rake $0.24
Board [4d 3s 8s]
Seat 5: PycV (big blind) folded on the Flop
Seat 6: Bedard (button) (small blind) collected ($11.76)


PokerStars Hand #145560967353:  Hold'em Limit ($3/$6 USD) - 2015/12/18 20:58:19 ET
Table 'Polyxena' 6-max Seat #5 is the button
Seat 5: PycV ($152.43 in chips)
Seat 6: Bedard ($215.74 in chips)
PycV: posts small blind $1
Bedard: posts big blind $3
*** HOLE CARDS ***
PycV: raises $3 to $6
Bedard: calls $3
*** FLOP *** [6s Tc 5h]
Bedard: checks
PycV: bets $3
Bedard: calls $3
*** TURN *** [6s Tc 5h] [Th]
Bedard: checks
PycV: bets $6
Bedard: folds
Uncalled bet ($6) returned to PycV
PycV collected $17.64 from pot
PycV: doesn't show hand
*** SUMMARY ***
Total pot $18 | Rake $0.36
Board [6s Tc 5h Th]
Seat 5: PycV (button) (small blind) collected ($17.64)
Seat 6: Bedard (big blind) folded on the Turn


PokerStars Hand #145561588942:  Hold'em Limit ($3/$6 USD) - 2015/12/18 21:20:07 ET
Table 'Polyxena' 6-max Seat #6 is the button
Seat 5: PycV ($216 in chips)
Seat 6: Bedard ($136.80 in chips)
Bedard: posts small blind $1
PycV: posts big blind $3
*** HOLE CARDS ***
Bedard: raises $3 to $6
PycV: raises $3 to $9
Bedard: raises $3 to $12
Betting is capped
PycV: calls $3
*** FLOP *** [3d Ts 4h]
PycV: checks
Bedard: bets $3
PycV: calls $3
*** TURN *** [3d Ts 4h] [Qh]
PycV: checks
Bedard: checks
*** RIVER *** [3d Ts 4h Qh] [Jd]
PycV: checks
Bedard: checks
*** SHOW DOWN ***
PycV: shows [As 9h] (high card Ace)
Bedard: shows [Js Ad] (a pair of Jacks)
Bedard collected $29.50 from pot
*** SUMMARY ***
Total pot $30 | Rake $0.50
Board [3d Ts 4h Qh Jd]
Seat 5: PycV (big blind) showed [As 9h] and lost with high card Ace
Seat 6: Bedard (button) (small blind) showed [Js Ad] and won ($29.50) with a pair of Jacks


PokerStars Hand #145561881442:  Hold'em Limit ($3/$6 USD) - 2015/12/18 21:30:47 ET
Table 'Polyxena' 6-max Seat #4 is the button
Seat 4: AzureCaper ($77.64 in chips)
Seat 6: qu1cks1lv3r7 ($128.64 in chips)
AzureCaper: posts small blind $1
qu1cks1lv3r7: posts big blind $3
*** HOLE CARDS ***
AzureCaper: raises $3 to $6
qu1cks1lv3r7: calls $3
*** FLOP *** [As 2h 2s]
qu1cks1lv3r7: checks
AzureCaper: bets $3
qu1cks1lv3r7: raises $3 to $6
AzureCaper: folds
Uncalled bet ($3) returned to qu1cks1lv3r7
qu1cks1lv3r7 collected $17.64 from pot
*** SUMMARY ***
Total pot $18 | Rake $0.36
Board [As 2h 2s]
Seat 4: AzureCaper (button) (small blind) folded on the Flop
Seat 6: qu1cks1lv3r7 (big blind) collected ($17.64)


PokerStars Hand #145561877310:  Hold'em Limit ($3/$6 USD) - 2015/12/18 21:30:38 ET
Table 'Polyxena' 6-max Seat #6 is the button
Seat 4: AzureCaper ($80.64 in chips)
Seat 6: qu1cks1lv3r7 ($125.64 in chips)
qu1cks1lv3r7: posts small blind $1
AzureCaper: posts big blind $3
*** HOLE CARDS ***
qu1cks1lv3r7: raises $3 to $6
AzureCaper: folds
Uncalled bet ($3) returned to qu1cks1lv3r7
qu1cks1lv3r7 collected $6 from pot
*** SUMMARY ***
Total pot $6 | Rake $0
Seat 4: AzureCaper (big blind) folded before Flop
Seat 6: qu1cks1lv3r7 (button) (small blind) collected ($6)


PokerStars Hand #145561869433:  Hold'em Limit ($3/$6 USD) - 2015/12/18 21:30:21 ET
Table 'Polyxena' 6-max Seat #4 is the button
Seat 4: AzureCaper ($72 in chips)
Seat 6: qu1cks1lv3r7 ($134.64 in chips)
AzureCaper: posts small blind $1
qu1cks1lv3r7: posts big blind $3
*** HOLE CARDS ***
AzureCaper: raises $3 to $6
qu1cks1lv3r7: calls $3
*** FLOP *** [Ah 7c 8d]
qu1cks1lv3r7: checks
AzureCaper: bets $3
qu1cks1lv3r7: calls $3
*** TURN *** [Ah 7c 8d] [6c]
qu1cks1lv3r7: checks
AzureCaper: checks
*** RIVER *** [Ah 7c 8d 6c] [8c]
qu1cks1lv3r7: checks
AzureCaper: checks
*** SHOW DOWN ***
qu1cks1lv3r7: shows [Kh 9d] (a pair of Eights)
AzureCaper: shows [4h 6d] (two pair, Eights and Sixes)
AzureCaper collected $17.64 from pot
*** SUMMARY ***
Total pot $18 | Rake $0.36
Board [Ah 7c 8d 6c 8c]
Seat 4: AzureCaper (button) (small blind) showed [4h 6d] and won ($17.64) with two pair, Eights and Sixes
Seat 6: qu1cks1lv3r7 (big blind) showed [Kh 9d] and lost with a pair of Eights


PokerStars Hand #145561866473:  Hold'em Limit ($3/$6 USD) - 2015/12/18 21:30:14 ET
Table 'Polyxena' 6-max Seat #6 is the button
Seat 4: AzureCaper ($72 in chips)
Seat 6: qu1cks1lv3r7 ($131.64 in chips)
qu1cks1lv3r7: posts small blind $1
AzureCaper: posts big blind $3
*** HOLE CARDS ***
qu1cks1lv3r7: raises $3 to $6
AzureCaper: folds
Uncalled bet ($3) returned to qu1cks1lv3r7
qu1cks1lv3r7 collected $6 from pot
*** SUMMARY ***
Total pot $6 | Rake $0
Seat 4: AzureCaper (big blind) folded before Flop
Seat 6: qu1cks1lv3r7 (button) (small blind) collected ($6)


PokerStars Hand #145561858604:  Hold'em Limit ($3/$6 USD) - 2015/12/18 21:29:57 ET
Table 'Polyxena' 6-max Seat #4 is the button
Seat 4: AzureCaper ($72 in chips)
Seat 6: qu1cks1lv3r7 ($123 in chips)
AzureCaper: posts small blind $1
qu1cks1lv3r7: posts big blind $3
*** HOLE CARDS ***
AzureCaper: raises $3 to $6
qu1cks1lv3r7: calls $3
*** FLOP *** [Jd 5d Ah]
qu1cks1lv3r7: checks
AzureCaper: bets $3
qu1cks1lv3r7: calls $3
*** TURN *** [Jd 5d Ah] [Qd]
qu1cks1lv3r7: checks
AzureCaper: checks
*** RIVER *** [Jd 5d Ah Qd] [6c]
qu1cks1lv3r7: bets $6
AzureCaper: folds
Uncalled bet ($6) returned to qu1cks1lv3r7
qu1cks1lv3r7 collected $17.64 from pot
*** SUMMARY ***
Total pot $18 | Rake $0.36
Board [Jd 5d Ah Qd 6c]
Seat 4: AzureCaper (button) (small blind) folded on the River
Seat 6: qu1cks1lv3r7 (big blind) collected ($17.64)


PokerStars Hand #145561900110:  Hold'em Limit ($3/$6 USD) - 2015/12/18 21:31:29 ET
Table 'Polyxena' 6-max Seat #6 is the button
Seat 4: AzureCaper ($92.26 in chips)
Seat 6: qu1cks1lv3r7 ($116.28 in chips)
qu1cks1lv3r7: posts small blind $1
AzureCaper: posts big blind $3
*** HOLE CARDS ***
qu1cks1lv3r7: folds
Uncalled bet ($2) returned to AzureCaper
AzureCaper collected $2 from pot
AzureCaper: doesn't show hand
*** SUMMARY ***
Total pot $2 | Rake $0
Seat 4: AzureCaper (big blind) collected ($2)
Seat 6: qu1cks1lv3r7 (button) (small blind) folded before Flop


PokerStars Hand #145561894470:  Hold'em Limit ($3/$6 USD) - 2015/12/18 21:31:16 ET
Table 'Polyxena' 6-max Seat #4 is the button
Seat 4: AzureCaper ($86.50 in chips)
Seat 6: qu1cks1lv3r7 ($122.28 in chips)
AzureCaper: posts small blind $1
qu1cks1lv3r7: posts big blind $3
*** HOLE CARDS ***
AzureCaper: raises $3 to $6
qu1cks1lv3r7: calls $3
*** FLOP *** [6c Qc 9d]
qu1cks1lv3r7: checks
AzureCaper: bets $3
qu1cks1lv3r7: folds
Uncalled bet ($3) returned to AzureCaper
AzureCaper collected $11.76 from pot
AzureCaper: doesn't show hand
*** SUMMARY ***
Total pot $12 | Rake $0.24
Board [6c Qc 9d]
Seat 4: AzureCaper (button) (small blind) collected ($11.76)
Seat 6: qu1cks1lv3r7 (big blind) folded on the Flop


PokerStars Hand #145561886566:  Hold'em Limit ($3/$6 USD) - 2015/12/18 21:30:59 ET
Table 'Polyxena' 6-max Seat #6 is the button
Seat 4: AzureCaper ($72 in chips)
Seat 6: qu1cks1lv3r7 ($137.28 in chips)
qu1cks1lv3r7: posts small blind $1
AzureCaper: posts big blind $3
*** HOLE CARDS ***
qu1cks1lv3r7: raises $3 to $6
AzureCaper: calls $3
*** FLOP *** [7h Kh Jc]
AzureCaper: checks
qu1cks1lv3r7: bets $3
AzureCaper: calls $3
*** TURN *** [7h Kh Jc] [6c]
AzureCaper: checks
qu1cks1lv3r7: checks
*** RIVER *** [7h Kh Jc 6c] [9d]
AzureCaper: bets $6
qu1cks1lv3r7: calls $6
*** SHOW DOWN ***
AzureCaper: shows [Qs Kd] (a pair of Kings)
qu1cks1lv3r7: mucks hand
AzureCaper collected $29.50 from pot
*** SUMMARY ***
Total pot $30 | Rake $0.50
Board [7h Kh Jc 6c 9d]
Seat 4: AzureCaper (big blind) showed [Qs Kd] and won ($29.50) with a pair of Kings
Seat 6: qu1cks1lv3r7 (button) (small blind) mucked


PokerStars Hand #145561938567:  Hold'em Limit ($3/$6 USD) - 2015/12/18 21:32:54 ET
Table 'Polyxena' 6-max Seat #4 is the button
Seat 4: AzureCaper ($134.01 in chips)
Seat 6: qu1cks1lv3r7 ($73.03 in chips)
AzureCaper: posts small blind $1
qu1cks1lv3r7: posts big blind $3
*** HOLE CARDS ***
AzureCaper: folds
Uncalled bet ($2) returned to qu1cks1lv3r7
qu1cks1lv3r7 collected $2 from pot
*** SUMMARY ***
Total pot $2 | Rake $0
Seat 4: AzureCaper (button) (small blind) folded before Flop
Seat 6: qu1cks1lv3r7 (big blind) collected ($2)


PokerStars Hand #145561935945:  Hold'em Limit ($3/$6 USD) - 2015/12/18 21:32:48 ET
Table 'Polyxena' 6-max Seat #6 is the button
Seat 4: AzureCaper ($137.01 in chips)
Seat 6: qu1cks1lv3r7 ($70.03 in chips)
qu1cks1lv3r7: posts small blind $1
AzureCaper: posts big blind $3
*** HOLE CARDS ***
qu1cks1lv3r7: raises $3 to $6
AzureCaper: folds
Uncalled bet ($3) returned to qu1cks1lv3r7
qu1cks1lv3r7 collected $6 from pot
*** SUMMARY ***
Total pot $6 | Rake $0
Seat 4: AzureCaper (big blind) folded before Flop
Seat 6: qu1cks1lv3r7 (button) (small blind) collected ($6)


PokerStars Hand #145561924443:  Hold'em Limit ($3/$6 USD) - 2015/12/18 21:32:23 ET
Table 'Polyxena' 6-max Seat #4 is the button
Seat 4: AzureCaper ($137.26 in chips)
Seat 6: qu1cks1lv3r7 ($70.28 in chips)
AzureCaper: posts small blind $1
qu1cks1lv3r7: posts big blind $3
*** HOLE CARDS ***
AzureCaper: raises $3 to $6
qu1cks1lv3r7: calls $3
*** FLOP *** [6h 7s 4d]
qu1cks1lv3r7: checks
AzureCaper: bets $3
qu1cks1lv3r7: calls $3
*** TURN *** [6h 7s 4d] [9d]
qu1cks1lv3r7: checks
AzureCaper: bets $6
qu1cks1lv3r7: raises $6 to $12
AzureCaper: calls $6
*** RIVER *** [6h 7s 4d 9d] [8h]
qu1cks1lv3r7: bets $6
AzureCaper: raises $6 to $12
qu1cks1lv3r7: calls $6
*** SHOW DOWN ***
AzureCaper: shows [Td 7c] (a straight, Six to Ten)
qu1cks1lv3r7: shows [9c Tc] (a straight, Six to Ten)
qu1cks1lv3r7 collected $32.75 from pot
AzureCaper collected $32.75 from pot
*** SUMMARY ***
Total pot $66 | Rake $0.50
Board [6h 7s 4d 9d 8h]
Seat 4: AzureCaper (button) (small blind) showed [Td 7c] and won ($32.75) with a straight, Six to Ten
Seat 6: qu1cks1lv3r7 (big blind) showed [9c Tc] and won ($32.75) with a straight, Six to Ten


PokerStars Hand #145561914593:  Hold'em Limit ($3/$6 USD) - 2015/12/18 21:32:01 ET
Table 'Polyxena' 6-max Seat #6 is the button
Seat 4: AzureCaper ($113.76 in chips)
Seat 6: qu1cks1lv3r7 ($94.28 in chips)
qu1cks1lv3r7: posts small blind $1
AzureCaper: posts big blind $3
*** HOLE CARDS ***
qu1cks1lv3r7: raises $3 to $6
AzureCaper: calls $3
*** FLOP *** [4h Th Tc]
AzureCaper: checks
qu1cks1lv3r7: bets $3
AzureCaper: raises $3 to $6
qu1cks1lv3r7: calls $3
*** TURN *** [4h Th Tc] [8h]
AzureCaper: bets $6
qu1cks1lv3r7: calls $6
*** RIVER *** [4h Th Tc 8h] [6h]
AzureCaper: checks
qu1cks1lv3r7: bets $6
AzureCaper: calls $6
*** SHOW DOWN ***
qu1cks1lv3r7: shows [7s Td] (three of a kind, Tens)
AzureCaper: shows [5h 5c] (a flush, Ten high)
AzureCaper collected $47.50 from pot
*** SUMMARY ***
Total pot $48 | Rake $0.50
Board [4h Th Tc 8h 6h]
Seat 4: AzureCaper (big blind) showed [5h 5c] and won ($47.50) with a flush, Ten high
Seat 6: qu1cks1lv3r7 (button) (small blind) showed [7s Td] and lost with three of a kind, Tens


PokerStars Hand #145561940583:  Hold'em Limit ($3/$6 USD) - 2015/12/18 21:32:58 ET
Table 'Polyxena' 6-max Seat #6 is the button
Seat 4: AzureCaper ($133.01 in chips)
Seat 6: qu1cks1lv3r7 ($74.03 in chips)
qu1cks1lv3r7: posts small blind $1
AzureCaper: posts big blind $3
*** HOLE CARDS ***
qu1cks1lv3r7: raises $3 to $6
AzureCaper: folds
Uncalled bet ($3) returned to qu1cks1lv3r7
qu1cks1lv3r7 collected $6 from pot
*** SUMMARY ***
Total pot $6 | Rake $0
Seat 4: AzureCaper (big blind) folded before Flop
Seat 6: qu1cks1lv3r7 (button) (small blind) collected ($6)


PokerStars Hand #145561943573:  Hold'em Limit ($3/$6 USD) - 2015/12/18 21:33:05 ET
Table 'Polyxena' 6-max Seat #4 is the button
Seat 4: AzureCaper ($130.01 in chips)
Seat 6: qu1cks1lv3r7 ($77.03 in chips)
AzureCaper: posts small blind $1
qu1cks1lv3r7: posts big blind $3
*** HOLE CARDS ***
AzureCaper: folds
Uncalled bet ($2) returned to qu1cks1lv3r7
qu1cks1lv3r7 collected $2 from pot
*** SUMMARY ***
Total pot $2 | Rake $0
Seat 4: AzureCaper (button) (small blind) folded before Flop
Seat 6: qu1cks1lv3r7 (big blind) collected ($2)


PokerStars Hand #145561962092:  Hold'em Limit ($3/$6 USD) - 2015/12/18 21:33:46 ET
Table 'Polyxena' 6-max Seat #6 is the button
Seat 4: AzureCaper ($139.41 in chips)
Seat 6: qu1cks1lv3r7 ($67.03 in chips)
qu1cks1lv3r7: posts small blind $1
AzureCaper: posts big blind $3
*** HOLE CARDS ***
qu1cks1lv3r7: folds
Uncalled bet ($2) returned to AzureCaper
AzureCaper collected $2 from pot
AzureCaper: doesn't show hand
*** SUMMARY ***
Total pot $2 | Rake $0
Seat 4: AzureCaper (big blind) collected ($2)
Seat 6: qu1cks1lv3r7 (button) (small blind) folded before Flop


PokerStars Hand #145561957240:  Hold'em Limit ($3/$6 USD) - 2015/12/18 21:33:35 ET
Table 'Polyxena' 6-max Seat #4 is the button
Seat 4: AzureCaper ($133.65 in chips)
Seat 6: qu1cks1lv3r7 ($73.03 in chips)
AzureCaper: posts small blind $1
qu1cks1lv3r7: posts big blind $3
*** HOLE CARDS ***
AzureCaper: raises $3 to $6
qu1cks1lv3r7: calls $3
*** FLOP *** [7h 5d Tc]
qu1cks1lv3r7: checks
AzureCaper: bets $3
Kills Sharks joins the table at seat #3
qu1cks1lv3r7: folds
Uncalled bet ($3) returned to AzureCaper
AzureCaper collected $11.76 from pot
AzureCaper: doesn't show hand
*** SUMMARY ***
Total pot $12 | Rake $0.24
Board [7h 5d Tc]
Seat 4: AzureCaper (button) (small blind) collected ($11.76)
Seat 6: qu1cks1lv3r7 (big blind) folded on the Flop


PokerStars Hand #145561952835:  Hold'em Limit ($3/$6 USD) - 2015/12/18 21:33:26 ET
Table 'Polyxena' 6-max Seat #6 is the button
Seat 4: AzureCaper ($136.65 in chips)
Seat 6: qu1cks1lv3r7 ($70.03 in chips)
qu1cks1lv3r7: posts small blind $1
AzureCaper: posts big blind $3
*** HOLE CARDS ***
qu1cks1lv3r7: raises $3 to $6
AzureCaper: folds
Uncalled bet ($3) returned to qu1cks1lv3r7
qu1cks1lv3r7 collected $6 from pot
*** SUMMARY ***
Total pot $6 | Rake $0
Seat 4: AzureCaper (big blind) folded before Flop
Seat 6: qu1cks1lv3r7 (button) (small blind) collected ($6)


PokerStars Hand #145561950889:  Hold'em Limit ($3/$6 USD) - 2015/12/18 21:33:21 ET
Table 'Polyxena' 6-max Seat #4 is the button
Seat 4: AzureCaper ($137.65 in chips)
Seat 6: qu1cks1lv3r7 ($69.03 in chips)
AzureCaper: posts small blind $1
qu1cks1lv3r7: posts big blind $3
*** HOLE CARDS ***
AzureCaper: folds
Uncalled bet ($2) returned to qu1cks1lv3r7
qu1cks1lv3r7 collected $2 from pot
*** SUMMARY ***
Total pot $2 | Rake $0
Seat 4: AzureCaper (button) (small blind) folded before Flop
Seat 6: qu1cks1lv3r7 (big blind) collected ($2)


PokerStars Hand #145561946059:  Hold'em Limit ($3/$6 USD) - 2015/12/18 21:33:11 ET
Table 'Polyxena' 6-max Seat #6 is the button
Seat 4: AzureCaper ($129.01 in chips)
Seat 6: qu1cks1lv3r7 ($78.03 in chips)
qu1cks1lv3r7: posts small blind $1
AzureCaper: posts big blind $3
*** HOLE CARDS ***
qu1cks1lv3r7: raises $3 to $6
AzureCaper: calls $3
*** FLOP *** [5d 5h 5c]
AzureCaper: checks
qu1cks1lv3r7: bets $3
AzureCaper: raises $3 to $6
qu1cks1lv3r7: folds
Uncalled bet ($3) returned to AzureCaper
AzureCaper collected $17.64 from pot
AzureCaper: doesn't show hand
*** SUMMARY ***
Total pot $18 | Rake $0.36
Board [5d 5h 5c]
Seat 4: AzureCaper (big blind) collected ($17.64)
Seat 6: qu1cks1lv3r7 (button) (small blind) folded on the Flop


PokerStars Hand #145571394215:  Hold'em Limit ($3/$6 USD) - 2015/12/19 5:03:55 ET
Table 'Polyxena' 6-max Seat #1 is the button
Seat 1: scorpio04 ($115.45 in chips)
Seat 2: schnizm ($98.52 in chips)
scorpio04: posts small blind $1
schnizm: posts big blind $3
*** HOLE CARDS ***
megabaitt leaves the table
scorpio04: raises $3 to $6
schnizm: raises $3 to $9
scorpio04: calls $3
*** FLOP *** [6d 4d 5d]
schnizm: bets $3
TbIP-TbIP 88 leaves the table
scorpio04: calls $3
*** TURN *** [6d 4d 5d] [Kc]
schnizm: checks
scorpio04: checks
*** RIVER *** [6d 4d 5d Kc] [Ts]
schnizm: checks
scorpio04: checks
*** SHOW DOWN ***
schnizm: shows [7h Jh] (high card King)
scorpio04: shows [8d As] (high card Ace)
scorpio04 collected $23.52 from pot
*** SUMMARY ***
Total pot $24 | Rake $0.48
Board [6d 4d 5d Kc Ts]
Seat 1: scorpio04 (button) (small blind) showed [8d As] and won ($23.52) with high card Ace
Seat 2: schnizm (big blind) showed [7h Jh] and lost with high card King


PokerStars Hand #145571430177:  Hold'em Limit ($3/$6 USD) - 2015/12/19 5:05:11 ET
Table 'Polyxena' 6-max Seat #5 is the button
Seat 5: ECP1955 ($146.96 in chips)
Seat 6: boony444 ($214.53 in chips)
ECP1955: posts small blind $1
boony444: posts big blind $3
*** HOLE CARDS ***
schnizm joins the table at seat #1
ECP1955: calls $2
boony444: checks
*** FLOP *** [Td 6d 4h]
boony444: checks
ECP1955: bets $3
boony444: calls $3
*** TURN *** [Td 6d 4h] [Kc]
boony444: checks
ECP1955: checks
*** RIVER *** [Td 6d 4h Kc] [7h]
boony444: checks
ECP1955: checks
*** SHOW DOWN ***
boony444: shows [Jd 5s] (high card King)
ECP1955: shows [8c Ac] (high card Ace)
ECP1955 collected $11.76 from pot
*** SUMMARY ***
Total pot $12 | Rake $0.24
Board [Td 6d 4h Kc 7h]
Seat 5: ECP1955 (button) (small blind) showed [8c Ac] and won ($11.76) with high card Ace
Seat 6: boony444 (big blind) showed [Jd 5s] and lost with high card King


