PokerStars Hand #171739283623:  Hold'em Limit ($3/$6 USD) - 2017/06/13 17:21:22 ET
Table 'Polyhymnia' 6-max Seat #2 is the button
Seat 1: scorpio04 ($155.76 in chips)
Seat 2: TinaTurner72 ($114 in chips)
TinaTurner72: posts small blind $1
scorpio04: posts big blind $3
*** HOLE CARDS ***
TinaTurner72: raises $3 to $6
scorpio04: calls $3
*** FLOP *** [6c 9c 2s]
scorpio04: checks
TinaTurner72: bets $3
scorpio04: folds
Uncalled bet ($3) returned to TinaTurner72
TinaTurner72 collected $11.76 from pot
TinaTurner72: doesn't show hand
*** SUMMARY ***
Total pot $12 | Rake $0.24
Board [6c 9c 2s]
Seat 1: scorpio04 (big blind) folded on the Flop
Seat 2: TinaTurner72 (button) (small blind) collected ($11.76)


PokerStars Hand #171739264713:  Hold'em Limit ($3/$6 USD) - 2017/06/13 17:20:59 ET
Table 'Polyhymnia' 6-max Seat #1 is the button
Seat 1: scorpio04 ($150 in chips)
Seat 2: TinaTurner72 ($120 in chips)
scorpio04: posts small blind $1
TinaTurner72: posts big blind $3
*** HOLE CARDS ***
scorpio04: raises $3 to $6
TinaTurner72: calls $3
*** FLOP *** [7h 8s Qd]
TinaTurner72: checks
scorpio04: bets $3
TinaTurner72: folds
Uncalled bet ($3) returned to scorpio04
scorpio04 collected $11.76 from pot
scorpio04: doesn't show hand
*** SUMMARY ***
Total pot $12 | Rake $0.24
Board [7h 8s Qd]
Seat 1: scorpio04 (button) (small blind) collected ($11.76)
Seat 2: TinaTurner72 (big blind) folded on the Flop


