PokerStars Hand #147274388996:  Hold'em Limit ($3/$6 USD) - 2016/01/18 16:14:45 ET
Table 'Polyxena' 2-max Seat #2 is the button
Seat 1: kaputnikoff ($229.26 in chips)
Seat 2: bandita747 ($102.01 in chips)
bandita747: posts small blind $1
kaputnikoff: posts big blind $3
*** HOLE CARDS ***
bandita747: folds
Uncalled bet ($2) returned to kaputnikoff
kaputnikoff collected $2 from pot
kaputnikoff: doesn't show hand
*** SUMMARY ***
Total pot $2 | Rake $0
Seat 1: kaputnikoff (big blind) collected ($2)
Seat 2: bandita747 (button) (small blind) folded before Flop


PokerStars Hand #147274362466:  Hold'em Limit ($3/$6 USD) - 2016/01/18 16:14:21 ET
Table 'Polyxena' 2-max Seat #1 is the button
Seat 1: kaputnikoff ($214.76 in chips)
Seat 2: bandita747 ($117.01 in chips)
kaputnikoff: posts small blind $1
bandita747: posts big blind $3
*** HOLE CARDS ***
kaputnikoff: raises $3 to $6
bandita747: calls $3
*** FLOP *** [2s 4d Kd]
bandita747: checks
kaputnikoff: bets $3
bandita747: calls $3
*** TURN *** [2s 4d Kd] [6d]
bandita747: checks
kaputnikoff: bets $6
bandita747: calls $6
*** RIVER *** [2s 4d Kd 6d] [Tc]
bandita747: checks
kaputnikoff: bets $6
bandita747: folds
Uncalled bet ($6) returned to kaputnikoff
kaputnikoff collected $29.50 from pot
kaputnikoff: doesn't show hand
*** SUMMARY ***
Total pot $30 | Rake $0.50
Board [2s 4d Kd 6d Tc]
Seat 1: kaputnikoff (button) (small blind) collected ($29.50)
Seat 2: bandita747 (big blind) folded on the River


PokerStars Hand #147274428351:  Hold'em Limit ($3/$6 USD) - 2016/01/18 16:15:19 ET
Table 'Polyxena' 2-max Seat #1 is the button
Seat 1: kaputnikoff ($215.26 in chips)
Seat 2: bandita747 ($115.41 in chips)
kaputnikoff: posts small blind $1
bandita747: posts big blind $3
*** HOLE CARDS ***
kaputnikoff: raises $3 to $6
bandita747: calls $3
*** FLOP *** [3d 9c Jd]
bandita747: checks
kaputnikoff: bets $3
bandita747: calls $3
*** TURN *** [3d 9c Jd] [Ah]
bandita747: checks
kaputnikoff: bets $6
bandita747: calls $6
*** RIVER *** [3d 9c Jd Ah] [Qh]
bandita747: checks
kaputnikoff: bets $6
bandita747: calls $6
*** SHOW DOWN ***
kaputnikoff: shows [5h As] (a pair of Aces)
bandita747: mucks hand
kaputnikoff collected $41.50 from pot
*** SUMMARY ***
Total pot $42 | Rake $0.50
Board [3d 9c Jd Ah Qh]
Seat 1: kaputnikoff (button) (small blind) showed [5h As] and won ($41.50) with a pair of Aces
Seat 2: bandita747 (big blind) mucked


PokerStars Hand #147274413826:  Hold'em Limit ($3/$6 USD) - 2016/01/18 16:15:07 ET
Table 'Polyxena' 2-max Seat #2 is the button
Seat 1: kaputnikoff ($218.26 in chips)
Seat 2: bandita747 ($112.53 in chips)
bandita747: posts small blind $1
kaputnikoff: posts big blind $3
*** HOLE CARDS ***
bandita747: calls $2
kaputnikoff: checks
*** FLOP *** [7c 9s 4s]
kaputnikoff: checks
bandita747: bets $3
kaputnikoff: folds
Uncalled bet ($3) returned to bandita747
bandita747 collected $5.88 from pot
*** SUMMARY ***
Total pot $6 | Rake $0.12
Board [7c 9s 4s]
Seat 1: kaputnikoff (big blind) folded on the Flop
Seat 2: bandita747 (button) (small blind) collected ($5.88)


PokerStars Hand #147274394546:  Hold'em Limit ($3/$6 USD) - 2016/01/18 16:14:50 ET
Table 'Polyxena' 2-max Seat #1 is the button
Seat 1: kaputnikoff ($230.26 in chips)
Seat 2: bandita747 ($101.01 in chips)
kaputnikoff: posts small blind $1
bandita747: posts big blind $3
*** HOLE CARDS ***
kaputnikoff: raises $3 to $6
bandita747: raises $3 to $9
kaputnikoff: calls $3
*** FLOP *** [9s As 3d]
bandita747: bets $3
kaputnikoff: calls $3
*** TURN *** [9s As 3d] [4h]
bandita747: bets $6
kaputnikoff: folds
Uncalled bet ($6) returned to bandita747
bandita747 collected $23.52 from pot
*** SUMMARY ***
Total pot $24 | Rake $0.48
Board [9s As 3d 4h]
Seat 1: kaputnikoff (button) (small blind) folded on the Turn
Seat 2: bandita747 (big blind) collected ($23.52)


PokerStars Hand #147274511240:  Hold'em Limit ($3/$6 USD) - 2016/01/18 16:16:32 ET
Table 'Polyxena' 2-max Seat #2 is the button
Seat 1: kaputnikoff ($241.26 in chips)
Seat 2: bandita747 ($87.91 in chips)
bandita747: posts small blind $1
kaputnikoff: posts big blind $3
*** HOLE CARDS ***
bandita747: raises $3 to $6
kaputnikoff: calls $3
*** FLOP *** [Qd 3h 8h]
kaputnikoff: checks
bandita747: bets $3
kaputnikoff: folds
Uncalled bet ($3) returned to bandita747
bandita747 collected $11.76 from pot
*** SUMMARY ***
Total pot $12 | Rake $0.24
Board [Qd 3h 8h]
Seat 1: kaputnikoff (big blind) folded on the Flop
Seat 2: bandita747 (button) (small blind) collected ($11.76)


PokerStars Hand #147274484296:  Hold'em Limit ($3/$6 USD) - 2016/01/18 16:16:09 ET
Table 'Polyxena' 2-max Seat #1 is the button
Seat 1: kaputnikoff ($220.76 in chips)
Seat 2: bandita747 ($108.91 in chips)
kaputnikoff: posts small blind $1
bandita747: posts big blind $3
*** HOLE CARDS ***
kaputnikoff: raises $3 to $6
bandita747: calls $3
*** FLOP *** [3c 6h 2h]
bandita747: checks
kaputnikoff: bets $3
bandita747: calls $3
*** TURN *** [3c 6h 2h] [9h]
bandita747: checks
kaputnikoff: bets $6
bandita747: calls $6
*** RIVER *** [3c 6h 2h 9h] [Ah]
bandita747: checks
kaputnikoff: bets $6
bandita747: calls $6
*** SHOW DOWN ***
kaputnikoff: shows [Jd Th] (a flush, Ace high)
bandita747: mucks hand
kaputnikoff collected $41.50 from pot
*** SUMMARY ***
Total pot $42 | Rake $0.50
Board [3c 6h 2h 9h Ah]
Seat 1: kaputnikoff (button) (small blind) showed [Jd Th] and won ($41.50) with a flush, Ace high
Seat 2: bandita747 (big blind) mucked


PokerStars Hand #147274460436:  Hold'em Limit ($3/$6 USD) - 2016/01/18 16:15:48 ET
Table 'Polyxena' 2-max Seat #2 is the button
Seat 1: kaputnikoff ($235.76 in chips)
Seat 2: bandita747 ($94.41 in chips)
bandita747: posts small blind $1
kaputnikoff: posts big blind $3
*** HOLE CARDS ***
bandita747: raises $3 to $6
kaputnikoff: calls $3
*** FLOP *** [Th 5s 3c]
kaputnikoff: checks
bandita747: bets $3
kaputnikoff: calls $3
*** TURN *** [Th 5s 3c] [6h]
kaputnikoff: checks
bandita747: bets $6
kaputnikoff: calls $6
*** RIVER *** [Th 5s 3c 6h] [Qs]
kaputnikoff: checks
bandita747: checks
*** SHOW DOWN ***
kaputnikoff: shows [Ad 8c] (high card Ace)
bandita747: shows [4d 5d] (a pair of Fives)
bandita747 collected $29.50 from pot
*** SUMMARY ***
Total pot $30 | Rake $0.50
Board [Th 5s 3c 6h Qs]
Seat 1: kaputnikoff (big blind) showed [Ad 8c] and lost with high card Ace
Seat 2: bandita747 (button) (small blind) showed [4d 5d] and won ($29.50) with a pair of Fives


PokerStars Hand #147274554606:  Hold'em Limit ($3/$6 USD) - 2016/01/18 16:17:11 ET
Table 'Polyxena' 2-max Seat #1 is the button
Seat 1: kaputnikoff ($259.76 in chips)
Seat 2: bandita747 ($68.67 in chips)
kaputnikoff: posts small blind $1
bandita747: posts big blind $3
*** HOLE CARDS ***
kaputnikoff: raises $3 to $6
bandita747: raises $3 to $9
kaputnikoff: calls $3
*** FLOP *** [Td 2d As]
bandita747: bets $3
kaputnikoff: calls $3
*** TURN *** [Td 2d As] [Kh]
bandita747: bets $6
kaputnikoff: calls $6
*** RIVER *** [Td 2d As Kh] [9s]
bandita747: bets $6
kaputnikoff: calls $6
*** SHOW DOWN ***
bandita747: shows [Qc Jh] (a straight, Ten to Ace)
kaputnikoff: mucks hand
bandita747 collected $47.50 from pot
*** SUMMARY ***
Total pot $48 | Rake $0.50
Board [Td 2d As Kh 9s]
Seat 1: kaputnikoff (button) (small blind) mucked
Seat 2: bandita747 (big blind) showed [Qc Jh] and won ($47.50) with a straight, Ten to Ace


PokerStars Hand #147274549111:  Hold'em Limit ($3/$6 USD) - 2016/01/18 16:17:06 ET
Table 'Polyxena' 2-max Seat #2 is the button
Seat 1: kaputnikoff ($258.76 in chips)
Seat 2: bandita747 ($69.67 in chips)
bandita747: posts small blind $1
kaputnikoff: posts big blind $3
*** HOLE CARDS ***
bandita747: folds
Uncalled bet ($2) returned to kaputnikoff
kaputnikoff collected $2 from pot
kaputnikoff: doesn't show hand
*** SUMMARY ***
Total pot $2 | Rake $0
Seat 1: kaputnikoff (big blind) collected ($2)
Seat 2: bandita747 (button) (small blind) folded before Flop


PokerStars Hand #147274524648:  Hold'em Limit ($3/$6 USD) - 2016/01/18 16:16:44 ET
Table 'Polyxena' 2-max Seat #1 is the button
Seat 1: kaputnikoff ($235.26 in chips)
Seat 2: bandita747 ($93.67 in chips)
kaputnikoff: posts small blind $1
bandita747: posts big blind $3
*** HOLE CARDS ***
kaputnikoff: raises $3 to $6
bandita747: calls $3
*** FLOP *** [8h 4h Th]
bandita747: checks
kaputnikoff: checks
*** TURN *** [8h 4h Th] [3s]
bandita747: bets $6
kaputnikoff: raises $6 to $12
bandita747: calls $6
*** RIVER *** [8h 4h Th 3s] [6h]
bandita747: checks
kaputnikoff: bets $6
bandita747: calls $6
*** SHOW DOWN ***
kaputnikoff: shows [Ah Jh] (a flush, Ace high)
bandita747: mucks hand
kaputnikoff collected $47.50 from pot
*** SUMMARY ***
Total pot $48 | Rake $0.50
Board [8h 4h Th 3s 6h]
Seat 1: kaputnikoff (button) (small blind) showed [Ah Jh] and won ($47.50) with a flush, Ace high
Seat 2: bandita747 (big blind) mucked


PokerStars Hand #147274643279:  Hold'em Limit ($3/$6 USD) - 2016/01/18 16:18:29 ET
Table 'Polyxena' 2-max Seat #1 is the button
Seat 1: kaputnikoff ($202.76 in chips)
Seat 2: bandita747 ($124.07 in chips)
kaputnikoff: posts small blind $1
bandita747: posts big blind $3
*** HOLE CARDS ***
kaputnikoff: raises $3 to $6
bandita747: folds
Uncalled bet ($3) returned to kaputnikoff
kaputnikoff collected $6 from pot
kaputnikoff: doesn't show hand
*** SUMMARY ***
Total pot $6 | Rake $0
Seat 1: kaputnikoff (button) (small blind) collected ($6)
Seat 2: bandita747 (big blind) folded before Flop


PokerStars Hand #147274620501:  Hold'em Limit ($3/$6 USD) - 2016/01/18 16:18:09 ET
Table 'Polyxena' 2-max Seat #2 is the button
Seat 1: kaputnikoff ($220.76 in chips)
Seat 2: bandita747 ($106.57 in chips)
bandita747: posts small blind $1
kaputnikoff: posts big blind $3
*** HOLE CARDS ***
bandita747: raises $3 to $6
kaputnikoff: calls $3
*** FLOP *** [5d 6s 5s]
kaputnikoff: checks
bandita747: checks
*** TURN *** [5d 6s 5s] [3s]
kaputnikoff: bets $6
bandita747: calls $6
*** RIVER *** [5d 6s 5s 3s] [Ks]
kaputnikoff: bets $6
bandita747: calls $6
*** SHOW DOWN ***
kaputnikoff: shows [Jc 9h] (a pair of Fives)
bandita747: shows [Kd 4h] (two pair, Kings and Fives)
bandita747 collected $35.50 from pot
*** SUMMARY ***
Total pot $36 | Rake $0.50
Board [5d 6s 5s 3s Ks]
Seat 1: kaputnikoff (big blind) showed [Jc 9h] and lost with a pair of Fives
Seat 2: bandita747 (button) (small blind) showed [Kd 4h] and won ($35.50) with two pair, Kings and Fives


PokerStars Hand #147274600269:  Hold'em Limit ($3/$6 USD) - 2016/01/18 16:17:51 ET
Table 'Polyxena' 2-max Seat #1 is the button
Seat 1: kaputnikoff ($229.76 in chips)
Seat 2: bandita747 ($97.93 in chips)
kaputnikoff: posts small blind $1
bandita747: posts big blind $3
*** HOLE CARDS ***
kaputnikoff: raises $3 to $6
bandita747: calls $3
*** FLOP *** [7s Kh 8h]
bandita747: checks
kaputnikoff: bets $3
bandita747: calls $3
*** TURN *** [7s Kh 8h] [9c]
bandita747: checks
kaputnikoff: checks
*** RIVER *** [7s Kh 8h 9c] [7h]
bandita747: bets $6
kaputnikoff: folds
Uncalled bet ($6) returned to bandita747
bandita747 collected $17.64 from pot
*** SUMMARY ***
Total pot $18 | Rake $0.36
Board [7s Kh 8h 9c 7h]
Seat 1: kaputnikoff (button) (small blind) folded on the River
Seat 2: bandita747 (big blind) collected ($17.64)


PokerStars Hand #147274585011:  Hold'em Limit ($3/$6 USD) - 2016/01/18 16:17:38 ET
Table 'Polyxena' 2-max Seat #2 is the button
Seat 1: kaputnikoff ($235.76 in chips)
Seat 2: bandita747 ($92.17 in chips)
bandita747: posts small blind $1
kaputnikoff: posts big blind $3
*** HOLE CARDS ***
bandita747: raises $3 to $6
kaputnikoff: calls $3
*** FLOP *** [Kc Kh As]
kaputnikoff: checks
bandita747: bets $3
kaputnikoff: folds
Uncalled bet ($3) returned to bandita747
bandita747 collected $11.76 from pot
*** SUMMARY ***
Total pot $12 | Rake $0.24
Board [Kc Kh As]
Seat 1: kaputnikoff (big blind) folded on the Flop
Seat 2: bandita747 (button) (small blind) collected ($11.76)


PokerStars Hand #147274730195:  Hold'em Limit ($3/$6 USD) - 2016/01/18 16:19:47 ET
Table 'Polyxena' 2-max Seat #2 is the button
Seat 1: kaputnikoff ($258.52 in chips)
Seat 2: bandita747 ($67.07 in chips)
bandita747: posts small blind $1
kaputnikoff: posts big blind $3
*** HOLE CARDS ***
bandita747: folds
Uncalled bet ($2) returned to kaputnikoff
kaputnikoff collected $2 from pot
kaputnikoff: doesn't show hand
*** SUMMARY ***
Total pot $2 | Rake $0
Seat 1: kaputnikoff (big blind) collected ($2)
Seat 2: bandita747 (button) (small blind) folded before Flop


PokerStars Hand #147274722018:  Hold'em Limit ($3/$6 USD) - 2016/01/18 16:19:39 ET
Table 'Polyxena' 2-max Seat #1 is the button
Seat 1: kaputnikoff ($255.52 in chips)
Seat 2: bandita747 ($70.07 in chips)
kaputnikoff: posts small blind $1
bandita747: posts big blind $3
*** HOLE CARDS ***
kaputnikoff: raises $3 to $6
bandita747: folds
Uncalled bet ($3) returned to kaputnikoff
kaputnikoff collected $6 from pot
kaputnikoff: doesn't show hand
*** SUMMARY ***
Total pot $6 | Rake $0
Seat 1: kaputnikoff (button) (small blind) collected ($6)
Seat 2: bandita747 (big blind) folded before Flop


PokerStars Hand #147274701885:  Hold'em Limit ($3/$6 USD) - 2016/01/18 16:19:21 ET
Table 'Polyxena' 2-max Seat #2 is the button
Seat 1: kaputnikoff ($249.76 in chips)
Seat 2: bandita747 ($76.07 in chips)
bandita747: posts small blind $1
kaputnikoff: posts big blind $3
*** HOLE CARDS ***
bandita747: raises $3 to $6
kaputnikoff: calls $3
*** FLOP *** [6h Th 4h]
kaputnikoff: checks
bandita747: checks
*** TURN *** [6h Th 4h] [2h]
kaputnikoff: checks
bandita747: checks
*** RIVER *** [6h Th 4h 2h] [5s]
kaputnikoff: bets $6
bandita747: folds
Uncalled bet ($6) returned to kaputnikoff
kaputnikoff collected $11.76 from pot
kaputnikoff: doesn't show hand
*** SUMMARY ***
Total pot $12 | Rake $0.24
Board [6h Th 4h 2h 5s]
Seat 1: kaputnikoff (big blind) collected ($11.76)
Seat 2: bandita747 (button) (small blind) folded on the River


PokerStars Hand #147274676933:  Hold'em Limit ($3/$6 USD) - 2016/01/18 16:18:59 ET
Table 'Polyxena' 2-max Seat #1 is the button
Seat 1: kaputnikoff ($229.26 in chips)
Seat 2: bandita747 ($97.07 in chips)
kaputnikoff: posts small blind $1
bandita747: posts big blind $3
*** HOLE CARDS ***
kaputnikoff: raises $3 to $6
bandita747: calls $3
*** FLOP *** [4c 8h Qh]
bandita747: checks
kaputnikoff: bets $3
bandita747: calls $3
*** TURN *** [4c 8h Qh] [4d]
bandita747: checks
kaputnikoff: bets $6
bandita747: calls $6
*** RIVER *** [4c 8h Qh 4d] [7d]
bandita747: checks
kaputnikoff: bets $6
bandita747: calls $6
*** SHOW DOWN ***
kaputnikoff: shows [Ks Kd] (two pair, Kings and Fours)
bandita747: mucks hand
kaputnikoff collected $41.50 from pot
*** SUMMARY ***
Total pot $42 | Rake $0.50
Board [4c 8h Qh 4d 7d]
Seat 1: kaputnikoff (button) (small blind) showed [Ks Kd] and won ($41.50) with two pair, Kings and Fours
Seat 2: bandita747 (big blind) mucked


PokerStars Hand #147274650798:  Hold'em Limit ($3/$6 USD) - 2016/01/18 16:18:36 ET
Table 'Polyxena' 2-max Seat #2 is the button
Seat 1: kaputnikoff ($205.76 in chips)
Seat 2: bandita747 ($121.07 in chips)
bandita747: posts small blind $1
kaputnikoff: posts big blind $3
*** HOLE CARDS ***
bandita747: raises $3 to $6
kaputnikoff: calls $3
*** FLOP *** [Ah 2c 9d]
kaputnikoff: checks
bandita747: bets $3
kaputnikoff: raises $3 to $6
bandita747: calls $3
*** TURN *** [Ah 2c 9d] [4d]
kaputnikoff: bets $6
bandita747: calls $6
*** RIVER *** [Ah 2c 9d 4d] [6c]
kaputnikoff: bets $6
bandita747: calls $6
*** SHOW DOWN ***
kaputnikoff: shows [Ac 5c] (a pair of Aces)
bandita747: mucks hand
kaputnikoff collected $47.50 from pot
*** SUMMARY ***
Total pot $48 | Rake $0.50
Board [Ah 2c 9d 4d 6c]
Seat 1: kaputnikoff (big blind) showed [Ac 5c] and won ($47.50) with a pair of Aces
Seat 2: bandita747 (button) (small blind) mucked


PokerStars Hand #147274766162:  Hold'em Limit ($3/$6 USD) - 2016/01/18 16:20:19 ET
Table 'Polyxena' 2-max Seat #2 is the button
Seat 1: kaputnikoff ($280.02 in chips)
Seat 2: bandita747 ($45.07 in chips)
bandita747: posts small blind $1
kaputnikoff: posts big blind $3
*** HOLE CARDS ***
bandita747: raises $3 to $6
kaputnikoff: calls $3
*** FLOP *** [3c 4d 6d]
kaputnikoff: checks
bandita747: bets $3
kaputnikoff: calls $3
*** TURN *** [3c 4d 6d] [Kc]
kaputnikoff: checks
bandita747: bets $6
kaputnikoff: calls $6
*** RIVER *** [3c 4d 6d Kc] [2d]
kaputnikoff: checks
bandita747: checks
*** SHOW DOWN ***
kaputnikoff: shows [Ah 9d] (high card Ace)
bandita747: shows [8d 8h] (a pair of Eights)
bandita747 collected $29.50 from pot
*** SUMMARY ***
Total pot $30 | Rake $0.50
Board [3c 4d 6d Kc 2d]
Seat 1: kaputnikoff (big blind) showed [Ah 9d] and lost with high card Ace
Seat 2: bandita747 (button) (small blind) showed [8d 8h] and won ($29.50) with a pair of Eights


PokerStars Hand #147274735768:  Hold'em Limit ($3/$6 USD) - 2016/01/18 16:19:52 ET
Table 'Polyxena' 2-max Seat #1 is the button
Seat 1: kaputnikoff ($259.52 in chips)
Seat 2: bandita747 ($66.07 in chips)
kaputnikoff: posts small blind $1
bandita747: posts big blind $3
*** HOLE CARDS ***
kaputnikoff: raises $3 to $6
bandita747: calls $3
*** FLOP *** [Qd 3s Ac]
bandita747: checks
kaputnikoff: bets $3
bandita747: calls $3
*** TURN *** [Qd 3s Ac] [8h]
bandita747: checks
kaputnikoff: bets $6
bandita747: calls $6
*** RIVER *** [Qd 3s Ac 8h] [Ad]
bandita747: checks
kaputnikoff: bets $6
bandita747: calls $6
*** SHOW DOWN ***
kaputnikoff: shows [As 5s] (three of a kind, Aces)
bandita747: mucks hand
kaputnikoff collected $41.50 from pot
*** SUMMARY ***
Total pot $42 | Rake $0.50
Board [Qd 3s Ac 8h Ad]
Seat 1: kaputnikoff (button) (small blind) showed [As 5s] and won ($41.50) with three of a kind, Aces
Seat 2: bandita747 (big blind) mucked


PokerStars Hand #147274816847:  Hold'em Limit ($3/$6 USD) - 2016/01/18 16:21:04 ET
Table 'Polyxena' 2-max Seat #2 is the button
Seat 1: kaputnikoff ($256.02 in chips)
Seat 2: bandita747 ($68.21 in chips)
bandita747: posts small blind $1
kaputnikoff: posts big blind $3
*** HOLE CARDS ***
bandita747: folds
Uncalled bet ($2) returned to kaputnikoff
kaputnikoff collected $2 from pot
kaputnikoff: doesn't show hand
*** SUMMARY ***
Total pot $2 | Rake $0
Seat 1: kaputnikoff (big blind) collected ($2)
Seat 2: bandita747 (button) (small blind) folded before Flop


PokerStars Hand #147274790611:  Hold'em Limit ($3/$6 USD) - 2016/01/18 16:20:41 ET
Table 'Polyxena' 2-max Seat #1 is the button
Seat 1: kaputnikoff ($265.02 in chips)
Seat 2: bandita747 ($59.57 in chips)
kaputnikoff: posts small blind $1
bandita747: posts big blind $3
*** HOLE CARDS ***
kaputnikoff: raises $3 to $6
bandita747: calls $3
*** FLOP *** [4d Kc 2d]
bandita747: checks
kaputnikoff: bets $3
bandita747: calls $3
*** TURN *** [4d Kc 2d] [Js]
bandita747: checks
kaputnikoff: checks
*** RIVER *** [4d Kc 2d Js] [4c]
bandita747: checks
kaputnikoff: checks
*** SHOW DOWN ***
bandita747: shows [5d Ad] (a pair of Fours)
kaputnikoff: mucks hand
bandita747 collected $17.64 from pot
*** SUMMARY ***
Total pot $18 | Rake $0.36
Board [4d Kc 2d Js 4c]
Seat 1: kaputnikoff (button) (small blind) mucked
Seat 2: bandita747 (big blind) showed [5d Ad] and won ($17.64) with a pair of Fours


