PokerStars Hand #148701629069:  Hold'em Limit ($3/$6 USD) - 2016/02/12 18:54:37 ET
Table 'Polyxo II' 6-max Seat #1 is the button
Seat 1: BelSv ($96.50 in chips)
Seat 3: EZB2002 ($112.64 in chips)
BelSv: posts small blind $1
EZB2002: posts big blind $3
*** HOLE CARDS ***
BelSv: raises $3 to $6
EZB2002: calls $3
*** FLOP *** [2c Js 8d]
EZB2002: checks
BelSv: bets $3
EZB2002: calls $3
*** TURN *** [2c Js 8d] [5c]
EZB2002: checks
BelSv: bets $6
EZB2002: folds
Uncalled bet ($6) returned to BelSv
BelSv collected $17.64 from pot
BelSv: doesn't show hand
*** SUMMARY ***
Total pot $18 | Rake $0.36
Board [2c Js 8d 5c]
Seat 1: BelSv (button) (small blind) collected ($17.64)
Seat 3: EZB2002 (big blind) folded on the Turn


PokerStars Hand #148701625096:  Hold'em Limit ($3/$6 USD) - 2016/02/12 18:54:32 ET
Table 'Polyxo II' 6-max Seat #3 is the button
Seat 1: BelSv ($95.50 in chips)
Seat 3: EZB2002 ($113.64 in chips)
EZB2002: posts small blind $1
BelSv: posts big blind $3
*** HOLE CARDS ***
EZB2002: folds
Uncalled bet ($2) returned to BelSv
BelSv collected $2 from pot
BelSv: doesn't show hand
*** SUMMARY ***
Total pot $2 | Rake $0
Seat 1: BelSv (big blind) collected ($2)
Seat 3: EZB2002 (button) (small blind) folded before Flop


PokerStars Hand #148701601785:  Hold'em Limit ($3/$6 USD) - 2016/02/12 18:54:04 ET
Table 'Polyxo II' 6-max Seat #1 is the button
Seat 1: BelSv ($78 in chips)
Seat 3: EZB2002 ($131.64 in chips)
BelSv: posts small blind $1
EZB2002: posts big blind $3
*** HOLE CARDS ***
BelSv: raises $3 to $6
EZB2002: calls $3
*** FLOP *** [3s 4h 9h]
EZB2002: checks
BelSv: bets $3
EZB2002: raises $3 to $6
BelSv: calls $3
*** TURN *** [3s 4h 9h] [5s]
EZB2002: bets $6
BelSv: calls $6
*** RIVER *** [3s 4h 9h 5s] [6s]
EZB2002: checks
BelSv: bets $6
EZB2002: folds
Uncalled bet ($6) returned to BelSv
BelSv collected $35.50 from pot
BelSv: doesn't show hand
*** SUMMARY ***
Total pot $36 | Rake $0.50
Board [3s 4h 9h 5s 6s]
Seat 1: BelSv (button) (small blind) collected ($35.50)
Seat 3: EZB2002 (big blind) folded on the River


PokerStars Hand #148701668804:  Hold'em Limit ($3/$6 USD) - 2016/02/12 18:55:32 ET
Table 'Polyxo II' 6-max Seat #3 is the button
Seat 1: BelSv ($110.64 in chips)
Seat 3: EZB2002 ($97.14 in chips)
EZB2002: posts small blind $1
BelSv: posts big blind $3
*** HOLE CARDS ***
EZB2002: raises $3 to $6
BelSv: calls $3
*** FLOP *** [6c 2h 4c]
BelSv: checks
EZB2002: bets $3
BelSv: raises $3 to $6
EZB2002: calls $3
*** TURN *** [6c 2h 4c] [Qc]
BelSv: bets $6
EZB2002: raises $6 to $12
BelSv: calls $6
*** RIVER *** [6c 2h 4c Qc] [7h]
Brama Br joins the table at seat #2
BelSv: checks
EZB2002: bets $6
BelSv: calls $6
*** SHOW DOWN ***
EZB2002: shows [Jd Jc] (a pair of Jacks)
BelSv: mucks hand
EZB2002 collected $59.50 from pot
*** SUMMARY ***
Total pot $60 | Rake $0.50
Board [6c 2h 4c Qc 7h]
Seat 1: BelSv (big blind) mucked
Seat 3: EZB2002 (button) (small blind) showed [Jd Jc] and won ($59.50) with a pair of Jacks


PokerStars Hand #148701658685:  Hold'em Limit ($3/$6 USD) - 2016/02/12 18:55:17 ET
Table 'Polyxo II' 6-max Seat #1 is the button
Seat 1: BelSv ($128.64 in chips)
Seat 3: EZB2002 ($79.64 in chips)
BelSv: posts small blind $1
EZB2002: posts big blind $3
*** HOLE CARDS ***
BelSv: raises $3 to $6
EZB2002: calls $3
*** FLOP *** [As 3s Kc]
EZB2002: checks
BelSv: checks
*** TURN *** [As 3s Kc] [9c]
EZB2002: bets $6
BelSv: calls $6
*** RIVER *** [As 3s Kc 9c] [Qs]
EZB2002: bets $6
BelSv: calls $6
*** SHOW DOWN ***
EZB2002: shows [3c 3h] (three of a kind, Threes)
BelSv: mucks hand
EZB2002 collected $35.50 from pot
*** SUMMARY ***
Total pot $36 | Rake $0.50
Board [As 3s Kc 9c Qs]
Seat 1: BelSv (button) (small blind) mucked
Seat 3: EZB2002 (big blind) showed [3c 3h] and won ($35.50) with three of a kind, Threes


PokerStars Hand #148701646378:  Hold'em Limit ($3/$6 USD) - 2016/02/12 18:54:59 ET
Table 'Polyxo II' 6-max Seat #3 is the button
Seat 1: BelSv ($105.14 in chips)
Seat 3: EZB2002 ($103.64 in chips)
EZB2002: posts small blind $1
BelSv: posts big blind $3
*** HOLE CARDS ***
EZB2002: raises $3 to $6
BelSv: raises $3 to $9
EZB2002: calls $3
*** FLOP *** [4d 3s Js]
BelSv: bets $3
EZB2002: calls $3
*** TURN *** [4d 3s Js] [2d]
BelSv: bets $6
EZB2002: calls $6
*** RIVER *** [4d 3s Js 2d] [As]
BelSv: bets $6
EZB2002: calls $6
*** SHOW DOWN ***
BelSv: shows [5c 5s] (a straight, Ace to Five)
EZB2002: mucks hand
BelSv collected $47.50 from pot
*** SUMMARY ***
Total pot $48 | Rake $0.50
Board [4d 3s Js 2d As]
Seat 1: BelSv (big blind) showed [5c 5s] and won ($47.50) with a straight, Ace to Five
Seat 3: EZB2002 (button) (small blind) mucked


