PokerStars Hand #154448582317:  Hold'em Limit ($3/$6 USD) - 2016/06/08 2:41:05 ET
Table 'Polyxo' 6-max Seat #3 is the button
Seat 3: Agniosius ($120 in chips)
Seat 4: Agrotait ($72 in chips)
Agniosius: posts small blind $1
Agrotait: posts big blind $3
*** HOLE CARDS ***
Agniosius: raises $3 to $6
Agrotait: folds
Uncalled bet ($3) returned to Agniosius
Agniosius collected $6 from pot
*** SUMMARY ***
Total pot $6 | Rake $0
Seat 3: Agniosius (button) (small blind) collected ($6)
Seat 4: Agrotait (big blind) folded before Flop


PokerStars Hand #154448579235:  Hold'em Limit ($3/$6 USD) - 2016/06/08 2:40:53 ET
Table 'Polyxo' 6-max Seat #3 is the button
Seat 3: Agniosius ($120 in chips)
Seat 4: Agrotait ($72 in chips)
Agniosius: posts small blind $1
Agrotait: posts big blind $3
*** HOLE CARDS ***
Agniosius: folds
Uncalled bet ($2) returned to Agrotait
Agrotait collected $2 from pot
Agrotait: doesn't show hand
*** SUMMARY ***
Total pot $2 | Rake $0
Seat 3: Agniosius (button) (small blind) folded before Flop
Seat 4: Agrotait (big blind) collected ($2)


PokerStars Hand #154448606634:  Hold'em Limit ($3/$6 USD) - 2016/06/08 2:42:42 ET
Table 'Polyxo' 6-max Seat #3 is the button
Seat 3: Agniosius ($179 in chips)
Seat 4: Agrotait ($72 in chips)
Agniosius: posts small blind $1
Agrotait: posts big blind $3
*** HOLE CARDS ***
Agniosius: raises $3 to $6
Agrotait: folds
Uncalled bet ($3) returned to Agniosius
Agniosius collected $6 from pot
*** SUMMARY ***
Total pot $6 | Rake $0
Seat 3: Agniosius (button) (small blind) collected ($6)
Seat 4: Agrotait (big blind) folded before Flop


PokerStars Hand #154448584083:  Hold'em Limit ($3/$6 USD) - 2016/06/08 2:41:12 ET
Table 'Polyxo' 6-max Seat #4 is the button
Seat 3: Agniosius ($123 in chips)
Seat 4: Agrotait ($69 in chips)
Agrotait: posts small blind $1
Agniosius: posts big blind $3
*** HOLE CARDS ***
Agrotait: raises $3 to $6
Agniosius: calls $3
*** FLOP *** [5d 9c 7c]
Agniosius: checks
Agrotait: bets $3
Agniosius: raises $3 to $6
Agrotait: calls $3
*** TURN *** [5d 9c 7c] [4d]
Agniosius: bets $6
Agrotait: calls $6
*** RIVER *** [5d 9c 7c 4d] [3c]
Agniosius: bets $6
Agrotait: calls $6
*** SHOW DOWN ***
Agniosius: shows [Tc 5c] (a flush, Ten high)
Agrotait: mucks hand
Agniosius collected $47.50 from pot
*** SUMMARY ***
Total pot $48 | Rake $0.50
Board [5d 9c 7c 4d 3c]
Seat 3: Agniosius (big blind) showed [Tc 5c] and won ($47.50) with a flush, Ten high
Seat 4: Agrotait (button) (small blind) mucked


PokerStars Hand #154448599233:  Hold'em Limit ($3/$6 USD) - 2016/06/08 2:42:13 ET
Table 'Polyxo' 6-max Seat #4 is the button
Seat 3: Agniosius ($149.50 in chips)
Seat 4: Agrotait ($69 in chips)
Agrotait: posts small blind $1
Agniosius: posts big blind $3
*** HOLE CARDS ***
Agrotait: raises $3 to $6
Agniosius: raises $3 to $9
Agrotait: calls $3
*** FLOP *** [Jh Tc 4h]
Agniosius: bets $3
Agrotait: calls $3
*** TURN *** [Jh Tc 4h] [2h]
Agniosius: bets $6
Agrotait: raises $6 to $12
Agniosius: calls $6
*** RIVER *** [Jh Tc 4h 2h] [Th]
Agniosius: bets $6
Agrotait: calls $6
*** SHOW DOWN ***
Agniosius: shows [Kh Ac] (a flush, King high)
Agrotait: mucks hand
Agniosius collected $59.50 from pot
*** SUMMARY ***
Total pot $60 | Rake $0.50
Board [Jh Tc 4h 2h Th]
Seat 3: Agniosius (big blind) showed [Kh Ac] and won ($59.50) with a flush, King high
Seat 4: Agrotait (button) (small blind) mucked


PokerStars Hand #154448596742:  Hold'em Limit ($3/$6 USD) - 2016/06/08 2:42:03 ET
Table 'Polyxo' 6-max Seat #3 is the button
Seat 3: Agniosius ($146.50 in chips)
Seat 4: Agrotait ($72 in chips)
Agniosius: posts small blind $1
Agrotait: posts big blind $3
*** HOLE CARDS ***
Agniosius: raises $3 to $6
Agrotait: folds
Uncalled bet ($3) returned to Agniosius
Agniosius collected $6 from pot
*** SUMMARY ***
Total pot $6 | Rake $0
Seat 3: Agniosius (button) (small blind) collected ($6)
Seat 4: Agrotait (big blind) folded before Flop


PokerStars Hand #154448610341:  Hold'em Limit ($3/$6 USD) - 2016/06/08 2:42:57 ET
Table 'Polyxo' 6-max Seat #4 is the button
Seat 3: Agniosius ($182 in chips)
Seat 4: Agrotait ($69 in chips)
Agrotait: posts small blind $1
Agniosius: posts big blind $3
*** HOLE CARDS ***
Agrotait: raises $3 to $6
Agniosius: raises $3 to $9
Agrotait: calls $3
*** FLOP *** [5s 3d Qc]
Agniosius: checks
Agrotait: checks
*** TURN *** [5s 3d Qc] [Ah]
Agniosius: bets $6
Agrotait: folds
Uncalled bet ($6) returned to Agniosius
Agniosius collected $17.64 from pot
*** SUMMARY ***
Total pot $18 | Rake $0.36
Board [5s 3d Qc Ah]
Seat 3: Agniosius (big blind) collected ($17.64)
Seat 4: Agrotait (button) (small blind) folded on the Turn


PokerStars Hand #154448632755:  Hold'em Limit ($3/$6 USD) - 2016/06/08 2:44:24 ET
Table 'Polyxo' 6-max Seat #4 is the button
Seat 3: Agniosius ($171.64 in chips)
Seat 4: Agrotait ($78.50 in chips)
Agrotait: posts small blind $1
Agniosius: posts big blind $3
*** HOLE CARDS ***
Agrotait: raises $3 to $6
Agniosius: raises $3 to $9
Agrotait: calls $3
*** FLOP *** [8s Kh Qd]
Agniosius: bets $3
Agrotait: raises $3 to $6
Agniosius: calls $3
*** TURN *** [8s Kh Qd] [3s]
Agniosius: checks
Agrotait: bets $6
Agniosius: calls $6
*** RIVER *** [8s Kh Qd 3s] [5s]
Agniosius: checks
Agrotait: checks
*** SHOW DOWN ***
Agniosius: shows [Jc Jd] (a pair of Jacks)
Agrotait: mucks hand
Agniosius collected $41.50 from pot
*** SUMMARY ***
Total pot $42 | Rake $0.50
Board [8s Kh Qd 3s 5s]
Seat 3: Agniosius (big blind) showed [Jc Jd] and won ($41.50) with a pair of Jacks
Seat 4: Agrotait (button) (small blind) mucked


PokerStars Hand #154448616942:  Hold'em Limit ($3/$6 USD) - 2016/06/08 2:43:23 ET
Table 'Polyxo' 6-max Seat #4 is the button
Seat 3: Agniosius ($189.64 in chips)
Seat 4: Agrotait ($61 in chips)
Agrotait: posts small blind $1
Agniosius: posts big blind $3
*** HOLE CARDS ***
Agrotait: raises $3 to $6
Agniosius: calls $3
*** FLOP *** [Ac 5d 9c]
Agniosius: checks
Agrotait: bets $3
Agniosius: calls $3
*** TURN *** [Ac 5d 9c] [Qc]
Agniosius: checks
Agrotait: bets $6
Agniosius: calls $6
*** RIVER *** [Ac 5d 9c Qc] [Qs]
Agniosius: checks
Agrotait: bets $6
Agniosius: calls $6
*** SHOW DOWN ***
Agrotait: shows [6c 5c] (a flush, Ace high)
Agniosius: mucks hand
Agrotait collected $41.50 from pot
*** SUMMARY ***
Total pot $42 | Rake $0.50
Board [Ac 5d 9c Qc Qs]
Seat 3: Agniosius (big blind) mucked
Seat 4: Agrotait (button) (small blind) showed [6c 5c] and won ($41.50) with a flush, Ace high


PokerStars Hand #154448642802:  Hold'em Limit ($3/$6 USD) - 2016/06/08 2:45:03 ET
Table 'Polyxo' 6-max Seat #4 is the button
Seat 3: Agniosius ($191.14 in chips)
Seat 4: Agrotait ($73 in chips)
Agrotait: posts small blind $1
Agniosius: posts big blind $3
*** HOLE CARDS ***
Agrotait: raises $3 to $6
Agniosius: calls $3
*** FLOP *** [4c 9c 3c]
Agniosius: checks
Agrotait: bets $3
Agniosius: calls $3
*** TURN *** [4c 9c 3c] [Jc]
Agniosius: checks
Agrotait: bets $6
Agniosius: folds
Uncalled bet ($6) returned to Agrotait
Agrotait collected $17.64 from pot
Agrotait: doesn't show hand
*** SUMMARY ***
Total pot $18 | Rake $0.36
Board [4c 9c 3c Jc]
Seat 3: Agniosius (big blind) folded on the Turn
Seat 4: Agrotait (button) (small blind) collected ($17.64)


PokerStars Hand #154448664163:  Hold'em Limit ($3/$6 USD) - 2016/06/08 2:46:26 ET
Table 'Polyxo' 6-max Seat #3 is the button
Seat 3: Agniosius ($190.66 in chips)
Seat 4: Agrotait ($72.64 in chips)
Agniosius: posts small blind $1
Agrotait: posts big blind $3
*** HOLE CARDS ***
Agniosius: calls $2
Agrotait: checks
*** FLOP *** [Jh Ah 8h]
Agrotait: bets $3
Agniosius: calls $3
*** TURN *** [Jh Ah 8h] [Ts]
Agrotait: checks
Agniosius: bets $6
Agrotait: folds
Uncalled bet ($6) returned to Agniosius
Agniosius collected $11.76 from pot
*** SUMMARY ***
Total pot $12 | Rake $0.24
Board [Jh Ah 8h Ts]
Seat 3: Agniosius (button) (small blind) collected ($11.76)
Seat 4: Agrotait (big blind) folded on the Turn


PokerStars Hand #154448661625:  Hold'em Limit ($3/$6 USD) - 2016/06/08 2:46:16 ET
Table 'Polyxo' 6-max Seat #4 is the button
Seat 3: Agniosius ($193.66 in chips)
Seat 4: Agrotait ($69.64 in chips)
Agrotait: posts small blind $1
Agniosius: posts big blind $3
*** HOLE CARDS ***
Agrotait: raises $3 to $6
Agniosius: folds
Uncalled bet ($3) returned to Agrotait
Agrotait collected $6 from pot
Agrotait: doesn't show hand
*** SUMMARY ***
Total pot $6 | Rake $0
Seat 3: Agniosius (big blind) folded before Flop
Seat 4: Agrotait (button) (small blind) collected ($6)


PokerStars Hand #154448659886:  Hold'em Limit ($3/$6 USD) - 2016/06/08 2:46:09 ET
Table 'Polyxo' 6-max Seat #3 is the button
Seat 3: Agniosius ($190.66 in chips)
Seat 4: Agrotait ($72.64 in chips)
Agniosius: posts small blind $1
Agrotait: posts big blind $3
*** HOLE CARDS ***
Agniosius: raises $3 to $6
Agrotait: folds
Uncalled bet ($3) returned to Agniosius
Agniosius collected $6 from pot
*** SUMMARY ***
Total pot $6 | Rake $0
Seat 3: Agniosius (button) (small blind) collected ($6)
Seat 4: Agrotait (big blind) folded before Flop


PokerStars Hand #154448658330:  Hold'em Limit ($3/$6 USD) - 2016/06/08 2:46:03 ET
Table 'Polyxo' 6-max Seat #4 is the button
Seat 3: Agniosius ($193.66 in chips)
Seat 4: Agrotait ($69.64 in chips)
Agrotait: posts small blind $1
Agniosius: posts big blind $3
*** HOLE CARDS ***
Agrotait: raises $3 to $6
Agniosius: folds
Uncalled bet ($3) returned to Agrotait
Agrotait collected $6 from pot
Agrotait: doesn't show hand
*** SUMMARY ***
Total pot $6 | Rake $0
Seat 3: Agniosius (big blind) folded before Flop
Seat 4: Agrotait (button) (small blind) collected ($6)


PokerStars Hand #154448649600:  Hold'em Limit ($3/$6 USD) - 2016/06/08 2:45:29 ET
Table 'Polyxo' 6-max Seat #3 is the button
Seat 3: Agniosius ($182.14 in chips)
Seat 4: Agrotait ($81.64 in chips)
Agniosius: posts small blind $1
Agrotait: posts big blind $3
*** HOLE CARDS ***
Agniosius: calls $2
Agrotait: checks
*** FLOP *** [6d 2c 9h]
Agrotait: checks
Agniosius: bets $3
Agrotait: calls $3
*** TURN *** [6d 2c 9h] [8d]
Agrotait: checks
Agniosius: bets $6
Agrotait: calls $6
*** RIVER *** [6d 2c 9h 8d] [3s]
Agrotait: checks
Agniosius: checks
*** SHOW DOWN ***
Agrotait: shows [7c Jc] (high card Jack)
Agniosius: shows [6h 4h] (a pair of Sixes)
Agniosius collected $23.52 from pot
*** SUMMARY ***
Total pot $24 | Rake $0.48
Board [6d 2c 9h 8d 3s]
Seat 3: Agniosius (button) (small blind) showed [6h 4h] and won ($23.52) with a pair of Sixes
Seat 4: Agrotait (big blind) showed [7c Jc] and lost with high card Jack


PokerStars Hand #154448668963:  Hold'em Limit ($3/$6 USD) - 2016/06/08 2:46:44 ET
Table 'Polyxo' 6-max Seat #4 is the button
Seat 3: Agniosius ($196.42 in chips)
Seat 4: Agrotait ($66.64 in chips)
Agrotait: posts small blind $1
Agniosius: posts big blind $3
*** HOLE CARDS ***
Agrotait: raises $3 to $6
Agniosius: calls $3
*** FLOP *** [2h 7s 9c]
Agniosius: checks
Agrotait: bets $3
Agniosius: raises $3 to $6
Agrotait: calls $3
*** TURN *** [2h 7s 9c] [6h]
Agniosius: bets $6
Agrotait: calls $6
*** RIVER *** [2h 7s 9c 6h] [9d]
Agniosius: bets $6
Agrotait: calls $6
*** SHOW DOWN ***
Agniosius: shows [9s 8c] (three of a kind, Nines)
Agrotait: mucks hand
Agniosius collected $47.50 from pot
*** SUMMARY ***
Total pot $48 | Rake $0.50
Board [2h 7s 9c 6h 9d]
Seat 3: Agniosius (big blind) showed [9s 8c] and won ($47.50) with three of a kind, Nines
Seat 4: Agrotait (button) (small blind) mucked


PokerStars Hand #154448675227:  Hold'em Limit ($3/$6 USD) - 2016/06/08 2:47:08 ET
Table 'Polyxo' 6-max Seat #3 is the button
Seat 3: Agniosius ($219.92 in chips)
Seat 4: Agrotait ($72 in chips)
Agniosius: posts small blind $1
Agrotait: posts big blind $3
*** HOLE CARDS ***
Agniosius: folds
Uncalled bet ($2) returned to Agrotait
Agrotait collected $2 from pot
Agrotait: doesn't show hand
*** SUMMARY ***
Total pot $2 | Rake $0
Seat 3: Agniosius (button) (small blind) folded before Flop
Seat 4: Agrotait (big blind) collected ($2)


PokerStars Hand #154448676462:  Hold'em Limit ($3/$6 USD) - 2016/06/08 2:47:13 ET
Table 'Polyxo' 6-max Seat #4 is the button
Seat 3: Agniosius ($218.92 in chips)
Seat 4: Agrotait ($73 in chips)
Agrotait: posts small blind $1
Agniosius: posts big blind $3
*** HOLE CARDS ***
Agrotait: raises $3 to $6
Agniosius: calls $3
*** FLOP *** [7h 5c Qh]
Agniosius: checks
Agrotait: bets $3
Agniosius: raises $3 to $6
Agrotait: calls $3
*** TURN *** [7h 5c Qh] [Td]
Agniosius: bets $6
Agrotait: calls $6
*** RIVER *** [7h 5c Qh Td] [As]
Agniosius: checks
Agrotait: bets $6
Agniosius: calls $6
*** SHOW DOWN ***
Agrotait: shows [Ks Js] (a straight, Ten to Ace)
Agniosius: mucks hand
Agrotait collected $47.50 from pot
*** SUMMARY ***
Total pot $48 | Rake $0.50
Board [7h 5c Qh Td As]
Seat 3: Agniosius (big blind) mucked
Seat 4: Agrotait (button) (small blind) showed [Ks Js] and won ($47.50) with a straight, Ten to Ace


PokerStars Hand #154448697413:  Hold'em Limit ($3/$6 USD) - 2016/06/08 2:48:34 ET
Table 'Polyxo' 6-max Seat #4 is the button
Seat 3: Agniosius ($204.20 in chips)
Seat 4: Agrotait ($86.26 in chips)
Agrotait: posts small blind $1
Agniosius: posts big blind $3
*** HOLE CARDS ***
Agrotait: raises $3 to $6
Agniosius: folds
Uncalled bet ($3) returned to Agrotait
Agrotait collected $6 from pot
Agrotait: doesn't show hand
*** SUMMARY ***
Total pot $6 | Rake $0
Seat 3: Agniosius (big blind) folded before Flop
Seat 4: Agrotait (button) (small blind) collected ($6)


PokerStars Hand #154448691862:  Hold'em Limit ($3/$6 USD) - 2016/06/08 2:48:13 ET
Table 'Polyxo' 6-max Seat #4 is the button
Seat 3: Agniosius ($211.20 in chips)
Seat 4: Agrotait ($79.50 in chips)
Agrotait: posts small blind $1
Agniosius: posts big blind $3
*** HOLE CARDS ***
Agrotait: raises $3 to $6
Agniosius: calls $3
*** FLOP *** [3s 9h Ad]
Agniosius: checks
Agrotait: bets $3
Agniosius: folds
Uncalled bet ($3) returned to Agrotait
Agrotait collected $11.76 from pot
Agrotait: doesn't show hand
*** SUMMARY ***
Total pot $12 | Rake $0.24
Board [3s 9h Ad]
Seat 3: Agniosius (big blind) folded on the Flop
Seat 4: Agrotait (button) (small blind) collected ($11.76)


PokerStars Hand #154448683321:  Hold'em Limit ($3/$6 USD) - 2016/06/08 2:47:39 ET
Table 'Polyxo' 6-max Seat #4 is the button
Seat 3: Agniosius ($193.92 in chips)
Seat 4: Agrotait ($97.50 in chips)
Agrotait: posts small blind $1
Agniosius: posts big blind $3
*** HOLE CARDS ***
Agrotait: raises $3 to $6
Agniosius: raises $3 to $9
Agrotait: calls $3
*** FLOP *** [8h 5h 2h]
Agniosius: bets $3
Agrotait: calls $3
*** TURN *** [8h 5h 2h] [2d]
Agniosius: bets $6
Agrotait: folds
Uncalled bet ($6) returned to Agniosius
Agniosius collected $23.52 from pot
*** SUMMARY ***
Total pot $24 | Rake $0.48
Board [8h 5h 2h 2d]
Seat 3: Agniosius (big blind) collected ($23.52)
Seat 4: Agrotait (button) (small blind) folded on the Turn


PokerStars Hand #154448689088:  Hold'em Limit ($3/$6 USD) - 2016/06/08 2:48:02 ET
Table 'Polyxo' 6-max Seat #3 is the button
Seat 3: Agniosius ($205.44 in chips)
Seat 4: Agrotait ($85.50 in chips)
Agniosius: posts small blind $1
Agrotait: posts big blind $3
*** HOLE CARDS ***
Agniosius: raises $3 to $6
Agrotait: calls $3
*** FLOP *** [9d 6s Jc]
Agrotait: checks
Agniosius: bets $3
Agrotait: folds
Uncalled bet ($3) returned to Agniosius
Agniosius collected $11.76 from pot
*** SUMMARY ***
Total pot $12 | Rake $0.24
Board [9d 6s Jc]
Seat 3: Agniosius (button) (small blind) collected ($11.76)
Seat 4: Agrotait (big blind) folded on the Flop


PokerStars Hand #154448706437:  Hold'em Limit ($3/$6 USD) - 2016/06/08 2:49:09 ET
Table 'Polyxo' 6-max Seat #4 is the button
Seat 3: Agniosius ($195.20 in chips)
Seat 4: Agrotait ($95.02 in chips)
Agrotait: posts small blind $1
Agniosius: posts big blind $3
*** HOLE CARDS ***
Agrotait: folds
Uncalled bet ($2) returned to Agniosius
Agniosius collected $2 from pot
*** SUMMARY ***
Total pot $2 | Rake $0
Seat 3: Agniosius (big blind) collected ($2)
Seat 4: Agrotait (button) (small blind) folded before Flop


PokerStars Hand #154448699933:  Hold'em Limit ($3/$6 USD) - 2016/06/08 2:48:44 ET
Table 'Polyxo' 6-max Seat #3 is the button
Seat 3: Agniosius ($201.20 in chips)
Seat 4: Agrotait ($89.26 in chips)
Agniosius: posts small blind $1
Agrotait: posts big blind $3
*** HOLE CARDS ***
Agniosius: raises $3 to $6
Agrotait: calls $3
*** FLOP *** [5c Qh 3h]
Agrotait: checks
Agniosius: checks
*** TURN *** [5c Qh 3h] [7c]
Agrotait: bets $6
Agniosius: folds
Uncalled bet ($6) returned to Agrotait
Agrotait collected $11.76 from pot
Agrotait: doesn't show hand
*** SUMMARY ***
Total pot $12 | Rake $0.24
Board [5c Qh 3h 7c]
Seat 3: Agniosius (button) (small blind) folded on the Turn
Seat 4: Agrotait (big blind) collected ($11.76)


PokerStars Hand #154448711869:  Hold'em Limit ($3/$6 USD) - 2016/06/08 2:49:30 ET
Table 'Polyxo' 6-max Seat #3 is the button
Seat 3: Agniosius ($196.20 in chips)
Seat 4: Agrotait ($94.02 in chips)
Agniosius: posts small blind $1
Agrotait: posts big blind $3
*** HOLE CARDS ***
Agniosius: raises $3 to $6
Agrotait: folds
Uncalled bet ($3) returned to Agniosius
19woody58 joins the table at seat #1
Agniosius collected $6 from pot
*** SUMMARY ***
Total pot $6 | Rake $0
Seat 3: Agniosius (button) (small blind) collected ($6)
Seat 4: Agrotait (big blind) folded before Flop


PokerStars Hand #154448710329:  Hold'em Limit ($3/$6 USD) - 2016/06/08 2:49:24 ET
Table 'Polyxo' 6-max Seat #4 is the button
Seat 3: Agniosius ($195.20 in chips)
Seat 4: Agrotait ($95.02 in chips)
Agrotait: posts small blind $1
Agniosius: posts big blind $3
*** HOLE CARDS ***
Agrotait: folds
Uncalled bet ($2) returned to Agniosius
Agniosius collected $2 from pot
*** SUMMARY ***
Total pot $2 | Rake $0
Seat 3: Agniosius (big blind) collected ($2)
Seat 4: Agrotait (button) (small blind) folded before Flop


PokerStars Hand #154448708979:  Hold'em Limit ($3/$6 USD) - 2016/06/08 2:49:19 ET
Table 'Polyxo' 6-max Seat #3 is the button
Seat 3: Agniosius ($196.20 in chips)
Seat 4: Agrotait ($94.02 in chips)
Agniosius: posts small blind $1
Agrotait: posts big blind $3
*** HOLE CARDS ***
Agniosius: folds
Uncalled bet ($2) returned to Agrotait
Agrotait collected $2 from pot
Agrotait: doesn't show hand
*** SUMMARY ***
Total pot $2 | Rake $0
Seat 3: Agniosius (button) (small blind) folded before Flop
Seat 4: Agrotait (big blind) collected ($2)


