PokerStars Hand #149104519097:  Hold'em Limit ($3/$6 USD) - 2016/02/20 3:33:30 ET
Table 'Polyxenos' 6-max Seat #2 is the button
Seat 2: shawnm20 ($102 in chips)
Seat 4: Agrotait ($89.50 in chips)
shawnm20: posts small blind $1
Agrotait: posts big blind $3
*** HOLE CARDS ***
shawnm20: folds
Uncalled bet ($2) returned to Agrotait
Agrotait collected $2 from pot
Agrotait: doesn't show hand
*** SUMMARY ***
Total pot $2 | Rake $0
Seat 2: shawnm20 (button) (small blind) folded before Flop
Seat 4: Agrotait (big blind) collected ($2)


PokerStars Hand #149104516125:  Hold'em Limit ($3/$6 USD) - 2016/02/20 3:33:23 ET
Table 'Polyxenos' 6-max Seat #4 is the button
Seat 2: shawnm20 ($105 in chips)
Seat 4: Agrotait ($86.50 in chips)
Agrotait: posts small blind $1
shawnm20: posts big blind $3
*** HOLE CARDS ***
Agrotait: raises $3 to $6
shawnm20: folds
Uncalled bet ($3) returned to Agrotait
Agrotait collected $6 from pot
Agrotait: doesn't show hand
*** SUMMARY ***
Total pot $6 | Rake $0
Seat 2: shawnm20 (big blind) folded before Flop
Seat 4: Agrotait (button) (small blind) collected ($6)


PokerStars Hand #149104506161:  Hold'em Limit ($3/$6 USD) - 2016/02/20 3:32:57 ET
Table 'Polyxenos' 6-max Seat #2 is the button
Seat 2: shawnm20 ($120 in chips)
Seat 4: Agrotait ($72 in chips)
shawnm20: posts small blind $1
Agrotait: posts big blind $3
*** HOLE CARDS ***
shawnm20: calls $2
Agrotait: raises $3 to $6
shawnm20: calls $3
*** FLOP *** [9d 8c 7c]
Agrotait: bets $3
shawnm20: calls $3
*** TURN *** [9d 8c 7c] [Th]
Agrotait: checks
shawnm20: checks
*** RIVER *** [9d 8c 7c Th] [Qd]
Agrotait: bets $6
shawnm20: calls $6
*** SHOW DOWN ***
Agrotait: shows [7s 7d] (three of a kind, Sevens)
shawnm20: mucks hand
Agrotait collected $29.50 from pot
*** SUMMARY ***
Total pot $30 | Rake $0.50
Board [9d 8c 7c Th Qd]
Seat 2: shawnm20 (button) (small blind) mucked
Seat 4: Agrotait (big blind) showed [7s 7d] and won ($29.50) with three of a kind, Sevens


PokerStars Hand #149104544243:  Hold'em Limit ($3/$6 USD) - 2016/02/20 3:34:35 ET
Table 'Polyxenos' 6-max Seat #4 is the button
Seat 2: shawnm20 ($103.50 in chips)
Seat 4: Agrotait ($87.26 in chips)
Agrotait: posts small blind $1
shawnm20: posts big blind $3
*** HOLE CARDS ***
Agrotait: raises $3 to $6
shawnm20: folds
Uncalled bet ($3) returned to Agrotait
Agrotait collected $6 from pot
Agrotait: doesn't show hand
*** SUMMARY ***
Total pot $6 | Rake $0
Seat 2: shawnm20 (big blind) folded before Flop
Seat 4: Agrotait (button) (small blind) collected ($6)


PokerStars Hand #149104540458:  Hold'em Limit ($3/$6 USD) - 2016/02/20 3:34:26 ET
Table 'Polyxenos' 6-max Seat #2 is the button
Seat 2: shawnm20 ($109.50 in chips)
Seat 4: Agrotait ($81.50 in chips)
shawnm20: posts small blind $1
Agrotait: posts big blind $3
*** HOLE CARDS ***
shawnm20: calls $2
Agrotait: raises $3 to $6
shawnm20: calls $3
*** FLOP *** [Ks 8c 3h]
Agrotait: bets $3
shawnm20: folds
Uncalled bet ($3) returned to Agrotait
Agrotait collected $11.76 from pot
Agrotait: doesn't show hand
*** SUMMARY ***
Total pot $12 | Rake $0.24
Board [Ks 8c 3h]
Seat 2: shawnm20 (button) (small blind) folded on the Flop
Seat 4: Agrotait (big blind) collected ($11.76)


PokerStars Hand #149104538366:  Hold'em Limit ($3/$6 USD) - 2016/02/20 3:34:20 ET
Table 'Polyxenos' 6-max Seat #4 is the button
Seat 2: shawnm20 ($112.50 in chips)
Seat 4: Agrotait ($78.50 in chips)
Agrotait: posts small blind $1
shawnm20: posts big blind $3
*** HOLE CARDS ***
Agrotait: raises $3 to $6
shawnm20: folds
Uncalled bet ($3) returned to Agrotait
Agrotait collected $6 from pot
Agrotait: doesn't show hand
*** SUMMARY ***
Total pot $6 | Rake $0
Seat 2: shawnm20 (big blind) folded before Flop
Seat 4: Agrotait (button) (small blind) collected ($6)


PokerStars Hand #149104529276:  Hold'em Limit ($3/$6 USD) - 2016/02/20 3:33:57 ET
Table 'Polyxenos' 6-max Seat #2 is the button
Seat 2: shawnm20 ($98 in chips)
Seat 4: Agrotait ($93.50 in chips)
shawnm20: posts small blind $1
Agrotait: posts big blind $3
*** HOLE CARDS ***
shawnm20: raises $3 to $6
Agrotait: calls $3
*** FLOP *** [4s 3h Th]
Agrotait: checks
shawnm20: bets $3
Agrotait: calls $3
*** TURN *** [4s 3h Th] [Ac]
Agrotait: checks
shawnm20: bets $6
Agrotait: calls $6
*** RIVER *** [4s 3h Th Ac] [6h]
Agrotait: checks
shawnm20: checks
*** SHOW DOWN ***
Agrotait: shows [8d 3d] (a pair of Threes)
shawnm20: shows [Ad 9d] (a pair of Aces)
shawnm20 collected $29.50 from pot
*** SUMMARY ***
Total pot $30 | Rake $0.50
Board [4s 3h Th Ac 6h]
Seat 2: shawnm20 (button) (small blind) showed [Ad 9d] and won ($29.50) with a pair of Aces
Seat 4: Agrotait (big blind) showed [8d 3d] and lost with a pair of Threes


PokerStars Hand #149104526793:  Hold'em Limit ($3/$6 USD) - 2016/02/20 3:33:50 ET
Table 'Polyxenos' 6-max Seat #4 is the button
Seat 2: shawnm20 ($101 in chips)
Seat 4: Agrotait ($90.50 in chips)
Agrotait: posts small blind $1
shawnm20: posts big blind $3
*** HOLE CARDS ***
Agrotait: raises $3 to $6
shawnm20: folds
Uncalled bet ($3) returned to Agrotait
Agrotait collected $6 from pot
Agrotait: doesn't show hand
*** SUMMARY ***
Total pot $6 | Rake $0
Seat 2: shawnm20 (big blind) folded before Flop
Seat 4: Agrotait (button) (small blind) collected ($6)


PokerStars Hand #149104524901:  Hold'em Limit ($3/$6 USD) - 2016/02/20 3:33:45 ET
Table 'Polyxenos' 6-max Seat #2 is the button
Seat 2: shawnm20 ($102 in chips)
Seat 4: Agrotait ($89.50 in chips)
shawnm20: posts small blind $1
Agrotait: posts big blind $3
*** HOLE CARDS ***
shawnm20: folds
Uncalled bet ($2) returned to Agrotait
Agrotait collected $2 from pot
Agrotait: doesn't show hand
*** SUMMARY ***
Total pot $2 | Rake $0
Seat 2: shawnm20 (button) (small blind) folded before Flop
Seat 4: Agrotait (big blind) collected ($2)


PokerStars Hand #149104521125:  Hold'em Limit ($3/$6 USD) - 2016/02/20 3:33:36 ET
Table 'Polyxenos' 6-max Seat #4 is the button
Seat 2: shawnm20 ($101 in chips)
Seat 4: Agrotait ($90.50 in chips)
Agrotait: posts small blind $1
shawnm20: posts big blind $3
*** HOLE CARDS ***
Agrotait: folds
Uncalled bet ($2) returned to shawnm20
shawnm20 collected $2 from pot
shawnm20: doesn't show hand
*** SUMMARY ***
Total pot $2 | Rake $0
Seat 2: shawnm20 (big blind) collected ($2)
Seat 4: Agrotait (button) (small blind) folded before Flop


PokerStars Hand #149104555711:  Hold'em Limit ($3/$6 USD) - 2016/02/20 3:35:05 ET
Table 'Polyxenos' 6-max Seat #2 is the button
Seat 2: shawnm20 ($95.50 in chips)
Seat 4: Agrotait ($95.02 in chips)
shawnm20: posts small blind $1
Agrotait: posts big blind $3
*** HOLE CARDS ***
shawnm20: raises $3 to $6
Agrotait: calls $3
*** FLOP *** [2s 8d Jd]
Agrotait: checks
shawnm20: bets $3
Agrotait: raises $3 to $6
shawnm20: calls $3
*** TURN *** [2s 8d Jd] [Qd]
Agrotait: bets $6
shawnm20: calls $6
*** RIVER *** [2s 8d Jd Qd] [3c]
Agrotait: bets $6
xcgxcg2005 joins the table at seat #3
shawnm20: folds
Uncalled bet ($6) returned to Agrotait
Agrotait collected $35.50 from pot
Agrotait: doesn't show hand
*** SUMMARY ***
Total pot $36 | Rake $0.50
Board [2s 8d Jd Qd 3c]
Seat 2: shawnm20 (button) (small blind) folded on the River
Seat 4: Agrotait (big blind) collected ($35.50)


PokerStars Hand #149104550612:  Hold'em Limit ($3/$6 USD) - 2016/02/20 3:34:52 ET
Table 'Polyxenos' 6-max Seat #4 is the button
Seat 2: shawnm20 ($94.50 in chips)
Seat 4: Agrotait ($96.02 in chips)
Agrotait: posts small blind $1
shawnm20: posts big blind $3
*** HOLE CARDS ***
Agrotait: folds
Uncalled bet ($2) returned to shawnm20
shawnm20 collected $2 from pot
shawnm20: doesn't show hand
*** SUMMARY ***
Total pot $2 | Rake $0
Seat 2: shawnm20 (big blind) collected ($2)
Seat 4: Agrotait (button) (small blind) folded before Flop


PokerStars Hand #149104546178:  Hold'em Limit ($3/$6 USD) - 2016/02/20 3:34:40 ET
Table 'Polyxenos' 6-max Seat #2 is the button
Seat 2: shawnm20 ($100.50 in chips)
Seat 4: Agrotait ($90.26 in chips)
shawnm20: posts small blind $1
Agrotait: posts big blind $3
*** HOLE CARDS ***
shawnm20: calls $2
Agrotait: raises $3 to $6
shawnm20: calls $3
*** FLOP *** [7h 2d Jh]
Agrotait: bets $3
shawnm20: folds
Uncalled bet ($3) returned to Agrotait
Agrotait collected $11.76 from pot
Agrotait: doesn't show hand
*** SUMMARY ***
Total pot $12 | Rake $0.24
Board [7h 2d Jh]
Seat 2: shawnm20 (button) (small blind) folded on the Flop
Seat 4: Agrotait (big blind) collected ($11.76)


PokerStars Hand #149104563559:  Hold'em Limit ($3/$6 USD) - 2016/02/20 3:35:25 ET
Table 'Polyxenos' 6-max Seat #4 is the button
Seat 2: shawnm20 ($77.50 in chips)
Seat 4: Agrotait ($112.52 in chips)
Agrotait: posts small blind $1
shawnm20: posts big blind $3
*** HOLE CARDS ***
Agrotait: raises $3 to $6
shawnm20: calls $3
*** FLOP *** [8c Qc As]
shawnm20: checks
Agrotait: bets $3
shawnm20: calls $3
*** TURN *** [8c Qc As] [3c]
shawnm20: checks
Agrotait: checks
*** RIVER *** [8c Qc As 3c] [Tc]
shawnm20: checks
Agrotait: bets $6
shawnm20: calls $6
*** SHOW DOWN ***
Agrotait: shows [Jd 7s] (high card Ace)
shawnm20: shows [6c 6d] (a flush, Queen high)
shawnm20 collected $29.50 from pot
*** SUMMARY ***
Total pot $30 | Rake $0.50
Board [8c Qc As 3c Tc]
Seat 2: shawnm20 (big blind) showed [6c 6d] and won ($29.50) with a flush, Queen high
Seat 4: Agrotait (button) (small blind) showed [Jd 7s] and lost with high card Ace


PokerStars Hand #149107277548:  Hold'em Limit ($3/$6 USD) - 2016/02/20 5:17:09 ET
Table 'Polyxenos' 6-max Seat #4 is the button
Seat 4: ECP1955 ($173.39 in chips)
Seat 5: fishbla ($97.93 in chips)
ECP1955: posts small blind $1
fishbla: posts big blind $3
*** HOLE CARDS ***
ECP1955: calls $2
fishbla: checks
*** FLOP *** [4h 2h 3c]
fishbla: checks
ECP1955: checks
*** TURN *** [4h 2h 3c] [Jd]
fishbla: checks
ECP1955: checks
*** RIVER *** [4h 2h 3c Jd] [3d]
fishbla: checks
ECP1955: bets $6
fishbla: folds
Uncalled bet ($6) returned to ECP1955
ECP1955 collected $5.88 from pot
*** SUMMARY ***
Total pot $6 | Rake $0.12
Board [4h 2h 3c Jd 3d]
Seat 4: ECP1955 (button) (small blind) collected ($5.88)
Seat 5: fishbla (big blind) folded on the River


PokerStars Hand #149107259279:  Hold'em Limit ($3/$6 USD) - 2016/02/20 5:16:34 ET
Table 'Polyxenos' 6-max Seat #5 is the button
Seat 4: ECP1955 ($194.39 in chips)
Seat 5: fishbla ($77.43 in chips)
fishbla: posts small blind $1
gazzzzzza: is sitting out
ECP1955: posts big blind $3
*** HOLE CARDS ***
fishbla: raises $3 to $6
gazzzzzza leaves the table
ECP1955: calls $3
*** FLOP *** [Jd 3h Tc]
VolkovDmitri joins the table at seat #6
ECP1955: bets $3
fishbla: calls $3
*** TURN *** [Jd 3h Tc] [4c]
ECP1955: bets $6
fishbla: calls $6
*** RIVER *** [Jd 3h Tc 4c] [4d]
ECP1955: bets $6
fishbla: calls $6
*** SHOW DOWN ***
ECP1955: shows [Kc 6d] (a pair of Fours)
fishbla: shows [Td 8s] (two pair, Tens and Fours)
fishbla collected $41.50 from pot
*** SUMMARY ***
Total pot $42 | Rake $0.50
Board [Jd 3h Tc 4c 4d]
Seat 4: ECP1955 (big blind) showed [Kc 6d] and lost with a pair of Fours
Seat 5: fishbla (button) (small blind) showed [Td 8s] and won ($41.50) with two pair, Tens and Fours


PokerStars Hand #149114191382:  Hold'em Limit ($3/$6 USD) - 2016/02/20 8:27:04 ET
Table 'Polyxenos' 6-max Seat #6 is the button
Seat 3: Ale4o ($165.14 in chips)
Seat 6: VolkovDmitri ($140.74 in chips)
VolkovDmitri: posts small blind $1
shawnm20: is sitting out
Ale4o: posts big blind $3
*** HOLE CARDS ***
VolkovDmitri: raises $3 to $6
Ale4o: calls $3
*** FLOP *** [9d Th 9s]
Ale4o: checks
VolkovDmitri: bets $3
Ale4o: raises $3 to $6
shawnm20 leaves the table
VolkovDmitri: calls $3
*** TURN *** [9d Th 9s] [Ad]
Ale4o: bets $6
VolkovDmitri: calls $6
*** RIVER *** [9d Th 9s Ad] [2d]
Ale4o: bets $6
VolkovDmitri: folds
Uncalled bet ($6) returned to Ale4o
Ale4o collected $35.50 from pot
Ale4o: doesn't show hand
*** SUMMARY ***
Total pot $36 | Rake $0.50
Board [9d Th 9s Ad 2d]
Seat 3: Ale4o (big blind) collected ($35.50)
Seat 6: VolkovDmitri (button) (small blind) folded on the River


