PokerStars Hand #145697392850:  Hold'em Limit ($3/$6 USD) - 2015/12/21 13:35:36 ET
Table 'Polyhymnia II' 2-max Seat #2 is the button
Seat 1: aruhtart ($142 in chips)
Seat 2: Alex119387 ($157.02 in chips)
Alex119387: posts small blind $1
aruhtart: posts big blind $3
*** HOLE CARDS ***
Alex119387: calls $2
aruhtart: checks
*** FLOP *** [2d 8c Kc]
aruhtart: bets $3
Alex119387: folds
Uncalled bet ($3) returned to aruhtart
aruhtart collected $5.88 from pot
aruhtart: doesn't show hand
*** SUMMARY ***
Total pot $6 | Rake $0.12
Board [2d 8c Kc]
Seat 1: aruhtart (big blind) collected ($5.88)
Seat 2: Alex119387 (button) (small blind) folded on the Flop


PokerStars Hand #145697373368:  Hold'em Limit ($3/$6 USD) - 2015/12/21 13:35:14 ET
Table 'Polyhymnia II' 2-max Seat #1 is the button
Seat 1: aruhtart ($160 in chips)
Seat 2: Alex119387 ($139.52 in chips)
aruhtart: posts small blind $1
Alex119387: posts big blind $3
*** HOLE CARDS ***
aruhtart: raises $3 to $6
Alex119387: raises $3 to $9
aruhtart: calls $3
*** FLOP *** [Ad Td Ac]
Alex119387: bets $3
aruhtart: calls $3
*** TURN *** [Ad Td Ac] [3d]
Alex119387: bets $6
aruhtart: calls $6
*** RIVER *** [Ad Td Ac 3d] [Qh]
Alex119387: checks
aruhtart: checks
*** SHOW DOWN ***
Alex119387: shows [Th 8s] (two pair, Aces and Tens)
aruhtart: mucks hand
Alex119387 collected $35.50 from pot
*** SUMMARY ***
Total pot $36 | Rake $0.50
Board [Ad Td Ac 3d Qh]
Seat 1: aruhtart (button) (small blind) mucked
Seat 2: Alex119387 (big blind) showed [Th 8s] and won ($35.50) with two pair, Aces and Tens


PokerStars Hand #145697357398:  Hold'em Limit ($3/$6 USD) - 2015/12/21 13:34:56 ET
Table 'Polyhymnia II' 2-max Seat #2 is the button
Seat 1: aruhtart ($136.50 in chips)
Seat 2: Alex119387 ($163.52 in chips)
Alex119387: posts small blind $1
aruhtart: posts big blind $3
*** HOLE CARDS ***
Alex119387: raises $3 to $6
aruhtart: calls $3
*** FLOP *** [4s Qc 5s]
aruhtart: checks
Alex119387: bets $3
aruhtart: raises $3 to $6
Alex119387: calls $3
*** TURN *** [4s Qc 5s] [Kc]
aruhtart: bets $6
Alex119387: calls $6
*** RIVER *** [4s Qc 5s Kc] [7s]
aruhtart: bets $6
Alex119387: calls $6
*** SHOW DOWN ***
aruhtart: shows [8c 6c] (a straight, Four to Eight)
Alex119387: mucks hand
aruhtart collected $47.50 from pot
*** SUMMARY ***
Total pot $48 | Rake $0.50
Board [4s Qc 5s Kc 7s]
Seat 1: aruhtart (big blind) showed [8c 6c] and won ($47.50) with a straight, Four to Eight
Seat 2: Alex119387 (button) (small blind) mucked


PokerStars Hand #145697352949:  Hold'em Limit ($3/$6 USD) - 2015/12/21 13:34:51 ET
Table 'Polyhymnia II' 2-max Seat #1 is the button
Seat 1: aruhtart ($137.50 in chips)
Seat 2: Alex119387 ($162.52 in chips)
aruhtart: posts small blind $1
Alex119387: posts big blind $3
*** HOLE CARDS ***
aruhtart: folds
Uncalled bet ($2) returned to Alex119387
Alex119387 collected $2 from pot
Alex119387: doesn't show hand
*** SUMMARY ***
Total pot $2 | Rake $0
Seat 1: aruhtart (button) (small blind) folded before Flop
Seat 2: Alex119387 (big blind) collected ($2)


PokerStars Hand #145697434510:  Hold'em Limit ($3/$6 USD) - 2015/12/21 13:36:22 ET
Table 'Polyhymnia II' 2-max Seat #2 is the button
Seat 1: aruhtart ($135.40 in chips)
Seat 2: Alex119387 ($162.52 in chips)
Alex119387: posts small blind $1
aruhtart: posts big blind $3
*** HOLE CARDS ***
Alex119387: raises $3 to $6
aruhtart: calls $3
*** FLOP *** [Ad 6h 8d]
aruhtart: checks
Alex119387: bets $3
aruhtart: calls $3
*** TURN *** [Ad 6h 8d] [3s]
aruhtart: checks
Alex119387: bets $6
aruhtart: folds
Uncalled bet ($6) returned to Alex119387
Alex119387 collected $17.64 from pot
Alex119387: doesn't show hand
*** SUMMARY ***
Total pot $18 | Rake $0.36
Board [Ad 6h 8d 3s]
Seat 1: aruhtart (big blind) folded on the Turn
Seat 2: Alex119387 (button) (small blind) collected ($17.64)


PokerStars Hand #145697426152:  Hold'em Limit ($3/$6 USD) - 2015/12/21 13:36:13 ET
Table 'Polyhymnia II' 2-max Seat #1 is the button
Seat 1: aruhtart ($132.40 in chips)
Seat 2: Alex119387 ($165.52 in chips)
aruhtart: posts small blind $1
Alex119387: posts big blind $3
*** HOLE CARDS ***
aruhtart: raises $3 to $6
Alex119387: folds
Uncalled bet ($3) returned to aruhtart
aruhtart collected $6 from pot
aruhtart: doesn't show hand
*** SUMMARY ***
Total pot $6 | Rake $0
Seat 1: aruhtart (button) (small blind) collected ($6)
Seat 2: Alex119387 (big blind) folded before Flop


PokerStars Hand #145697415961:  Hold'em Limit ($3/$6 USD) - 2015/12/21 13:36:01 ET
Table 'Polyhymnia II' 2-max Seat #2 is the button
Seat 1: aruhtart ($120.88 in chips)
Seat 2: Alex119387 ($177.52 in chips)
Alex119387: posts small blind $1
aruhtart: posts big blind $3
*** HOLE CARDS ***
Alex119387: raises $3 to $6
aruhtart: calls $3
*** FLOP *** [6d Kd Qh]
aruhtart: checks
Alex119387: bets $3
aruhtart: raises $3 to $6
Alex119387: calls $3
*** TURN *** [6d Kd Qh] [9h]
aruhtart: bets $6
Alex119387: folds
Uncalled bet ($6) returned to aruhtart
aruhtart collected $23.52 from pot
aruhtart: doesn't show hand
*** SUMMARY ***
Total pot $24 | Rake $0.48
Board [6d Kd Qh 9h]
Seat 1: aruhtart (big blind) collected ($23.52)
Seat 2: Alex119387 (button) (small blind) folded on the Turn


PokerStars Hand #145697400167:  Hold'em Limit ($3/$6 USD) - 2015/12/21 13:35:44 ET
Table 'Polyhymnia II' 2-max Seat #1 is the button
Seat 1: aruhtart ($144.88 in chips)
Seat 2: Alex119387 ($154.02 in chips)
aruhtart: posts small blind $1
Alex119387: posts big blind $3
*** HOLE CARDS ***
aruhtart: raises $3 to $6
Alex119387: calls $3
*** FLOP *** [Th 8c Kh]
Alex119387: checks
aruhtart: bets $3
Alex119387: raises $3 to $6
aruhtart: calls $3
*** TURN *** [Th 8c Kh] [7c]
Alex119387: bets $6
aruhtart: calls $6
*** RIVER *** [Th 8c Kh 7c] [Jc]
Alex119387: bets $6
aruhtart: calls $6
*** SHOW DOWN ***
Alex119387: shows [9c 7h] (a straight, Seven to Jack)
aruhtart: mucks hand
Alex119387 collected $47.50 from pot
*** SUMMARY ***
Total pot $48 | Rake $0.50
Board [Th 8c Kh 7c Jc]
Seat 1: aruhtart (button) (small blind) mucked
Seat 2: Alex119387 (big blind) showed [9c 7h] and won ($47.50) with a straight, Seven to Jack


PokerStars Hand #145697487204:  Hold'em Limit ($3/$6 USD) - 2015/12/21 13:37:21 ET
Table 'Polyhymnia II' 2-max Seat #1 is the button
Seat 1: aruhtart ($120 in chips)
Seat 2: Alex119387 ($194.66 in chips)
aruhtart: posts small blind $1
Alex119387: posts big blind $3
*** HOLE CARDS ***
aruhtart: raises $3 to $6
Alex119387: calls $3
*** FLOP *** [7d Js 3c]
Alex119387: checks
aruhtart: bets $3
Alex119387: folds
Uncalled bet ($3) returned to aruhtart
aruhtart collected $11.76 from pot
Alex119387 leaves the table
aruhtart: doesn't show hand
*** SUMMARY ***
Total pot $12 | Rake $0.24
Board [7d Js 3c]
Seat 1: aruhtart (button) (small blind) collected ($11.76)
Seat 2: Alex119387 (big blind) folded on the Flop


PokerStars Hand #145697471070:  Hold'em Limit ($3/$6 USD) - 2015/12/21 13:37:03 ET
Table 'Polyhymnia II' 2-max Seat #2 is the button
Seat 1: aruhtart ($132.16 in chips)
Seat 2: Alex119387 ($165.16 in chips)
Alex119387: posts small blind $1
aruhtart: posts big blind $3
*** HOLE CARDS ***
Alex119387: raises $3 to $6
aruhtart: calls $3
*** FLOP *** [Qd Kd Kc]
aruhtart: checks
Alex119387: bets $3
aruhtart: raises $3 to $6
Alex119387: calls $3
*** TURN *** [Qd Kd Kc] [7c]
aruhtart: bets $6
Alex119387: raises $6 to $12
aruhtart: calls $6
*** RIVER *** [Qd Kd Kc 7c] [8c]
aruhtart: checks
Alex119387: bets $6
aruhtart: calls $6
*** SHOW DOWN ***
Alex119387: shows [Tc 5c] (a flush, King high)
aruhtart: mucks hand
Alex119387 collected $59.50 from pot
*** SUMMARY ***
Total pot $60 | Rake $0.50
Board [Qd Kd Kc 7c 8c]
Seat 1: aruhtart (big blind) mucked
Seat 2: Alex119387 (button) (small blind) showed [Tc 5c] and won ($59.50) with a flush, King high


PokerStars Hand #145697458166:  Hold'em Limit ($3/$6 USD) - 2015/12/21 13:36:48 ET
Table 'Polyhymnia II' 2-max Seat #1 is the button
Seat 1: aruhtart ($126.40 in chips)
Seat 2: Alex119387 ($171.16 in chips)
aruhtart: posts small blind $1
Alex119387: posts big blind $3
*** HOLE CARDS ***
aruhtart: raises $3 to $6
Alex119387: calls $3
*** FLOP *** [9c Jd 4d]
Alex119387: checks
aruhtart: bets $3
Alex119387: folds
Uncalled bet ($3) returned to aruhtart
aruhtart collected $11.76 from pot
aruhtart: doesn't show hand
*** SUMMARY ***
Total pot $12 | Rake $0.24
Board [9c Jd 4d]
Seat 1: aruhtart (button) (small blind) collected ($11.76)
Seat 2: Alex119387 (big blind) folded on the Flop


PokerStars Hand #145698501243:  Hold'em Limit ($3/$6 USD) - 2015/12/21 13:55:25 ET
Table 'Polyhymnia II' 2-max Seat #2 is the button
Seat 1: aruhtart ($141.26 in chips)
Seat 2: snegr22 ($37.58 in chips)
snegr22: posts small blind $1
aruhtart: posts big blind $3
*** HOLE CARDS ***
snegr22: folds
Uncalled bet ($2) returned to aruhtart
aruhtart collected $2 from pot
aruhtart: doesn't show hand
*** SUMMARY ***
Total pot $2 | Rake $0
Seat 1: aruhtart (big blind) collected ($2)
Seat 2: snegr22 (button) (small blind) folded before Flop


PokerStars Hand #145698485147:  Hold'em Limit ($3/$6 USD) - 2015/12/21 13:55:03 ET
Table 'Polyhymnia II' 2-max Seat #1 is the button
Seat 1: aruhtart ($135.50 in chips)
Seat 2: snegr22 ($43.58 in chips)
aruhtart: posts small blind $1
snegr22: posts big blind $3
*** HOLE CARDS ***
aruhtart: raises $3 to $6
snegr22: calls $3
*** FLOP *** [Kh 7d 5s]
snegr22: checks
aruhtart: bets $3
snegr22: folds
Uncalled bet ($3) returned to aruhtart
aruhtart collected $11.76 from pot
aruhtart: doesn't show hand
*** SUMMARY ***
Total pot $12 | Rake $0.24
Board [Kh 7d 5s]
Seat 1: aruhtart (button) (small blind) collected ($11.76)
Seat 2: snegr22 (big blind) folded on the Flop


PokerStars Hand #145698546093:  Hold'em Limit ($3/$6 USD) - 2015/12/21 13:56:28 ET
Table 'Polyhymnia II' 2-max Seat #1 is the button
Seat 1: aruhtart ($153.76 in chips)
Seat 2: snegr22 ($24.34 in chips)
aruhtart: posts small blind $1
snegr22: posts big blind $3
*** HOLE CARDS ***
aruhtart: folds
Uncalled bet ($2) returned to snegr22
snegr22 collected $2 from pot
*** SUMMARY ***
Total pot $2 | Rake $0
Seat 1: aruhtart (button) (small blind) folded before Flop
Seat 2: snegr22 (big blind) collected ($2)


PokerStars Hand #145698529664:  Hold'em Limit ($3/$6 USD) - 2015/12/21 13:56:05 ET
Table 'Polyhymnia II' 2-max Seat #2 is the button
Seat 1: aruhtart ($159.76 in chips)
Seat 2: snegr22 ($18.58 in chips)
snegr22: posts small blind $1
aruhtart: posts big blind $3
*** HOLE CARDS ***
snegr22: raises $3 to $6
aruhtart: calls $3
*** FLOP *** [Ac 5s 7h]
aruhtart: checks
snegr22: checks
*** TURN *** [Ac 5s 7h] [Kc]
aruhtart: checks
snegr22: bets $6
aruhtart: folds
Uncalled bet ($6) returned to snegr22
snegr22 collected $11.76 from pot
*** SUMMARY ***
Total pot $12 | Rake $0.24
Board [Ac 5s 7h Kc]
Seat 1: aruhtart (big blind) folded on the Turn
Seat 2: snegr22 (button) (small blind) collected ($11.76)


PokerStars Hand #145698505238:  Hold'em Limit ($3/$6 USD) - 2015/12/21 13:55:30 ET
Table 'Polyhymnia II' 2-max Seat #1 is the button
Seat 1: aruhtart ($142.26 in chips)
Seat 2: snegr22 ($36.58 in chips)
aruhtart: posts small blind $1
snegr22: posts big blind $3
*** HOLE CARDS ***
aruhtart: raises $3 to $6
snegr22: raises $3 to $9
aruhtart: calls $3
*** FLOP *** [Qc Ac Kc]
snegr22: bets $3
aruhtart: calls $3
*** TURN *** [Qc Ac Kc] [5h]
snegr22: bets $6
aruhtart: calls $6
*** RIVER *** [Qc Ac Kc 5h] [3s]
snegr22: checks
aruhtart: checks
*** SHOW DOWN ***
snegr22: shows [9h 9c] (a pair of Nines)
aruhtart: shows [9d Kh] (a pair of Kings)
aruhtart collected $35.50 from pot
*** SUMMARY ***
Total pot $36 | Rake $0.50
Board [Qc Ac Kc 5h 3s]
Seat 1: aruhtart (button) (small blind) showed [9d Kh] and won ($35.50) with a pair of Kings
Seat 2: snegr22 (big blind) showed [9h 9c] and lost with a pair of Nines


PokerStars Hand #145698550326:  Hold'em Limit ($3/$6 USD) - 2015/12/21 13:56:33 ET
Table 'Polyhymnia II' 2-max Seat #2 is the button
Seat 1: aruhtart ($152.76 in chips)
Seat 2: snegr22 ($25.34 in chips)
snegr22: posts small blind $1
aruhtart: posts big blind $3
*** HOLE CARDS ***
snegr22: raises $3 to $6
aruhtart: calls $3
*** FLOP *** [Qc Kc Jc]
aruhtart: checks
snegr22: checks
*** TURN *** [Qc Kc Jc] [6c]
aruhtart: checks
snegr22: bets $6
aruhtart: raises $6 to $12
snegr22: calls $6
*** RIVER *** [Qc Kc Jc 6c] [4d]
aruhtart: bets $6
snegr22: calls $6
*** SHOW DOWN ***
aruhtart: shows [2c Ac] (a flush, Ace high)
snegr22: mucks hand
aruhtart collected $47.50 from pot
*** SUMMARY ***
Total pot $48 | Rake $0.50
Board [Qc Kc Jc 6c 4d]
Seat 1: aruhtart (big blind) showed [2c Ac] and won ($47.50) with a flush, Ace high
Seat 2: snegr22 (button) (small blind) mucked


