PokerStars Hand #162272223318:  Hold'em Limit ($3/$6 USD) - 2016/12/01 21:53:31 ET
Table 'Polyhymnia' 6-max Seat #5 is the button
Seat 5: Brama Br ($326.88 in chips)
Seat 6: ToDaFelt ($89.11 in chips)
Brama Br: posts small blind $1
ToDaFelt: posts big blind $3
*** HOLE CARDS ***
Brama Br: raises $3 to $6
ToDaFelt: calls $3
*** FLOP *** [6s Td Jd]
ToDaFelt: checks
Brama Br: checks
*** TURN *** [6s Td Jd] [9d]
wobetting leaves the table
ToDaFelt: bets $6
Brama Br: calls $6
*** RIVER *** [6s Td Jd 9d] [5s]
ToDaFelt: bets $6
Brama Br: folds
Uncalled bet ($6) returned to ToDaFelt
ToDaFelt collected $23.52 from pot
ToDaFelt: doesn't show hand
*** SUMMARY ***
Total pot $24 | Rake $0.48
Board [6s Td Jd 9d 5s]
Seat 5: Brama Br (button) (small blind) folded on the River
Seat 6: ToDaFelt (big blind) collected ($23.52)


PokerStars Hand #162272243683:  Hold'em Limit ($3/$6 USD) - 2016/12/01 21:54:19 ET
Table 'Polyhymnia' 6-max Seat #5 is the button
Seat 5: Brama Br ($311.88 in chips)
Seat 6: ToDaFelt ($103.63 in chips)
Brama Br: posts small blind $1
ToDaFelt: posts big blind $3
*** HOLE CARDS ***
Brama Br: raises $3 to $6
ToDaFelt: raises $3 to $9
Brama Br: calls $3
*** FLOP *** [Jc Qd 5c]
ToDaFelt: bets $3
Brama Br: calls $3
*** TURN *** [Jc Qd 5c] [Ah]
ToDaFelt: bets $6
Brama Br: calls $6
*** RIVER *** [Jc Qd 5c Ah] [3c]
ToDaFelt: bets $6
Brama Br: calls $6
*** SHOW DOWN ***
ToDaFelt: shows [Js Ac] (two pair, Aces and Jacks)
Brama Br: mucks hand
ToDaFelt collected $47.50 from pot
*** SUMMARY ***
Total pot $48 | Rake $0.50
Board [Jc Qd 5c Ah 3c]
Seat 5: Brama Br (button) (small blind) mucked
Seat 6: ToDaFelt (big blind) showed [Js Ac] and won ($47.50) with two pair, Aces and Jacks


PokerStars Hand #162272240811:  Hold'em Limit ($3/$6 USD) - 2016/12/01 21:54:12 ET
Table 'Polyhymnia' 6-max Seat #6 is the button
Seat 5: Brama Br ($314.88 in chips)
Seat 6: ToDaFelt ($100.63 in chips)
ToDaFelt: posts small blind $1
Brama Br: posts big blind $3
*** HOLE CARDS ***
ToDaFelt: raises $3 to $6
Brama Br: folds
Uncalled bet ($3) returned to ToDaFelt
ToDaFelt collected $6 from pot
ToDaFelt: doesn't show hand
*** SUMMARY ***
Total pot $6 | Rake $0
Seat 5: Brama Br (big blind) folded before Flop
Seat 6: ToDaFelt (button) (small blind) collected ($6)


PokerStars Hand #162272267140:  Hold'em Limit ($3/$6 USD) - 2016/12/01 21:55:15 ET
Table 'Polyhymnia' 6-max Seat #5 is the button
Seat 5: Brama Br ($299.40 in chips)
Seat 6: ToDaFelt ($115.13 in chips)
Brama Br: posts small blind $1
ToDaFelt: posts big blind $3
*** HOLE CARDS ***
Brama Br: raises $3 to $6
ToDaFelt: raises $3 to $9
Brama Br: calls $3
*** FLOP *** [7s 8d 9d]
ToDaFelt: bets $3
Brama Br: calls $3
*** TURN *** [7s 8d 9d] [Ts]
ToDaFelt: checks
Brama Br: checks
*** RIVER *** [7s 8d 9d Ts] [Jd]
ToDaFelt: bets $6
Brama Br: calls $6
*** SHOW DOWN ***
ToDaFelt: shows [As Ad] (a straight, Seven to Jack)
Brama Br: shows [4h Kh] (a straight, Seven to Jack)
ToDaFelt collected $17.75 from pot
Brama Br collected $17.75 from pot
*** SUMMARY ***
Total pot $36 | Rake $0.50
Board [7s 8d 9d Ts Jd]
Seat 5: Brama Br (button) (small blind) showed [4h Kh] and won ($17.75) with a straight, Seven to Jack
Seat 6: ToDaFelt (big blind) showed [As Ad] and won ($17.75) with a straight, Seven to Jack


PokerStars Hand #162272257024:  Hold'em Limit ($3/$6 USD) - 2016/12/01 21:54:50 ET
Table 'Polyhymnia' 6-max Seat #6 is the button
Seat 5: Brama Br ($287.88 in chips)
Seat 6: ToDaFelt ($127.13 in chips)
ToDaFelt: posts small blind $1
Brama Br: posts big blind $3
*** HOLE CARDS ***
ToDaFelt: raises $3 to $6
Brama Br: raises $3 to $9
ToDaFelt: calls $3
*** FLOP *** [5h 5d 4h]
Brama Br: bets $3
ToDaFelt: calls $3
*** TURN *** [5h 5d 4h] [Td]
Brama Br: bets $6
ToDaFelt: folds
Uncalled bet ($6) returned to Brama Br
Brama Br collected $23.52 from pot
Brama Br: doesn't show hand
*** SUMMARY ***
Total pot $24 | Rake $0.48
Board [5h 5d 4h Td]
Seat 5: Brama Br (big blind) collected ($23.52)
Seat 6: ToDaFelt (button) (small blind) folded on the Turn


PokerStars Hand #162272290536:  Hold'em Limit ($3/$6 USD) - 2016/12/01 21:56:17 ET
Table 'Polyhymnia' 6-max Seat #6 is the button
Seat 5: Brama Br ($303.91 in chips)
Seat 6: ToDaFelt ($109.88 in chips)
ToDaFelt: posts small blind $1
Brama Br: posts big blind $3
*** HOLE CARDS ***
ToDaFelt: raises $3 to $6
Brama Br: calls $3
*** FLOP *** [5s Jd Kh]
Brama Br: checks
ToDaFelt: bets $3
Brama Br: folds
Uncalled bet ($3) returned to ToDaFelt
ToDaFelt collected $11.76 from pot
ToDaFelt: doesn't show hand
*** SUMMARY ***
Total pot $12 | Rake $0.24
Board [5s Jd Kh]
Seat 5: Brama Br (big blind) folded on the Flop
Seat 6: ToDaFelt (button) (small blind) collected ($11.76)


PokerStars Hand #162272281049:  Hold'em Limit ($3/$6 USD) - 2016/12/01 21:55:51 ET
Table 'Polyhymnia' 6-max Seat #6 is the button
Seat 5: Brama Br ($299.15 in chips)
Seat 6: ToDaFelt ($114.88 in chips)
ToDaFelt: posts small blind $1
Brama Br: posts big blind $3
*** HOLE CARDS ***
ToDaFelt: raises $3 to $6
Brama Br: calls $3
*** FLOP *** [2c Ac Qs]
Brama Br: checks
ToDaFelt: checks
*** TURN *** [2c Ac Qs] [3d]
Brama Br: bets $6
ToDaFelt: folds
Uncalled bet ($6) returned to Brama Br
Brama Br collected $11.76 from pot
Brama Br: doesn't show hand
*** SUMMARY ***
Total pot $12 | Rake $0.24
Board [2c Ac Qs 3d]
Seat 5: Brama Br (big blind) collected ($11.76)
Seat 6: ToDaFelt (button) (small blind) folded on the Turn


PokerStars Hand #162272288439:  Hold'em Limit ($3/$6 USD) - 2016/12/01 21:56:11 ET
Table 'Polyhymnia' 6-max Seat #5 is the button
Seat 5: Brama Br ($304.91 in chips)
Seat 6: ToDaFelt ($108.88 in chips)
Brama Br: posts small blind $1
ToDaFelt: posts big blind $3
*** HOLE CARDS ***
Brama Br: folds
Uncalled bet ($2) returned to ToDaFelt
ToDaFelt collected $2 from pot
ToDaFelt: doesn't show hand
*** SUMMARY ***
Total pot $2 | Rake $0
Seat 5: Brama Br (button) (small blind) folded before Flop
Seat 6: ToDaFelt (big blind) collected ($2)


PokerStars Hand #162272324878:  Hold'em Limit ($3/$6 USD) - 2016/12/01 21:57:49 ET
Table 'Polyhymnia' 6-max Seat #6 is the button
Seat 5: Brama Br ($310.41 in chips)
Seat 6: ToDaFelt ($102.40 in chips)
ToDaFelt: posts small blind $1
Brama Br: posts big blind $3
*** HOLE CARDS ***
ToDaFelt: folds
Uncalled bet ($2) returned to Brama Br
Brama Br collected $2 from pot
Brama Br: doesn't show hand
*** SUMMARY ***
Total pot $2 | Rake $0
Seat 5: Brama Br (big blind) collected ($2)
Seat 6: ToDaFelt (button) (small blind) folded before Flop


PokerStars Hand #162272326742:  Hold'em Limit ($3/$6 USD) - 2016/12/01 21:57:54 ET
Table 'Polyhymnia' 6-max Seat #5 is the button
Seat 5: Brama Br ($311.41 in chips)
Seat 6: ToDaFelt ($101.40 in chips)
Brama Br: posts small blind $1
ToDaFelt: posts big blind $3
*** HOLE CARDS ***
Brama Br: folds
Uncalled bet ($2) returned to ToDaFelt
ToDaFelt collected $2 from pot
ToDaFelt: doesn't show hand
*** SUMMARY ***
Total pot $2 | Rake $0
Seat 5: Brama Br (button) (small blind) folded before Flop
Seat 6: ToDaFelt (big blind) collected ($2)


PokerStars Hand #162272322738:  Hold'em Limit ($3/$6 USD) - 2016/12/01 21:57:44 ET
Table 'Polyhymnia' 6-max Seat #5 is the button
Seat 5: Brama Br ($311.41 in chips)
Seat 6: ToDaFelt ($101.40 in chips)
Brama Br: posts small blind $1
ToDaFelt: posts big blind $3
*** HOLE CARDS ***
Brama Br: folds
Uncalled bet ($2) returned to ToDaFelt
ToDaFelt collected $2 from pot
ToDaFelt: doesn't show hand
*** SUMMARY ***
Total pot $2 | Rake $0
Seat 5: Brama Br (button) (small blind) folded before Flop
Seat 6: ToDaFelt (big blind) collected ($2)


PokerStars Hand #162272320312:  Hold'em Limit ($3/$6 USD) - 2016/12/01 21:57:37 ET
Table 'Polyhymnia' 6-max Seat #6 is the button
Seat 5: Brama Br ($314.41 in chips)
Seat 6: ToDaFelt ($98.40 in chips)
ToDaFelt: posts small blind $1
Brama Br: posts big blind $3
*** HOLE CARDS ***
ToDaFelt: raises $3 to $6
Brama Br: folds
Uncalled bet ($3) returned to ToDaFelt
ToDaFelt collected $6 from pot
ToDaFelt: doesn't show hand
*** SUMMARY ***
Total pot $6 | Rake $0
Seat 5: Brama Br (big blind) folded before Flop
Seat 6: ToDaFelt (button) (small blind) collected ($6)


PokerStars Hand #162274079169:  Hold'em Limit ($3/$6 USD) - 2016/12/01 23:17:19 ET
Table 'Polyhymnia' 6-max Seat #6 is the button
Seat 3: Scheubi88 ($90.13 in chips)
Seat 6: mylifeluvsol ($108.32 in chips)
mylifeluvsol: posts small blind $1
Scheubi88: posts big blind $3
*** HOLE CARDS ***
mylifeluvsol: calls $2
Scheubi88: checks
*** FLOP *** [4d 3s Kd]
Scheubi88: checks
mylifeluvsol: bets $3
Scheubi88: calls $3
*** TURN *** [4d 3s Kd] [Qc]
Scheubi88: checks
mylifeluvsol: checks
*** RIVER *** [4d 3s Kd Qc] [Qd]
Scheubi88: bets $6
mylifeluvsol: calls $6
*** SHOW DOWN ***
Scheubi88: shows [8c 3h] (two pair, Queens and Threes)
mylifeluvsol: shows [4s Js] (two pair, Queens and Fours)
mylifeluvsol collected $23.52 from pot
*** SUMMARY ***
Total pot $24 | Rake $0.48
Board [4d 3s Kd Qc Qd]
Seat 3: Scheubi88 (big blind) showed [8c 3h] and lost with two pair, Queens and Threes
Seat 6: mylifeluvsol (button) (small blind) showed [4s Js] and won ($23.52) with two pair, Queens and Fours


PokerStars Hand #162272297870:  Hold'em Limit ($3/$6 USD) - 2016/12/01 21:56:37 ET
Table 'Polyhymnia' 6-max Seat #5 is the button
Seat 5: Brama Br ($297.91 in chips)
Seat 6: ToDaFelt ($115.64 in chips)
Brama Br: posts small blind $1
ToDaFelt: posts big blind $3
*** HOLE CARDS ***
Brama Br: raises $3 to $6
ToDaFelt: calls $3
*** FLOP *** [Th 2s 8c]
ToDaFelt: checks
Brama Br: checks
*** TURN *** [Th 2s 8c] [4s]
ToDaFelt: bets $6
Brama Br: calls $6
*** RIVER *** [Th 2s 8c 4s] [Jh]
ToDaFelt: bets $6
Brama Br: raises $6 to $12
ToDaFelt: calls $6
*** SHOW DOWN ***
Brama Br: shows [Jc 4c] (two pair, Jacks and Fours)
ToDaFelt: mucks hand
Brama Br collected $47.50 from pot
*** SUMMARY ***
Total pot $48 | Rake $0.50
Board [Th 2s 8c 4s Jh]
Seat 5: Brama Br (button) (small blind) showed [Jc 4c] and won ($47.50) with two pair, Jacks and Fours
Seat 6: ToDaFelt (big blind) mucked


PokerStars Hand #162272311065:  Hold'em Limit ($3/$6 USD) - 2016/12/01 21:57:12 ET
Table 'Polyhymnia' 6-max Seat #6 is the button
Seat 5: Brama Br ($321.41 in chips)
Seat 6: ToDaFelt ($91.64 in chips)
ToDaFelt: posts small blind $1
Brama Br: posts big blind $3
*** HOLE CARDS ***
ToDaFelt: raises $3 to $6
Brama Br: calls $3
*** FLOP *** [Jd 2s Ts]
Brama Br: checks
ToDaFelt: bets $3
Brama Br: folds
Uncalled bet ($3) returned to ToDaFelt
ToDaFelt collected $11.76 from pot
ToDaFelt: doesn't show hand
*** SUMMARY ***
Total pot $12 | Rake $0.24
Board [Jd 2s Ts]
Seat 5: Brama Br (big blind) folded on the Flop
Seat 6: ToDaFelt (button) (small blind) collected ($11.76)


PokerStars Hand #162272318188:  Hold'em Limit ($3/$6 USD) - 2016/12/01 21:57:31 ET
Table 'Polyhymnia' 6-max Seat #5 is the button
Seat 5: Brama Br ($315.41 in chips)
Seat 6: ToDaFelt ($97.40 in chips)
Brama Br: posts small blind $1
ToDaFelt: posts big blind $3
*** HOLE CARDS ***
Brama Br: folds
Uncalled bet ($2) returned to ToDaFelt
ToDaFelt collected $2 from pot
ToDaFelt: doesn't show hand
*** SUMMARY ***
Total pot $2 | Rake $0
Seat 5: Brama Br (button) (small blind) folded before Flop
Seat 6: ToDaFelt (big blind) collected ($2)


PokerStars Hand #162274086706:  Hold'em Limit ($3/$6 USD) - 2016/12/01 23:17:43 ET
Table 'Polyhymnia' 6-max Seat #3 is the button
Seat 3: Scheubi88 ($78.13 in chips)
Seat 6: mylifeluvsol ($119.84 in chips)
Scheubi88: posts small blind $1
mylifeluvsol: posts big blind $3
*** HOLE CARDS ***
Scheubi88: raises $3 to $6
mylifeluvsol: calls $3
*** FLOP *** [9d 3c 2d]
mylifeluvsol: checks
Scheubi88: bets $3
mylifeluvsol: raises $3 to $6
Scheubi88: calls $3
*** TURN *** [9d 3c 2d] [Jh]
mylifeluvsol: checks
Scheubi88: bets $6
mylifeluvsol: calls $6
*** RIVER *** [9d 3c 2d Jh] [Qs]
mylifeluvsol: checks
Scheubi88: bets $6
mylifeluvsol: raises $6 to $12
Scheubi88: calls $6
*** SHOW DOWN ***
mylifeluvsol: shows [2c Qc] (two pair, Queens and Deuces)
Scheubi88: mucks hand
mylifeluvsol collected $59.50 from pot
*** SUMMARY ***
Total pot $60 | Rake $0.50
Board [9d 3c 2d Jh Qs]
Seat 3: Scheubi88 (button) (small blind) mucked
Seat 6: mylifeluvsol (big blind) showed [2c Qc] and won ($59.50) with two pair, Queens and Deuces


PokerStars Hand #162272334017:  Hold'em Limit ($3/$6 USD) - 2016/12/01 21:58:14 ET
Table 'Polyhymnia' 6-max Seat #5 is the button
Seat 5: Brama Br ($311.41 in chips)
Seat 6: ToDaFelt ($101.40 in chips)
Brama Br: posts small blind $1
ToDaFelt: posts big blind $3
*** HOLE CARDS ***
Brama Br: folds
Uncalled bet ($2) returned to ToDaFelt
ToDaFelt collected $2 from pot
ToDaFelt: doesn't show hand
*** SUMMARY ***
Total pot $2 | Rake $0
Seat 5: Brama Br (button) (small blind) folded before Flop
Seat 6: ToDaFelt (big blind) collected ($2)


PokerStars Hand #162272336190:  Hold'em Limit ($3/$6 USD) - 2016/12/01 21:58:20 ET
Table 'Polyhymnia' 6-max Seat #6 is the button
Seat 5: Brama Br ($310.41 in chips)
Seat 6: ToDaFelt ($102.40 in chips)
ToDaFelt: posts small blind $1
Brama Br: posts big blind $3
*** HOLE CARDS ***
ToDaFelt: raises $3 to $6
Brama Br: calls $3
*** FLOP *** [Th 6s 7h]
Brama Br: checks
ToDaFelt: bets $3
Brama Br: raises $3 to $6
ToDaFelt: calls $3
*** TURN *** [Th 6s 7h] [9s]
Brama Br: bets $6
ToDaFelt: calls $6
*** RIVER *** [Th 6s 7h 9s] [5c]
Brama Br: checks
ToDaFelt: checks
*** SHOW DOWN ***
Brama Br: shows [6h Kh] (a pair of Sixes)
ToDaFelt: shows [7c 5h] (two pair, Sevens and Fives)
ToDaFelt collected $35.50 from pot
*** SUMMARY ***
Total pot $36 | Rake $0.50
Board [Th 6s 7h 9s 5c]
Seat 5: Brama Br (big blind) showed [6h Kh] and lost with a pair of Sixes
Seat 6: ToDaFelt (button) (small blind) showed [7c 5h] and won ($35.50) with two pair, Sevens and Fives


PokerStars Hand #162272328743:  Hold'em Limit ($3/$6 USD) - 2016/12/01 21:58:00 ET
Table 'Polyhymnia' 6-max Seat #6 is the button
Seat 5: Brama Br ($310.41 in chips)
Seat 6: ToDaFelt ($102.40 in chips)
ToDaFelt: posts small blind $1
Brama Br: posts big blind $3
*** HOLE CARDS ***
ToDaFelt: folds
Uncalled bet ($2) returned to Brama Br
Brama Br collected $2 from pot
Brama Br: doesn't show hand
*** SUMMARY ***
Total pot $2 | Rake $0
Seat 5: Brama Br (big blind) collected ($2)
Seat 6: ToDaFelt (button) (small blind) folded before Flop


PokerStars Hand #162272346628:  Hold'em Limit ($3/$6 USD) - 2016/12/01 21:58:48 ET
Table 'Polyhymnia' 6-max Seat #5 is the button
Seat 5: Brama Br ($292.41 in chips)
Seat 6: ToDaFelt ($119.90 in chips)
Brama Br: posts small blind $1
ToDaFelt: posts big blind $3
*** HOLE CARDS ***
Brama Br: raises $3 to $6
ToDaFelt: calls $3
*** FLOP *** [Td As 2d]
ToDaFelt: checks
Brama Br: bets $3
ToDaFelt: folds
Uncalled bet ($3) returned to Brama Br
Brama Br collected $11.76 from pot
Brama Br: doesn't show hand
*** SUMMARY ***
Total pot $12 | Rake $0.24
Board [Td As 2d]
Seat 5: Brama Br (button) (small blind) collected ($11.76)
Seat 6: ToDaFelt (big blind) folded on the Flop


PokerStars Hand #162272359176:  Hold'em Limit ($3/$6 USD) - 2016/12/01 21:59:22 ET
Table 'Polyhymnia' 6-max Seat #5 is the button
Seat 5: Brama Br ($295.17 in chips)
Seat 6: ToDaFelt ($116.90 in chips)
Brama Br: posts small blind $1
ToDaFelt: posts big blind $3
*** HOLE CARDS ***
Brama Br: folds
Uncalled bet ($2) returned to ToDaFelt
ToDaFelt collected $2 from pot
ToDaFelt: doesn't show hand
*** SUMMARY ***
Total pot $2 | Rake $0
Seat 5: Brama Br (button) (small blind) folded before Flop
Seat 6: ToDaFelt (big blind) collected ($2)


PokerStars Hand #162272361252:  Hold'em Limit ($3/$6 USD) - 2016/12/01 21:59:28 ET
Table 'Polyhymnia' 6-max Seat #6 is the button
Seat 5: Brama Br ($294.17 in chips)
Seat 6: ToDaFelt ($117.90 in chips)
ToDaFelt: posts small blind $1
Brama Br: posts big blind $3
*** HOLE CARDS ***
ToDaFelt: raises $3 to $6
Brama Br: calls $3
*** FLOP *** [2c 8s 7c]
Brama Br: checks
ToDaFelt: bets $3
Brama Br: calls $3
*** TURN *** [2c 8s 7c] [Kd]
Brama Br: checks
ToDaFelt: checks
*** RIVER *** [2c 8s 7c Kd] [7d]
Brama Br: bets $6
ToDaFelt: folds
Uncalled bet ($6) returned to Brama Br
Brama Br collected $17.64 from pot
Brama Br: doesn't show hand
*** SUMMARY ***
Total pot $18 | Rake $0.36
Board [2c 8s 7c Kd 7d]
Seat 5: Brama Br (big blind) collected ($17.64)
Seat 6: ToDaFelt (button) (small blind) folded on the River


PokerStars Hand #162272356431:  Hold'em Limit ($3/$6 USD) - 2016/12/01 21:59:15 ET
Table 'Polyhymnia' 6-max Seat #6 is the button
Seat 5: Brama Br ($298.17 in chips)
Seat 6: ToDaFelt ($113.90 in chips)
ToDaFelt: posts small blind $1
Brama Br: posts big blind $3
*** HOLE CARDS ***
ToDaFelt: raises $3 to $6
Brama Br: folds
Uncalled bet ($3) returned to ToDaFelt
ToDaFelt collected $6 from pot
ToDaFelt: doesn't show hand
*** SUMMARY ***
Total pot $6 | Rake $0
Seat 5: Brama Br (big blind) folded before Flop
Seat 6: ToDaFelt (button) (small blind) collected ($6)


PokerStars Hand #162272373359:  Hold'em Limit ($3/$6 USD) - 2016/12/01 22:00:00 ET
Table 'Polyhymnia' 6-max Seat #5 is the button
Seat 5: Brama Br ($302.81 in chips)
Seat 6: ToDaFelt ($108.90 in chips)
Brama Br: posts small blind $1
ToDaFelt: posts big blind $3
*** HOLE CARDS ***
Brama Br: raises $3 to $6
ToDaFelt: calls $3
*** FLOP *** [3d Ah As]
ToDaFelt: checks
Brama Br: bets $3
ToDaFelt: raises $3 to $6
Brama Br: calls $3
*** TURN *** [3d Ah As] [Jd]
ToDaFelt: bets $6
Brama Br: calls $6
*** RIVER *** [3d Ah As Jd] [8s]
ToDaFelt: checks
Brama Br: checks
*** SHOW DOWN ***
ToDaFelt: shows [3c 5s] (two pair, Aces and Threes)
Brama Br: mucks hand
ToDaFelt collected $35.50 from pot
*** SUMMARY ***
Total pot $36 | Rake $0.50
Board [3d Ah As Jd 8s]
Seat 5: Brama Br (button) (small blind) mucked
Seat 6: ToDaFelt (big blind) showed [3c 5s] and won ($35.50) with two pair, Aces and Threes


PokerStars Hand #162272403357:  Hold'em Limit ($3/$6 USD) - 2016/12/01 22:01:19 ET
Table 'Polyhymnia' 6-max Seat #6 is the button
Seat 5: Brama Br ($269.81 in chips)
Seat 6: ToDaFelt ($140.90 in chips)
ToDaFelt: posts small blind $1
Brama Br: posts big blind $3
*** HOLE CARDS ***
ToDaFelt: folds
Uncalled bet ($2) returned to Brama Br
Brama Br collected $2 from pot
Brama Br: doesn't show hand
*** SUMMARY ***
Total pot $2 | Rake $0
Seat 5: Brama Br (big blind) collected ($2)
Seat 6: ToDaFelt (button) (small blind) folded before Flop


PokerStars Hand #162272406126:  Hold'em Limit ($3/$6 USD) - 2016/12/01 22:01:26 ET
Table 'Polyhymnia' 6-max Seat #5 is the button
Seat 5: Brama Br ($270.81 in chips)
Seat 6: ToDaFelt ($139.90 in chips)
Brama Br: posts small blind $1
ToDaFelt: posts big blind $3
*** HOLE CARDS ***
Brama Br: raises $3 to $6
ToDaFelt: calls $3
*** FLOP *** [Jh 8s Td]
ToDaFelt: checks
Brama Br: bets $3
ToDaFelt: calls $3
*** TURN *** [Jh 8s Td] [5s]
ToDaFelt: checks
Brama Br: bets $6
ToDaFelt: calls $6
*** RIVER *** [Jh 8s Td 5s] [8h]
ToDaFelt: checks
Brama Br: bets $6
ToDaFelt: raises $6 to $12
Brama Br: calls $6
*** SHOW DOWN ***
ToDaFelt: shows [8c 7h] (three of a kind, Eights)
Brama Br: mucks hand
ToDaFelt collected $53.50 from pot
*** SUMMARY ***
Total pot $54 | Rake $0.50
Board [Jh 8s Td 5s 8h]
Seat 5: Brama Br (button) (small blind) mucked
Seat 6: ToDaFelt (big blind) showed [8c 7h] and won ($53.50) with three of a kind, Eights


PokerStars Hand #162272387651:  Hold'em Limit ($3/$6 USD) - 2016/12/01 22:00:39 ET
Table 'Polyhymnia' 6-max Seat #6 is the button
Seat 5: Brama Br ($284.81 in chips)
Seat 6: ToDaFelt ($126.40 in chips)
ToDaFelt: posts small blind $1
Brama Br: posts big blind $3
*** HOLE CARDS ***
ToDaFelt: raises $3 to $6
Brama Br: raises $3 to $9
ToDaFelt: calls $3
*** FLOP *** [Ad Tc 7h]
Brama Br: bets $3
ToDaFelt: calls $3
*** TURN *** [Ad Tc 7h] [8d]
Brama Br: checks
ToDaFelt: bets $6
Brama Br: calls $6
*** RIVER *** [Ad Tc 7h 8d] [Kc]
Brama Br: checks
ToDaFelt: checks
*** SHOW DOWN ***
Brama Br: shows [6c 6h] (a pair of Sixes)
ToDaFelt: shows [3h Ts] (a pair of Tens)
ToDaFelt collected $35.50 from pot
*** SUMMARY ***
Total pot $36 | Rake $0.50
Board [Ad Tc 7h 8d Kc]
Seat 5: Brama Br (big blind) showed [6c 6h] and lost with a pair of Sixes
Seat 6: ToDaFelt (button) (small blind) showed [3h Ts] and won ($35.50) with a pair of Tens


PokerStars Hand #162272400393:  Hold'em Limit ($3/$6 USD) - 2016/12/01 22:01:11 ET
Table 'Polyhymnia' 6-max Seat #5 is the button
Seat 5: Brama Br ($266.81 in chips)
Seat 6: ToDaFelt ($143.90 in chips)
Brama Br: posts small blind $1
ToDaFelt: posts big blind $3
*** HOLE CARDS ***
Brama Br: raises $3 to $6
ToDaFelt: folds
Uncalled bet ($3) returned to Brama Br
Brama Br collected $6 from pot
Brama Br: doesn't show hand
*** SUMMARY ***
Total pot $6 | Rake $0
Seat 5: Brama Br (button) (small blind) collected ($6)
Seat 6: ToDaFelt (big blind) folded before Flop


PokerStars Hand #162272440262:  Hold'em Limit ($3/$6 USD) - 2016/12/01 22:02:44 ET
Table 'Polyhymnia' 6-max Seat #6 is the button
Seat 5: Brama Br ($227.81 in chips)
Seat 6: ToDaFelt ($181.90 in chips)
ToDaFelt: posts small blind $1
Brama Br: posts big blind $3
*** HOLE CARDS ***
ToDaFelt: folds
Uncalled bet ($2) returned to Brama Br
Brama Br collected $2 from pot
Brama Br: doesn't show hand
*** SUMMARY ***
Total pot $2 | Rake $0
Seat 5: Brama Br (big blind) collected ($2)
Seat 6: ToDaFelt (button) (small blind) folded before Flop


PokerStars Hand #162272434774:  Hold'em Limit ($3/$6 USD) - 2016/12/01 22:02:37 ET
Table 'Polyhymnia' 6-max Seat #5 is the button
Seat 5: Brama Br ($228.81 in chips)
Seat 6: ToDaFelt ($180.90 in chips)
Brama Br: posts small blind $1
ToDaFelt: posts big blind $3
*** HOLE CARDS ***
Brama Br: folds
Uncalled bet ($2) returned to ToDaFelt
ToDaFelt collected $2 from pot
ToDaFelt: doesn't show hand
*** SUMMARY ***
Total pot $2 | Rake $0
Seat 5: Brama Br (button) (small blind) folded before Flop
Seat 6: ToDaFelt (big blind) collected ($2)


PokerStars Hand #162272419603:  Hold'em Limit ($3/$6 USD) - 2016/12/01 22:01:59 ET
Table 'Polyhymnia' 6-max Seat #6 is the button
Seat 5: Brama Br ($243.81 in chips)
Seat 6: ToDaFelt ($166.40 in chips)
ToDaFelt: posts small blind $1
Brama Br: posts big blind $3
*** HOLE CARDS ***
ToDaFelt: raises $3 to $6
Brama Br: calls $3
*** FLOP *** [Jc 4c 4d]
Brama Br: checks
ToDaFelt: bets $3
Brama Br: calls $3
*** TURN *** [Jc 4c 4d] [3s]
Brama Br: checks
ToDaFelt: bets $6
Brama Br: calls $6
*** RIVER *** [Jc 4c 4d 3s] [7h]
Brama Br: checks
ToDaFelt: checks
*** SHOW DOWN ***
Brama Br: shows [As 6s] (a pair of Fours)
ToDaFelt: shows [9c Ac] (a pair of Fours - Ace+Jack+Nine kicker)
ToDaFelt collected $29.50 from pot
*** SUMMARY ***
Total pot $30 | Rake $0.50
Board [Jc 4c 4d 3s 7h]
Seat 5: Brama Br (big blind) showed [As 6s] and lost with a pair of Fours
Seat 6: ToDaFelt (button) (small blind) showed [9c Ac] and won ($29.50) with a pair of Fours


PokerStars Hand #162272443068:  Hold'em Limit ($3/$6 USD) - 2016/12/01 22:02:51 ET
Table 'Polyhymnia' 6-max Seat #5 is the button
Seat 5: Brama Br ($228.81 in chips)
Seat 6: ToDaFelt ($180.90 in chips)
Brama Br: posts small blind $1
ToDaFelt: posts big blind $3
*** HOLE CARDS ***
Brama Br: raises $3 to $6
ToDaFelt: calls $3
*** FLOP *** [2c 7h 2h]
ToDaFelt: checks
Brama Br: bets $3
ToDaFelt: folds
Uncalled bet ($3) returned to Brama Br
Brama Br collected $11.76 from pot
Brama Br: doesn't show hand
*** SUMMARY ***
Total pot $12 | Rake $0.24
Board [2c 7h 2h]
Seat 5: Brama Br (button) (small blind) collected ($11.76)
Seat 6: ToDaFelt (big blind) folded on the Flop


PokerStars Hand #162273855375:  Hold'em Limit ($3/$6 USD) - 2016/12/01 23:05:55 ET
Table 'Polyhymnia' 6-max Seat #2 is the button
Seat 2: SmellyToes4u ($71.78 in chips)
Seat 5: paptec ($169.29 in chips)
SmellyToes4u: posts small blind $1
paptec: posts big blind $3
*** HOLE CARDS ***
SmellyToes4u: raises $3 to $6
paptec: calls $3
*** FLOP *** [4s 2d 3c]
paptec: checks
SmellyToes4u: bets $3
paptec: raises $3 to $6
SmellyToes4u: calls $3
*** TURN *** [4s 2d 3c] [5c]
mylifeluvsol leaves the table
paptec: bets $6
SmellyToes4u: folds
Uncalled bet ($6) returned to paptec
paptec collected $23.52 from pot
*** SUMMARY ***
Total pot $24 | Rake $0.48
Board [4s 2d 3c 5c]
Seat 2: SmellyToes4u (button) (small blind) folded on the Turn
Seat 5: paptec (big blind) collected ($23.52)


PokerStars Hand #162272466354:  Hold'em Limit ($3/$6 USD) - 2016/12/01 22:03:47 ET
Table 'Polyhymnia' 6-max Seat #5 is the button
Seat 5: Brama Br ($228.57 in chips)
Seat 6: ToDaFelt ($180.66 in chips)
Brama Br: posts small blind $1
ToDaFelt: posts big blind $3
*** HOLE CARDS ***
Brama Br: folds
Uncalled bet ($2) returned to ToDaFelt
ToDaFelt collected $2 from pot
ToDaFelt: doesn't show hand
*** SUMMARY ***
Total pot $2 | Rake $0
Seat 5: Brama Br (button) (small blind) folded before Flop
Seat 6: ToDaFelt (big blind) collected ($2)


PokerStars Hand #162273873935:  Hold'em Limit ($3/$6 USD) - 2016/12/01 23:06:51 ET
Table 'Polyhymnia' 6-max Seat #6 is the button
Seat 2: SmellyToes4u ($59.78 in chips)
Seat 6: mylifeluvsol ($30 in chips)
mylifeluvsol: posts small blind $1
SmellyToes4u: posts big blind $3
*** HOLE CARDS ***
mylifeluvsol: raises $3 to $6
SmellyToes4u: calls $3
*** FLOP *** [Kd Th Td]
SmellyToes4u: checks
mylifeluvsol: checks
*** TURN *** [Kd Th Td] [8s]
SmellyToes4u: checks
mylifeluvsol: bets $6
SmellyToes4u: folds
Uncalled bet ($6) returned to mylifeluvsol
mylifeluvsol collected $11.76 from pot
mylifeluvsol: doesn't show hand
*** SUMMARY ***
Total pot $12 | Rake $0.24
Board [Kd Th Td 8s]
Seat 2: SmellyToes4u (big blind) folded on the Turn
Seat 6: mylifeluvsol (button) (small blind) collected ($11.76)


PokerStars Hand #162272458779:  Hold'em Limit ($3/$6 USD) - 2016/12/01 22:03:29 ET
Table 'Polyhymnia' 6-max Seat #6 is the button
Seat 5: Brama Br ($234.57 in chips)
Seat 6: ToDaFelt ($174.90 in chips)
ToDaFelt: posts small blind $1
Brama Br: posts big blind $3
*** HOLE CARDS ***
ToDaFelt: raises $3 to $6
Brama Br: calls $3
*** FLOP *** [Th 2d 8d]
Brama Br: checks
ToDaFelt: bets $3
Brama Br: folds
Uncalled bet ($3) returned to ToDaFelt
ToDaFelt collected $11.76 from pot
ToDaFelt: doesn't show hand
*** SUMMARY ***
Total pot $12 | Rake $0.24
Board [Th 2d 8d]
Seat 5: Brama Br (big blind) folded on the Flop
Seat 6: ToDaFelt (button) (small blind) collected ($11.76)


PokerStars Hand #162273888723:  Hold'em Limit ($3/$6 USD) - 2016/12/01 23:07:36 ET
Table 'Polyhymnia' 6-max Seat #2 is the button
Seat 2: SmellyToes4u ($44.78 in chips)
Seat 6: mylifeluvsol ($44.28 in chips)
SmellyToes4u: posts small blind $1
mylifeluvsol: posts big blind $3
*** HOLE CARDS ***
SmellyToes4u: raises $3 to $6
mylifeluvsol: raises $3 to $9
SmellyToes4u: calls $3
*** FLOP *** [6h 7s 6s]
mylifeluvsol: bets $3
SmellyToes4u: calls $3
*** TURN *** [6h 7s 6s] [4h]
mylifeluvsol: bets $6
SmellyToes4u: calls $6
*** RIVER *** [6h 7s 6s 4h] [4d]
Scheubi88 joins the table at seat #3
mylifeluvsol: bets $6
SmellyToes4u: folds
Uncalled bet ($6) returned to mylifeluvsol
mylifeluvsol collected $35.50 from pot
mylifeluvsol: doesn't show hand
*** SUMMARY ***
Total pot $36 | Rake $0.50
Board [6h 7s 6s 4h 4d]
Seat 2: SmellyToes4u (button) (small blind) folded on the River
Seat 6: mylifeluvsol (big blind) collected ($35.50)


PokerStars Hand #162273882844:  Hold'em Limit ($3/$6 USD) - 2016/12/01 23:07:18 ET
Table 'Polyhymnia' 6-max Seat #6 is the button
Seat 2: SmellyToes4u ($56.78 in chips)
Seat 6: mylifeluvsol ($32.76 in chips)
mylifeluvsol: posts small blind $1
SmellyToes4u: posts big blind $3
*** HOLE CARDS ***
mylifeluvsol: raises $3 to $6
SmellyToes4u: calls $3
*** FLOP *** [Ac 2d 4s]
SmellyToes4u: checks
mylifeluvsol: checks
*** TURN *** [Ac 2d 4s] [Kd]
SmellyToes4u: checks
mylifeluvsol: checks
*** RIVER *** [Ac 2d 4s Kd] [Th]
SmellyToes4u: checks
mylifeluvsol: bets $6
SmellyToes4u: calls $6
*** SHOW DOWN ***
mylifeluvsol: shows [3h Ad] (a pair of Aces)
SmellyToes4u: mucks hand
mylifeluvsol collected $23.52 from pot
*** SUMMARY ***
Total pot $24 | Rake $0.48
Board [Ac 2d 4s Kd Th]
Seat 2: SmellyToes4u (big blind) mucked
Seat 6: mylifeluvsol (button) (small blind) showed [3h Ad] and won ($23.52) with a pair of Aces


PokerStars Hand #162272486351:  Hold'em Limit ($3/$6 USD) - 2016/12/01 22:04:36 ET
Table 'Polyhymnia' 6-max Seat #5 is the button
Seat 5: Brama Br ($206.57 in chips)
Seat 6: ToDaFelt ($202.16 in chips)
Brama Br: posts small blind $1
ToDaFelt: posts big blind $3
*** HOLE CARDS ***
Brama Br: folds
Uncalled bet ($2) returned to ToDaFelt
ToDaFelt collected $2 from pot
ToDaFelt: doesn't show hand
*** SUMMARY ***
Total pot $2 | Rake $0
Seat 5: Brama Br (button) (small blind) folded before Flop
Seat 6: ToDaFelt (big blind) collected ($2)


PokerStars Hand #162273880805:  Hold'em Limit ($3/$6 USD) - 2016/12/01 23:07:12 ET
Table 'Polyhymnia' 6-max Seat #2 is the button
Seat 2: SmellyToes4u ($53.78 in chips)
Seat 6: mylifeluvsol ($35.76 in chips)
SmellyToes4u: posts small blind $1
mylifeluvsol: posts big blind $3
*** HOLE CARDS ***
SmellyToes4u: raises $3 to $6
mylifeluvsol: folds
Uncalled bet ($3) returned to SmellyToes4u
SmellyToes4u collected $6 from pot
SmellyToes4u: doesn't show hand
*** SUMMARY ***
Total pot $6 | Rake $0
Seat 2: SmellyToes4u (button) (small blind) collected ($6)
Seat 6: mylifeluvsol (big blind) folded before Flop


PokerStars Hand #162273894772:  Hold'em Limit ($3/$6 USD) - 2016/12/01 23:07:54 ET
Table 'Polyhymnia' 6-max Seat #6 is the button
Seat 2: SmellyToes4u ($26.78 in chips)
Seat 6: mylifeluvsol ($61.78 in chips)
mylifeluvsol: posts small blind $1
SmellyToes4u: posts big blind $3
*** HOLE CARDS ***
mylifeluvsol: calls $2
SmellyToes4u: checks
*** FLOP *** [9d 2h 8c]
SmellyToes4u: checks
mylifeluvsol: checks
*** TURN *** [9d 2h 8c] [6h]
SmellyToes4u: bets $6
mylifeluvsol: folds
Uncalled bet ($6) returned to SmellyToes4u
SmellyToes4u collected $5.88 from pot
SmellyToes4u: doesn't show hand
*** SUMMARY ***
Total pot $6 | Rake $0.12
Board [9d 2h 8c 6h]
Seat 2: SmellyToes4u (big blind) collected ($5.88)
Seat 6: mylifeluvsol (button) (small blind) folded on the Turn


PokerStars Hand #162272468765:  Hold'em Limit ($3/$6 USD) - 2016/12/01 22:03:53 ET
Table 'Polyhymnia' 6-max Seat #6 is the button
Seat 5: Brama Br ($227.57 in chips)
Seat 6: ToDaFelt ($181.66 in chips)
ToDaFelt: posts small blind $1
Brama Br: posts big blind $3
*** HOLE CARDS ***
ToDaFelt: raises $3 to $6
Brama Br: calls $3
*** FLOP *** [2d Jh 8s]
Brama Br: checks
ToDaFelt: bets $3
Brama Br: calls $3
*** TURN *** [2d Jh 8s] [Ad]
Brama Br: checks
ToDaFelt: bets $6
mylifeluvsol joins the table at seat #3
Brama Br: calls $6
*** RIVER *** [2d Jh 8s Ad] [6s]
Brama Br: checks
ToDaFelt: bets $6
Brama Br: calls $6
*** SHOW DOWN ***
ToDaFelt: shows [As Ah] (three of a kind, Aces)
Brama Br: mucks hand
ToDaFelt collected $41.50 from pot
*** SUMMARY ***
Total pot $42 | Rake $0.50
Board [2d Jh 8s Ad 6s]
Seat 5: Brama Br (big blind) mucked
Seat 6: ToDaFelt (button) (small blind) showed [As Ah] and won ($41.50) with three of a kind, Aces


PokerStars Hand #162273924681:  Hold'em Limit ($3/$6 USD) - 2016/12/01 23:09:25 ET
Table 'Polyhymnia' 6-max Seat #2 is the button
Seat 2: SmellyToes4u ($77.98 in chips)
Seat 3: Scheubi88 ($126.57 in chips)
paptec will be allowed to play after the button
SmellyToes4u: posts small blind $1
Scheubi88: posts big blind $3
*** HOLE CARDS ***
SmellyToes4u: raises $3 to $6
Scheubi88: calls $3
*** FLOP *** [8d 5h Kc]
Scheubi88: checks
SmellyToes4u: bets $3
Scheubi88: folds
Uncalled bet ($3) returned to SmellyToes4u
SmellyToes4u collected $11.76 from pot
SmellyToes4u: doesn't show hand
*** SUMMARY ***
Total pot $12 | Rake $0.24
Board [8d 5h Kc]
Seat 2: SmellyToes4u (button) (small blind) collected ($11.76)
Seat 3: Scheubi88 (big blind) folded on the Flop


PokerStars Hand #162274396462:  Hold'em Limit ($3/$6 USD) - 2016/12/01 23:33:55 ET
Table 'Polyhymnia' 6-max Seat #3 is the button
Seat 3: Scheubi88 ($137.66 in chips)
Seat 4: old_col ($152.39 in chips)
Scheubi88: posts small blind $1
old_col: posts big blind $3
*** HOLE CARDS ***
Scheubi88: folds
Uncalled bet ($2) returned to old_col
old_col collected $2 from pot
*** SUMMARY ***
Total pot $2 | Rake $0
Seat 3: Scheubi88 (button) (small blind) folded before Flop
Seat 4: old_col (big blind) collected ($2)


PokerStars Hand #162274388757:  Hold'em Limit ($3/$6 USD) - 2016/12/01 23:33:30 ET
Table 'Polyhymnia' 6-max Seat #4 is the button
Seat 3: Scheubi88 ($161.66 in chips)
Seat 4: old_col ($128.89 in chips)
old_col: posts small blind $1
LWNS: is sitting out
Scheubi88: posts big blind $3
*** HOLE CARDS ***
LWNS leaves the table
old_col: calls $2
Scheubi88: raises $3 to $6
old_col: calls $3
*** FLOP *** [9d 8d Ks]
Scheubi88: bets $3
old_col: raises $3 to $6
Scheubi88: calls $3
*** TURN *** [9d 8d Ks] [9h]
Scheubi88: checks
old_col: bets $6
Scheubi88: calls $6
*** RIVER *** [9d 8d Ks 9h] [2d]
Scheubi88: checks
old_col: bets $6
Scheubi88: calls $6
*** SHOW DOWN ***
old_col: shows [Kd Jh] (two pair, Kings and Nines)
Scheubi88: mucks hand
old_col collected $47.50 from pot
*** SUMMARY ***
Total pot $48 | Rake $0.50
Board [9d 8d Ks 9h 2d]
Seat 3: Scheubi88 (big blind) mucked
Seat 4: old_col (button) (small blind) showed [Kd Jh] and won ($47.50) with two pair, Kings and Nines


PokerStars Hand #162274404097:  Hold'em Limit ($3/$6 USD) - 2016/12/01 23:34:21 ET
Table 'Polyhymnia' 6-max Seat #3 is the button
Seat 3: Scheubi88 ($127.66 in chips)
Seat 4: old_col ($162.03 in chips)
Scheubi88: posts small blind $1
old_col: posts big blind $3
*** HOLE CARDS ***
Scheubi88: raises $3 to $6
old_col: calls $3
*** FLOP *** [2h 7d 3h]
old_col: checks
Scheubi88: bets $3
old_col: raises $3 to $6
Scheubi88: calls $3
*** TURN *** [2h 7d 3h] [8h]
old_col: bets $6
Scheubi88: calls $6
*** RIVER *** [2h 7d 3h 8h] [Kc]
old_col: bets $6
Scheubi88: calls $6
*** SHOW DOWN ***
old_col: shows [5d 7c] (a pair of Sevens)
Scheubi88: mucks hand
old_col collected $47.50 from pot
*** SUMMARY ***
Total pot $48 | Rake $0.50
Board [2h 7d 3h 8h Kc]
Seat 3: Scheubi88 (button) (small blind) mucked
Seat 4: old_col (big blind) showed [5d 7c] and won ($47.50) with a pair of Sevens


PokerStars Hand #162274398011:  Hold'em Limit ($3/$6 USD) - 2016/12/01 23:34:01 ET
Table 'Polyhymnia' 6-max Seat #4 is the button
Seat 3: Scheubi88 ($136.66 in chips)
Seat 4: old_col ($153.39 in chips)
old_col: posts small blind $1
Scheubi88: posts big blind $3
*** HOLE CARDS ***
old_col: calls $2
Scheubi88: checks
*** FLOP *** [Ah Qd Td]
Scheubi88: checks
old_col: bets $3
Scheubi88: raises $3 to $6
old_col: calls $3
*** TURN *** [Ah Qd Td] [8d]
Scheubi88: checks
old_col: checks
*** RIVER *** [Ah Qd Td 8d] [7d]
Scheubi88: checks
old_col: bets $6
Scheubi88: folds
Uncalled bet ($6) returned to old_col
old_col collected $17.64 from pot
*** SUMMARY ***
Total pot $18 | Rake $0.36
Board [Ah Qd Td 8d 7d]
Seat 3: Scheubi88 (big blind) folded on the River
Seat 4: old_col (button) (small blind) collected ($17.64)


PokerStars Hand #162274418749:  Hold'em Limit ($3/$6 USD) - 2016/12/01 23:35:09 ET
Table 'Polyhymnia' 6-max Seat #3 is the button
Seat 3: Scheubi88 ($112.30 in chips)
Seat 4: old_col ($176.53 in chips)
Scheubi88: posts small blind $1
old_col: posts big blind $3
*** HOLE CARDS ***
Scheubi88: raises $3 to $6
old_col: calls $3
*** FLOP *** [Th 6s Td]
old_col: checks
Scheubi88: bets $3
old_col: folds
Uncalled bet ($3) returned to Scheubi88
Scheubi88 collected $11.76 from pot
Scheubi88: doesn't show hand
*** SUMMARY ***
Total pot $12 | Rake $0.24
Board [Th 6s Td]
Seat 3: Scheubi88 (button) (small blind) collected ($11.76)
Seat 4: old_col (big blind) folded on the Flop


PokerStars Hand #162273998401:  Hold'em Limit ($3/$6 USD) - 2016/12/01 23:13:10 ET
Table 'Polyhymnia' 6-max Seat #1 is the button
Seat 1: paptec ($45.35 in chips)
Seat 3: Scheubi88 ($146.03 in chips)
paptec: posts small blind $1
SmellyToes4u: is sitting out
Scheubi88: posts big blind $3
*** HOLE CARDS ***
mylifeluvsol joins the table at seat #6
SmellyToes4u leaves the table
paptec: folds
Uncalled bet ($2) returned to Scheubi88
Scheubi88 collected $2 from pot
Scheubi88: doesn't show hand
*** SUMMARY ***
Total pot $2 | Rake $0
Seat 1: paptec (button) (small blind) folded before Flop
Seat 3: Scheubi88 (big blind) collected ($2)


PokerStars Hand #162271361038:  Hold'em Limit ($3/$6 USD) - 2016/12/01 21:21:06 ET
Table 'Polyhymnia' 6-max Seat #6 is the button
Seat 5: Brama Br ($120 in chips)
Seat 6: ToDaFelt ($120 in chips)
ToDaFelt: posts small blind $1
Brama Br: posts big blind $3
*** HOLE CARDS ***
ToDaFelt: raises $3 to $6
Brama Br: calls $3
*** FLOP *** [8d 3h 6c]
Brama Br: checks
ToDaFelt: bets $3
Brama Br: raises $3 to $6
ToDaFelt: calls $3
*** TURN *** [8d 3h 6c] [Js]
Brama Br: bets $6
ToDaFelt: raises $6 to $12
Brama Br: calls $6
*** RIVER *** [8d 3h 6c Js] [6d]
Brama Br: checks
ToDaFelt: bets $6
Brama Br: calls $6
*** SHOW DOWN ***
ToDaFelt: shows [7c 5s] (a pair of Sixes)
Brama Br: shows [Qs 3d] (two pair, Sixes and Threes)
Brama Br collected $59.50 from pot
*** SUMMARY ***
Total pot $60 | Rake $0.50
Board [8d 3h 6c Js 6d]
Seat 5: Brama Br (big blind) showed [Qs 3d] and won ($59.50) with two pair, Sixes and Threes
Seat 6: ToDaFelt (button) (small blind) showed [7c 5s] and lost with a pair of Sixes


PokerStars Hand #162274422816:  Hold'em Limit ($3/$6 USD) - 2016/12/01 23:35:23 ET
Table 'Polyhymnia' 6-max Seat #4 is the button
Seat 3: Scheubi88 ($118.06 in chips)
Seat 4: old_col ($170.53 in chips)
old_col: posts small blind $1
Scheubi88: posts big blind $3
*** HOLE CARDS ***
old_col: calls $2
Scheubi88: checks
*** FLOP *** [Ac Tc 2d]
Scheubi88: checks
old_col: checks
*** TURN *** [Ac Tc 2d] [7s]
Scheubi88: checks
old_col: checks
*** RIVER *** [Ac Tc 2d 7s] [9s]
Scheubi88: checks
old_col: checks
*** SHOW DOWN ***
Scheubi88: shows [3h Kh] (high card Ace)
old_col: mucks hand
Scheubi88 collected $5.88 from pot
*** SUMMARY ***
Total pot $6 | Rake $0.12
Board [Ac Tc 2d 7s 9s]
Seat 3: Scheubi88 (big blind) showed [3h Kh] and won ($5.88) with high card Ace
Seat 4: old_col (button) (small blind) mucked


PokerStars Hand #162274413553:  Hold'em Limit ($3/$6 USD) - 2016/12/01 23:34:52 ET
Table 'Polyhymnia' 6-max Seat #4 is the button
Seat 3: Scheubi88 ($103.66 in chips)
Seat 4: old_col ($185.53 in chips)
old_col: posts small blind $1
Scheubi88: posts big blind $3
*** HOLE CARDS ***
old_col: calls $2
Scheubi88: raises $3 to $6
old_col: calls $3
*** FLOP *** [2d 6c 6d]
Scheubi88: bets $3
old_col: calls $3
*** TURN *** [2d 6c 6d] [8s]
Scheubi88: bets $6
old_col: folds
Uncalled bet ($6) returned to Scheubi88
Scheubi88 collected $17.64 from pot
Scheubi88: doesn't show hand
*** SUMMARY ***
Total pot $18 | Rake $0.36
Board [2d 6c 6d 8s]
Seat 3: Scheubi88 (big blind) collected ($17.64)
Seat 4: old_col (button) (small blind) folded on the Turn


PokerStars Hand #162274436815:  Hold'em Limit ($3/$6 USD) - 2016/12/01 23:36:09 ET
Table 'Polyhymnia' 6-max Seat #4 is the button
Seat 3: Scheubi88 ($144.44 in chips)
Seat 4: old_col ($143.53 in chips)
old_col: posts small blind $1
Scheubi88: posts big blind $3
*** HOLE CARDS ***
old_col: raises $3 to $6
Scheubi88: raises $3 to $9
old_col: calls $3
*** FLOP *** [9c 4d 5h]
Scheubi88: bets $3
old_col: raises $3 to $6
Scheubi88: calls $3
*** TURN *** [9c 4d 5h] [7c]
Scheubi88: checks
old_col: bets $6
Scheubi88: calls $6
*** RIVER *** [9c 4d 5h 7c] [6d]
Scheubi88: checks
old_col: bets $6
Scheubi88: calls $6
*** SHOW DOWN ***
old_col: shows [9h 7h] (two pair, Nines and Sevens)
Scheubi88: mucks hand
old_col collected $53.50 from pot
*** SUMMARY ***
Total pot $54 | Rake $0.50
Board [9c 4d 5h 7c 6d]
Seat 3: Scheubi88 (big blind) mucked
Seat 4: old_col (button) (small blind) showed [9h 7h] and won ($53.50) with two pair, Nines and Sevens


PokerStars Hand #162274428827:  Hold'em Limit ($3/$6 USD) - 2016/12/01 23:35:43 ET
Table 'Polyhymnia' 6-max Seat #3 is the button
Seat 3: Scheubi88 ($120.94 in chips)
Seat 4: old_col ($167.53 in chips)
Scheubi88: posts small blind $1
old_col: posts big blind $3
*** HOLE CARDS ***
Scheubi88: raises $3 to $6
old_col: raises $3 to $9
Scheubi88: calls $3
*** FLOP *** [2c Jd 3c]
old_col: bets $3
Scheubi88: calls $3
*** TURN *** [2c Jd 3c] [Ac]
old_col: checks
Scheubi88: bets $6
old_col: calls $6
*** RIVER *** [2c Jd 3c Ac] [2s]
old_col: checks
Scheubi88: bets $6
old_col: calls $6
*** SHOW DOWN ***
Scheubi88: shows [9d Jh] (two pair, Jacks and Deuces)
old_col: mucks hand
Scheubi88 collected $47.50 from pot
*** SUMMARY ***
Total pot $48 | Rake $0.50
Board [2c Jd 3c Ac 2s]
Seat 3: Scheubi88 (button) (small blind) showed [9d Jh] and won ($47.50) with two pair, Jacks and Deuces
Seat 4: old_col (big blind) mucked


PokerStars Hand #162274443783:  Hold'em Limit ($3/$6 USD) - 2016/12/01 23:36:32 ET
Table 'Polyhymnia' 6-max Seat #3 is the button
Seat 3: Scheubi88 ($117.44 in chips)
Seat 4: old_col ($170.03 in chips)
Scheubi88: posts small blind $1
old_col: posts big blind $3
*** HOLE CARDS ***
Scheubi88: raises $3 to $6
old_col: calls $3
*** FLOP *** [Ac 6h Qs]
old_col: checks
Scheubi88: bets $3
old_col: calls $3
*** TURN *** [Ac 6h Qs] [4d]
old_col: checks
Scheubi88: bets $6
old_col: calls $6
*** RIVER *** [Ac 6h Qs 4d] [7s]
old_col: checks
Scheubi88: checks
*** SHOW DOWN ***
old_col: shows [5d 6s] (a pair of Sixes)
Scheubi88: mucks hand
old_col collected $29.50 from pot
*** SUMMARY ***
Total pot $30 | Rake $0.50
Board [Ac 6h Qs 4d 7s]
Seat 3: Scheubi88 (button) (small blind) mucked
Seat 4: old_col (big blind) showed [5d 6s] and won ($29.50) with a pair of Sixes


PokerStars Hand #162274030649:  Hold'em Limit ($3/$6 USD) - 2016/12/01 23:14:49 ET
Table 'Polyhymnia' 6-max Seat #1 is the button
Seat 1: paptec ($49.97 in chips)
Seat 3: Scheubi88 ($124.13 in chips)
paptec: posts small blind $1
Scheubi88: posts big blind $3
*** HOLE CARDS ***
paptec: raises $3 to $6
Scheubi88: calls $3
*** FLOP *** [4d Th 6c]
Scheubi88: checks
paptec: checks
*** TURN *** [4d Th 6c] [3h]
Scheubi88: bets $6
paptec: folds
Uncalled bet ($6) returned to Scheubi88
Scheubi88 collected $11.76 from pot
Scheubi88: doesn't show hand
*** SUMMARY ***
Total pot $12 | Rake $0.24
Board [4d Th 6c 3h]
Seat 1: paptec (button) (small blind) folded on the Turn
Seat 3: Scheubi88 (big blind) collected ($11.76)


PokerStars Hand #162274458195:  Hold'em Limit ($3/$6 USD) - 2016/12/01 23:37:20 ET
Table 'Polyhymnia' 6-max Seat #4 is the button
Seat 3: Scheubi88 ($107.20 in chips)
Seat 4: old_col ($179.53 in chips)
old_col: posts small blind $1
Scheubi88: posts big blind $3
*** HOLE CARDS ***
old_col: calls $2
Scheubi88: raises $3 to $6
old_col: calls $3
*** FLOP *** [3s 3c 6h]
Scheubi88: bets $3
old_col: calls $3
*** TURN *** [3s 3c 6h] [9d]
Scheubi88: bets $6
old_col: raises $6 to $12
Scheubi88: calls $6
*** RIVER *** [3s 3c 6h 9d] [Jh]
Scheubi88: checks
old_col: bets $6
Scheubi88: calls $6
*** SHOW DOWN ***
old_col: shows [4s 3d] (three of a kind, Threes)
Scheubi88: mucks hand
old_col collected $53.50 from pot
*** SUMMARY ***
Total pot $54 | Rake $0.50
Board [3s 3c 6h 9d Jh]
Seat 3: Scheubi88 (big blind) mucked
Seat 4: old_col (button) (small blind) showed [4s 3d] and won ($53.50) with three of a kind, Threes


PokerStars Hand #162274034150:  Hold'em Limit ($3/$6 USD) - 2016/12/01 23:15:00 ET
Table 'Polyhymnia' 6-max Seat #3 is the button
Seat 1: paptec ($43.97 in chips)
Seat 3: Scheubi88 ($129.89 in chips)
Scheubi88: posts small blind $1
paptec: posts big blind $3
*** HOLE CARDS ***
Scheubi88: raises $3 to $6
mylifeluvsol joins the table at seat #6
paptec: calls $3
*** FLOP *** [Kh As Th]
paptec: checks
Scheubi88: bets $3
paptec: calls $3
*** TURN *** [Kh As Th] [Td]
paptec: checks
Scheubi88: bets $6
paptec: folds
Uncalled bet ($6) returned to Scheubi88
Scheubi88 collected $17.64 from pot
Scheubi88: doesn't show hand
*** SUMMARY ***
Total pot $18 | Rake $0.36
Board [Kh As Th Td]
Seat 1: paptec (big blind) folded on the Turn
Seat 3: Scheubi88 (button) (small blind) collected ($17.64)


PokerStars Hand #162274039491:  Hold'em Limit ($3/$6 USD) - 2016/12/01 23:15:16 ET
Table 'Polyhymnia' 6-max Seat #1 is the button
Seat 1: paptec ($34.97 in chips)
Seat 3: Scheubi88 ($138.53 in chips)
paptec: posts small blind $1
Scheubi88: posts big blind $3
*** HOLE CARDS ***
paptec: raises $3 to $6
Scheubi88: folds
Uncalled bet ($3) returned to paptec
paptec collected $6 from pot
*** SUMMARY ***
Total pot $6 | Rake $0
Seat 1: paptec (button) (small blind) collected ($6)
Seat 3: Scheubi88 (big blind) folded before Flop


PokerStars Hand #162274456507:  Hold'em Limit ($3/$6 USD) - 2016/12/01 23:37:14 ET
Table 'Polyhymnia' 6-max Seat #3 is the button
Seat 3: Scheubi88 ($108.20 in chips)
Seat 4: old_col ($178.53 in chips)
Scheubi88: posts small blind $1
old_col: posts big blind $3
*** HOLE CARDS ***
Scheubi88: folds
Uncalled bet ($2) returned to old_col
old_col collected $2 from pot
*** SUMMARY ***
Total pot $2 | Rake $0
Seat 3: Scheubi88 (button) (small blind) folded before Flop
Seat 4: old_col (big blind) collected ($2)


PokerStars Hand #162274452067:  Hold'em Limit ($3/$6 USD) - 2016/12/01 23:36:59 ET
Table 'Polyhymnia' 6-max Seat #4 is the button
Seat 3: Scheubi88 ($102.44 in chips)
Seat 4: old_col ($184.53 in chips)
old_col: posts small blind $1
Scheubi88: posts big blind $3
*** HOLE CARDS ***
old_col: calls $2
Scheubi88: raises $3 to $6
old_col: calls $3
*** FLOP *** [Ac 8c 5h]
Scheubi88: bets $3
old_col: folds
Uncalled bet ($3) returned to Scheubi88
Scheubi88 collected $11.76 from pot
Scheubi88: doesn't show hand
*** SUMMARY ***
Total pot $12 | Rake $0.24
Board [Ac 8c 5h]
Seat 3: Scheubi88 (big blind) collected ($11.76)
Seat 4: old_col (button) (small blind) folded on the Flop


PokerStars Hand #162274485250:  Hold'em Limit ($3/$6 USD) - 2016/12/01 23:38:46 ET
Table 'Polyhymnia' 6-max Seat #4 is the button
Seat 3: Scheubi88 ($59.08 in chips)
Seat 4: old_col ($226.17 in chips)
old_col: posts small blind $1
Scheubi88: posts big blind $3
*** HOLE CARDS ***
old_col: calls $2
Scheubi88: checks
*** FLOP *** [7c 8s 8d]
Scheubi88: checks
old_col: checks
*** TURN *** [7c 8s 8d] [Qd]
Scheubi88: bets $6
old_col: folds
Uncalled bet ($6) returned to Scheubi88
Scheubi88 collected $5.88 from pot
Scheubi88: doesn't show hand
*** SUMMARY ***
Total pot $6 | Rake $0.12
Board [7c 8s 8d Qd]
Seat 3: Scheubi88 (big blind) collected ($5.88)
Seat 4: old_col (button) (small blind) folded on the Turn


PokerStars Hand #162274474700:  Hold'em Limit ($3/$6 USD) - 2016/12/01 23:38:14 ET
Table 'Polyhymnia' 6-max Seat #4 is the button
Seat 3: Scheubi88 ($71.20 in chips)
Seat 4: old_col ($214.67 in chips)
old_col: posts small blind $1
Scheubi88: posts big blind $3
*** HOLE CARDS ***
old_col: calls $2
Scheubi88: checks
*** FLOP *** [Jd 6s Ad]
Scheubi88: checks
old_col: checks
*** TURN *** [Jd 6s Ad] [5s]
Scheubi88: bets $6
old_col: folds
Uncalled bet ($6) returned to Scheubi88
Scheubi88 collected $5.88 from pot
Scheubi88: doesn't show hand
*** SUMMARY ***
Total pot $6 | Rake $0.12
Board [Jd 6s Ad 5s]
Seat 3: Scheubi88 (big blind) collected ($5.88)
Seat 4: old_col (button) (small blind) folded on the Turn


PokerStars Hand #162274469009:  Hold'em Limit ($3/$6 USD) - 2016/12/01 23:37:56 ET
Table 'Polyhymnia' 6-max Seat #3 is the button
Seat 3: Scheubi88 ($80.20 in chips)
Seat 4: old_col ($206.03 in chips)
Scheubi88: posts small blind $1
old_col: posts big blind $3
*** HOLE CARDS ***
Scheubi88: raises $3 to $6
old_col: calls $3
*** FLOP *** [2h 6s 3c]
old_col: checks
Scheubi88: bets $3
old_col: calls $3
*** TURN *** [2h 6s 3c] [3s]
old_col: checks
Scheubi88: checks
*** RIVER *** [2h 6s 3c 3s] [9c]
old_col: checks
Scheubi88: checks
*** SHOW DOWN ***
old_col: shows [Kd 4d] (a pair of Threes)
Scheubi88: mucks hand
old_col collected $17.64 from pot
*** SUMMARY ***
Total pot $18 | Rake $0.36
Board [2h 6s 3c 3s 9c]
Seat 3: Scheubi88 (button) (small blind) mucked
Seat 4: old_col (big blind) showed [Kd 4d] and won ($17.64) with a pair of Threes


PokerStars Hand #162274478588:  Hold'em Limit ($3/$6 USD) - 2016/12/01 23:38:27 ET
Table 'Polyhymnia' 6-max Seat #3 is the button
Seat 3: Scheubi88 ($74.08 in chips)
Seat 4: old_col ($211.67 in chips)
Scheubi88: posts small blind $1
old_col: posts big blind $3
*** HOLE CARDS ***
Scheubi88: raises $3 to $6
old_col: calls $3
*** FLOP *** [Js Td Jh]
old_col: checks
Scheubi88: bets $3
old_col: calls $3
*** TURN *** [Js Td Jh] [3d]
old_col: checks
Scheubi88: checks
*** RIVER *** [Js Td Jh 3d] [8d]
old_col: bets $6
Scheubi88: calls $6
*** SHOW DOWN ***
old_col: shows [Qc Jd] (three of a kind, Jacks)
Scheubi88: mucks hand
old_col collected $29.50 from pot
*** SUMMARY ***
Total pot $30 | Rake $0.50
Board [Js Td Jh 3d 8d]
Seat 3: Scheubi88 (button) (small blind) mucked
Seat 4: old_col (big blind) showed [Qc Jd] and won ($29.50) with three of a kind, Jacks


PokerStars Hand #162274496482:  Hold'em Limit ($3/$6 USD) - 2016/12/01 23:39:23 ET
Table 'Polyhymnia' 6-max Seat #4 is the button
Seat 3: Scheubi88 ($40.96 in chips)
Seat 4: old_col ($243.67 in chips)
old_col: posts small blind $1
Scheubi88: posts big blind $3
*** HOLE CARDS ***
old_col: calls $2
Scheubi88: checks
*** FLOP *** [Jc 2c Js]
Scheubi88: checks
old_col: checks
*** TURN *** [Jc 2c Js] [Ah]
Scheubi88: bets $6
old_col: folds
Uncalled bet ($6) returned to Scheubi88
Scheubi88 collected $5.88 from pot
Scheubi88: doesn't show hand
*** SUMMARY ***
Total pot $6 | Rake $0.12
Board [Jc 2c Js Ah]
Seat 3: Scheubi88 (big blind) collected ($5.88)
Seat 4: old_col (button) (small blind) folded on the Turn


PokerStars Hand #162274488992:  Hold'em Limit ($3/$6 USD) - 2016/12/01 23:38:58 ET
Table 'Polyhymnia' 6-max Seat #3 is the button
Seat 3: Scheubi88 ($61.96 in chips)
Seat 4: old_col ($223.17 in chips)
Scheubi88: posts small blind $1
old_col: posts big blind $3
*** HOLE CARDS ***
Scheubi88: raises $3 to $6
old_col: calls $3
*** FLOP *** [Kd Ah Jh]
old_col: checks
Scheubi88: bets $3
old_col: calls $3
*** TURN *** [Kd Ah Jh] [4h]
old_col: checks
Scheubi88: bets $6
old_col: calls $6
*** RIVER *** [Kd Ah Jh 4h] [4c]
old_col: checks
Scheubi88: bets $6
old_col: calls $6
*** SHOW DOWN ***
Scheubi88: shows [6h 8s] (a pair of Fours)
old_col: shows [2s Qh] (a pair of Fours - Ace+King+Queen kicker)
old_col collected $41.50 from pot
*** SUMMARY ***
Total pot $42 | Rake $0.50
Board [Kd Ah Jh 4h 4c]
Seat 3: Scheubi88 (button) (small blind) showed [6h 8s] and lost with a pair of Fours
Seat 4: old_col (big blind) showed [2s Qh] and won ($41.50) with a pair of Fours


PokerStars Hand #162274508075:  Hold'em Limit ($3/$6 USD) - 2016/12/01 23:40:02 ET
Table 'Polyhymnia' 6-max Seat #4 is the button
Seat 3: Scheubi88 ($82.84 in chips)
Seat 4: old_col ($261.17 in chips)
old_col: posts small blind $1
Scheubi88: posts big blind $3
*** HOLE CARDS ***
old_col: calls $2
Scheubi88: checks
*** FLOP *** [7s 8h 6d]
Scheubi88: checks
old_col: checks
*** TURN *** [7s 8h 6d] [Td]
Scheubi88: bets $6
old_col: raises $6 to $12
Scheubi88: calls $6
*** RIVER *** [7s 8h 6d Td] [Qs]
Scheubi88: checks
old_col: bets $6
Scheubi88: folds
Uncalled bet ($6) returned to old_col
old_col collected $29.50 from pot
*** SUMMARY ***
Total pot $30 | Rake $0.50
Board [7s 8h 6d Td Qs]
Seat 3: Scheubi88 (big blind) folded on the River
Seat 4: old_col (button) (small blind) collected ($29.50)


PokerStars Hand #162274500750:  Hold'em Limit ($3/$6 USD) - 2016/12/01 23:39:37 ET
Table 'Polyhymnia' 6-max Seat #3 is the button
Seat 3: Scheubi88 ($103.84 in chips)
Seat 4: old_col ($240.67 in chips)
Scheubi88: posts small blind $1
old_col: posts big blind $3
*** HOLE CARDS ***
Scheubi88: raises $3 to $6
old_col: calls $3
*** FLOP *** [Td 5h Kh]
old_col: checks
Scheubi88: bets $3
old_col: calls $3
*** TURN *** [Td 5h Kh] [Jh]
old_col: checks
Scheubi88: bets $6
old_col: calls $6
*** RIVER *** [Td 5h Kh Jh] [Kd]
old_col: checks
Scheubi88: bets $6
old_col: calls $6
*** SHOW DOWN ***
Scheubi88: shows [2s 7s] (a pair of Kings)
old_col: shows [5d 3h] (two pair, Kings and Fives)
old_col collected $41.50 from pot
*** SUMMARY ***
Total pot $42 | Rake $0.50
Board [Td 5h Kh Jh Kd]
Seat 3: Scheubi88 (button) (small blind) showed [2s 7s] and lost with a pair of Kings
Seat 4: old_col (big blind) showed [5d 3h] and won ($41.50) with two pair, Kings and Fives


PokerStars Hand #162274513725:  Hold'em Limit ($3/$6 USD) - 2016/12/01 23:40:20 ET
Table 'Polyhymnia' 6-max Seat #3 is the button
Seat 3: Scheubi88 ($67.84 in chips)
Seat 4: old_col ($275.67 in chips)
Scheubi88: posts small blind $1
old_col: posts big blind $3
*** HOLE CARDS ***
Scheubi88: raises $3 to $6
ElverGalinda joins the table at seat #2
old_col: calls $3
*** FLOP *** [8d 6h Qd]
old_col: bets $3
Scheubi88: raises $3 to $6
old_col: calls $3
*** TURN *** [8d 6h Qd] [Jd]
old_col: checks
Scheubi88: checks
*** RIVER *** [8d 6h Qd Jd] [2s]
old_col: checks
Scheubi88: checks
*** SHOW DOWN ***
old_col: shows [3c 6d] (a pair of Sixes)
Scheubi88: shows [As 6s] (a pair of Sixes - Ace kicker)
Scheubi88 collected $23.52 from pot
*** SUMMARY ***
Total pot $24 | Rake $0.48
Board [8d 6h Qd Jd 2s]
Seat 3: Scheubi88 (button) (small blind) showed [As 6s] and won ($23.52) with a pair of Sixes
Seat 4: old_col (big blind) showed [3c 6d] and lost with a pair of Sixes


PokerStars Hand #162276579234:  Hold'em Limit ($3/$6 USD) - 2016/12/02 1:40:01 ET
Table 'Polyhymnia' 6-max Seat #2 is the button
Seat 2: ElverGalinda ($223.37 in chips)
Seat 3: ToDaFelt ($132.61 in chips)
ElverGalinda: posts small blind $1
ToDaFelt: posts big blind $3
*** HOLE CARDS ***
ElverGalinda: raises $3 to $6
ToDaFelt: raises $3 to $9
ElverGalinda: calls $3
*** FLOP *** [7c 6c 4h]
ToDaFelt: bets $3
ElverGalinda: calls $3
*** TURN *** [7c 6c 4h] [7s]
ToDaFelt: bets $6
ElverGalinda: raises $6 to $12
ToDaFelt: calls $6
*** RIVER *** [7c 6c 4h 7s] [8h]
ToDaFelt: checks
ElverGalinda: bets $6
ToDaFelt: calls $6
*** SHOW DOWN ***
ElverGalinda: shows [8s 9h] (two pair, Eights and Sevens)
ToDaFelt: mucks hand
ElverGalinda collected $59.50 from pot
*** SUMMARY ***
Total pot $60 | Rake $0.50
Board [7c 6c 4h 7s 8h]
Seat 2: ElverGalinda (button) (small blind) showed [8s 9h] and won ($59.50) with two pair, Eights and Sevens
Seat 3: ToDaFelt (big blind) mucked


PokerStars Hand #162276595635:  Hold'em Limit ($3/$6 USD) - 2016/12/02 1:40:59 ET
Table 'Polyhymnia' 6-max Seat #2 is the button
Seat 2: ElverGalinda ($228.87 in chips)
Seat 3: ToDaFelt ($126.11 in chips)
ElverGalinda: posts small blind $1
ToDaFelt: posts big blind $3
*** HOLE CARDS ***
ElverGalinda: raises $3 to $6
ToDaFelt: calls $3
*** FLOP *** [3d Kd 8h]
ToDaFelt: checks
ElverGalinda: checks
*** TURN *** [3d Kd 8h] [5h]
ToDaFelt: bets $6
ElverGalinda: raises $6 to $12
ToDaFelt: calls $6
*** RIVER *** [3d Kd 8h 5h] [Qs]
ToDaFelt: checks
ElverGalinda: bets $6
ToDaFelt: calls $6
*** SHOW DOWN ***
ElverGalinda: shows [7h 6d] (high card King)
ToDaFelt: shows [3h As] (a pair of Threes)
ToDaFelt collected $47.50 from pot
*** SUMMARY ***
Total pot $48 | Rake $0.50
Board [3d Kd 8h 5h Qs]
Seat 2: ElverGalinda (button) (small blind) showed [7h 6d] and lost with high card King
Seat 3: ToDaFelt (big blind) showed [3h As] and won ($47.50) with a pair of Threes


PokerStars Hand #162276576730:  Hold'em Limit ($3/$6 USD) - 2016/12/02 1:39:52 ET
Table 'Polyhymnia' 6-max Seat #3 is the button
Seat 2: ElverGalinda ($226.37 in chips)
Seat 3: ToDaFelt ($129.61 in chips)
ToDaFelt: posts small blind $1
B_loJkl: is sitting out
ElverGalinda: posts big blind $3
*** HOLE CARDS ***
ToDaFelt: raises $3 to $6
ElverGalinda: folds
Uncalled bet ($3) returned to ToDaFelt
ToDaFelt collected $6 from pot
ToDaFelt: doesn't show hand
*** SUMMARY ***
Total pot $6 | Rake $0
Seat 2: ElverGalinda (big blind) folded before Flop
Seat 3: ToDaFelt (button) (small blind) collected ($6)


PokerStars Hand #162276587487:  Hold'em Limit ($3/$6 USD) - 2016/12/02 1:40:30 ET
Table 'Polyhymnia' 6-max Seat #3 is the button
Seat 2: ElverGalinda ($252.87 in chips)
Seat 3: ToDaFelt ($102.61 in chips)
ToDaFelt: posts small blind $1
ElverGalinda: posts big blind $3
*** HOLE CARDS ***
ToDaFelt: raises $3 to $6
ElverGalinda: calls $3
*** FLOP *** [3s 3c 6c]
ElverGalinda: checks
ToDaFelt: bets $3
ElverGalinda: raises $3 to $6
ToDaFelt: calls $3
*** TURN *** [3s 3c 6c] [6s]
ElverGalinda: bets $6
ToDaFelt: calls $6
*** RIVER *** [3s 3c 6c 6s] [Td]
ElverGalinda: checks
ToDaFelt: bets $6
ElverGalinda: calls $6
*** SHOW DOWN ***
ToDaFelt: shows [Ts Tc] (a full house, Tens full of Sixes)
ElverGalinda: mucks hand
ToDaFelt collected $47.50 from pot
*** SUMMARY ***
Total pot $48 | Rake $0.50
Board [3s 3c 6c 6s Td]
Seat 2: ElverGalinda (big blind) mucked
Seat 3: ToDaFelt (button) (small blind) showed [Ts Tc] and won ($47.50) with a full house, Tens full of Sixes


PokerStars Hand #162283779537:  Hold'em Limit ($3/$6 USD) - 2016/12/02 6:59:57 ET
Table 'Polyhymnia' 6-max Seat #4 is the button
Seat 4: Actionni13 ($150 in chips)
Seat 6: zeldar ($67.22 in chips)
Actionni13: posts small blind $1
zeldar: posts big blind $3
*** HOLE CARDS ***
Actionni13: raises $3 to $6
zeldar: calls $3
*** FLOP *** [9s 3s 6d]
zeldar: checks
Actionni13: bets $3
zeldar: calls $3
*** TURN *** [9s 3s 6d] [Ad]
zeldar: checks
Actionni13: bets $6
zeldar: raises $6 to $12
Actionni13: raises $6 to $18
zeldar: calls $6
*** RIVER *** [9s 3s 6d Ad] [4d]
zeldar: checks
Actionni13: bets $6
zeldar: calls $6
*** SHOW DOWN ***
Actionni13: shows [6s 6h] (three of a kind, Sixes)
zeldar: mucks hand
Actionni13 collected $65.50 from pot
*** SUMMARY ***
Total pot $66 | Rake $0.50
Board [9s 3s 6d Ad 4d]
Seat 4: Actionni13 (button) (small blind) showed [6s 6h] and won ($65.50) with three of a kind, Sixes
Seat 6: zeldar (big blind) mucked


PokerStars Hand #162283789234:  Hold'em Limit ($3/$6 USD) - 2016/12/02 7:00:18 ET
Table 'Polyhymnia' 6-max Seat #6 is the button
Seat 4: Actionni13 ($182.50 in chips)
Seat 6: zeldar ($34.22 in chips)
zeldar: posts small blind $1
Actionni13: posts big blind $3
*** HOLE CARDS ***
zeldar: raises $3 to $6
Actionni13: raises $3 to $9
zeldar: calls $3
*** FLOP *** [Th Jh Js]
Actionni13: bets $3
zeldar: raises $3 to $6
Actionni13: calls $3
*** TURN *** [Th Jh Js] [6c]
Actionni13: checks
zeldar: bets $6
Actionni13: folds
Uncalled bet ($6) returned to zeldar
zeldar collected $29.50 from pot
*** SUMMARY ***
Total pot $30 | Rake $0.50
Board [Th Jh Js 6c]
Seat 4: Actionni13 (big blind) folded on the Turn
Seat 6: zeldar (button) (small blind) collected ($29.50)


PokerStars Hand #162283798310:  Hold'em Limit ($3/$6 USD) - 2016/12/02 7:00:37 ET
Table 'Polyhymnia' 6-max Seat #4 is the button
Seat 4: Actionni13 ($167.50 in chips)
Seat 6: zeldar ($48.72 in chips)
Actionni13: posts small blind $1
zeldar: posts big blind $3
*** HOLE CARDS ***
Actionni13: raises $3 to $6
zeldar: calls $3
*** FLOP *** [6s Ad 4s]
zeldar: checks
Actionni13: checks
*** TURN *** [6s Ad 4s] [2d]
zeldar: bets $6
Actionni13: folds
Uncalled bet ($6) returned to zeldar
zeldar collected $11.76 from pot
*** SUMMARY ***
Total pot $12 | Rake $0.24
Board [6s Ad 4s 2d]
Seat 4: Actionni13 (button) (small blind) folded on the Turn
Seat 6: zeldar (big blind) collected ($11.76)


PokerStars Hand #162283823927:  Hold'em Limit ($3/$6 USD) - 2016/12/02 7:01:29 ET
Table 'Polyhymnia' 6-max Seat #6 is the button
Seat 4: Actionni13 ($150 in chips)
Seat 6: zeldar ($71.76 in chips)
zeldar: posts small blind $1
Actionni13: posts big blind $3
*** HOLE CARDS ***
zeldar: folds
Uncalled bet ($2) returned to Actionni13
Actionni13 collected $2 from pot
Actionni13: doesn't show hand
*** SUMMARY ***
Total pot $2 | Rake $0
Seat 4: Actionni13 (big blind) collected ($2)
Seat 6: zeldar (button) (small blind) folded before Flop


PokerStars Hand #162283805958:  Hold'em Limit ($3/$6 USD) - 2016/12/02 7:00:53 ET
Table 'Polyhymnia' 6-max Seat #6 is the button
Seat 4: Actionni13 ($161.50 in chips)
Seat 6: zeldar ($54.48 in chips)
zeldar: posts small blind $1
Actionni13: posts big blind $3
*** HOLE CARDS ***
zeldar: raises $3 to $6
Actionni13: calls $3
*** FLOP *** [9h As 6d]
Actionni13: checks
zeldar: bets $3
Actionni13: calls $3
*** TURN *** [9h As 6d] [9c]
Actionni13: checks
zeldar: checks
*** RIVER *** [9h As 6d 9c] [2d]
Actionni13: checks
zeldar: checks
*** SHOW DOWN ***
Actionni13: shows [Jd Ts] (a pair of Nines)
zeldar: shows [3c 3h] (two pair, Nines and Threes)
zeldar collected $17.64 from pot
*** SUMMARY ***
Total pot $18 | Rake $0.36
Board [9h As 6d 9c 2d]
Seat 4: Actionni13 (big blind) showed [Jd Ts] and lost with a pair of Nines
Seat 6: zeldar (button) (small blind) showed [3c 3h] and won ($17.64) with two pair, Nines and Threes


PokerStars Hand #162283826397:  Hold'em Limit ($3/$6 USD) - 2016/12/02 7:01:34 ET
Table 'Polyhymnia' 6-max Seat #4 is the button
Seat 4: Actionni13 ($151 in chips)
Seat 6: zeldar ($70.76 in chips)
Actionni13: posts small blind $1
zeldar: posts big blind $3
*** HOLE CARDS ***
Actionni13: raises $3 to $6
zeldar: folds
Uncalled bet ($3) returned to Actionni13
Actionni13 collected $6 from pot
Actionni13: doesn't show hand
*** SUMMARY ***
Total pot $6 | Rake $0
Seat 4: Actionni13 (button) (small blind) collected ($6)
Seat 6: zeldar (big blind) folded before Flop


PokerStars Hand #162283815756:  Hold'em Limit ($3/$6 USD) - 2016/12/02 7:01:13 ET
Table 'Polyhymnia' 6-max Seat #4 is the button
Seat 4: Actionni13 ($152.50 in chips)
Seat 6: zeldar ($63.12 in chips)
Actionni13: posts small blind $1
zeldar: posts big blind $3
*** HOLE CARDS ***
Actionni13: raises $3 to $6
zeldar: calls $3
*** FLOP *** [Kh Jh 6h]
zeldar: checks
Actionni13: bets $3
zeldar: calls $3
*** TURN *** [Kh Jh 6h] [Jd]
zeldar: checks
Actionni13: checks
*** RIVER *** [Kh Jh 6h Jd] [Qs]
zeldar: bets $6
Actionni13: folds
Uncalled bet ($6) returned to zeldar
zeldar collected $17.64 from pot
*** SUMMARY ***
Total pot $18 | Rake $0.36
Board [Kh Jh 6h Jd Qs]
Seat 4: Actionni13 (button) (small blind) folded on the River
Seat 6: zeldar (big blind) collected ($17.64)


PokerStars Hand #162283866934:  Hold'em Limit ($3/$6 USD) - 2016/12/02 7:02:54 ET
Table 'Polyhymnia' 6-max Seat #4 is the button
Seat 4: Actionni13 ($153.50 in chips)
Seat 6: zeldar ($67.04 in chips)
Actionni13: posts small blind $1
zeldar: posts big blind $3
*** HOLE CARDS ***
Actionni13: folds
Uncalled bet ($2) returned to zeldar
zeldar collected $2 from pot
*** SUMMARY ***
Total pot $2 | Rake $0
Seat 4: Actionni13 (button) (small blind) folded before Flop
Seat 6: zeldar (big blind) collected ($2)


PokerStars Hand #162283856141:  Hold'em Limit ($3/$6 USD) - 2016/12/02 7:02:33 ET
Table 'Polyhymnia' 6-max Seat #6 is the button
Seat 4: Actionni13 ($165.50 in chips)
Seat 6: zeldar ($55.52 in chips)
zeldar: posts small blind $1
Actionni13: posts big blind $3
*** HOLE CARDS ***
zeldar: raises $3 to $6
Actionni13: calls $3
*** FLOP *** [8h As 2c]
Actionni13: checks
zeldar: bets $3
Actionni13: raises $3 to $6
zeldar: calls $3
*** TURN *** [8h As 2c] [9c]
Actionni13: checks
zeldar: checks
*** RIVER *** [8h As 2c 9c] [Qc]
Actionni13: checks
zeldar: bets $6
Actionni13: folds
Uncalled bet ($6) returned to zeldar
zeldar collected $23.52 from pot
*** SUMMARY ***
Total pot $24 | Rake $0.48
Board [8h As 2c 9c Qc]
Seat 4: Actionni13 (big blind) folded on the River
Seat 6: zeldar (button) (small blind) collected ($23.52)


PokerStars Hand #162283834510:  Hold'em Limit ($3/$6 USD) - 2016/12/02 7:01:50 ET
Table 'Polyhymnia' 6-max Seat #6 is the button
Seat 4: Actionni13 ($154 in chips)
Seat 6: zeldar ($67.76 in chips)
zeldar: posts small blind $1
Actionni13: posts big blind $3
*** HOLE CARDS ***
zeldar: raises $3 to $6
Actionni13: raises $3 to $9
zeldar: calls $3
*** FLOP *** [3h 9c 6h]
Actionni13: bets $3
zeldar: calls $3
*** TURN *** [3h 9c 6h] [5d]
Actionni13: checks
zeldar: checks
*** RIVER *** [3h 9c 6h 5d] [Ts]
Actionni13: bets $6
zeldar: calls $6
*** SHOW DOWN ***
Actionni13: shows [Kd Th] (a pair of Tens)
zeldar: mucks hand
Actionni13 collected $35.50 from pot
*** SUMMARY ***
Total pot $36 | Rake $0.50
Board [3h 9c 6h 5d Ts]
Seat 4: Actionni13 (big blind) showed [Kd Th] and won ($35.50) with a pair of Tens
Seat 6: zeldar (button) (small blind) mucked


PokerStars Hand #162283847244:  Hold'em Limit ($3/$6 USD) - 2016/12/02 7:02:15 ET
Table 'Polyhymnia' 6-max Seat #4 is the button
Seat 4: Actionni13 ($171.50 in chips)
Seat 6: zeldar ($49.76 in chips)
Actionni13: posts small blind $1
zeldar: posts big blind $3
*** HOLE CARDS ***
Actionni13: raises $3 to $6
zeldar: calls $3
*** FLOP *** [Th 7s Qd]
zeldar: checks
Actionni13: checks
*** TURN *** [Th 7s Qd] [Js]
zeldar: checks
Actionni13: checks
*** RIVER *** [Th 7s Qd Js] [2h]
zeldar: bets $6
Actionni13: folds
Uncalled bet ($6) returned to zeldar
zeldar collected $11.76 from pot
*** SUMMARY ***
Total pot $12 | Rake $0.24
Board [Th 7s Qd Js 2h]
Seat 4: Actionni13 (button) (small blind) folded on the River
Seat 6: zeldar (big blind) collected ($11.76)


PokerStars Hand #162283871791:  Hold'em Limit ($3/$6 USD) - 2016/12/02 7:03:03 ET
Table 'Polyhymnia' 6-max Seat #4 is the button
Seat 4: Actionni13 ($153.50 in chips)
Seat 6: zeldar ($67.04 in chips)
Actionni13: posts small blind $1
zeldar: posts big blind $3
*** HOLE CARDS ***
Actionni13: raises $3 to $6
zeldar: calls $3
*** FLOP *** [Qd 9s Jd]
zeldar: checks
Actionni13: bets $3
zeldar: folds
Uncalled bet ($3) returned to Actionni13
Actionni13 collected $11.76 from pot
Actionni13: doesn't show hand
*** SUMMARY ***
Total pot $12 | Rake $0.24
Board [Qd 9s Jd]
Seat 4: Actionni13 (button) (small blind) collected ($11.76)
Seat 6: zeldar (big blind) folded on the Flop


PokerStars Hand #162283885488:  Hold'em Limit ($3/$6 USD) - 2016/12/02 7:03:30 ET
Table 'Polyhymnia' 6-max Seat #4 is the button
Seat 4: Actionni13 ($165.02 in chips)
Seat 6: zeldar ($55.04 in chips)
Actionni13: posts small blind $1
zeldar: posts big blind $3
*** HOLE CARDS ***
Actionni13: raises $3 to $6
zeldar: calls $3
*** FLOP *** [9c 7s Td]
zeldar: checks
Actionni13: checks
*** TURN *** [9c 7s Td] [2d]
zeldar: checks
Actionni13: checks
*** RIVER *** [9c 7s Td 2d] [5c]
zeldar: checks
Actionni13: bets $6
zeldar: calls $6
*** SHOW DOWN ***
Actionni13: shows [Js 5h] (a pair of Fives)
zeldar: mucks hand
Actionni13 collected $23.52 from pot
*** SUMMARY ***
Total pot $24 | Rake $0.48
Board [9c 7s Td 2d 5c]
Seat 4: Actionni13 (button) (small blind) showed [Js 5h] and won ($23.52) with a pair of Fives
Seat 6: zeldar (big blind) mucked


PokerStars Hand #162283876707:  Hold'em Limit ($3/$6 USD) - 2016/12/02 7:03:13 ET
Table 'Polyhymnia' 6-max Seat #6 is the button
Seat 4: Actionni13 ($159.26 in chips)
Seat 6: zeldar ($61.04 in chips)
zeldar: posts small blind $1
Actionni13: posts big blind $3
*** HOLE CARDS ***
zeldar: raises $3 to $6
Actionni13: calls $3
*** FLOP *** [7s 6s Tc]
Actionni13: checks
zeldar: checks
*** TURN *** [7s 6s Tc] [4c]
KIT426 joins the table at seat #3
Actionni13: bets $6
zeldar: folds
Uncalled bet ($6) returned to Actionni13
Actionni13 collected $11.76 from pot
Actionni13: doesn't show hand
*** SUMMARY ***
Total pot $12 | Rake $0.24
Board [7s 6s Tc 4c]
Seat 4: Actionni13 (big blind) collected ($11.76)
Seat 6: zeldar (button) (small blind) folded on the Turn


PokerStars Hand #162283869551:  Hold'em Limit ($3/$6 USD) - 2016/12/02 7:02:59 ET
Table 'Polyhymnia' 6-max Seat #6 is the button
Seat 4: Actionni13 ($152.50 in chips)
Seat 6: zeldar ($68.04 in chips)
zeldar: posts small blind $1
Actionni13: posts big blind $3
*** HOLE CARDS ***
zeldar: folds
Uncalled bet ($2) returned to Actionni13
Actionni13 collected $2 from pot
Actionni13: doesn't show hand
*** SUMMARY ***
Total pot $2 | Rake $0
Seat 4: Actionni13 (big blind) collected ($2)
Seat 6: zeldar (button) (small blind) folded before Flop


PokerStars Hand #162286855190:  Hold'em Limit ($3/$6 USD) - 2016/12/02 8:33:54 ET
Table 'Polyhymnia' 6-max Seat #5 is the button
Seat 1: vestimokrec ($250.59 in chips)
Seat 5: michi99999 ($167.06 in chips)
michi99999: posts small blind $1
vestimokrec: posts big blind $3
*** HOLE CARDS ***
michi99999: folds
Uncalled bet ($2) returned to vestimokrec
vestimokrec collected $2 from pot
*** SUMMARY ***
Total pot $2 | Rake $0
Seat 1: vestimokrec (big blind) collected ($2)
Seat 5: michi99999 (button) (small blind) folded before Flop


PokerStars Hand #162286865220:  Hold'em Limit ($3/$6 USD) - 2016/12/02 8:34:11 ET
Table 'Polyhymnia' 6-max Seat #5 is the button
Seat 1: vestimokrec ($257.35 in chips)
Seat 5: michi99999 ($160.06 in chips)
michi99999: posts small blind $1
vestimokrec: posts big blind $3
TbIP-TbIP 88 joins the table at seat #6
*** HOLE CARDS ***
michi99999: folds
Uncalled bet ($2) returned to vestimokrec
vestimokrec collected $2 from pot
vestimokrec: doesn't show hand
*** SUMMARY ***
Total pot $2 | Rake $0
Seat 1: vestimokrec (big blind) collected ($2)
Seat 5: michi99999 (button) (small blind) folded before Flop


PokerStars Hand #162286858400:  Hold'em Limit ($3/$6 USD) - 2016/12/02 8:34:00 ET
Table 'Polyhymnia' 6-max Seat #1 is the button
Seat 1: vestimokrec ($251.59 in chips)
Seat 5: michi99999 ($166.06 in chips)
vestimokrec: posts small blind $1
michi99999: posts big blind $3
*** HOLE CARDS ***
vestimokrec: raises $3 to $6
michi99999: calls $3
*** FLOP *** [As Kh 6c]
michi99999: checks
zeldar leaves the table
vestimokrec: bets $3
michi99999: folds
Uncalled bet ($3) returned to vestimokrec
vestimokrec collected $11.76 from pot
vestimokrec: doesn't show hand
*** SUMMARY ***
Total pot $12 | Rake $0.24
Board [As Kh 6c]
Seat 1: vestimokrec (button) (small blind) collected ($11.76)
Seat 5: michi99999 (big blind) folded on the Flop


PokerStars Hand #162286868140:  Hold'em Limit ($3/$6 USD) - 2016/12/02 8:34:16 ET
Table 'Polyhymnia' 6-max Seat #1 is the button
Seat 1: vestimokrec ($258.35 in chips)
Seat 5: michi99999 ($159.06 in chips)
vestimokrec: posts small blind $1
michi99999: posts big blind $3
*** HOLE CARDS ***
vestimokrec: raises $3 to $6
michi99999: calls $3
*** FLOP *** [Ks 9s 8c]
michi99999: checks
vestimokrec: bets $3
michi99999: calls $3
*** TURN *** [Ks 9s 8c] [7s]
michi99999: checks
vestimokrec: checks
*** RIVER *** [Ks 9s 8c 7s] [3s]
michi99999: bets $6
vestimokrec: folds
Uncalled bet ($6) returned to michi99999
michi99999 collected $17.64 from pot
michi99999: doesn't show hand
*** SUMMARY ***
Total pot $18 | Rake $0.36
Board [Ks 9s 8c 7s 3s]
Seat 1: vestimokrec (button) (small blind) folded on the River
Seat 5: michi99999 (big blind) collected ($17.64)


PokerStars Hand #162289412258:  Hold'em Limit ($3/$6 USD) - 2016/12/02 9:42:50 ET
Table 'Polyhymnia' 6-max Seat #5 is the button
Seat 1: vestimokrec ($75.43 in chips)
Seat 5: michi99999 ($79.91 in chips)
michi99999: posts small blind $1
vestimokrec: posts big blind $3
*** HOLE CARDS ***
michi99999: folds
Uncalled bet ($2) returned to vestimokrec
vestimokrec collected $2 from pot
vestimokrec: doesn't show hand
*** SUMMARY ***
Total pot $2 | Rake $0
Seat 1: vestimokrec (big blind) collected ($2)
Seat 5: michi99999 (button) (small blind) folded before Flop


PokerStars Hand #162289408224:  Hold'em Limit ($3/$6 USD) - 2016/12/02 9:42:44 ET
Table 'Polyhymnia' 6-max Seat #1 is the button
Seat 1: vestimokrec ($72.43 in chips)
Seat 5: michi99999 ($82.91 in chips)
vestimokrec: posts small blind $1
samantha9843: is sitting out
michi99999: posts big blind $3
*** HOLE CARDS ***
vestimokrec: raises $3 to $6
michi99999: folds
Uncalled bet ($3) returned to vestimokrec
samantha9843 leaves the table
vestimokrec collected $6 from pot
vestimokrec: doesn't show hand
*** SUMMARY ***
Total pot $6 | Rake $0
Seat 1: vestimokrec (button) (small blind) collected ($6)
Seat 5: michi99999 (big blind) folded before Flop


PokerStars Hand #162289415562:  Hold'em Limit ($3/$6 USD) - 2016/12/02 9:42:54 ET
Table 'Polyhymnia' 6-max Seat #1 is the button
Seat 1: vestimokrec ($76.43 in chips)
Seat 5: michi99999 ($78.91 in chips)
vestimokrec: posts small blind $1
michi99999: posts big blind $3
*** HOLE CARDS ***
vestimokrec: raises $3 to $6
michi99999: calls $3
*** FLOP *** [7d Qs Jc]
michi99999: checks
vestimokrec: bets $3
michi99999: folds
Uncalled bet ($3) returned to vestimokrec
vestimokrec collected $11.76 from pot
vestimokrec: doesn't show hand
*** SUMMARY ***
Total pot $12 | Rake $0.24
Board [7d Qs Jc]
Seat 1: vestimokrec (button) (small blind) collected ($11.76)
Seat 5: michi99999 (big blind) folded on the Flop


PokerStars Hand #162289441259:  Hold'em Limit ($3/$6 USD) - 2016/12/02 9:43:34 ET
Table 'Polyhymnia' 6-max Seat #5 is the button
Seat 1: vestimokrec ($82.19 in chips)
Seat 5: michi99999 ($72.91 in chips)
michi99999: posts small blind $1
vestimokrec: posts big blind $3
*** HOLE CARDS ***
michi99999: raises $3 to $6
vestimokrec: calls $3
*** FLOP *** [9s Jh Ts]
vestimokrec: checks
michi99999: checks
*** TURN *** [9s Jh Ts] [3s]
vestimokrec: bets $6
michi99999: raises $6 to $12
vestimokrec: calls $6
*** RIVER *** [9s Jh Ts 3s] [5c]
vestimokrec: checks
michi99999: bets $6
vestimokrec: calls $6
*** SHOW DOWN ***
michi99999: shows [Td 8h] (a pair of Tens)
vestimokrec: shows [2c Js] (a pair of Jacks)
vestimokrec collected $47.50 from pot
*** SUMMARY ***
Total pot $48 | Rake $0.50
Board [9s Jh Ts 3s 5c]
Seat 1: vestimokrec (big blind) showed [2c Js] and won ($47.50) with a pair of Jacks
Seat 5: michi99999 (button) (small blind) showed [Td 8h] and lost with a pair of Tens


PokerStars Hand #162289464968:  Hold'em Limit ($3/$6 USD) - 2016/12/02 9:44:10 ET
Table 'Polyhymnia' 6-max Seat #5 is the button
Seat 1: vestimokrec ($108.69 in chips)
Seat 5: michi99999 ($45.91 in chips)
michi99999: posts small blind $1
vestimokrec: posts big blind $3
*** HOLE CARDS ***
michi99999: folds
Uncalled bet ($2) returned to vestimokrec
vestimokrec collected $2 from pot
vestimokrec: doesn't show hand
*** SUMMARY ***
Total pot $2 | Rake $0
Seat 1: vestimokrec (big blind) collected ($2)
Seat 5: michi99999 (button) (small blind) folded before Flop


PokerStars Hand #162289461976:  Hold'em Limit ($3/$6 USD) - 2016/12/02 9:44:05 ET
Table 'Polyhymnia' 6-max Seat #1 is the button
Seat 1: vestimokrec ($105.69 in chips)
Seat 5: michi99999 ($48.91 in chips)
vestimokrec: posts small blind $1
michi99999: posts big blind $3
*** HOLE CARDS ***
vestimokrec: raises $3 to $6
michi99999: folds
Uncalled bet ($3) returned to vestimokrec
vestimokrec collected $6 from pot
vestimokrec: doesn't show hand
*** SUMMARY ***
Total pot $6 | Rake $0
Seat 1: vestimokrec (button) (small blind) collected ($6)
Seat 5: michi99999 (big blind) folded before Flop


PokerStars Hand #162289470303:  Hold'em Limit ($3/$6 USD) - 2016/12/02 9:44:18 ET
Table 'Polyhymnia' 6-max Seat #1 is the button
Seat 1: vestimokrec ($109.69 in chips)
Seat 5: michi99999 ($44.91 in chips)
vestimokrec: posts small blind $1
michi99999: posts big blind $3
*** HOLE CARDS ***
vestimokrec: folds
Uncalled bet ($2) returned to michi99999
michi99999 collected $2 from pot
michi99999: doesn't show hand
*** SUMMARY ***
Total pot $2 | Rake $0
Seat 1: vestimokrec (button) (small blind) folded before Flop
Seat 5: michi99999 (big blind) collected ($2)


PokerStars Hand #162289476359:  Hold'em Limit ($3/$6 USD) - 2016/12/02 9:44:28 ET
Table 'Polyhymnia' 6-max Seat #5 is the button
Seat 1: vestimokrec ($108.69 in chips)
Seat 5: michi99999 ($45.91 in chips)
michi99999: posts small blind $1
vestimokrec: posts big blind $3
*** HOLE CARDS ***
linuxhunter joins the table at seat #2
michi99999: raises $3 to $6
vestimokrec: calls $3
*** FLOP *** [2s 9s Tc]
vestimokrec: checks
michi99999: checks
*** TURN *** [2s 9s Tc] [3d]
vestimokrec: bets $6
michi99999: calls $6
*** RIVER *** [2s 9s Tc 3d] [5d]
vestimokrec: bets $6
michi99999: calls $6
*** SHOW DOWN ***
vestimokrec: shows [7h Td] (a pair of Tens)
michi99999: mucks hand
vestimokrec collected $35.50 from pot
*** SUMMARY ***
Total pot $36 | Rake $0.50
Board [2s 9s Tc 3d 5d]
Seat 1: vestimokrec (big blind) showed [7h Td] and won ($35.50) with a pair of Tens
Seat 5: michi99999 (button) (small blind) mucked


PokerStars Hand #162289695928:  Hold'em Limit ($3/$6 USD) - 2016/12/02 9:49:26 ET
Table 'Polyhymnia' 6-max Seat #6 is the button
Seat 2: linuxhunter ($203.56 in chips)
Seat 6: krytalex ($161.07 in chips)
krytalex: posts small blind $1
linuxhunter: posts big blind $3
*** HOLE CARDS ***
krytalex: raises $3 to $6
linuxhunter: calls $3
*** FLOP *** [Kc Tc 8d]
linuxhunter: checks
krytalex: bets $3
linuxhunter: folds
Uncalled bet ($3) returned to krytalex
krytalex collected $11.76 from pot
*** SUMMARY ***
Total pot $12 | Rake $0.24
Board [Kc Tc 8d]
Seat 2: linuxhunter (big blind) folded on the Flop
Seat 6: krytalex (button) (small blind) collected ($11.76)


PokerStars Hand #162289737119:  Hold'em Limit ($3/$6 USD) - 2016/12/02 9:50:29 ET
Table 'Polyhymnia' 6-max Seat #6 is the button
Seat 2: linuxhunter ($196.20 in chips)
Seat 6: krytalex ($167.47 in chips)
krytalex: posts small blind $1
linuxhunter: posts big blind $3
*** HOLE CARDS ***
krytalex: raises $3 to $6
linuxhunter: calls $3
*** FLOP *** [3d 6h 7d]
linuxhunter: checks
krytalex: bets $3
linuxhunter: calls $3
*** TURN *** [3d 6h 7d] [7s]
linuxhunter: checks
krytalex: bets $6
linuxhunter: calls $6
*** RIVER *** [3d 6h 7d 7s] [Jd]
linuxhunter: checks
krytalex: bets $6
linuxhunter: folds
Uncalled bet ($6) returned to krytalex
krytalex collected $29.50 from pot
*** SUMMARY ***
Total pot $30 | Rake $0.50
Board [3d 6h 7d 7s Jd]
Seat 2: linuxhunter (big blind) folded on the River
Seat 6: krytalex (button) (small blind) collected ($29.50)


PokerStars Hand #162289733549:  Hold'em Limit ($3/$6 USD) - 2016/12/02 9:50:23 ET
Table 'Polyhymnia' 6-max Seat #2 is the button
Seat 2: linuxhunter ($197.20 in chips)
Seat 6: krytalex ($166.47 in chips)
linuxhunter: posts small blind $1
krytalex: posts big blind $3
*** HOLE CARDS ***
linuxhunter: folds
Uncalled bet ($2) returned to krytalex
krytalex collected $2 from pot
*** SUMMARY ***
Total pot $2 | Rake $0
Seat 2: linuxhunter (button) (small blind) folded before Flop
Seat 6: krytalex (big blind) collected ($2)


PokerStars Hand #162289706370:  Hold'em Limit ($3/$6 USD) - 2016/12/02 9:49:42 ET
Table 'Polyhymnia' 6-max Seat #2 is the button
Seat 2: linuxhunter ($197.56 in chips)
Seat 6: krytalex ($166.83 in chips)
linuxhunter: posts small blind $1
krytalex: posts big blind $3
*** HOLE CARDS ***
linuxhunter: raises $3 to $6
krytalex: raises $3 to $9
linuxhunter: calls $3
*** FLOP *** [5c Ts 9s]
krytalex: bets $3
linuxhunter: folds
Uncalled bet ($3) returned to krytalex
krytalex collected $17.64 from pot
*** SUMMARY ***
Total pot $18 | Rake $0.36
Board [5c Ts 9s]
Seat 2: linuxhunter (button) (small blind) folded on the Flop
Seat 6: krytalex (big blind) collected ($17.64)


PokerStars Hand #162289724279:  Hold'em Limit ($3/$6 USD) - 2016/12/02 9:50:09 ET
Table 'Polyhymnia' 6-max Seat #6 is the button
Seat 2: linuxhunter ($188.56 in chips)
Seat 6: krytalex ($175.47 in chips)
krytalex: posts small blind $1
linuxhunter: posts big blind $3
*** HOLE CARDS ***
krytalex: raises $3 to $6
linuxhunter: raises $3 to $9
krytalex: calls $3
*** FLOP *** [6s Qs Qc]
linuxhunter: bets $3
krytalex: folds
Uncalled bet ($3) returned to linuxhunter
linuxhunter collected $17.64 from pot
linuxhunter: doesn't show hand
*** SUMMARY ***
Total pot $18 | Rake $0.36
Board [6s Qs Qc]
Seat 2: linuxhunter (big blind) collected ($17.64)
Seat 6: krytalex (button) (small blind) folded on the Flop


PokerStars Hand #162289754622:  Hold'em Limit ($3/$6 USD) - 2016/12/02 9:50:55 ET
Table 'Polyhymnia' 6-max Seat #2 is the button
Seat 2: linuxhunter ($181.20 in chips)
Seat 6: krytalex ($181.97 in chips)
linuxhunter: posts small blind $1
krytalex: posts big blind $3
*** HOLE CARDS ***
linuxhunter: calls $2
krytalex: checks
*** FLOP *** [Qh Jc Tc]
krytalex: bets $3
linuxhunter: calls $3
*** TURN *** [Qh Jc Tc] [Ad]
krytalex: bets $6
linuxhunter: calls $6
*** RIVER *** [Qh Jc Tc Ad] [Kd]
krytalex: bets $6
linuxhunter: calls $6
*** SHOW DOWN ***
krytalex: shows [Kh 2d] (a straight, Ten to Ace)
linuxhunter: shows [9h 4h] (a straight, Ten to Ace)
krytalex collected $17.75 from pot
linuxhunter collected $17.75 from pot
*** SUMMARY ***
Total pot $36 | Rake $0.50
Board [Qh Jc Tc Ad Kd]
Seat 2: linuxhunter (button) (small blind) showed [9h 4h] and won ($17.75) with a straight, Ten to Ace
Seat 6: krytalex (big blind) showed [Kh 2d] and won ($17.75) with a straight, Ten to Ace


PokerStars Hand #162289770782:  Hold'em Limit ($3/$6 USD) - 2016/12/02 9:51:20 ET
Table 'Polyhymnia' 6-max Seat #6 is the button
Seat 2: linuxhunter ($180.95 in chips)
Seat 6: krytalex ($181.72 in chips)
krytalex: posts small blind $1
linuxhunter: posts big blind $3
*** HOLE CARDS ***
krytalex: raises $3 to $6
linuxhunter: calls $3
*** FLOP *** [Jc 8s Qd]
linuxhunter: checks
krytalex: bets $3
linuxhunter: raises $3 to $6
krytalex: calls $3
*** TURN *** [Jc 8s Qd] [6c]
linuxhunter: bets $6
krytalex: calls $6
*** RIVER *** [Jc 8s Qd 6c] [3h]
linuxhunter: bets $6
krytalex: folds
Uncalled bet ($6) returned to linuxhunter
linuxhunter collected $35.50 from pot
linuxhunter: doesn't show hand
*** SUMMARY ***
Total pot $36 | Rake $0.50
Board [Jc 8s Qd 6c 3h]
Seat 2: linuxhunter (big blind) collected ($35.50)
Seat 6: krytalex (button) (small blind) folded on the River


PokerStars Hand #162289798628:  Hold'em Limit ($3/$6 USD) - 2016/12/02 9:52:03 ET
Table 'Polyhymnia' 6-max Seat #2 is the button
Seat 2: linuxhunter ($198.45 in chips)
Seat 6: krytalex ($163.72 in chips)
linuxhunter: posts small blind $1
krytalex: posts big blind $3
*** HOLE CARDS ***
linuxhunter: folds
Uncalled bet ($2) returned to krytalex
krytalex collected $2 from pot
*** SUMMARY ***
Total pot $2 | Rake $0
Seat 2: linuxhunter (button) (small blind) folded before Flop
Seat 6: krytalex (big blind) collected ($2)


PokerStars Hand #162291354033:  Hold'em Limit ($3/$6 USD) - 2016/12/02 10:30:46 ET
Table 'Polyhymnia' 6-max Seat #6 is the button
Seat 5: JoeBlack1982 ($192.26 in chips)
Seat 6: krytalex ($84.16 in chips)
krytalex: posts small blind $1
JoeBlack1982: posts big blind $3
*** HOLE CARDS ***
krytalex: raises $3 to $6
JoeBlack1982: raises $3 to $9
krytalex: calls $3
*** FLOP *** [Th Kc As]
JoeBlack1982: bets $3
krytalex: folds
Uncalled bet ($3) returned to JoeBlack1982
JoeBlack1982 collected $17.64 from pot
JoeBlack1982: doesn't show hand
*** SUMMARY ***
Total pot $18 | Rake $0.36
Board [Th Kc As]
Seat 5: JoeBlack1982 (big blind) collected ($17.64)
Seat 6: krytalex (button) (small blind) folded on the Flop


PokerStars Hand #162291369816:  Hold'em Limit ($3/$6 USD) - 2016/12/02 10:31:09 ET
Table 'Polyhymnia' 6-max Seat #5 is the button
Seat 5: JoeBlack1982 ($200.90 in chips)
Seat 6: krytalex ($75.16 in chips)
JoeBlack1982: posts small blind $1
krytalex: posts big blind $3
*** HOLE CARDS ***
JoeBlack1982: folds
Uncalled bet ($2) returned to krytalex
krytalex collected $2 from pot
*** SUMMARY ***
Total pot $2 | Rake $0
Seat 5: JoeBlack1982 (button) (small blind) folded before Flop
Seat 6: krytalex (big blind) collected ($2)


PokerStars Hand #162291374434:  Hold'em Limit ($3/$6 USD) - 2016/12/02 10:31:16 ET
Table 'Polyhymnia' 6-max Seat #6 is the button
Seat 5: JoeBlack1982 ($199.90 in chips)
Seat 6: krytalex ($76.16 in chips)
krytalex: posts small blind $1
JoeBlack1982: posts big blind $3
*** HOLE CARDS ***
krytalex: raises $3 to $6
JoeBlack1982: raises $3 to $9
krytalex: calls $3
*** FLOP *** [Kh 8s Qh]
JoeBlack1982: bets $3
krytalex: folds
Uncalled bet ($3) returned to JoeBlack1982
JoeBlack1982 collected $17.64 from pot
JoeBlack1982: doesn't show hand
*** SUMMARY ***
Total pot $18 | Rake $0.36
Board [Kh 8s Qh]
Seat 5: JoeBlack1982 (big blind) collected ($17.64)
Seat 6: krytalex (button) (small blind) folded on the Flop


PokerStars Hand #162291397400:  Hold'em Limit ($3/$6 USD) - 2016/12/02 10:31:49 ET
Table 'Polyhymnia' 6-max Seat #5 is the button
Seat 5: JoeBlack1982 ($208.54 in chips)
Seat 6: krytalex ($72 in chips)
JoeBlack1982: posts small blind $1
krytalex: posts big blind $3
*** HOLE CARDS ***
JoeBlack1982: folds
Uncalled bet ($2) returned to krytalex
krytalex collected $2 from pot
*** SUMMARY ***
Total pot $2 | Rake $0
Seat 5: JoeBlack1982 (button) (small blind) folded before Flop
Seat 6: krytalex (big blind) collected ($2)


PokerStars Hand #162291438683:  Hold'em Limit ($3/$6 USD) - 2016/12/02 10:32:48 ET
Table 'Polyhymnia' 6-max Seat #5 is the button
Seat 5: JoeBlack1982 ($193.54 in chips)
Seat 6: krytalex ($86.52 in chips)
JoeBlack1982: posts small blind $1
krytalex: posts big blind $3
*** HOLE CARDS ***
JoeBlack1982: folds
Uncalled bet ($2) returned to krytalex
krytalex collected $2 from pot
*** SUMMARY ***
Total pot $2 | Rake $0
Seat 5: JoeBlack1982 (button) (small blind) folded before Flop
Seat 6: krytalex (big blind) collected ($2)


PokerStars Hand #162291411201:  Hold'em Limit ($3/$6 USD) - 2016/12/02 10:32:08 ET
Table 'Polyhymnia' 6-max Seat #5 is the button
Seat 5: JoeBlack1982 ($204.54 in chips)
Seat 6: krytalex ($76 in chips)
JoeBlack1982: posts small blind $1
krytalex: posts big blind $3
*** HOLE CARDS ***
JoeBlack1982: raises $3 to $6
krytalex: calls $3
*** FLOP *** [2s Kh Th]
krytalex: checks
JoeBlack1982: checks
*** TURN *** [2s Kh Th] [7c]
krytalex: checks
JoeBlack1982: checks
*** RIVER *** [2s Kh Th 7c] [4d]
krytalex: checks
JoeBlack1982: bets $6
krytalex: calls $6
*** SHOW DOWN ***
JoeBlack1982: shows [Jd 3d] (high card King)
krytalex: shows [6c 7d] (a pair of Sevens)
krytalex collected $23.52 from pot
*** SUMMARY ***
Total pot $24 | Rake $0.48
Board [2s Kh Th 7c 4d]
Seat 5: JoeBlack1982 (button) (small blind) showed [Jd 3d] and lost with high card King
Seat 6: krytalex (big blind) showed [6c 7d] and won ($23.52) with a pair of Sevens


PokerStars Hand #162291400855:  Hold'em Limit ($3/$6 USD) - 2016/12/02 10:31:54 ET
Table 'Polyhymnia' 6-max Seat #6 is the button
Seat 5: JoeBlack1982 ($207.54 in chips)
Seat 6: krytalex ($73 in chips)
krytalex: posts small blind $1
JoeBlack1982: posts big blind $3
*** HOLE CARDS ***
krytalex: raises $3 to $6
JoeBlack1982: folds
Uncalled bet ($3) returned to krytalex
krytalex collected $6 from pot
*** SUMMARY ***
Total pot $6 | Rake $0
Seat 5: JoeBlack1982 (big blind) folded before Flop
Seat 6: krytalex (button) (small blind) collected ($6)


PokerStars Hand #162291434490:  Hold'em Limit ($3/$6 USD) - 2016/12/02 10:32:42 ET
Table 'Polyhymnia' 6-max Seat #6 is the button
Seat 5: JoeBlack1982 ($192.54 in chips)
Seat 6: krytalex ($87.52 in chips)
krytalex: posts small blind $1
JoeBlack1982: posts big blind $3
*** HOLE CARDS ***
krytalex: folds
Uncalled bet ($2) returned to JoeBlack1982
JoeBlack1982 collected $2 from pot
JoeBlack1982: doesn't show hand
*** SUMMARY ***
Total pot $2 | Rake $0
Seat 5: JoeBlack1982 (big blind) collected ($2)
Seat 6: krytalex (button) (small blind) folded before Flop


PokerStars Hand #162291442879:  Hold'em Limit ($3/$6 USD) - 2016/12/02 10:32:54 ET
Table 'Polyhymnia' 6-max Seat #6 is the button
Seat 5: JoeBlack1982 ($192.54 in chips)
Seat 6: krytalex ($87.52 in chips)
krytalex: posts small blind $1
JoeBlack1982: posts big blind $3
*** HOLE CARDS ***
krytalex: raises $3 to $6
JoeBlack1982: folds
Uncalled bet ($3) returned to krytalex
krytalex collected $6 from pot
*** SUMMARY ***
Total pot $6 | Rake $0
Seat 5: JoeBlack1982 (big blind) folded before Flop
Seat 6: krytalex (button) (small blind) collected ($6)


PokerStars Hand #162291454828:  Hold'em Limit ($3/$6 USD) - 2016/12/02 10:33:11 ET
Table 'Polyhymnia' 6-max Seat #5 is the button
Seat 5: JoeBlack1982 ($189.54 in chips)
Seat 6: krytalex ($90.52 in chips)
JoeBlack1982: posts small blind $1
krytalex: posts big blind $3
*** HOLE CARDS ***
JoeBlack1982: raises $3 to $6
krytalex: calls $3
*** FLOP *** [5s As 7d]
krytalex: checks
JoeBlack1982: checks
*** TURN *** [5s As 7d] [Jd]
krytalex: bets $6
JoeBlack1982: folds
Uncalled bet ($6) returned to krytalex
JoeBlack1982 leaves the table
krytalex collected $11.76 from pot
*** SUMMARY ***
Total pot $12 | Rake $0.24
Board [5s As 7d Jd]
Seat 5: JoeBlack1982 (button) (small blind) folded on the Turn
Seat 6: krytalex (big blind) collected ($11.76)


