PokerStars Hand #162908244499:  Hold'em Limit ($3/$6 USD) - 2016/12/13 19:29:46 ET
Table 'Pomona II' 6-max Seat #1 is the button
Seat 1: LifeisagameX ($85 in chips)
Seat 2: BigBD316 ($114 in chips)
LifeisagameX: posts small blind $1
BigBD316: posts big blind $3
*** HOLE CARDS ***
LifeisagameX: folds
Uncalled bet ($2) returned to BigBD316
BigBD316 collected $2 from pot
BigBD316: doesn't show hand
*** SUMMARY ***
Total pot $2 | Rake $0
Seat 1: LifeisagameX (button) (small blind) folded before Flop
Seat 2: BigBD316 (big blind) collected ($2)


PokerStars Hand #162908221720:  Hold'em Limit ($3/$6 USD) - 2016/12/13 19:29:11 ET
Table 'Pomona II' 6-max Seat #2 is the button
Seat 1: LifeisagameX ($84 in chips)
Seat 2: BigBD316 ($87.50 in chips)
BigBD316: posts small blind $1
LifeisagameX: posts big blind $3
*** HOLE CARDS ***
BigBD316: raises $3 to $6
LifeisagameX: raises $3 to $9
BigBD316: calls $3
*** FLOP *** [5d Td 3c]
LifeisagameX: bets $3
BigBD316: raises $3 to $6
LifeisagameX: calls $3
*** TURN *** [5d Td 3c] [Ts]
LifeisagameX: checks
BigBD316: checks
*** RIVER *** [5d Td 3c Ts] [8c]
LifeisagameX: bets $6
BigBD316: raises $6 to $12
LifeisagameX: calls $6
*** SHOW DOWN ***
BigBD316: shows [Qd Th] (three of a kind, Tens)
LifeisagameX: mucks hand
BigBD316 collected $53.50 from pot
*** SUMMARY ***
Total pot $54 | Rake $0.50
Board [5d Td 3c Ts 8c]
Seat 1: LifeisagameX (big blind) mucked
Seat 2: BigBD316 (button) (small blind) showed [Qd Th] and won ($53.50) with three of a kind, Tens


PokerStars Hand #162908240156:  Hold'em Limit ($3/$6 USD) - 2016/12/13 19:29:40 ET
Table 'Pomona II' 6-max Seat #2 is the button
Seat 1: LifeisagameX ($84 in chips)
Seat 2: BigBD316 ($115 in chips)
BigBD316: posts small blind $1
LifeisagameX: posts big blind $3
*** HOLE CARDS ***
BigBD316: folds
Uncalled bet ($2) returned to LifeisagameX
RaisemyNut$ joins the table at seat #3
LifeisagameX collected $2 from pot
LifeisagameX: doesn't show hand
*** SUMMARY ***
Total pot $2 | Rake $0
Seat 1: LifeisagameX (big blind) collected ($2)
Seat 2: BigBD316 (button) (small blind) folded before Flop


PokerStars Hand #162908236414:  Hold'em Limit ($3/$6 USD) - 2016/12/13 19:29:34 ET
Table 'Pomona II' 6-max Seat #1 is the button
Seat 1: LifeisagameX ($84 in chips)
Seat 2: BigBD316 ($114 in chips)
LifeisagameX: posts small blind $1
BigBD316: posts big blind $3
*** HOLE CARDS ***
LifeisagameX: folds
Uncalled bet ($2) returned to BigBD316
BigBD316 collected $2 from pot
BigBD316: doesn't show hand
*** SUMMARY ***
Total pot $2 | Rake $0
Seat 1: LifeisagameX (button) (small blind) folded before Flop
Seat 2: BigBD316 (big blind) collected ($2)


PokerStars Hand #162908325963:  Hold'em Limit ($3/$6 USD) - 2016/12/13 19:31:36 ET
Table 'Pomona II' 6-max Seat #2 is the button
Seat 2: BigBD316 ($82 in chips)
Seat 3: RaisemyNut$ ($182.40 in chips)
BigBD316: posts small blind $1
RaisemyNut$: posts big blind $3
*** HOLE CARDS ***
BigBD316: raises $3 to $6
RaisemyNut$: calls $3
*** FLOP *** [7c Qd 7d]
RaisemyNut$: checks
BigBD316: bets $3
RaisemyNut$: raises $3 to $6
BigBD316: calls $3
*** TURN *** [7c Qd 7d] [Td]
RaisemyNut$: bets $6
BigBD316: raises $6 to $12
RaisemyNut$: calls $6
*** RIVER *** [7c Qd 7d Td] [Jc]
RaisemyNut$: checks
LifeisagameX leaves the table
BigBD316: bets $6
RaisemyNut$: calls $6
*** SHOW DOWN ***
BigBD316: shows [6d 9h] (a pair of Sevens)
RaisemyNut$: shows [Jd 8c] (two pair, Jacks and Sevens)
RaisemyNut$ collected $59.50 from pot
*** SUMMARY ***
Total pot $60 | Rake $0.50
Board [7c Qd 7d Td Jc]
Seat 2: BigBD316 (button) (small blind) showed [6d 9h] and lost with a pair of Sevens
Seat 3: RaisemyNut$ (big blind) showed [Jd 8c] and won ($59.50) with two pair, Jacks and Sevens


PokerStars Hand #162908377132:  Hold'em Limit ($3/$6 USD) - 2016/12/13 19:32:56 ET
Table 'Pomona II' 6-max Seat #2 is the button
Seat 2: BigBD316 ($16 in chips)
Seat 3: RaisemyNut$ ($246.80 in chips)
BigBD316: posts small blind $1
RaisemyNut$: posts big blind $3
*** HOLE CARDS ***
BigBD316: calls $2
RaisemyNut$: checks
*** FLOP *** [Qc Kc 9c]
RaisemyNut$: checks
BigBD316: bets $3
RaisemyNut$: folds
Uncalled bet ($3) returned to BigBD316
BigBD316 collected $5.88 from pot
BigBD316: doesn't show hand
*** SUMMARY ***
Total pot $6 | Rake $0.12
Board [Qc Kc 9c]
Seat 2: BigBD316 (button) (small blind) collected ($5.88)
Seat 3: RaisemyNut$ (big blind) folded on the Flop


PokerStars Hand #162908345165:  Hold'em Limit ($3/$6 USD) - 2016/12/13 19:32:06 ET
Table 'Pomona II' 6-max Seat #3 is the button
Seat 2: BigBD316 ($52 in chips)
Seat 3: RaisemyNut$ ($211.90 in chips)
RaisemyNut$: posts small blind $1
BigBD316: posts big blind $3
*** HOLE CARDS ***
RaisemyNut$: raises $3 to $6
BigBD316: calls $3
*** FLOP *** [Kh 8h Ad]
BigBD316: bets $3
RaisemyNut$: calls $3
*** TURN *** [Kh 8h Ad] [Qh]
BigBD316: checks
RaisemyNut$: bets $6
BigBD316: calls $6
*** RIVER *** [Kh 8h Ad Qh] [9d]
BigBD316: checks
RaisemyNut$: bets $6
BigBD316: calls $6
*** SHOW DOWN ***
RaisemyNut$: shows [Ah Jh] (a flush, Ace high)
BigBD316: mucks hand
RaisemyNut$ collected $41.50 from pot
*** SUMMARY ***
Total pot $42 | Rake $0.50
Board [Kh 8h Ad Qh 9d]
Seat 2: BigBD316 (big blind) mucked
Seat 3: RaisemyNut$ (button) (small blind) showed [Ah Jh] and won ($41.50) with a flush, Ace high


PokerStars Hand #162908362511:  Hold'em Limit ($3/$6 USD) - 2016/12/13 19:32:33 ET
Table 'Pomona II' 6-max Seat #2 is the button
Seat 2: BigBD316 ($31 in chips)
Seat 3: RaisemyNut$ ($232.40 in chips)
BigBD316: posts small blind $1
RaisemyNut$: posts big blind $3
*** HOLE CARDS ***
BigBD316: raises $3 to $6
RaisemyNut$: raises $3 to $9
BigBD316: calls $3
*** FLOP *** [2d 2s Qc]
RaisemyNut$: bets $3
BigBD316: folds
Uncalled bet ($3) returned to RaisemyNut$
RaisemyNut$ collected $17.64 from pot
RaisemyNut$: doesn't show hand
*** SUMMARY ***
Total pot $18 | Rake $0.36
Board [2d 2s Qc]
Seat 2: BigBD316 (button) (small blind) folded on the Flop
Seat 3: RaisemyNut$ (big blind) collected ($17.64)


PokerStars Hand #162908369884:  Hold'em Limit ($3/$6 USD) - 2016/12/13 19:32:44 ET
Table 'Pomona II' 6-max Seat #3 is the button
Seat 2: BigBD316 ($22 in chips)
Seat 3: RaisemyNut$ ($241.04 in chips)
RaisemyNut$: posts small blind $1
BigBD316: posts big blind $3
*** HOLE CARDS ***
RaisemyNut$: raises $3 to $6
BigBD316: calls $3
*** FLOP *** [9h 9s 5c]
BigBD316: checks
RaisemyNut$: bets $3
BigBD316: folds
Uncalled bet ($3) returned to RaisemyNut$
RaisemyNut$ collected $11.76 from pot
RaisemyNut$: doesn't show hand
*** SUMMARY ***
Total pot $12 | Rake $0.24
Board [9h 9s 5c]
Seat 2: BigBD316 (big blind) folded on the Flop
Seat 3: RaisemyNut$ (button) (small blind) collected ($11.76)


PokerStars Hand #162908384241:  Hold'em Limit ($3/$6 USD) - 2016/12/13 19:33:07 ET
Table 'Pomona II' 6-max Seat #3 is the button
Seat 2: BigBD316 ($18.88 in chips)
Seat 3: RaisemyNut$ ($243.80 in chips)
RaisemyNut$: posts small blind $1
BigBD316: posts big blind $3
*** HOLE CARDS ***
RaisemyNut$: raises $3 to $6
BigBD316: raises $3 to $9
RaisemyNut$: calls $3
*** FLOP *** [Ac 4d 5s]
BigBD316: bets $3
RaisemyNut$: folds
Uncalled bet ($3) returned to BigBD316
BigBD316 collected $17.64 from pot
BigBD316: doesn't show hand
*** SUMMARY ***
Total pot $18 | Rake $0.36
Board [Ac 4d 5s]
Seat 2: BigBD316 (big blind) collected ($17.64)
Seat 3: RaisemyNut$ (button) (small blind) folded on the Flop


PokerStars Hand #162908392109:  Hold'em Limit ($3/$6 USD) - 2016/12/13 19:33:19 ET
Table 'Pomona II' 6-max Seat #2 is the button
Seat 2: BigBD316 ($27.52 in chips)
Seat 3: RaisemyNut$ ($234.80 in chips)
BigBD316: posts small blind $1
RaisemyNut$: posts big blind $3
*** HOLE CARDS ***
BigBD316: calls $2
RaisemyNut$: checks
*** FLOP *** [4s 9d 6d]
RaisemyNut$: checks
BigBD316: checks
*** TURN *** [4s 9d 6d] [Jc]
RaisemyNut$: bets $6
BigBD316: raises $6 to $12
RaisemyNut$: calls $6
*** RIVER *** [4s 9d 6d Jc] [2c]
RaisemyNut$: checks
BigBD316: bets $6
RaisemyNut$: raises $6 to $12
BigBD316: folds
Uncalled bet ($6) returned to RaisemyNut$
RaisemyNut$ collected $41.50 from pot
RaisemyNut$: doesn't show hand
*** SUMMARY ***
Total pot $42 | Rake $0.50
Board [4s 9d 6d Jc 2c]
Seat 2: BigBD316 (button) (small blind) folded on the River
Seat 3: RaisemyNut$ (big blind) collected ($41.50)


PokerStars Hand #162908423104:  Hold'em Limit ($3/$6 USD) - 2016/12/13 19:34:07 ET
Table 'Pomona II' 6-max Seat #3 is the button
Seat 3: RaisemyNut$ ($255.30 in chips)
Seat 6: swics1202 ($1875.42 in chips)
RaisemyNut$: posts small blind $1
swics1202: posts big blind $3
*** HOLE CARDS ***
RaisemyNut$: raises $3 to $6
swics1202: calls $3
*** FLOP *** [Ac Ad 6h]
swics1202: checks
RaisemyNut$: bets $3
swics1202: calls $3
*** TURN *** [Ac Ad 6h] [2d]
swics1202: checks
RaisemyNut$: bets $6
swics1202: raises $6 to $12
RaisemyNut$: calls $6
*** RIVER *** [Ac Ad 6h 2d] [9d]
swics1202: bets $6
RaisemyNut$: raises $6 to $12
swics1202: folds
Uncalled bet ($6) returned to RaisemyNut$
RaisemyNut$ collected $53.50 from pot
RaisemyNut$: doesn't show hand
*** SUMMARY ***
Total pot $54 | Rake $0.50
Board [Ac Ad 6h 2d 9d]
Seat 3: RaisemyNut$ (button) (small blind) collected ($53.50)
Seat 6: swics1202 (big blind) folded on the River


PokerStars Hand #162908475585:  Hold'em Limit ($3/$6 USD) - 2016/12/13 19:35:30 ET
Table 'Pomona II' 6-max Seat #3 is the button
Seat 3: RaisemyNut$ ($260.80 in chips)
Seat 6: swics1202 ($1868.92 in chips)
RaisemyNut$: posts small blind $1
swics1202: posts big blind $3
*** HOLE CARDS ***
RaisemyNut$: raises $3 to $6
swics1202: calls $3
*** FLOP *** [2s Qc 7s]
swics1202: checks
RaisemyNut$: bets $3
swics1202: raises $3 to $6
RaisemyNut$: calls $3
*** TURN *** [2s Qc 7s] [Kh]
swics1202: bets $6
RaisemyNut$: raises $6 to $12
swics1202: calls $6
*** RIVER *** [2s Qc 7s Kh] [Ks]
swics1202: checks
RaisemyNut$: bets $6
swics1202: calls $6
*** SHOW DOWN ***
RaisemyNut$: shows [Qd Ad] (two pair, Kings and Queens)
swics1202: mucks hand
RaisemyNut$ collected $59.50 from pot
*** SUMMARY ***
Total pot $60 | Rake $0.50
Board [2s Qc 7s Kh Ks]
Seat 3: RaisemyNut$ (button) (small blind) showed [Qd Ad] and won ($59.50) with two pair, Kings and Queens
Seat 6: swics1202 (big blind) mucked


PokerStars Hand #162908451182:  Hold'em Limit ($3/$6 USD) - 2016/12/13 19:34:52 ET
Table 'Pomona II' 6-max Seat #6 is the button
Seat 3: RaisemyNut$ ($281.80 in chips)
Seat 6: swics1202 ($1848.42 in chips)
swics1202: posts small blind $1
RaisemyNut$: posts big blind $3
*** HOLE CARDS ***
swics1202: raises $3 to $6
RaisemyNut$: calls $3
*** FLOP *** [7d 7c 9h]
RaisemyNut$: checks
swics1202: bets $3
RaisemyNut$: calls $3
*** TURN *** [7d 7c 9h] [Qc]
RaisemyNut$: checks
swics1202: bets $6
RaisemyNut$: calls $6
*** RIVER *** [7d 7c 9h Qc] [9c]
RaisemyNut$: checks
swics1202: bets $6
RaisemyNut$: calls $6
*** SHOW DOWN ***
swics1202: shows [Ks Kh] (two pair, Kings and Nines)
RaisemyNut$: mucks hand
swics1202 collected $41.50 from pot
*** SUMMARY ***
Total pot $42 | Rake $0.50
Board [7d 7c 9h Qc 9c]
Seat 3: RaisemyNut$ (big blind) mucked
Seat 6: swics1202 (button) (small blind) showed [Ks Kh] and won ($41.50) with two pair, Kings and Nines


PokerStars Hand #162908520820:  Hold'em Limit ($3/$6 USD) - 2016/12/13 19:36:40 ET
Table 'Pomona II' 6-max Seat #6 is the button
Seat 3: RaisemyNut$ ($305.80 in chips)
Seat 6: swics1202 ($1822.92 in chips)
swics1202: posts small blind $1
RaisemyNut$: posts big blind $3
*** HOLE CARDS ***
swics1202: folds
Uncalled bet ($2) returned to RaisemyNut$
RaisemyNut$ collected $2 from pot
RaisemyNut$: doesn't show hand
*** SUMMARY ***
Total pot $2 | Rake $0
Seat 3: RaisemyNut$ (big blind) collected ($2)
Seat 6: swics1202 (button) (small blind) folded before Flop


PokerStars Hand #162908501239:  Hold'em Limit ($3/$6 USD) - 2016/12/13 19:36:09 ET
Table 'Pomona II' 6-max Seat #3 is the button
Seat 3: RaisemyNut$ ($291.30 in chips)
Seat 6: swics1202 ($1837.92 in chips)
RaisemyNut$: posts small blind $1
swics1202: posts big blind $3
*** HOLE CARDS ***
RaisemyNut$: raises $3 to $6
swics1202: calls $3
*** FLOP *** [8d Tc Kc]
swics1202: checks
RaisemyNut$: bets $3
swics1202: raises $3 to $6
RaisemyNut$: raises $3 to $9
swics1202: calls $3
*** TURN *** [8d Tc Kc] [5d]
swics1202: checks
RaisemyNut$: bets $6
swics1202: folds
Uncalled bet ($6) returned to RaisemyNut$
RaisemyNut$ collected $29.50 from pot
RaisemyNut$: doesn't show hand
*** SUMMARY ***
Total pot $30 | Rake $0.50
Board [8d Tc Kc 5d]
Seat 3: RaisemyNut$ (button) (small blind) collected ($29.50)
Seat 6: swics1202 (big blind) folded on the Turn


PokerStars Hand #162908496776:  Hold'em Limit ($3/$6 USD) - 2016/12/13 19:36:02 ET
Table 'Pomona II' 6-max Seat #6 is the button
Seat 3: RaisemyNut$ ($290.30 in chips)
Seat 6: swics1202 ($1838.92 in chips)
swics1202: posts small blind $1
RaisemyNut$: posts big blind $3
*** HOLE CARDS ***
swics1202: folds
Uncalled bet ($2) returned to RaisemyNut$
RaisemyNut$ collected $2 from pot
RaisemyNut$: doesn't show hand
*** SUMMARY ***
Total pot $2 | Rake $0
Seat 3: RaisemyNut$ (big blind) collected ($2)
Seat 6: swics1202 (button) (small blind) folded before Flop


PokerStars Hand #162908541237:  Hold'em Limit ($3/$6 USD) - 2016/12/13 19:37:12 ET
Table 'Pomona II' 6-max Seat #6 is the button
Seat 3: RaisemyNut$ ($282.80 in chips)
Seat 6: swics1202 ($1845.42 in chips)
swics1202: posts small blind $1
RaisemyNut$: posts big blind $3
*** HOLE CARDS ***
swics1202: raises $3 to $6
RaisemyNut$: calls $3
*** FLOP *** [8d 9d 2s]
RaisemyNut$: checks
swics1202: bets $3
RaisemyNut$: calls $3
*** TURN *** [8d 9d 2s] [5d]
RaisemyNut$: checks
swics1202: bets $6
RaisemyNut$: calls $6
*** RIVER *** [8d 9d 2s 5d] [9s]
RaisemyNut$: checks
swics1202: bets $6
RaisemyNut$: calls $6
*** SHOW DOWN ***
swics1202: shows [9c Jc] (three of a kind, Nines)
RaisemyNut$: mucks hand
swics1202 collected $41.50 from pot
*** SUMMARY ***
Total pot $42 | Rake $0.50
Board [8d 9d 2s 5d 9s]
Seat 3: RaisemyNut$ (big blind) mucked
Seat 6: swics1202 (button) (small blind) showed [9c Jc] and won ($41.50) with three of a kind, Nines


PokerStars Hand #162908525139:  Hold'em Limit ($3/$6 USD) - 2016/12/13 19:36:47 ET
Table 'Pomona II' 6-max Seat #3 is the button
Seat 3: RaisemyNut$ ($306.80 in chips)
Seat 6: swics1202 ($1821.92 in chips)
RaisemyNut$: posts small blind $1
swics1202: posts big blind $3
*** HOLE CARDS ***
RaisemyNut$: raises $3 to $6
swics1202: raises $3 to $9
RaisemyNut$: calls $3
*** FLOP *** [9d 9s Jh]
swics1202: bets $3
RaisemyNut$: calls $3
*** TURN *** [9d 9s Jh] [Ks]
swics1202: bets $6
RaisemyNut$: calls $6
*** RIVER *** [9d 9s Jh Ks] [2d]
swics1202: bets $6
RaisemyNut$: calls $6
*** SHOW DOWN ***
swics1202: shows [Ac Ah] (two pair, Aces and Nines)
RaisemyNut$: mucks hand
swics1202 collected $47.50 from pot
*** SUMMARY ***
Total pot $48 | Rake $0.50
Board [9d 9s Jh Ks 2d]
Seat 3: RaisemyNut$ (button) (small blind) mucked
Seat 6: swics1202 (big blind) showed [Ac Ah] and won ($47.50) with two pair, Aces and Nines


PokerStars Hand #162908600114:  Hold'em Limit ($3/$6 USD) - 2016/12/13 19:38:45 ET
Table 'Pomona II' 6-max Seat #6 is the button
Seat 3: RaisemyNut$ ($289.06 in chips)
Seat 6: swics1202 ($1837.92 in chips)
swics1202: posts small blind $1
RaisemyNut$: posts big blind $3
*** HOLE CARDS ***
swics1202: folds
Uncalled bet ($2) returned to RaisemyNut$
RaisemyNut$ collected $2 from pot
RaisemyNut$: doesn't show hand
*** SUMMARY ***
Total pot $2 | Rake $0
Seat 3: RaisemyNut$ (big blind) collected ($2)
Seat 6: swics1202 (button) (small blind) folded before Flop


PokerStars Hand #162908596584:  Hold'em Limit ($3/$6 USD) - 2016/12/13 19:38:39 ET
Table 'Pomona II' 6-max Seat #3 is the button
Seat 3: RaisemyNut$ ($290.06 in chips)
Seat 6: swics1202 ($1836.92 in chips)
RaisemyNut$: posts small blind $1
swics1202: posts big blind $3
*** HOLE CARDS ***
RaisemyNut$: folds
Uncalled bet ($2) returned to swics1202
swics1202 collected $2 from pot
swics1202: doesn't show hand
*** SUMMARY ***
Total pot $2 | Rake $0
Seat 3: RaisemyNut$ (button) (small blind) folded before Flop
Seat 6: swics1202 (big blind) collected ($2)


PokerStars Hand #162908593093:  Hold'em Limit ($3/$6 USD) - 2016/12/13 19:38:34 ET
Table 'Pomona II' 6-max Seat #6 is the button
Seat 3: RaisemyNut$ ($289.06 in chips)
Seat 6: swics1202 ($1837.92 in chips)
swics1202: posts small blind $1
RaisemyNut$: posts big blind $3
*** HOLE CARDS ***
swics1202: folds
Uncalled bet ($2) returned to RaisemyNut$
RaisemyNut$ collected $2 from pot
RaisemyNut$: doesn't show hand
*** SUMMARY ***
Total pot $2 | Rake $0
Seat 3: RaisemyNut$ (big blind) collected ($2)
Seat 6: swics1202 (button) (small blind) folded before Flop


PokerStars Hand #162908583537:  Hold'em Limit ($3/$6 USD) - 2016/12/13 19:38:19 ET
Table 'Pomona II' 6-max Seat #3 is the button
Seat 3: RaisemyNut$ ($283.30 in chips)
Seat 6: swics1202 ($1843.92 in chips)
RaisemyNut$: posts small blind $1
swics1202: posts big blind $3
*** HOLE CARDS ***
RaisemyNut$: raises $3 to $6
swics1202: calls $3
*** FLOP *** [Jc Ad 2h]
swics1202: checks
RaisemyNut$: bets $3
swics1202: folds
Uncalled bet ($3) returned to RaisemyNut$
RaisemyNut$ collected $11.76 from pot
RaisemyNut$: doesn't show hand
*** SUMMARY ***
Total pot $12 | Rake $0.24
Board [Jc Ad 2h]
Seat 3: RaisemyNut$ (button) (small blind) collected ($11.76)
Seat 6: swics1202 (big blind) folded on the Flop


PokerStars Hand #162908579845:  Hold'em Limit ($3/$6 USD) - 2016/12/13 19:38:13 ET
Table 'Pomona II' 6-max Seat #6 is the button
Seat 3: RaisemyNut$ ($282.30 in chips)
Seat 6: swics1202 ($1844.92 in chips)
swics1202: posts small blind $1
RaisemyNut$: posts big blind $3
*** HOLE CARDS ***
swics1202: folds
Uncalled bet ($2) returned to RaisemyNut$
RaisemyNut$ collected $2 from pot
RaisemyNut$: doesn't show hand
*** SUMMARY ***
Total pot $2 | Rake $0
Seat 3: RaisemyNut$ (big blind) collected ($2)
Seat 6: swics1202 (button) (small blind) folded before Flop


PokerStars Hand #162908559906:  Hold'em Limit ($3/$6 USD) - 2016/12/13 19:37:42 ET
Table 'Pomona II' 6-max Seat #3 is the button
Seat 3: RaisemyNut$ ($261.80 in chips)
Seat 6: swics1202 ($1865.92 in chips)
RaisemyNut$: posts small blind $1
swics1202: posts big blind $3
*** HOLE CARDS ***
RaisemyNut$: raises $3 to $6
swics1202: calls $3
*** FLOP *** [Kc Ks Ad]
swics1202: checks
RaisemyNut$: bets $3
swics1202: calls $3
*** TURN *** [Kc Ks Ad] [2s]
swics1202: checks
RaisemyNut$: bets $6
swics1202: calls $6
*** RIVER *** [Kc Ks Ad 2s] [Jd]
swics1202: checks
RaisemyNut$: bets $6
swics1202: calls $6
*** SHOW DOWN ***
RaisemyNut$: shows [Kh 4s] (three of a kind, Kings)
swics1202: mucks hand
RaisemyNut$ collected $41.50 from pot
*** SUMMARY ***
Total pot $42 | Rake $0.50
Board [Kc Ks Ad 2s Jd]
Seat 3: RaisemyNut$ (button) (small blind) showed [Kh 4s] and won ($41.50) with three of a kind, Kings
Seat 6: swics1202 (big blind) mucked


PokerStars Hand #162908603615:  Hold'em Limit ($3/$6 USD) - 2016/12/13 19:38:50 ET
Table 'Pomona II' 6-max Seat #3 is the button
Seat 3: RaisemyNut$ ($290.06 in chips)
Seat 6: swics1202 ($1836.92 in chips)
RaisemyNut$: posts small blind $1
swics1202: posts big blind $3
*** HOLE CARDS ***
RaisemyNut$: raises $3 to $6
swics1202: raises $3 to $9
RaisemyNut$: calls $3
*** FLOP *** [Tc 2s 7d]
swics1202: bets $3
RaisemyNut$: calls $3
*** TURN *** [Tc 2s 7d] [Jd]
swics1202: bets $6
RaisemyNut$: raises $6 to $12
swics1202: calls $6
*** RIVER *** [Tc 2s 7d Jd] [9c]
swics1202: checks
RaisemyNut$: bets $6
swics1202: calls $6
*** SHOW DOWN ***
RaisemyNut$: shows [Jh 8s] (a straight, Seven to Jack)
swics1202: mucks hand
RaisemyNut$ collected $59.50 from pot
*** SUMMARY ***
Total pot $60 | Rake $0.50
Board [Tc 2s 7d Jd 9c]
Seat 3: RaisemyNut$ (button) (small blind) showed [Jh 8s] and won ($59.50) with a straight, Seven to Jack
Seat 6: swics1202 (big blind) mucked


PokerStars Hand #162908629226:  Hold'em Limit ($3/$6 USD) - 2016/12/13 19:39:31 ET
Table 'Pomona II' 6-max Seat #6 is the button
Seat 3: RaisemyNut$ ($319.56 in chips)
Seat 6: swics1202 ($1806.92 in chips)
swics1202: posts small blind $1
RaisemyNut$: posts big blind $3
*** HOLE CARDS ***
swics1202: raises $3 to $6
RaisemyNut$: calls $3
*** FLOP *** [Kh Qd Jc]
RaisemyNut$: checks
swics1202: bets $3
RaisemyNut$: folds
Uncalled bet ($3) returned to swics1202
swics1202 collected $11.76 from pot
swics1202: doesn't show hand
*** SUMMARY ***
Total pot $12 | Rake $0.24
Board [Kh Qd Jc]
Seat 3: RaisemyNut$ (big blind) folded on the Flop
Seat 6: swics1202 (button) (small blind) collected ($11.76)


PokerStars Hand #162908642188:  Hold'em Limit ($3/$6 USD) - 2016/12/13 19:39:51 ET
Table 'Pomona II' 6-max Seat #3 is the button
Seat 3: RaisemyNut$ ($313.56 in chips)
Seat 6: swics1202 ($1812.68 in chips)
RaisemyNut$: posts small blind $1
swics1202: posts big blind $3
*** HOLE CARDS ***
RaisemyNut$: raises $3 to $6
swics1202: raises $3 to $9
RaisemyNut$: calls $3
*** FLOP *** [As 7s Jh]
swics1202: bets $3
RaisemyNut$: folds
Uncalled bet ($3) returned to swics1202
swics1202 collected $17.64 from pot
swics1202: doesn't show hand
*** SUMMARY ***
Total pot $18 | Rake $0.36
Board [As 7s Jh]
Seat 3: RaisemyNut$ (button) (small blind) folded on the Flop
Seat 6: swics1202 (big blind) collected ($17.64)


PokerStars Hand #162908659480:  Hold'em Limit ($3/$6 USD) - 2016/12/13 19:40:18 ET
Table 'Pomona II' 6-max Seat #6 is the button
Seat 3: RaisemyNut$ ($308.56 in chips)
Seat 6: swics1202 ($1817.32 in chips)
swics1202: posts small blind $1
RaisemyNut$: posts big blind $3
*** HOLE CARDS ***
swics1202: folds
Uncalled bet ($2) returned to RaisemyNut$
RaisemyNut$ collected $2 from pot
RaisemyNut$: doesn't show hand
*** SUMMARY ***
Total pot $2 | Rake $0
Seat 3: RaisemyNut$ (big blind) collected ($2)
Seat 6: swics1202 (button) (small blind) folded before Flop


PokerStars Hand #162908663213:  Hold'em Limit ($3/$6 USD) - 2016/12/13 19:40:24 ET
Table 'Pomona II' 6-max Seat #3 is the button
Seat 3: RaisemyNut$ ($309.56 in chips)
Seat 6: swics1202 ($1816.32 in chips)
RaisemyNut$: posts small blind $1
swics1202: posts big blind $3
*** HOLE CARDS ***
RaisemyNut$: raises $3 to $6
swics1202: calls $3
*** FLOP *** [7c Th 4c]
swics1202: checks
RaisemyNut$: bets $3
swics1202: calls $3
*** TURN *** [7c Th 4c] [9s]
swics1202: checks
RaisemyNut$: bets $6
swics1202: raises $6 to $12
RaisemyNut$: calls $6
*** RIVER *** [7c Th 4c 9s] [6h]
swics1202: bets $6
RaisemyNut$: raises $6 to $12
swics1202: folds
Uncalled bet ($6) returned to RaisemyNut$
ToDaFelt joins the table at seat #1
RaisemyNut$ collected $53.50 from pot
RaisemyNut$: doesn't show hand
*** SUMMARY ***
Total pot $54 | Rake $0.50
Board [7c Th 4c 9s 6h]
Seat 3: RaisemyNut$ (button) (small blind) collected ($53.50)
Seat 6: swics1202 (big blind) folded on the River


PokerStars Hand #162908655700:  Hold'em Limit ($3/$6 USD) - 2016/12/13 19:40:12 ET
Table 'Pomona II' 6-max Seat #3 is the button
Seat 3: RaisemyNut$ ($305.56 in chips)
Seat 6: swics1202 ($1820.32 in chips)
RaisemyNut$: posts small blind $1
swics1202: posts big blind $3
*** HOLE CARDS ***
RaisemyNut$: raises $3 to $6
swics1202: folds
Uncalled bet ($3) returned to RaisemyNut$
RaisemyNut$ collected $6 from pot
RaisemyNut$: doesn't show hand
*** SUMMARY ***
Total pot $6 | Rake $0
Seat 3: RaisemyNut$ (button) (small blind) collected ($6)
Seat 6: swics1202 (big blind) folded before Flop


PokerStars Hand #162908651920:  Hold'em Limit ($3/$6 USD) - 2016/12/13 19:40:06 ET
Table 'Pomona II' 6-max Seat #6 is the button
Seat 3: RaisemyNut$ ($304.56 in chips)
Seat 6: swics1202 ($1821.32 in chips)
swics1202: posts small blind $1
RaisemyNut$: posts big blind $3
*** HOLE CARDS ***
swics1202: folds
Uncalled bet ($2) returned to RaisemyNut$
RaisemyNut$ collected $2 from pot
RaisemyNut$: doesn't show hand
*** SUMMARY ***
Total pot $2 | Rake $0
Seat 3: RaisemyNut$ (big blind) collected ($2)
Seat 6: swics1202 (button) (small blind) folded before Flop


