PokerStars Hand #148373885325:  Hold'em Limit ($3/$6 USD) - 2016/02/07 1:42:21 ET
Table 'Pomona II' 6-max Seat #3 is the button
Seat 3: hectornino ($60 in chips)
Seat 4: Agrotait ($72 in chips)
hectornino: posts small blind $1
Agrotait: posts big blind $3
*** HOLE CARDS ***
hectornino: calls $2
Agrotait: raises $3 to $6
hectornino: calls $3
*** FLOP *** [3h 4s 2c]
Agrotait: bets $3
hectornino: raises $3 to $6
Agrotait: raises $3 to $9
hectornino: calls $3
*** TURN *** [3h 4s 2c] [Qh]
Agrotait: bets $6
hectornino: calls $6
*** RIVER *** [3h 4s 2c Qh] [6d]
Agrotait: bets $6
hectornino: calls $6
*** SHOW DOWN ***
Agrotait: shows [As 5d] (a straight, Deuce to Six)
hectornino: mucks hand
Agrotait collected $53.50 from pot
*** SUMMARY ***
Total pot $54 | Rake $0.50
Board [3h 4s 2c Qh 6d]
Seat 3: hectornino (button) (small blind) mucked
Seat 4: Agrotait (big blind) showed [As 5d] and won ($53.50) with a straight, Deuce to Six


PokerStars Hand #148373895428:  Hold'em Limit ($3/$6 USD) - 2016/02/07 1:42:54 ET
Table 'Pomona II' 6-max Seat #4 is the button
Seat 3: hectornino ($33 in chips)
Seat 4: Agrotait ($98.50 in chips)
Agrotait: posts small blind $1
hectornino: posts big blind $3
*** HOLE CARDS ***
Agrotait: folds
Uncalled bet ($2) returned to hectornino
hectornino collected $2 from pot
*** SUMMARY ***
Total pot $2 | Rake $0
Seat 3: hectornino (big blind) collected ($2)
Seat 4: Agrotait (button) (small blind) folded before Flop


PokerStars Hand #148373898605:  Hold'em Limit ($3/$6 USD) - 2016/02/07 1:43:05 ET
Table 'Pomona II' 6-max Seat #4 is the button
Seat 3: hectornino ($33 in chips)
Seat 4: Agrotait ($98.50 in chips)
Agrotait: posts small blind $1
hectornino: posts big blind $3
*** HOLE CARDS ***
Agrotait: folds
Uncalled bet ($2) returned to hectornino
hectornino collected $2 from pot
*** SUMMARY ***
Total pot $2 | Rake $0
Seat 3: hectornino (big blind) collected ($2)
Seat 4: Agrotait (button) (small blind) folded before Flop


PokerStars Hand #148373897149:  Hold'em Limit ($3/$6 USD) - 2016/02/07 1:43:00 ET
Table 'Pomona II' 6-max Seat #3 is the button
Seat 3: hectornino ($34 in chips)
Seat 4: Agrotait ($97.50 in chips)
hectornino: posts small blind $1
Agrotait: posts big blind $3
*** HOLE CARDS ***
hectornino: folds
Uncalled bet ($2) returned to Agrotait
Agrotait collected $2 from pot
Agrotait: doesn't show hand
*** SUMMARY ***
Total pot $2 | Rake $0
Seat 3: hectornino (button) (small blind) folded before Flop
Seat 4: Agrotait (big blind) collected ($2)


PokerStars Hand #148373900610:  Hold'em Limit ($3/$6 USD) - 2016/02/07 1:43:12 ET
Table 'Pomona II' 6-max Seat #3 is the button
Seat 3: hectornino ($34 in chips)
Seat 4: Agrotait ($97.50 in chips)
hectornino: posts small blind $1
Agrotait: posts big blind $3
*** HOLE CARDS ***
hectornino: raises $3 to $6
Agrotait: calls $3
*** FLOP *** [3s Ks Ts]
Agrotait: checks
hectornino: bets $3
Agrotait: folds
Uncalled bet ($3) returned to hectornino
hectornino collected $11.76 from pot
*** SUMMARY ***
Total pot $12 | Rake $0.24
Board [3s Ks Ts]
Seat 3: hectornino (button) (small blind) collected ($11.76)
Seat 4: Agrotait (big blind) folded on the Flop


PokerStars Hand #148373908953:  Hold'em Limit ($3/$6 USD) - 2016/02/07 1:43:39 ET
Table 'Pomona II' 6-max Seat #4 is the button
Seat 3: hectornino ($39.76 in chips)
Seat 4: Agrotait ($91.50 in chips)
Agrotait: posts small blind $1
hectornino: posts big blind $3
*** HOLE CARDS ***
Agrotait: raises $3 to $6
hectornino: calls $3
*** FLOP *** [3d Kd Ad]
hectornino: checks
Agrotait: bets $3
hectornino: raises $3 to $6
Agrotait: calls $3
*** TURN *** [3d Kd Ad] [Tc]
hectornino: bets $6
Agrotait: calls $6
*** RIVER *** [3d Kd Ad Tc] [Ks]
hectornino: bets $6
Agrotait: calls $6
*** SHOW DOWN ***
hectornino: shows [Qs 7c] (a pair of Kings)
Agrotait: shows [As 9d] (two pair, Aces and Kings)
Agrotait collected $47.50 from pot
*** SUMMARY ***
Total pot $48 | Rake $0.50
Board [3d Kd Ad Tc Ks]
Seat 3: hectornino (big blind) showed [Qs 7c] and lost with a pair of Kings
Seat 4: Agrotait (button) (small blind) showed [As 9d] and won ($47.50) with two pair, Aces and Kings


PokerStars Hand #148373919426:  Hold'em Limit ($3/$6 USD) - 2016/02/07 1:44:14 ET
Table 'Pomona II' 6-max Seat #3 is the button
Seat 3: hectornino ($15.76 in chips)
Seat 4: Agrotait ($115 in chips)
hectornino: posts small blind $1
Agrotait: posts big blind $3
*** HOLE CARDS ***
hectornino: raises $3 to $6
Agrotait: folds
Uncalled bet ($3) returned to hectornino
hectornino collected $6 from pot
*** SUMMARY ***
Total pot $6 | Rake $0
Seat 3: hectornino (button) (small blind) collected ($6)
Seat 4: Agrotait (big blind) folded before Flop


PokerStars Hand #148373923499:  Hold'em Limit ($3/$6 USD) - 2016/02/07 1:44:28 ET
Table 'Pomona II' 6-max Seat #4 is the button
Seat 3: hectornino ($18.76 in chips)
Seat 4: Agrotait ($112 in chips)
Agrotait: posts small blind $1
hectornino: posts big blind $3
*** HOLE CARDS ***
Agrotait: raises $3 to $6
hectornino: calls $3
*** FLOP *** [Qs Kd 9s]
hectornino: checks
Agrotait: bets $3
hectornino: folds
Uncalled bet ($3) returned to Agrotait
Agrotait collected $11.76 from pot
Agrotait: doesn't show hand
*** SUMMARY ***
Total pot $12 | Rake $0.24
Board [Qs Kd 9s]
Seat 3: hectornino (big blind) folded on the Flop
Seat 4: Agrotait (button) (small blind) collected ($11.76)


PokerStars Hand #148373932231:  Hold'em Limit ($3/$6 USD) - 2016/02/07 1:44:57 ET
Table 'Pomona II' 6-max Seat #4 is the button
Seat 3: hectornino ($47.76 in chips)
Seat 4: Agrotait ($118.76 in chips)
Agrotait: posts small blind $1
hectornino: posts big blind $3
*** HOLE CARDS ***
Agrotait: folds
Uncalled bet ($2) returned to hectornino
hectornino collected $2 from pot
*** SUMMARY ***
Total pot $2 | Rake $0
Seat 3: hectornino (big blind) collected ($2)
Seat 4: Agrotait (button) (small blind) folded before Flop


PokerStars Hand #148373927977:  Hold'em Limit ($3/$6 USD) - 2016/02/07 1:44:42 ET
Table 'Pomona II' 6-max Seat #3 is the button
Seat 3: hectornino ($12.76 in chips)
Seat 4: Agrotait ($117.76 in chips)
hectornino: posts small blind $1
Agrotait: posts big blind $3
*** HOLE CARDS ***
hectornino: folds
Uncalled bet ($2) returned to Agrotait
Agrotait collected $2 from pot
Agrotait: doesn't show hand
*** SUMMARY ***
Total pot $2 | Rake $0
Seat 3: hectornino (button) (small blind) folded before Flop
Seat 4: Agrotait (big blind) collected ($2)


PokerStars Hand #148373934030:  Hold'em Limit ($3/$6 USD) - 2016/02/07 1:45:03 ET
Table 'Pomona II' 6-max Seat #3 is the button
Seat 3: hectornino ($48.76 in chips)
Seat 4: Agrotait ($117.76 in chips)
hectornino: posts small blind $1
Agrotait: posts big blind $3
*** HOLE CARDS ***
hectornino: folds
Uncalled bet ($2) returned to Agrotait
Agrotait collected $2 from pot
Agrotait: doesn't show hand
*** SUMMARY ***
Total pot $2 | Rake $0
Seat 3: hectornino (button) (small blind) folded before Flop
Seat 4: Agrotait (big blind) collected ($2)


PokerStars Hand #148373935858:  Hold'em Limit ($3/$6 USD) - 2016/02/07 1:45:09 ET
Table 'Pomona II' 6-max Seat #4 is the button
Seat 3: hectornino ($47.76 in chips)
Seat 4: Agrotait ($118.76 in chips)
Agrotait: posts small blind $1
hectornino: posts big blind $3
*** HOLE CARDS ***
Agrotait: raises $3 to $6
hectornino: calls $3
*** FLOP *** [Ac 2s Jc]
hectornino: checks
Agrotait: bets $3
hectornino: calls $3
*** TURN *** [Ac 2s Jc] [8s]
hectornino: checks
Agrotait: checks
*** RIVER *** [Ac 2s Jc 8s] [7d]
hectornino: bets $6
Agrotait: folds
Uncalled bet ($6) returned to hectornino
hectornino collected $17.64 from pot
*** SUMMARY ***
Total pot $18 | Rake $0.36
Board [Ac 2s Jc 8s 7d]
Seat 3: hectornino (big blind) collected ($17.64)
Seat 4: Agrotait (button) (small blind) folded on the River


PokerStars Hand #148373956550:  Hold'em Limit ($3/$6 USD) - 2016/02/07 1:46:17 ET
Table 'Pomona II' 6-max Seat #4 is the button
Seat 3: hectornino ($41.40 in chips)
Seat 4: Agrotait ($124.26 in chips)
Agrotait: posts small blind $1
hectornino: posts big blind $3
*** HOLE CARDS ***
Agrotait: raises $3 to $6
hectornino: calls $3
*** FLOP *** [Qc 7d Ah]
hectornino: checks
Agrotait: bets $3
hectornino: calls $3
*** TURN *** [Qc 7d Ah] [5s]
hectornino: checks
Agrotait: checks
*** RIVER *** [Qc 7d Ah 5s] [6h]
hectornino: bets $6
Agrotait: folds
Uncalled bet ($6) returned to hectornino
hectornino collected $17.64 from pot
*** SUMMARY ***
Total pot $18 | Rake $0.36
Board [Qc 7d Ah 5s 6h]
Seat 3: hectornino (big blind) collected ($17.64)
Seat 4: Agrotait (button) (small blind) folded on the River


PokerStars Hand #148373966631:  Hold'em Limit ($3/$6 USD) - 2016/02/07 1:46:50 ET
Table 'Pomona II' 6-max Seat #3 is the button
Seat 3: hectornino ($50.04 in chips)
Seat 4: Agrotait ($115.26 in chips)
hectornino: posts small blind $1
Agrotait: posts big blind $3
*** HOLE CARDS ***
hectornino: calls $2
Agrotait: checks
*** FLOP *** [Jd 8c 2c]
Agrotait: bets $3
hectornino: folds
Uncalled bet ($3) returned to Agrotait
Agrotait collected $5.88 from pot
Agrotait: doesn't show hand
*** SUMMARY ***
Total pot $6 | Rake $0.12
Board [Jd 8c 2c]
Seat 3: hectornino (button) (small blind) folded on the Flop
Seat 4: Agrotait (big blind) collected ($5.88)


PokerStars Hand #148373948045:  Hold'em Limit ($3/$6 USD) - 2016/02/07 1:45:49 ET
Table 'Pomona II' 6-max Seat #3 is the button
Seat 3: hectornino ($56.40 in chips)
Seat 4: Agrotait ($109.76 in chips)
hectornino: posts small blind $1
Agrotait: posts big blind $3
*** HOLE CARDS ***
hectornino: raises $3 to $6
Agrotait: calls $3
*** FLOP *** [Ts Ac Ks]
Agrotait: checks
hectornino: bets $3
Agrotait: calls $3
*** TURN *** [Ts Ac Ks] [8d]
Agrotait: checks
hectornino: bets $6
Agrotait: calls $6
*** RIVER *** [Ts Ac Ks 8d] [5d]
Agrotait: checks
hectornino: checks
*** SHOW DOWN ***
Agrotait: shows [7c Ah] (a pair of Aces)
hectornino: mucks hand
Agrotait collected $29.50 from pot
*** SUMMARY ***
Total pot $30 | Rake $0.50
Board [Ts Ac Ks 8d 5d]
Seat 3: hectornino (button) (small blind) mucked
Seat 4: Agrotait (big blind) showed [7c Ah] and won ($29.50) with a pair of Aces


PokerStars Hand #148373978519:  Hold'em Limit ($3/$6 USD) - 2016/02/07 1:47:29 ET
Table 'Pomona II' 6-max Seat #3 is the button
Seat 3: hectornino ($38.04 in chips)
Seat 4: Agrotait ($126.78 in chips)
hectornino: posts small blind $1
Agrotait: posts big blind $3
*** HOLE CARDS ***
hectornino: folds
Uncalled bet ($2) returned to Agrotait
Agrotait collected $2 from pot
Agrotait: doesn't show hand
*** SUMMARY ***
Total pot $2 | Rake $0
Seat 3: hectornino (button) (small blind) folded before Flop
Seat 4: Agrotait (big blind) collected ($2)


PokerStars Hand #148373972756:  Hold'em Limit ($3/$6 USD) - 2016/02/07 1:47:10 ET
Table 'Pomona II' 6-max Seat #4 is the button
Seat 3: hectornino ($47.04 in chips)
Seat 4: Agrotait ($118.14 in chips)
Agrotait: posts small blind $1
hectornino: posts big blind $3
*** HOLE CARDS ***
Agrotait: raises $3 to $6
hectornino: calls $3
*** FLOP *** [3d Js 5d]
hectornino: checks
Agrotait: bets $3
hectornino: calls $3
*** TURN *** [3d Js 5d] [Qc]
hectornino: checks
Agrotait: bets $6
hectornino: folds
Uncalled bet ($6) returned to Agrotait
Agrotait collected $17.64 from pot
Agrotait: doesn't show hand
*** SUMMARY ***
Total pot $18 | Rake $0.36
Board [3d Js 5d Qc]
Seat 3: hectornino (big blind) folded on the Turn
Seat 4: Agrotait (button) (small blind) collected ($17.64)


PokerStars Hand #148373980058:  Hold'em Limit ($3/$6 USD) - 2016/02/07 1:47:34 ET
Table 'Pomona II' 6-max Seat #4 is the button
Seat 3: hectornino ($37.04 in chips)
Seat 4: Agrotait ($127.78 in chips)
Agrotait: posts small blind $1
hectornino: posts big blind $3
*** HOLE CARDS ***
Agrotait: raises $3 to $6
hectornino: calls $3
*** FLOP *** [8c Ts 3h]
hectornino: checks
Agrotait: bets $3
hectornino: folds
Uncalled bet ($3) returned to Agrotait
Agrotait collected $11.76 from pot
Agrotait: doesn't show hand
*** SUMMARY ***
Total pot $12 | Rake $0.24
Board [8c Ts 3h]
Seat 3: hectornino (big blind) folded on the Flop
Seat 4: Agrotait (button) (small blind) collected ($11.76)


PokerStars Hand #148373984229:  Hold'em Limit ($3/$6 USD) - 2016/02/07 1:47:47 ET
Table 'Pomona II' 6-max Seat #3 is the button
Seat 3: hectornino ($31.04 in chips)
Seat 4: Agrotait ($133.54 in chips)
hectornino: posts small blind $1
Agrotait: posts big blind $3
*** HOLE CARDS ***
hectornino: calls $2
Agrotait: checks
*** FLOP *** [Ks Th 9h]
Agrotait: checks
hectornino: bets $3
Agrotait: folds
Uncalled bet ($3) returned to hectornino
hectornino collected $5.88 from pot
*** SUMMARY ***
Total pot $6 | Rake $0.12
Board [Ks Th 9h]
Seat 3: hectornino (button) (small blind) collected ($5.88)
Seat 4: Agrotait (big blind) folded on the Flop


PokerStars Hand #148373999663:  Hold'em Limit ($3/$6 USD) - 2016/02/07 1:48:38 ET
Table 'Pomona II' 6-max Seat #4 is the button
Seat 3: hectornino ($43.56 in chips)
Seat 4: Agrotait ($120.54 in chips)
Agrotait: posts small blind $1
hectornino: posts big blind $3
*** HOLE CARDS ***
Agrotait: folds
Uncalled bet ($2) returned to hectornino
hectornino collected $2 from pot
*** SUMMARY ***
Total pot $2 | Rake $0
Seat 3: hectornino (big blind) collected ($2)
Seat 4: Agrotait (button) (small blind) folded before Flop


PokerStars Hand #148373994327:  Hold'em Limit ($3/$6 USD) - 2016/02/07 1:48:20 ET
Table 'Pomona II' 6-max Seat #3 is the button
Seat 3: hectornino ($34.92 in chips)
Seat 4: Agrotait ($129.54 in chips)
hectornino: posts small blind $1
Agrotait: posts big blind $3
*** HOLE CARDS ***
hectornino: raises $3 to $6
Agrotait: calls $3
*** FLOP *** [Jc 9s Ts]
Agrotait: checks
hectornino: bets $3
Agrotait: calls $3
*** TURN *** [Jc 9s Ts] [3c]
Agrotait: checks
hectornino: bets $6
Agrotait: folds
Uncalled bet ($6) returned to hectornino
hectornino collected $17.64 from pot
*** SUMMARY ***
Total pot $18 | Rake $0.36
Board [Jc 9s Ts 3c]
Seat 3: hectornino (button) (small blind) collected ($17.64)
Seat 4: Agrotait (big blind) folded on the Turn


PokerStars Hand #148374001592:  Hold'em Limit ($3/$6 USD) - 2016/02/07 1:48:44 ET
Table 'Pomona II' 6-max Seat #3 is the button
Seat 3: hectornino ($44.56 in chips)
Seat 4: Agrotait ($119.54 in chips)
hectornino: posts small blind $1
Agrotait: posts big blind $3
*** HOLE CARDS ***
hectornino: calls $2
Agrotait: checks
*** FLOP *** [Ah Qc 2d]
Agrotait: bets $3
hectornino: folds
Uncalled bet ($3) returned to Agrotait
Agrotait collected $5.88 from pot
Agrotait: doesn't show hand
*** SUMMARY ***
Total pot $6 | Rake $0.12
Board [Ah Qc 2d]
Seat 3: hectornino (button) (small blind) folded on the Flop
Seat 4: Agrotait (big blind) collected ($5.88)


PokerStars Hand #148373992335:  Hold'em Limit ($3/$6 USD) - 2016/02/07 1:48:14 ET
Table 'Pomona II' 6-max Seat #4 is the button
Seat 3: hectornino ($33.92 in chips)
Seat 4: Agrotait ($130.54 in chips)
Agrotait: posts small blind $1
hectornino: posts big blind $3
*** HOLE CARDS ***
Agrotait: folds
Uncalled bet ($2) returned to hectornino
hectornino collected $2 from pot
*** SUMMARY ***
Total pot $2 | Rake $0
Seat 3: hectornino (big blind) collected ($2)
Seat 4: Agrotait (button) (small blind) folded before Flop


PokerStars Hand #148374016474:  Hold'em Limit ($3/$6 USD) - 2016/02/07 1:49:33 ET
Table 'Pomona II' 6-max Seat #3 is the button
Seat 3: hectornino ($59.06 in chips)
Seat 4: Agrotait ($104.42 in chips)
hectornino: posts small blind $1
Agrotait: posts big blind $3
*** HOLE CARDS ***
hectornino: raises $3 to $6
Agrotait: calls $3
*** FLOP *** [3h 6d Qd]
Agrotait: checks
hectornino: bets $3
Agrotait: folds
Uncalled bet ($3) returned to hectornino
hectornino collected $11.76 from pot
*** SUMMARY ***
Total pot $12 | Rake $0.24
Board [3h 6d Qd]
Seat 3: hectornino (button) (small blind) collected ($11.76)
Seat 4: Agrotait (big blind) folded on the Flop


PokerStars Hand #148374026813:  Hold'em Limit ($3/$6 USD) - 2016/02/07 1:50:07 ET
Table 'Pomona II' 6-max Seat #3 is the button
Seat 3: hectornino ($61.82 in chips)
Seat 4: Agrotait ($101.42 in chips)
hectornino: posts small blind $1
Agrotait: posts big blind $3
*** HOLE CARDS ***
hectornino: folds
Uncalled bet ($2) returned to Agrotait
Agrotait collected $2 from pot
Agrotait: doesn't show hand
*** SUMMARY ***
Total pot $2 | Rake $0
Seat 3: hectornino (button) (small blind) folded before Flop
Seat 4: Agrotait (big blind) collected ($2)


PokerStars Hand #148374021998:  Hold'em Limit ($3/$6 USD) - 2016/02/07 1:49:51 ET
Table 'Pomona II' 6-max Seat #4 is the button
Seat 3: hectornino ($64.82 in chips)
Seat 4: Agrotait ($98.42 in chips)
Agrotait: posts small blind $1
hectornino: posts big blind $3
*** HOLE CARDS ***
Agrotait: raises $3 to $6
hectornino: folds
Uncalled bet ($3) returned to Agrotait
Agrotait collected $6 from pot
Agrotait: doesn't show hand
*** SUMMARY ***
Total pot $6 | Rake $0
Seat 3: hectornino (big blind) folded before Flop
Seat 4: Agrotait (button) (small blind) collected ($6)


PokerStars Hand #148374029401:  Hold'em Limit ($3/$6 USD) - 2016/02/07 1:50:16 ET
Table 'Pomona II' 6-max Seat #4 is the button
Seat 3: hectornino ($60.82 in chips)
Seat 4: Agrotait ($102.42 in chips)
Agrotait: posts small blind $1
hectornino: posts big blind $3
*** HOLE CARDS ***
Agrotait: raises $3 to $6
hectornino: folds
Uncalled bet ($3) returned to Agrotait
Agrotait collected $6 from pot
Agrotait: doesn't show hand
*** SUMMARY ***
Total pot $6 | Rake $0
Seat 3: hectornino (big blind) folded before Flop
Seat 4: Agrotait (button) (small blind) collected ($6)


PokerStars Hand #148374034224:  Hold'em Limit ($3/$6 USD) - 2016/02/07 1:50:31 ET
Table 'Pomona II' 6-max Seat #3 is the button
Seat 3: hectornino ($57.82 in chips)
Seat 4: Agrotait ($105.42 in chips)
hectornino: posts small blind $1
Agrotait: posts big blind $3
*** HOLE CARDS ***
hectornino: raises $3 to $6
Agrotait: calls $3
*** FLOP *** [2c Jd Kh]
Agrotait: checks
hectornino: bets $3
Agrotait: folds
Uncalled bet ($3) returned to hectornino
hectornino collected $11.76 from pot
*** SUMMARY ***
Total pot $12 | Rake $0.24
Board [2c Jd Kh]
Seat 3: hectornino (button) (small blind) collected ($11.76)
Seat 4: Agrotait (big blind) folded on the Flop


PokerStars Hand #148374039317:  Hold'em Limit ($3/$6 USD) - 2016/02/07 1:50:48 ET
Table 'Pomona II' 6-max Seat #4 is the button
Seat 3: hectornino ($63.58 in chips)
Seat 4: Agrotait ($99.42 in chips)
Agrotait: posts small blind $1
hectornino: posts big blind $3
*** HOLE CARDS ***
Agrotait: raises $3 to $6
hectornino: calls $3
*** FLOP *** [4s 6c 7s]
hectornino: checks
Agrotait: bets $3
hectornino: calls $3
*** TURN *** [4s 6c 7s] [4h]
hectornino: checks
Agrotait: bets $6
hectornino: calls $6
*** RIVER *** [4s 6c 7s 4h] [9h]
hectornino: checks
Agrotait: bets $6
hectornino: calls $6
*** SHOW DOWN ***
Agrotait: shows [9s Js] (two pair, Nines and Fours)
hectornino: mucks hand
Agrotait collected $41.50 from pot
*** SUMMARY ***
Total pot $42 | Rake $0.50
Board [4s 6c 7s 4h 9h]
Seat 3: hectornino (big blind) mucked
Seat 4: Agrotait (button) (small blind) showed [9s Js] and won ($41.50) with two pair, Nines and Fours


PokerStars Hand #148374050948:  Hold'em Limit ($3/$6 USD) - 2016/02/07 1:51:25 ET
Table 'Pomona II' 6-max Seat #3 is the button
Seat 3: hectornino ($42.58 in chips)
Seat 4: Agrotait ($119.92 in chips)
hectornino: posts small blind $1
Agrotait: posts big blind $3
*** HOLE CARDS ***
hectornino: raises $3 to $6
Agrotait: calls $3
*** FLOP *** [Jc 5s Qs]
Agrotait: checks
hectornino: bets $3
Agrotait: raises $3 to $6
hectornino: folds
Uncalled bet ($3) returned to Agrotait
Agrotait collected $17.64 from pot
Agrotait: doesn't show hand
*** SUMMARY ***
Total pot $18 | Rake $0.36
Board [Jc 5s Qs]
Seat 3: hectornino (button) (small blind) folded on the Flop
Seat 4: Agrotait (big blind) collected ($17.64)


PokerStars Hand #148374060669:  Hold'em Limit ($3/$6 USD) - 2016/02/07 1:51:57 ET
Table 'Pomona II' 6-max Seat #4 is the button
Seat 3: hectornino ($33.58 in chips)
Seat 4: Agrotait ($128.56 in chips)
Agrotait: posts small blind $1
hectornino: posts big blind $3
*** HOLE CARDS ***
Agrotait: raises $3 to $6
hectornino: raises $3 to $9
Agrotait: calls $3
*** FLOP *** [2s 7s 6d]
hectornino: bets $3
Agrotait: folds
Uncalled bet ($3) returned to hectornino
hectornino collected $17.64 from pot
*** SUMMARY ***
Total pot $18 | Rake $0.36
Board [2s 7s 6d]
Seat 3: hectornino (big blind) collected ($17.64)
Seat 4: Agrotait (button) (small blind) folded on the Flop


PokerStars Hand #148374068737:  Hold'em Limit ($3/$6 USD) - 2016/02/07 1:52:24 ET
Table 'Pomona II' 6-max Seat #3 is the button
Seat 3: hectornino ($42.22 in chips)
Seat 4: Agrotait ($119.56 in chips)
hectornino: posts small blind $1
Agrotait: posts big blind $3
*** HOLE CARDS ***
hectornino: raises $3 to $6
Agrotait: raises $3 to $9
hectornino: raises $3 to $12
Betting is capped
Agrotait: calls $3
*** FLOP *** [7s Ah 6d]
Agrotait: checks
hectornino: checks
*** TURN *** [7s Ah 6d] [4d]
Agrotait: checks
hectornino: bets $6
Agrotait: calls $6
*** RIVER *** [7s Ah 6d 4d] [6c]
Agrotait: checks
hectornino: bets $6
Agrotait: calls $6
*** SHOW DOWN ***
hectornino: shows [Ac Jc] (two pair, Aces and Sixes)
Agrotait: mucks hand
hectornino collected $47.50 from pot
*** SUMMARY ***
Total pot $48 | Rake $0.50
Board [7s Ah 6d 4d 6c]
Seat 3: hectornino (button) (small blind) showed [Ac Jc] and won ($47.50) with two pair, Aces and Sixes
Seat 4: Agrotait (big blind) mucked


PokerStars Hand #148374082968:  Hold'em Limit ($3/$6 USD) - 2016/02/07 1:53:10 ET
Table 'Pomona II' 6-max Seat #4 is the button
Seat 3: hectornino ($65.72 in chips)
Seat 4: Agrotait ($95.56 in chips)
Agrotait: posts small blind $1
hectornino: posts big blind $3
*** HOLE CARDS ***
Luarvik888 joins the table at seat #2
Agrotait: raises $3 to $6
hectornino: folds
Uncalled bet ($3) returned to Agrotait
Agrotait collected $6 from pot
Agrotait: doesn't show hand
*** SUMMARY ***
Total pot $6 | Rake $0
Seat 3: hectornino (big blind) folded before Flop
Seat 4: Agrotait (button) (small blind) collected ($6)


PokerStars Hand #148374086563:  Hold'em Limit ($3/$6 USD) - 2016/02/07 1:53:22 ET
Table 'Pomona II' 6-max Seat #3 is the button
Seat 3: hectornino ($62.72 in chips)
Seat 4: Agrotait ($98.56 in chips)
hectornino: posts small blind $1
Agrotait: posts big blind $3
*** HOLE CARDS ***
hectornino: folds
Uncalled bet ($2) returned to Agrotait
Agrotait collected $2 from pot
Agrotait: doesn't show hand
*** SUMMARY ***
Total pot $2 | Rake $0
Seat 3: hectornino (button) (small blind) folded before Flop
Seat 4: Agrotait (big blind) collected ($2)


PokerStars Hand #148375590387:  Hold'em Limit ($3/$6 USD) - 2016/02/07 3:10:52 ET
Table 'Pomona II' 6-max Seat #4 is the button
Seat 3: hectornino ($27.58 in chips)
Seat 4: Agrotait ($277.29 in chips)
Agrotait: posts small blind $1
hectornino: posts big blind $3
*** HOLE CARDS ***
Agrotait: raises $3 to $6
hectornino: calls $3
*** FLOP *** [Jd 4d Ah]
hectornino: checks
REZOLUTION84 joins the table at seat #5
Agrotait: bets $3
hectornino: folds
Uncalled bet ($3) returned to Agrotait
Agrotait collected $11.76 from pot
Agrotait: doesn't show hand
*** SUMMARY ***
Total pot $12 | Rake $0.24
Board [Jd 4d Ah]
Seat 3: hectornino (big blind) folded on the Flop
Seat 4: Agrotait (button) (small blind) collected ($11.76)


PokerStars Hand #148375588736:  Hold'em Limit ($3/$6 USD) - 2016/02/07 3:10:47 ET
Table 'Pomona II' 6-max Seat #3 is the button
Seat 3: hectornino ($28.58 in chips)
Seat 4: Agrotait ($276.29 in chips)
hectornino: posts small blind $1
Agrotait: posts big blind $3
*** HOLE CARDS ***
hectornino: folds
Uncalled bet ($2) returned to Agrotait
Agrotait collected $2 from pot
Agrotait: doesn't show hand
*** SUMMARY ***
Total pot $2 | Rake $0
Seat 3: hectornino (button) (small blind) folded before Flop
Seat 4: Agrotait (big blind) collected ($2)


PokerStars Hand #148375586002:  Hold'em Limit ($3/$6 USD) - 2016/02/07 3:10:39 ET
Table 'Pomona II' 6-max Seat #4 is the button
Seat 3: hectornino ($31.58 in chips)
Seat 4: Agrotait ($273.29 in chips)
Agrotait: posts small blind $1
hectornino: posts big blind $3
*** HOLE CARDS ***
Agrotait: raises $3 to $6
hectornino: folds
Uncalled bet ($3) returned to Agrotait
Agrotait collected $6 from pot
Agrotait: doesn't show hand
*** SUMMARY ***
Total pot $6 | Rake $0
Seat 3: hectornino (big blind) folded before Flop
Seat 4: Agrotait (button) (small blind) collected ($6)


PokerStars Hand #148375584165:  Hold'em Limit ($3/$6 USD) - 2016/02/07 3:10:34 ET
Table 'Pomona II' 6-max Seat #3 is the button
Seat 3: hectornino ($32.58 in chips)
Seat 4: Agrotait ($272.29 in chips)
hectornino: posts small blind $1
Agrotait: posts big blind $3
*** HOLE CARDS ***
hectornino: folds
Uncalled bet ($2) returned to Agrotait
Agrotait collected $2 from pot
Agrotait: doesn't show hand
*** SUMMARY ***
Total pot $2 | Rake $0
Seat 3: hectornino (button) (small blind) folded before Flop
Seat 4: Agrotait (big blind) collected ($2)


PokerStars Hand #148375597862:  Hold'em Limit ($3/$6 USD) - 2016/02/07 3:11:13 ET
Table 'Pomona II' 6-max Seat #3 is the button
Seat 3: hectornino ($21.58 in chips)
Seat 4: Agrotait ($283.05 in chips)
hectornino: posts small blind $1
Agrotait: posts big blind $3
*** HOLE CARDS ***
hectornino: raises $3 to $6
Agrotait: folds
Uncalled bet ($3) returned to hectornino
hectornino collected $6 from pot
*** SUMMARY ***
Total pot $6 | Rake $0
Seat 3: hectornino (button) (small blind) collected ($6)
Seat 4: Agrotait (big blind) folded before Flop


PokerStars Hand #148378865758:  Hold'em Limit ($3/$6 USD) - 2016/02/07 5:15:29 ET
Table 'Pomona II' 6-max Seat #6 is the button
Seat 5: VolkovDmitri ($120 in chips)
Seat 6: 69benji ($222.32 in chips)
69benji: posts small blind $1
Deichgnorf: is sitting out
VolkovDmitri: posts big blind $3
*** HOLE CARDS ***
69benji: folds
Uncalled bet ($2) returned to VolkovDmitri
VolkovDmitri collected $2 from pot
VolkovDmitri: doesn't show hand
*** SUMMARY ***
Total pot $2 | Rake $0
Seat 5: VolkovDmitri (big blind) collected ($2)
Seat 6: 69benji (button) (small blind) folded before Flop


PokerStars Hand #148378898444:  Hold'em Limit ($3/$6 USD) - 2016/02/07 5:16:29 ET
Table 'Pomona II' 6-max Seat #5 is the button
Seat 5: VolkovDmitri ($127.76 in chips)
Seat 6: 69benji ($214.32 in chips)
VolkovDmitri: posts small blind $1
69benji: posts big blind $3
*** HOLE CARDS ***
VolkovDmitri: raises $3 to $6
69benji: folds
Uncalled bet ($3) returned to VolkovDmitri
VolkovDmitri collected $6 from pot
VolkovDmitri: doesn't show hand
*** SUMMARY ***
Total pot $6 | Rake $0
Seat 5: VolkovDmitri (button) (small blind) collected ($6)
Seat 6: 69benji (big blind) folded before Flop


PokerStars Hand #148378895027:  Hold'em Limit ($3/$6 USD) - 2016/02/07 5:16:23 ET
Table 'Pomona II' 6-max Seat #6 is the button
Seat 5: VolkovDmitri ($126.76 in chips)
Seat 6: 69benji ($215.32 in chips)
69benji: posts small blind $1
VolkovDmitri: posts big blind $3
*** HOLE CARDS ***
69benji: folds
Uncalled bet ($2) returned to VolkovDmitri
VolkovDmitri collected $2 from pot
VolkovDmitri: doesn't show hand
*** SUMMARY ***
Total pot $2 | Rake $0
Seat 5: VolkovDmitri (big blind) collected ($2)
Seat 6: 69benji (button) (small blind) folded before Flop


PokerStars Hand #148378887782:  Hold'em Limit ($3/$6 USD) - 2016/02/07 5:16:09 ET
Table 'Pomona II' 6-max Seat #5 is the button
Seat 5: VolkovDmitri ($123.76 in chips)
Seat 6: 69benji ($218.32 in chips)
VolkovDmitri: posts small blind $1
69benji: posts big blind $3
*** HOLE CARDS ***
VolkovDmitri: raises $3 to $6
69benji: folds
Uncalled bet ($3) returned to VolkovDmitri
VolkovDmitri collected $6 from pot
VolkovDmitri: doesn't show hand
*** SUMMARY ***
Total pot $6 | Rake $0
Seat 5: VolkovDmitri (button) (small blind) collected ($6)
Seat 6: 69benji (big blind) folded before Flop


PokerStars Hand #148378883688:  Hold'em Limit ($3/$6 USD) - 2016/02/07 5:16:02 ET
Table 'Pomona II' 6-max Seat #6 is the button
Seat 5: VolkovDmitri ($126.76 in chips)
Seat 6: 69benji ($215.32 in chips)
69benji: posts small blind $1
VolkovDmitri: posts big blind $3
*** HOLE CARDS ***
69benji: raises $3 to $6
VolkovDmitri: folds
Uncalled bet ($3) returned to 69benji
69benji collected $6 from pot
*** SUMMARY ***
Total pot $6 | Rake $0
Seat 5: VolkovDmitri (big blind) folded before Flop
Seat 6: 69benji (button) (small blind) collected ($6)


PokerStars Hand #148378870293:  Hold'em Limit ($3/$6 USD) - 2016/02/07 5:15:37 ET
Table 'Pomona II' 6-max Seat #5 is the button
Seat 5: VolkovDmitri ($121 in chips)
Seat 6: 69benji ($221.32 in chips)
VolkovDmitri: posts small blind $1
69benji: posts big blind $3
*** HOLE CARDS ***
VolkovDmitri: raises $3 to $6
69benji: calls $3
*** FLOP *** [5c Ah 5h]
Deichgnorf leaves the table
69benji: checks
VolkovDmitri: bets $3
69benji: folds
Uncalled bet ($3) returned to VolkovDmitri
VolkovDmitri collected $11.76 from pot
VolkovDmitri: doesn't show hand
*** SUMMARY ***
Total pot $12 | Rake $0.24
Board [5c Ah 5h]
Seat 5: VolkovDmitri (button) (small blind) collected ($11.76)
Seat 6: 69benji (big blind) folded on the Flop


PokerStars Hand #148378907953:  Hold'em Limit ($3/$6 USD) - 2016/02/07 5:16:46 ET
Table 'Pomona II' 6-max Seat #6 is the button
Seat 5: VolkovDmitri ($130.76 in chips)
Seat 6: 69benji ($211.32 in chips)
69benji: posts small blind $1
VolkovDmitri: posts big blind $3
*** HOLE CARDS ***
69benji: raises $3 to $6
VolkovDmitri: raises $3 to $9
69benji: calls $3
*** FLOP *** [3d 3c 5c]
VolkovDmitri: bets $3
69benji: folds
Uncalled bet ($3) returned to VolkovDmitri
VolkovDmitri collected $17.64 from pot
VolkovDmitri: doesn't show hand
*** SUMMARY ***
Total pot $18 | Rake $0.36
Board [3d 3c 5c]
Seat 5: VolkovDmitri (big blind) collected ($17.64)
Seat 6: 69benji (button) (small blind) folded on the Flop


PokerStars Hand #148378956357:  Hold'em Limit ($3/$6 USD) - 2016/02/07 5:18:16 ET
Table 'Pomona II' 6-max Seat #1 is the button
Seat 1: kutsteef ($100.19 in chips)
Seat 6: 69benji ($221.97 in chips)
kutsteef: posts small blind $1
VolkovDmitri: is sitting out
69benji: posts big blind $3
*** HOLE CARDS ***
VolkovDmitri leaves the table
kutsteef: raises $3 to $6
69benji: folds
Uncalled bet ($3) returned to kutsteef
kutsteef collected $6 from pot
kutsteef: doesn't show hand
*** SUMMARY ***
Total pot $6 | Rake $0
Seat 1: kutsteef (button) (small blind) collected ($6)
Seat 6: 69benji (big blind) folded before Flop


