PokerStars Hand #156358723765:  Hold'em Limit ($3/$6 USD) - 2016/07/23 18:49:11 ET
Table 'Pomona' 6-max Seat #4 is the button
Seat 1: gorcea_vs ($105.76 in chips)
Seat 4: AzureCaper ($92.50 in chips)
AzureCaper: posts small blind $1
gorcea_vs: posts big blind $3
*** HOLE CARDS ***
AzureCaper: folds
Uncalled bet ($2) returned to gorcea_vs
gorcea_vs collected $2 from pot
gorcea_vs: doesn't show hand
*** SUMMARY ***
Total pot $2 | Rake $0
Seat 1: gorcea_vs (big blind) collected ($2)
Seat 4: AzureCaper (button) (small blind) folded before Flop


PokerStars Hand #156358708086:  Hold'em Limit ($3/$6 USD) - 2016/07/23 18:48:45 ET
Table 'Pomona' 6-max Seat #1 is the button
Seat 1: gorcea_vs ($126.76 in chips)
Seat 4: AzureCaper ($72 in chips)
gorcea_vs: posts small blind $1
AzureCaper: posts big blind $3
*** HOLE CARDS ***
gorcea_vs: raises $3 to $6
AzureCaper: calls $3
*** FLOP *** [Tc Kd Kc]
AzureCaper: checks
gorcea_vs: bets $3
AzureCaper: calls $3
*** TURN *** [Tc Kd Kc] [6h]
AzureCaper: checks
gorcea_vs: bets $6
AzureCaper: calls $6
*** RIVER *** [Tc Kd Kc 6h] [Jh]
AzureCaper: bets $6
gorcea_vs: calls $6
*** SHOW DOWN ***
AzureCaper: shows [Js Qd] (two pair, Kings and Jacks)
gorcea_vs: mucks hand
AzureCaper collected $41.50 from pot
*** SUMMARY ***
Total pot $42 | Rake $0.50
Board [Tc Kd Kc 6h Jh]
Seat 1: gorcea_vs (button) (small blind) mucked
Seat 4: AzureCaper (big blind) showed [Js Qd] and won ($41.50) with two pair, Kings and Jacks


PokerStars Hand #156358697350:  Hold'em Limit ($3/$6 USD) - 2016/07/23 18:48:27 ET
Table 'Pomona' 6-max Seat #1 is the button
Seat 1: gorcea_vs ($120 in chips)
Seat 4: AzureCaper ($72 in chips)
gorcea_vs: posts small blind $1
AzureCaper: posts big blind $3
*** HOLE CARDS ***
gorcea_vs: raises $3 to $6
AzureCaper: calls $3
*** FLOP *** [7c Jh As]
AzureCaper: checks
gorcea_vs: bets $3
AzureCaper: folds
Uncalled bet ($3) returned to gorcea_vs
gorcea_vs collected $11.76 from pot
gorcea_vs: doesn't show hand
*** SUMMARY ***
Total pot $12 | Rake $0.24
Board [7c Jh As]
Seat 1: gorcea_vs (button) (small blind) collected ($11.76)
Seat 4: AzureCaper (big blind) folded on the Flop


PokerStars Hand #156358705377:  Hold'em Limit ($3/$6 USD) - 2016/07/23 18:48:40 ET
Table 'Pomona' 6-max Seat #4 is the button
Seat 1: gorcea_vs ($125.76 in chips)
Seat 4: AzureCaper ($72 in chips)
AzureCaper: posts small blind $1
gorcea_vs: posts big blind $3
*** HOLE CARDS ***
AzureCaper: folds
Uncalled bet ($2) returned to gorcea_vs
gorcea_vs collected $2 from pot
gorcea_vs: doesn't show hand
*** SUMMARY ***
Total pot $2 | Rake $0
Seat 1: gorcea_vs (big blind) collected ($2)
Seat 4: AzureCaper (button) (small blind) folded before Flop


PokerStars Hand #156358726362:  Hold'em Limit ($3/$6 USD) - 2016/07/23 18:49:16 ET
Table 'Pomona' 6-max Seat #1 is the button
Seat 1: gorcea_vs ($106.76 in chips)
Seat 4: AzureCaper ($91.50 in chips)
gorcea_vs: posts small blind $1
AzureCaper: posts big blind $3
*** HOLE CARDS ***
gorcea_vs: folds
Uncalled bet ($2) returned to AzureCaper
AzureCaper collected $2 from pot
AzureCaper: doesn't show hand
*** SUMMARY ***
Total pot $2 | Rake $0
Seat 1: gorcea_vs (button) (small blind) folded before Flop
Seat 4: AzureCaper (big blind) collected ($2)


PokerStars Hand #156358730113:  Hold'em Limit ($3/$6 USD) - 2016/07/23 18:49:22 ET
Table 'Pomona' 6-max Seat #4 is the button
Seat 1: gorcea_vs ($105.76 in chips)
Seat 4: AzureCaper ($92.50 in chips)
AzureCaper: posts small blind $1
gorcea_vs: posts big blind $3
*** HOLE CARDS ***
AzureCaper: raises $3 to $6
gorcea_vs: calls $3
*** FLOP *** [6s Kc Qs]
gorcea_vs: checks
AzureCaper: bets $3
gorcea_vs: calls $3
*** TURN *** [6s Kc Qs] [Kd]
gorcea_vs: checks
AzureCaper: bets $6
gorcea_vs: calls $6
*** RIVER *** [6s Kc Qs Kd] [Jh]
gorcea_vs: checks
AzureCaper: checks
*** SHOW DOWN ***
gorcea_vs: shows [Ad 6d] (two pair, Kings and Sixes)
AzureCaper: shows [7c 7h] (two pair, Kings and Sevens)
AzureCaper collected $29.50 from pot
*** SUMMARY ***
Total pot $30 | Rake $0.50
Board [6s Kc Qs Kd Jh]
Seat 1: gorcea_vs (big blind) showed [Ad 6d] and lost with two pair, Kings and Sixes
Seat 4: AzureCaper (button) (small blind) showed [7c 7h] and won ($29.50) with two pair, Kings and Sevens


PokerStars Hand #156358747684:  Hold'em Limit ($3/$6 USD) - 2016/07/23 18:49:52 ET
Table 'Pomona' 6-max Seat #4 is the button
Seat 1: gorcea_vs ($89.76 in chips)
Seat 4: AzureCaper ($108 in chips)
AzureCaper: posts small blind $1
gorcea_vs: posts big blind $3
*** HOLE CARDS ***
AzureCaper: folds
Uncalled bet ($2) returned to gorcea_vs
gorcea_vs collected $2 from pot
gorcea_vs: doesn't show hand
*** SUMMARY ***
Total pot $2 | Rake $0
Seat 1: gorcea_vs (big blind) collected ($2)
Seat 4: AzureCaper (button) (small blind) folded before Flop


PokerStars Hand #156358744250:  Hold'em Limit ($3/$6 USD) - 2016/07/23 18:49:46 ET
Table 'Pomona' 6-max Seat #1 is the button
Seat 1: gorcea_vs ($90.76 in chips)
Seat 4: AzureCaper ($107 in chips)
gorcea_vs: posts small blind $1
AzureCaper: posts big blind $3
*** HOLE CARDS ***
gorcea_vs: folds
Uncalled bet ($2) returned to AzureCaper
AzureCaper collected $2 from pot
AzureCaper: doesn't show hand
*** SUMMARY ***
Total pot $2 | Rake $0
Seat 1: gorcea_vs (button) (small blind) folded before Flop
Seat 4: AzureCaper (big blind) collected ($2)


PokerStars Hand #156358754735:  Hold'em Limit ($3/$6 USD) - 2016/07/23 18:50:03 ET
Table 'Pomona' 6-max Seat #4 is the button
Seat 1: gorcea_vs ($93.76 in chips)
Seat 4: AzureCaper ($104 in chips)
AzureCaper: posts small blind $1
gorcea_vs: posts big blind $3
*** HOLE CARDS ***
AzureCaper: folds
Uncalled bet ($2) returned to gorcea_vs
gorcea_vs collected $2 from pot
gorcea_vs: doesn't show hand
*** SUMMARY ***
Total pot $2 | Rake $0
Seat 1: gorcea_vs (big blind) collected ($2)
Seat 4: AzureCaper (button) (small blind) folded before Flop


PokerStars Hand #156358750455:  Hold'em Limit ($3/$6 USD) - 2016/07/23 18:49:56 ET
Table 'Pomona' 6-max Seat #1 is the button
Seat 1: gorcea_vs ($90.76 in chips)
Seat 4: AzureCaper ($107 in chips)
gorcea_vs: posts small blind $1
AzureCaper: posts big blind $3
*** HOLE CARDS ***
gorcea_vs: raises $3 to $6
AzureCaper: folds
Uncalled bet ($3) returned to gorcea_vs
gorcea_vs collected $6 from pot
gorcea_vs: doesn't show hand
*** SUMMARY ***
Total pot $6 | Rake $0
Seat 1: gorcea_vs (button) (small blind) collected ($6)
Seat 4: AzureCaper (big blind) folded before Flop


PokerStars Hand #156358761410:  Hold'em Limit ($3/$6 USD) - 2016/07/23 18:50:15 ET
Table 'Pomona' 6-max Seat #4 is the button
Seat 1: gorcea_vs ($97.76 in chips)
Seat 4: AzureCaper ($100 in chips)
AzureCaper: posts small blind $1
gorcea_vs: posts big blind $3
*** HOLE CARDS ***
AzureCaper: folds
Uncalled bet ($2) returned to gorcea_vs
gorcea_vs collected $2 from pot
gorcea_vs: doesn't show hand
*** SUMMARY ***
Total pot $2 | Rake $0
Seat 1: gorcea_vs (big blind) collected ($2)
Seat 4: AzureCaper (button) (small blind) folded before Flop


PokerStars Hand #156358757900:  Hold'em Limit ($3/$6 USD) - 2016/07/23 18:50:09 ET
Table 'Pomona' 6-max Seat #1 is the button
Seat 1: gorcea_vs ($94.76 in chips)
Seat 4: AzureCaper ($103 in chips)
gorcea_vs: posts small blind $1
AzureCaper: posts big blind $3
*** HOLE CARDS ***
gorcea_vs: raises $3 to $6
AzureCaper: folds
Uncalled bet ($3) returned to gorcea_vs
gorcea_vs collected $6 from pot
gorcea_vs: doesn't show hand
*** SUMMARY ***
Total pot $6 | Rake $0
Seat 1: gorcea_vs (button) (small blind) collected ($6)
Seat 4: AzureCaper (big blind) folded before Flop


PokerStars Hand #156358763882:  Hold'em Limit ($3/$6 USD) - 2016/07/23 18:50:19 ET
Table 'Pomona' 6-max Seat #1 is the button
Seat 1: gorcea_vs ($98.76 in chips)
Seat 4: AzureCaper ($99 in chips)
gorcea_vs: posts small blind $1
AzureCaper: posts big blind $3
*** HOLE CARDS ***
gorcea_vs: raises $3 to $6
AzureCaper: folds
Uncalled bet ($3) returned to gorcea_vs
gorcea_vs collected $6 from pot
gorcea_vs: doesn't show hand
*** SUMMARY ***
Total pot $6 | Rake $0
Seat 1: gorcea_vs (button) (small blind) collected ($6)
Seat 4: AzureCaper (big blind) folded before Flop


PokerStars Hand #156358771678:  Hold'em Limit ($3/$6 USD) - 2016/07/23 18:50:32 ET
Table 'Pomona' 6-max Seat #1 is the button
Seat 1: gorcea_vs ($98.76 in chips)
Seat 4: AzureCaper ($99 in chips)
gorcea_vs: posts small blind $1
AzureCaper: posts big blind $3
*** HOLE CARDS ***
gorcea_vs: folds
Uncalled bet ($2) returned to AzureCaper
AzureCaper collected $2 from pot
AzureCaper: doesn't show hand
*** SUMMARY ***
Total pot $2 | Rake $0
Seat 1: gorcea_vs (button) (small blind) folded before Flop
Seat 4: AzureCaper (big blind) collected ($2)


PokerStars Hand #156358768148:  Hold'em Limit ($3/$6 USD) - 2016/07/23 18:50:26 ET
Table 'Pomona' 6-max Seat #4 is the button
Seat 1: gorcea_vs ($101.76 in chips)
Seat 4: AzureCaper ($96 in chips)
AzureCaper: posts small blind $1
gorcea_vs: posts big blind $3
*** HOLE CARDS ***
AzureCaper: raises $3 to $6
gorcea_vs: folds
Uncalled bet ($3) returned to AzureCaper
AzureCaper collected $6 from pot
AzureCaper: doesn't show hand
*** SUMMARY ***
Total pot $6 | Rake $0
Seat 1: gorcea_vs (big blind) folded before Flop
Seat 4: AzureCaper (button) (small blind) collected ($6)


PokerStars Hand #156358778059:  Hold'em Limit ($3/$6 USD) - 2016/07/23 18:50:43 ET
Table 'Pomona' 6-max Seat #1 is the button
Seat 1: gorcea_vs ($98.76 in chips)
Seat 4: AzureCaper ($99 in chips)
gorcea_vs: posts small blind $1
AzureCaper: posts big blind $3
*** HOLE CARDS ***
gorcea_vs: raises $3 to $6
AzureCaper: folds
Uncalled bet ($3) returned to gorcea_vs
gorcea_vs collected $6 from pot
gorcea_vs: doesn't show hand
*** SUMMARY ***
Total pot $6 | Rake $0
Seat 1: gorcea_vs (button) (small blind) collected ($6)
Seat 4: AzureCaper (big blind) folded before Flop


PokerStars Hand #156358775313:  Hold'em Limit ($3/$6 USD) - 2016/07/23 18:50:38 ET
Table 'Pomona' 6-max Seat #4 is the button
Seat 1: gorcea_vs ($97.76 in chips)
Seat 4: AzureCaper ($100 in chips)
AzureCaper: posts small blind $1
gorcea_vs: posts big blind $3
*** HOLE CARDS ***
AzureCaper: folds
Uncalled bet ($2) returned to gorcea_vs
gorcea_vs collected $2 from pot
gorcea_vs: doesn't show hand
*** SUMMARY ***
Total pot $2 | Rake $0
Seat 1: gorcea_vs (big blind) collected ($2)
Seat 4: AzureCaper (button) (small blind) folded before Flop


PokerStars Hand #156358791838:  Hold'em Limit ($3/$6 USD) - 2016/07/23 18:51:06 ET
Table 'Pomona' 6-max Seat #1 is the button
Seat 1: gorcea_vs ($95.76 in chips)
Seat 4: AzureCaper ($101.76 in chips)
gorcea_vs: posts small blind $1
AzureCaper: posts big blind $3
*** HOLE CARDS ***
gorcea_vs: raises $3 to $6
AzureCaper: folds
Uncalled bet ($3) returned to gorcea_vs
gorcea_vs collected $6 from pot
gorcea_vs: doesn't show hand
*** SUMMARY ***
Total pot $6 | Rake $0
Seat 1: gorcea_vs (button) (small blind) collected ($6)
Seat 4: AzureCaper (big blind) folded before Flop


PokerStars Hand #156358780908:  Hold'em Limit ($3/$6 USD) - 2016/07/23 18:50:48 ET
Table 'Pomona' 6-max Seat #4 is the button
Seat 1: gorcea_vs ($101.76 in chips)
Seat 4: AzureCaper ($96 in chips)
AzureCaper: posts small blind $1
gorcea_vs: posts big blind $3
*** HOLE CARDS ***
AzureCaper: raises $3 to $6
gorcea_vs: calls $3
*** FLOP *** [Kc As 2c]
gorcea_vs: checks
AzureCaper: bets $3
gorcea_vs: folds
Uncalled bet ($3) returned to AzureCaper
AzureCaper collected $11.76 from pot
AzureCaper: doesn't show hand
*** SUMMARY ***
Total pot $12 | Rake $0.24
Board [Kc As 2c]
Seat 1: gorcea_vs (big blind) folded on the Flop
Seat 4: AzureCaper (button) (small blind) collected ($11.76)


PokerStars Hand #156358794770:  Hold'em Limit ($3/$6 USD) - 2016/07/23 18:51:11 ET
Table 'Pomona' 6-max Seat #4 is the button
Seat 1: gorcea_vs ($98.76 in chips)
Seat 4: AzureCaper ($98.76 in chips)
AzureCaper: posts small blind $1
gorcea_vs: posts big blind $3
*** HOLE CARDS ***
AzureCaper: raises $3 to $6
gorcea_vs: calls $3
*** FLOP *** [7c 7s Jc]
gorcea_vs: checks
AzureCaper: bets $3
The_Flid joins the table at seat #3
gorcea_vs: calls $3
*** TURN *** [7c 7s Jc] [8c]
gorcea_vs: checks
AzureCaper: checks
*** RIVER *** [7c 7s Jc 8c] [2d]
gorcea_vs: bets $6
AzureCaper: folds
Uncalled bet ($6) returned to gorcea_vs
gorcea_vs collected $17.64 from pot
gorcea_vs: doesn't show hand
*** SUMMARY ***
Total pot $18 | Rake $0.36
Board [7c 7s Jc 8c 2d]
Seat 1: gorcea_vs (big blind) collected ($17.64)
Seat 4: AzureCaper (button) (small blind) folded on the River


PokerStars Hand #156359839578:  Hold'em Limit ($3/$6 USD) - 2016/07/23 19:22:34 ET
Table 'Pomona' 6-max Seat #3 is the button
Seat 3: The_Flid ($146.83 in chips)
Seat 5: Chessnok ($118.62 in chips)
The_Flid: posts small blind $1
Chessnok: posts big blind $3
*** HOLE CARDS ***
The_Flid: folds
Uncalled bet ($2) returned to Chessnok
Chessnok collected $2 from pot
Chessnok: doesn't show hand
*** SUMMARY ***
Total pot $2 | Rake $0
Seat 3: The_Flid (button) (small blind) folded before Flop
Seat 5: Chessnok (big blind) collected ($2)


PokerStars Hand #156359842789:  Hold'em Limit ($3/$6 USD) - 2016/07/23 19:22:40 ET
Table 'Pomona' 6-max Seat #5 is the button
Seat 3: The_Flid ($145.83 in chips)
Seat 5: Chessnok ($119.62 in chips)
Chessnok: posts small blind $1
The_Flid: posts big blind $3
*** HOLE CARDS ***
Chessnok: raises $3 to $6
The_Flid: calls $3
*** FLOP *** [9h 3c Qs]
The_Flid: bets $3
Chessnok: calls $3
*** TURN *** [9h 3c Qs] [2s]
The_Flid: bets $6
Chessnok: calls $6
*** RIVER *** [9h 3c Qs 2s] [Td]
The_Flid: bets $6
Chessnok: calls $6
*** SHOW DOWN ***
The_Flid: shows [7h 8s] (high card Queen)
Chessnok: shows [2h Ah] (a pair of Deuces)
Chessnok collected $41.50 from pot
*** SUMMARY ***
Total pot $42 | Rake $0.50
Board [9h 3c Qs 2s Td]
Seat 3: The_Flid (big blind) showed [7h 8s] and lost with high card Queen
Seat 5: Chessnok (button) (small blind) showed [2h Ah] and won ($41.50) with a pair of Deuces


PokerStars Hand #156359854673:  Hold'em Limit ($3/$6 USD) - 2016/07/23 19:23:02 ET
Table 'Pomona' 6-max Seat #5 is the button
Seat 3: The_Flid ($123.83 in chips)
Seat 5: Chessnok ($141.12 in chips)
Chessnok: posts small blind $1
The_Flid: posts big blind $3
*** HOLE CARDS ***
Chessnok: raises $3 to $6
The_Flid: folds
Uncalled bet ($3) returned to Chessnok
Chessnok collected $6 from pot
Chessnok: doesn't show hand
*** SUMMARY ***
Total pot $6 | Rake $0
Seat 3: The_Flid (big blind) folded before Flop
Seat 5: Chessnok (button) (small blind) collected ($6)


PokerStars Hand #156359851867:  Hold'em Limit ($3/$6 USD) - 2016/07/23 19:22:57 ET
Table 'Pomona' 6-max Seat #3 is the button
Seat 3: The_Flid ($124.83 in chips)
Seat 5: Chessnok ($140.12 in chips)
The_Flid: posts small blind $1
Chessnok: posts big blind $3
*** HOLE CARDS ***
The_Flid: folds
Uncalled bet ($2) returned to Chessnok
Chessnok collected $2 from pot
Chessnok: doesn't show hand
*** SUMMARY ***
Total pot $2 | Rake $0
Seat 3: The_Flid (button) (small blind) folded before Flop
Seat 5: Chessnok (big blind) collected ($2)


PokerStars Hand #156359857465:  Hold'em Limit ($3/$6 USD) - 2016/07/23 19:23:07 ET
Table 'Pomona' 6-max Seat #3 is the button
Seat 3: The_Flid ($120.83 in chips)
Seat 5: Chessnok ($144.12 in chips)
The_Flid: posts small blind $1
Chessnok: posts big blind $3
*** HOLE CARDS ***
The_Flid: raises $3 to $6
Chessnok: calls $3
*** FLOP *** [Td Ts 7h]
Chessnok: checks
The_Flid: bets $3
Chessnok: calls $3
*** TURN *** [Td Ts 7h] [Th]
Chessnok: checks
The_Flid: bets $6
Chessnok: calls $6
*** RIVER *** [Td Ts 7h Th] [Jd]
Chessnok: checks
The_Flid: checks
*** SHOW DOWN ***
Chessnok: shows [4h Ac] (three of a kind, Tens)
The_Flid: mucks hand
Chessnok collected $29.50 from pot
*** SUMMARY ***
Total pot $30 | Rake $0.50
Board [Td Ts 7h Th Jd]
Seat 3: The_Flid (button) (small blind) mucked
Seat 5: Chessnok (big blind) showed [4h Ac] and won ($29.50) with three of a kind, Tens


PokerStars Hand #156359869310:  Hold'em Limit ($3/$6 USD) - 2016/07/23 19:23:29 ET
Table 'Pomona' 6-max Seat #5 is the button
Seat 3: The_Flid ($105.83 in chips)
Seat 5: Chessnok ($158.62 in chips)
Chessnok: posts small blind $1
The_Flid: posts big blind $3
*** HOLE CARDS ***
Chessnok: raises $3 to $6
The_Flid: raises $3 to $9
Chessnok: calls $3
*** FLOP *** [Jc 6h Ac]
The_Flid: bets $3
Chessnok: folds
Uncalled bet ($3) returned to The_Flid
The_Flid collected $17.64 from pot
The_Flid: doesn't show hand
*** SUMMARY ***
Total pot $18 | Rake $0.36
Board [Jc 6h Ac]
Seat 3: The_Flid (big blind) collected ($17.64)
Seat 5: Chessnok (button) (small blind) folded on the Flop


PokerStars Hand #156359877203:  Hold'em Limit ($3/$6 USD) - 2016/07/23 19:23:44 ET
Table 'Pomona' 6-max Seat #3 is the button
Seat 3: The_Flid ($114.47 in chips)
Seat 5: Chessnok ($149.62 in chips)
The_Flid: posts small blind $1
Chessnok: posts big blind $3
*** HOLE CARDS ***
The_Flid: raises $3 to $6
Chessnok: folds
Uncalled bet ($3) returned to The_Flid
The_Flid collected $6 from pot
The_Flid: doesn't show hand
*** SUMMARY ***
Total pot $6 | Rake $0
Seat 3: The_Flid (button) (small blind) collected ($6)
Seat 5: Chessnok (big blind) folded before Flop


PokerStars Hand #156359888881:  Hold'em Limit ($3/$6 USD) - 2016/07/23 19:24:05 ET
Table 'Pomona' 6-max Seat #3 is the button
Seat 3: The_Flid ($108.47 in chips)
Seat 5: Chessnok ($155.26 in chips)
The_Flid: posts small blind $1
Chessnok: posts big blind $3
*** HOLE CARDS ***
The_Flid: folds
Uncalled bet ($2) returned to Chessnok
Chessnok collected $2 from pot
Chessnok: doesn't show hand
*** SUMMARY ***
Total pot $2 | Rake $0
Seat 3: The_Flid (button) (small blind) folded before Flop
Seat 5: Chessnok (big blind) collected ($2)


PokerStars Hand #156359881676:  Hold'em Limit ($3/$6 USD) - 2016/07/23 19:23:52 ET
Table 'Pomona' 6-max Seat #5 is the button
Seat 3: The_Flid ($117.47 in chips)
Seat 5: Chessnok ($146.62 in chips)
Chessnok: posts small blind $1
The_Flid: posts big blind $3
*** HOLE CARDS ***
Chessnok: raises $3 to $6
The_Flid: calls $3
*** FLOP *** [Qh 5d Ad]
The_Flid: checks
Chessnok: bets $3
The_Flid: calls $3
*** TURN *** [Qh 5d Ad] [Ac]
The_Flid: checks
Chessnok: bets $6
The_Flid: folds
Uncalled bet ($6) returned to Chessnok
Chessnok collected $17.64 from pot
Chessnok: doesn't show hand
*** SUMMARY ***
Total pot $18 | Rake $0.36
Board [Qh 5d Ad Ac]
Seat 3: The_Flid (big blind) folded on the Turn
Seat 5: Chessnok (button) (small blind) collected ($17.64)


PokerStars Hand #156359891337:  Hold'em Limit ($3/$6 USD) - 2016/07/23 19:24:10 ET
Table 'Pomona' 6-max Seat #5 is the button
Seat 3: The_Flid ($107.47 in chips)
Seat 5: Chessnok ($156.26 in chips)
Chessnok: posts small blind $1
boony444 was removed from the table for failing to post
kaypoker619 was removed from the table for failing to post
The_Flid: posts big blind $3
*** HOLE CARDS ***
Chessnok: raises $3 to $6
The_Flid: raises $3 to $9
Chessnok: calls $3
*** FLOP *** [3c 2d 9d]
The_Flid: bets $3
Chessnok: calls $3
*** TURN *** [3c 2d 9d] [3d]
The_Flid: bets $6
Chessnok: raises $6 to $12
The_Flid: calls $6
*** RIVER *** [3c 2d 9d 3d] [Jc]
The_Flid: bets $6
Chessnok: raises $6 to $12
The_Flid: calls $6
*** SHOW DOWN ***
Chessnok: shows [Jd 3h] (a full house, Threes full of Jacks)
The_Flid: mucks hand
Chessnok collected $71.50 from pot
*** SUMMARY ***
Total pot $72 | Rake $0.50
Board [3c 2d 9d 3d Jc]
Seat 3: The_Flid (big blind) mucked
Seat 5: Chessnok (button) (small blind) showed [Jd 3h] and won ($71.50) with a full house, Threes full of Jacks


PokerStars Hand #156359900920:  Hold'em Limit ($3/$6 USD) - 2016/07/23 19:24:27 ET
Table 'Pomona' 6-max Seat #3 is the button
Seat 3: The_Flid ($71.47 in chips)
Seat 5: Chessnok ($191.76 in chips)
The_Flid: posts small blind $1
Chessnok: posts big blind $3
*** HOLE CARDS ***
The_Flid: folds
Uncalled bet ($2) returned to Chessnok
Chessnok collected $2 from pot
Chessnok: doesn't show hand
*** SUMMARY ***
Total pot $2 | Rake $0
Seat 3: The_Flid (button) (small blind) folded before Flop
Seat 5: Chessnok (big blind) collected ($2)


PokerStars Hand #156359913964:  Hold'em Limit ($3/$6 USD) - 2016/07/23 19:24:51 ET
Table 'Pomona' 6-max Seat #3 is the button
Seat 3: The_Flid ($40.47 in chips)
Seat 5: Chessnok ($222.26 in chips)
The_Flid: posts small blind $1
Chessnok: posts big blind $3
*** HOLE CARDS ***
The_Flid: folds
Uncalled bet ($2) returned to Chessnok
The_Flid leaves the table
Chessnok collected $2 from pot
Chessnok: doesn't show hand
*** SUMMARY ***
Total pot $2 | Rake $0
Seat 3: The_Flid (button) (small blind) folded before Flop
Seat 5: Chessnok (big blind) collected ($2)


PokerStars Hand #156359903444:  Hold'em Limit ($3/$6 USD) - 2016/07/23 19:24:32 ET
Table 'Pomona' 6-max Seat #5 is the button
Seat 3: The_Flid ($70.47 in chips)
Seat 5: Chessnok ($192.76 in chips)
Chessnok: posts small blind $1
The_Flid: posts big blind $3
*** HOLE CARDS ***
Chessnok: raises $3 to $6
The_Flid: raises $3 to $9
Chessnok: calls $3
*** FLOP *** [8s 5h 6s]
The_Flid: bets $3
Chessnok: calls $3
*** TURN *** [8s 5h 6s] [Js]
The_Flid: bets $6
Chessnok: raises $6 to $12
The_Flid: calls $6
*** RIVER *** [8s 5h 6s Js] [3h]
The_Flid: checks
Chessnok: bets $6
The_Flid: calls $6
*** SHOW DOWN ***
Chessnok: shows [Ts 2s] (a flush, Jack high)
The_Flid: mucks hand
Chessnok collected $59.50 from pot
*** SUMMARY ***
Total pot $60 | Rake $0.50
Board [8s 5h 6s Js 3h]
Seat 3: The_Flid (big blind) mucked
Seat 5: Chessnok (button) (small blind) showed [Ts 2s] and won ($59.50) with a flush, Jack high


