PokerStars Hand #150476407648:  Hold'em Limit ($3/$6 USD) - 2016/03/17 1:25:05 ET
Table 'Pomona II' 6-max Seat #3 is the button
Seat 3: RomoStars ($30 in chips)
Seat 4: VolkovDmitri ($120 in chips)
RomoStars: posts small blind $1
VolkovDmitri: posts big blind $3
*** HOLE CARDS ***
RomoStars: raises $3 to $6
VolkovDmitri: calls $3
*** FLOP *** [3h 3d 2h]
VolkovDmitri: checks
RomoStars: bets $3
VolkovDmitri: calls $3
*** TURN *** [3h 3d 2h] [Ks]
VolkovDmitri: checks
RomoStars: checks
*** RIVER *** [3h 3d 2h Ks] [9c]
VolkovDmitri: checks
RomoStars: checks
*** SHOW DOWN ***
VolkovDmitri: shows [9s Jh] (two pair, Nines and Threes)
RomoStars: shows [Jd As] (a pair of Threes)
VolkovDmitri collected $17.64 from pot
*** SUMMARY ***
Total pot $18 | Rake $0.36
Board [3h 3d 2h Ks 9c]
Seat 3: RomoStars (button) (small blind) showed [Jd As] and lost with a pair of Threes
Seat 4: VolkovDmitri (big blind) showed [9s Jh] and won ($17.64) with two pair, Nines and Threes


PokerStars Hand #150476425637:  Hold'em Limit ($3/$6 USD) - 2016/03/17 1:26:17 ET
Table 'Pomona II' 6-max Seat #4 is the button
Seat 3: RomoStars ($21 in chips)
Seat 4: VolkovDmitri ($128.64 in chips)
VolkovDmitri: posts small blind $1
RomoStars: posts big blind $3
*** HOLE CARDS ***
VolkovDmitri: raises $3 to $6
RomoStars: folds
Uncalled bet ($3) returned to VolkovDmitri
VolkovDmitri collected $6 from pot
VolkovDmitri: doesn't show hand
*** SUMMARY ***
Total pot $6 | Rake $0
Seat 3: RomoStars (big blind) folded before Flop
Seat 4: VolkovDmitri (button) (small blind) collected ($6)


PokerStars Hand #150476435684:  Hold'em Limit ($3/$6 USD) - 2016/03/17 1:26:58 ET
Table 'Pomona II' 6-max Seat #4 is the button
Seat 3: RomoStars ($20.88 in chips)
Seat 4: VolkovDmitri ($128.64 in chips)
VolkovDmitri: posts small blind $1
RomoStars: posts big blind $3
*** HOLE CARDS ***
VolkovDmitri: raises $3 to $6
RomoStars: folds
Uncalled bet ($3) returned to VolkovDmitri
VolkovDmitri collected $6 from pot
VolkovDmitri: doesn't show hand
*** SUMMARY ***
Total pot $6 | Rake $0
Seat 3: RomoStars (big blind) folded before Flop
Seat 4: VolkovDmitri (button) (small blind) collected ($6)


PokerStars Hand #150476427374:  Hold'em Limit ($3/$6 USD) - 2016/03/17 1:26:24 ET
Table 'Pomona II' 6-max Seat #3 is the button
Seat 3: RomoStars ($18 in chips)
Seat 4: VolkovDmitri ($131.64 in chips)
RomoStars: posts small blind $1
VolkovDmitri: posts big blind $3
*** HOLE CARDS ***
RomoStars: calls $2
VolkovDmitri: checks
*** FLOP *** [5d 8s Jd]
VolkovDmitri: checks
RomoStars: checks
*** TURN *** [5d 8s Jd] [7s]
VolkovDmitri: checks
RomoStars: bets $6
RomoStars said, "zzzzzzzzzzzzzzzzzz"
VolkovDmitri: folds
Uncalled bet ($6) returned to RomoStars
RomoStars collected $5.88 from pot
RomoStars: doesn't show hand
*** SUMMARY ***
Total pot $6 | Rake $0.12
Board [5d 8s Jd 7s]
Seat 3: RomoStars (button) (small blind) collected ($5.88)
Seat 4: VolkovDmitri (big blind) folded on the Turn


PokerStars Hand #150476437074:  Hold'em Limit ($3/$6 USD) - 2016/03/17 1:27:03 ET
Table 'Pomona II' 6-max Seat #3 is the button
Seat 3: RomoStars ($17.88 in chips)
Seat 4: VolkovDmitri ($131.64 in chips)
RomoStars: posts small blind $1
VolkovDmitri: posts big blind $3
*** HOLE CARDS ***
RomoStars: raises $3 to $6
VolkovDmitri: raises $3 to $9
RomoStars: calls $3
*** FLOP *** [5d Th Kc]
VolkovDmitri: bets $3
RomoStars: folds
Uncalled bet ($3) returned to VolkovDmitri
VolkovDmitri collected $17.64 from pot
VolkovDmitri: doesn't show hand
*** SUMMARY ***
Total pot $18 | Rake $0.36
Board [5d Th Kc]
Seat 3: RomoStars (button) (small blind) folded on the Flop
Seat 4: VolkovDmitri (big blind) collected ($17.64)


PokerStars Hand #150476442700:  Hold'em Limit ($3/$6 USD) - 2016/03/17 1:27:26 ET
Table 'Pomona II' 6-max Seat #3 is the button
Seat 3: RomoStars ($65.88 in chips)
Seat 4: VolkovDmitri ($143.28 in chips)
RomoStars: posts small blind $1
VolkovDmitri: posts big blind $3
*** HOLE CARDS ***
RomoStars: folds
Uncalled bet ($2) returned to VolkovDmitri
VolkovDmitri collected $2 from pot
VolkovDmitri: doesn't show hand
*** SUMMARY ***
Total pot $2 | Rake $0
Seat 3: RomoStars (button) (small blind) folded before Flop
Seat 4: VolkovDmitri (big blind) collected ($2)


PokerStars Hand #150476440969:  Hold'em Limit ($3/$6 USD) - 2016/03/17 1:27:19 ET
Table 'Pomona II' 6-max Seat #4 is the button
Seat 3: RomoStars ($68.88 in chips)
Seat 4: VolkovDmitri ($140.28 in chips)
VolkovDmitri: posts small blind $1
RomoStars: posts big blind $3
*** HOLE CARDS ***
VolkovDmitri: raises $3 to $6
RomoStars: folds
Uncalled bet ($3) returned to VolkovDmitri
VolkovDmitri collected $6 from pot
VolkovDmitri: doesn't show hand
*** SUMMARY ***
Total pot $6 | Rake $0
Seat 3: RomoStars (big blind) folded before Flop
Seat 4: VolkovDmitri (button) (small blind) collected ($6)


PokerStars Hand #150476444307:  Hold'em Limit ($3/$6 USD) - 2016/03/17 1:27:32 ET
Table 'Pomona II' 6-max Seat #4 is the button
Seat 3: RomoStars ($64.88 in chips)
Seat 4: VolkovDmitri ($144.28 in chips)
VolkovDmitri: posts small blind $1
RomoStars: posts big blind $3
*** HOLE CARDS ***
VolkovDmitri: raises $3 to $6
RomoStars: folds
Uncalled bet ($3) returned to VolkovDmitri
VolkovDmitri collected $6 from pot
VolkovDmitri: doesn't show hand
*** SUMMARY ***
Total pot $6 | Rake $0
Seat 3: RomoStars (big blind) folded before Flop
Seat 4: VolkovDmitri (button) (small blind) collected ($6)


PokerStars Hand #150476445969:  Hold'em Limit ($3/$6 USD) - 2016/03/17 1:27:39 ET
Table 'Pomona II' 6-max Seat #3 is the button
Seat 3: RomoStars ($61.88 in chips)
Seat 4: VolkovDmitri ($147.28 in chips)
RomoStars: posts small blind $1
VolkovDmitri: posts big blind $3
*** HOLE CARDS ***
RomoStars: raises $3 to $6
VolkovDmitri: calls $3
*** FLOP *** [6c Kd 7c]
VolkovDmitri: checks
RomoStars: bets $3
VolkovDmitri: calls $3
*** TURN *** [6c Kd 7c] [9d]
VolkovDmitri: bets $6
RomoStars: calls $6
*** RIVER *** [6c Kd 7c 9d] [Th]
VolkovDmitri: checks
RomoStars: bets $6
VolkovDmitri: calls $6
*** SHOW DOWN ***
RomoStars: shows [7s 8d] (a straight, Six to Ten)
VolkovDmitri: mucks hand
RomoStars collected $41.50 from pot
*** SUMMARY ***
Total pot $42 | Rake $0.50
Board [6c Kd 7c 9d Th]
Seat 3: RomoStars (button) (small blind) showed [7s 8d] and won ($41.50) with a straight, Six to Ten
Seat 4: VolkovDmitri (big blind) mucked


PokerStars Hand #150476452384:  Hold'em Limit ($3/$6 USD) - 2016/03/17 1:28:04 ET
Table 'Pomona II' 6-max Seat #4 is the button
Seat 3: RomoStars ($82.38 in chips)
Seat 4: VolkovDmitri ($126.28 in chips)
VolkovDmitri: posts small blind $1
RomoStars: posts big blind $3
*** HOLE CARDS ***
VolkovDmitri: raises $3 to $6
RomoStars: folds
Uncalled bet ($3) returned to VolkovDmitri
VolkovDmitri collected $6 from pot
VolkovDmitri: doesn't show hand
*** SUMMARY ***
Total pot $6 | Rake $0
Seat 3: RomoStars (big blind) folded before Flop
Seat 4: VolkovDmitri (button) (small blind) collected ($6)


PokerStars Hand #150476454801:  Hold'em Limit ($3/$6 USD) - 2016/03/17 1:28:14 ET
Table 'Pomona II' 6-max Seat #3 is the button
Seat 3: RomoStars ($79.38 in chips)
Seat 4: VolkovDmitri ($129.28 in chips)
RomoStars: posts small blind $1
VolkovDmitri: posts big blind $3
*** HOLE CARDS ***
RomoStars: calls $2
VolkovDmitri: raises $3 to $6
RomoStars: calls $3
*** FLOP *** [5h 8h 4s]
VolkovDmitri: bets $3
RomoStars: raises $3 to $6
VolkovDmitri: calls $3
*** TURN *** [5h 8h 4s] [6h]
VolkovDmitri: checks
RomoStars: bets $6
VolkovDmitri: raises $6 to $12
RomoStars: calls $6
*** RIVER *** [5h 8h 4s 6h] [As]
VolkovDmitri: bets $6
RomoStars: folds
Uncalled bet ($6) returned to VolkovDmitri
VolkovDmitri collected $47.50 from pot
VolkovDmitri: doesn't show hand
*** SUMMARY ***
Total pot $48 | Rake $0.50
Board [5h 8h 4s 6h As]
Seat 3: RomoStars (button) (small blind) folded on the River
Seat 4: VolkovDmitri (big blind) collected ($47.50)


PokerStars Hand #150476462318:  Hold'em Limit ($3/$6 USD) - 2016/03/17 1:28:44 ET
Table 'Pomona II' 6-max Seat #4 is the button
Seat 3: RomoStars ($55.38 in chips)
Seat 4: VolkovDmitri ($152.78 in chips)
VolkovDmitri: posts small blind $1
RomoStars: posts big blind $3
*** HOLE CARDS ***
VolkovDmitri: raises $3 to $6
RomoStars: calls $3
*** FLOP *** [7c As Ac]
RomoStars: checks
VolkovDmitri: bets $3
RomoStars: calls $3
*** TURN *** [7c As Ac] [Qs]
RomoStars: checks
VolkovDmitri: checks
*** RIVER *** [7c As Ac Qs] [7h]
RomoStars: bets $6
VolkovDmitri: folds
Uncalled bet ($6) returned to RomoStars
RomoStars collected $17.64 from pot
RomoStars: doesn't show hand
*** SUMMARY ***
Total pot $18 | Rake $0.36
Board [7c As Ac Qs 7h]
Seat 3: RomoStars (big blind) collected ($17.64)
Seat 4: VolkovDmitri (button) (small blind) folded on the River


PokerStars Hand #150476467580:  Hold'em Limit ($3/$6 USD) - 2016/03/17 1:29:06 ET
Table 'Pomona II' 6-max Seat #3 is the button
Seat 3: RomoStars ($64.02 in chips)
Seat 4: VolkovDmitri ($143.78 in chips)
RomoStars: posts small blind $1
VolkovDmitri: posts big blind $3
*** HOLE CARDS ***
RomoStars: raises $3 to $6
VolkovDmitri: raises $3 to $9
RomoStars: raises $3 to $12
Betting is capped
VolkovDmitri: calls $3
*** FLOP *** [7h Qs 8s]
VolkovDmitri: checks
RomoStars: bets $3
VolkovDmitri: calls $3
*** TURN *** [7h Qs 8s] [4c]
VolkovDmitri: checks
RomoStars: bets $6
VolkovDmitri: calls $6
*** RIVER *** [7h Qs 8s 4c] [Ad]
VolkovDmitri: bets $6
RomoStars: folds
Uncalled bet ($6) returned to VolkovDmitri
VolkovDmitri collected $41.50 from pot
VolkovDmitri: doesn't show hand
*** SUMMARY ***
Total pot $42 | Rake $0.50
Board [7h Qs 8s 4c Ad]
Seat 3: RomoStars (button) (small blind) folded on the River
Seat 4: VolkovDmitri (big blind) collected ($41.50)


PokerStars Hand #150476477315:  Hold'em Limit ($3/$6 USD) - 2016/03/17 1:29:45 ET
Table 'Pomona II' 6-max Seat #4 is the button
Seat 3: RomoStars ($43.02 in chips)
Seat 4: VolkovDmitri ($164.28 in chips)
VolkovDmitri: posts small blind $1
RomoStars: posts big blind $3
*** HOLE CARDS ***
VolkovDmitri: raises $3 to $6
RomoStars: raises $3 to $9
VolkovDmitri: calls $3
*** FLOP *** [8h 7s Ts]
RomoStars: bets $3
VolkovDmitri: calls $3
*** TURN *** [8h 7s Ts] [2h]
RomoStars: bets $6
VolkovDmitri: calls $6
*** RIVER *** [8h 7s Ts 2h] [4c]
RomoStars: bets $6
VolkovDmitri: folds
Uncalled bet ($6) returned to RomoStars
RomoStars collected $35.50 from pot
RomoStars: doesn't show hand
*** SUMMARY ***
Total pot $36 | Rake $0.50
Board [8h 7s Ts 2h 4c]
Seat 3: RomoStars (big blind) collected ($35.50)
Seat 4: VolkovDmitri (button) (small blind) folded on the River


PokerStars Hand #150476482558:  Hold'em Limit ($3/$6 USD) - 2016/03/17 1:30:06 ET
Table 'Pomona II' 6-max Seat #3 is the button
Seat 3: RomoStars ($60.52 in chips)
Seat 4: VolkovDmitri ($146.28 in chips)
RomoStars: posts small blind $1
VolkovDmitri: posts big blind $3
*** HOLE CARDS ***
RomoStars: raises $3 to $6
VolkovDmitri: calls $3
*** FLOP *** [3c 7s Jc]
VolkovDmitri: checks
RomoStars: bets $3
VolkovDmitri: calls $3
*** TURN *** [3c 7s Jc] [8h]
VolkovDmitri: checks
RomoStars: bets $6
VolkovDmitri: calls $6
*** RIVER *** [3c 7s Jc 8h] [Kh]
VolkovDmitri: bets $6
RomoStars: calls $6
*** SHOW DOWN ***
VolkovDmitri: shows [Kc Th] (a pair of Kings)
RomoStars: shows [8c Qc] (a pair of Eights)
VolkovDmitri collected $41.50 from pot
*** SUMMARY ***
Total pot $42 | Rake $0.50
Board [3c 7s Jc 8h Kh]
Seat 3: RomoStars (button) (small blind) showed [8c Qc] and lost with a pair of Eights
Seat 4: VolkovDmitri (big blind) showed [Kc Th] and won ($41.50) with a pair of Kings


PokerStars Hand #150476489497:  Hold'em Limit ($3/$6 USD) - 2016/03/17 1:30:35 ET
Table 'Pomona II' 6-max Seat #4 is the button
Seat 3: RomoStars ($39.52 in chips)
Seat 4: VolkovDmitri ($166.78 in chips)
VolkovDmitri: posts small blind $1
RomoStars: posts big blind $3
*** HOLE CARDS ***
VolkovDmitri: raises $3 to $6
RomoStars said, "how bad are you"
RomoStars: calls $3
*** FLOP *** [4c 6c As]
RomoStars: checks
VolkovDmitri: bets $3
RomoStars: raises $3 to $6
VolkovDmitri said, ":)"
VolkovDmitri: calls $3
*** TURN *** [4c 6c As] [Ad]
RomoStars: bets $6
VolkovDmitri: calls $6
*** RIVER *** [4c 6c As Ad] [5s]
RomoStars: bets $6
VolkovDmitri: calls $6
*** SHOW DOWN ***
RomoStars: shows [Kc 8h] (a pair of Aces)
VolkovDmitri: shows [Qc 6h] (two pair, Aces and Sixes)
VolkovDmitri collected $47.50 from pot
*** SUMMARY ***
Total pot $48 | Rake $0.50
Board [4c 6c As Ad 5s]
Seat 3: RomoStars (big blind) showed [Kc 8h] and lost with a pair of Aces
Seat 4: VolkovDmitri (button) (small blind) showed [Qc 6h] and won ($47.50) with two pair, Aces and Sixes


PokerStars Hand #150476496610:  Hold'em Limit ($3/$6 USD) - 2016/03/17 1:31:04 ET
Table 'Pomona II' 6-max Seat #3 is the button
Seat 3: RomoStars ($15.52 in chips)
Seat 4: VolkovDmitri ($190.28 in chips)
RomoStars: posts small blind $1
VolkovDmitri: posts big blind $3
*** HOLE CARDS ***
RomoStars: raises $3 to $6
VolkovDmitri: raises $3 to $9
RomoStars: calls $3
*** FLOP *** [Ad Kc Ah]
VolkovDmitri: checks
RomoStars: checks
*** TURN *** [Ad Kc Ah] [As]
VolkovDmitri: checks
RomoStars: checks
*** RIVER *** [Ad Kc Ah As] [Kd]
VolkovDmitri: bets $6
RomoStars: calls $6
*** SHOW DOWN ***
VolkovDmitri: shows [Qh Ac] (four of a kind, Aces)
RomoStars: mucks hand
VolkovDmitri collected $29.50 from pot
*** SUMMARY ***
Total pot $30 | Rake $0.50
Board [Ad Kc Ah As Kd]
Seat 3: RomoStars (button) (small blind) mucked
Seat 4: VolkovDmitri (big blind) showed [Qh Ac] and won ($29.50) with four of a kind, Aces


PokerStars Hand #150476501944:  Hold'em Limit ($3/$6 USD) - 2016/03/17 1:31:26 ET
Table 'Pomona II' 6-max Seat #4 is the button
Seat 3: RomoStars ($60.52 in chips)
Seat 4: VolkovDmitri ($204.78 in chips)
VolkovDmitri: posts small blind $1
RomoStars: posts big blind $3
*** HOLE CARDS ***
VolkovDmitri: raises $3 to $6
RomoStars: calls $3
*** FLOP *** [Tc 2c 3d]
RomoStars: checks
VolkovDmitri: bets $3
RomoStars: calls $3
*** TURN *** [Tc 2c 3d] [9h]
RomoStars: checks
VolkovDmitri: checks
*** RIVER *** [Tc 2c 3d 9h] [4s]
RomoStars: bets $6
VolkovDmitri: folds
Uncalled bet ($6) returned to RomoStars
RomoStars collected $17.64 from pot
*** SUMMARY ***
Total pot $18 | Rake $0.36
Board [Tc 2c 3d 9h 4s]
Seat 3: RomoStars (big blind) collected ($17.64)
Seat 4: VolkovDmitri (button) (small blind) folded on the River


PokerStars Hand #150476508361:  Hold'em Limit ($3/$6 USD) - 2016/03/17 1:31:52 ET
Table 'Pomona II' 6-max Seat #3 is the button
Seat 3: RomoStars ($69.16 in chips)
Seat 4: VolkovDmitri ($195.78 in chips)
RomoStars: posts small blind $1
VolkovDmitri: posts big blind $3
*** HOLE CARDS ***
RomoStars: raises $3 to $6
VolkovDmitri: calls $3
*** FLOP *** [8c 7h Kc]
VolkovDmitri: checks
RomoStars: bets $3
VolkovDmitri: raises $3 to $6
RomoStars: raises $3 to $9
VolkovDmitri: calls $3
*** TURN *** [8c 7h Kc] [7d]
VolkovDmitri: checks
RomoStars: bets $6
VolkovDmitri: calls $6
*** RIVER *** [8c 7h Kc 7d] [Qh]
VolkovDmitri: checks
RomoStars: bets $6
VolkovDmitri: calls $6
*** SHOW DOWN ***
RomoStars: shows [Ks Jc] (two pair, Kings and Sevens)
VolkovDmitri: shows [2c Kd] (two pair, Kings and Sevens)
VolkovDmitri collected $26.75 from pot
RomoStars collected $26.75 from pot
*** SUMMARY ***
Total pot $54 | Rake $0.50
Board [8c 7h Kc 7d Qh]
Seat 3: RomoStars (button) (small blind) showed [Ks Jc] and won ($26.75) with two pair, Kings and Sevens
Seat 4: VolkovDmitri (big blind) showed [2c Kd] and won ($26.75) with two pair, Kings and Sevens


PokerStars Hand #150476516253:  Hold'em Limit ($3/$6 USD) - 2016/03/17 1:32:24 ET
Table 'Pomona II' 6-max Seat #3 is the button
Seat 3: RomoStars ($65.91 in chips)
Seat 4: VolkovDmitri ($198.53 in chips)
RomoStars: posts small blind $1
VolkovDmitri: posts big blind $3
*** HOLE CARDS ***
RomoStars: folds
Uncalled bet ($2) returned to VolkovDmitri
VolkovDmitri collected $2 from pot
VolkovDmitri: doesn't show hand
*** SUMMARY ***
Total pot $2 | Rake $0
Seat 3: RomoStars (button) (small blind) folded before Flop
Seat 4: VolkovDmitri (big blind) collected ($2)


PokerStars Hand #150476514325:  Hold'em Limit ($3/$6 USD) - 2016/03/17 1:32:16 ET
Table 'Pomona II' 6-max Seat #4 is the button
Seat 3: RomoStars ($68.91 in chips)
Seat 4: VolkovDmitri ($195.53 in chips)
VolkovDmitri: posts small blind $1
RomoStars: posts big blind $3
*** HOLE CARDS ***
VolkovDmitri: raises $3 to $6
RomoStars: folds
Uncalled bet ($3) returned to VolkovDmitri
VolkovDmitri collected $6 from pot
VolkovDmitri: doesn't show hand
*** SUMMARY ***
Total pot $6 | Rake $0
Seat 3: RomoStars (big blind) folded before Flop
Seat 4: VolkovDmitri (button) (small blind) collected ($6)


PokerStars Hand #150476517617:  Hold'em Limit ($3/$6 USD) - 2016/03/17 1:32:30 ET
Table 'Pomona II' 6-max Seat #4 is the button
Seat 3: RomoStars ($64.91 in chips)
Seat 4: VolkovDmitri ($199.53 in chips)
VolkovDmitri: posts small blind $1
RomoStars: posts big blind $3
*** HOLE CARDS ***
VolkovDmitri: raises $3 to $6
RomoStars: folds
Uncalled bet ($3) returned to VolkovDmitri
VolkovDmitri collected $6 from pot
VolkovDmitri: doesn't show hand
*** SUMMARY ***
Total pot $6 | Rake $0
Seat 3: RomoStars (big blind) folded before Flop
Seat 4: VolkovDmitri (button) (small blind) collected ($6)


PokerStars Hand #150476525860:  Hold'em Limit ($3/$6 USD) - 2016/03/17 1:33:04 ET
Table 'Pomona II' 6-max Seat #4 is the button
Seat 3: RomoStars ($67.67 in chips)
Seat 4: VolkovDmitri ($196.53 in chips)
VolkovDmitri: posts small blind $1
RomoStars: posts big blind $3
*** HOLE CARDS ***
VolkovDmitri: raises $3 to $6
RomoStars: folds
Uncalled bet ($3) returned to VolkovDmitri
VolkovDmitri collected $6 from pot
VolkovDmitri: doesn't show hand
*** SUMMARY ***
Total pot $6 | Rake $0
Seat 3: RomoStars (big blind) folded before Flop
Seat 4: VolkovDmitri (button) (small blind) collected ($6)


PokerStars Hand #150476520915:  Hold'em Limit ($3/$6 USD) - 2016/03/17 1:32:43 ET
Table 'Pomona II' 6-max Seat #3 is the button
Seat 3: RomoStars ($61.91 in chips)
Seat 4: VolkovDmitri ($202.53 in chips)
RomoStars: posts small blind $1
VolkovDmitri: posts big blind $3
*** HOLE CARDS ***
RomoStars: raises $3 to $6
VolkovDmitri: calls $3
*** FLOP *** [8c Kd 6h]
VolkovDmitri: checks
RomoStars: bets $3
VolkovDmitri: folds
Uncalled bet ($3) returned to RomoStars
RomoStars collected $11.76 from pot
*** SUMMARY ***
Total pot $12 | Rake $0.24
Board [8c Kd 6h]
Seat 3: RomoStars (button) (small blind) collected ($11.76)
Seat 4: VolkovDmitri (big blind) folded on the Flop


PokerStars Hand #150476528331:  Hold'em Limit ($3/$6 USD) - 2016/03/17 1:33:14 ET
Table 'Pomona II' 6-max Seat #3 is the button
Seat 3: RomoStars ($64.67 in chips)
Seat 4: VolkovDmitri ($199.53 in chips)
RomoStars: posts small blind $1
VolkovDmitri: posts big blind $3
*** HOLE CARDS ***
RomoStars: calls $2
VolkovDmitri: checks
*** FLOP *** [As 8h 5d]
VolkovDmitri: checks
RomoStars: checks
*** TURN *** [As 8h 5d] [2c]
VolkovDmitri: checks
RomoStars: checks
*** RIVER *** [As 8h 5d 2c] [Ks]
VolkovDmitri: checks
RomoStars said, "cmon you jew"
RomoStars: checks
*** SHOW DOWN ***
VolkovDmitri: shows [4h 8s] (a pair of Eights)
RomoStars: mucks hand
VolkovDmitri collected $5.88 from pot
*** SUMMARY ***
Total pot $6 | Rake $0.12
Board [As 8h 5d 2c Ks]
Seat 3: RomoStars (button) (small blind) mucked
Seat 4: VolkovDmitri (big blind) showed [4h 8s] and won ($5.88) with a pair of Eights


PokerStars Hand #150476537359:  Hold'em Limit ($3/$6 USD) - 2016/03/17 1:33:50 ET
Table 'Pomona II' 6-max Seat #4 is the button
Seat 3: RomoStars ($61.67 in chips)
Seat 4: VolkovDmitri ($202.41 in chips)
VolkovDmitri: posts small blind $1
RomoStars: posts big blind $3
*** HOLE CARDS ***
VolkovDmitri: raises $3 to $6
RomoStars: calls $3
*** FLOP *** [5d 3s 2s]
RomoStars: checks
VolkovDmitri: bets $3
RomoStars: calls $3
*** TURN *** [5d 3s 2s] [Ts]
RomoStars: checks
VolkovDmitri: checks
*** RIVER *** [5d 3s 2s Ts] [7s]
RomoStars: bets $6
VolkovDmitri: calls $6
*** SHOW DOWN ***
RomoStars: shows [Ks 8h] (a flush, King high)
VolkovDmitri: mucks hand
RomoStars collected $29.50 from pot
*** SUMMARY ***
Total pot $30 | Rake $0.50
Board [5d 3s 2s Ts 7s]
Seat 3: RomoStars (big blind) showed [Ks 8h] and won ($29.50) with a flush, King high
Seat 4: VolkovDmitri (button) (small blind) mucked


PokerStars Hand #150476549735:  Hold'em Limit ($3/$6 USD) - 2016/03/17 1:34:40 ET
Table 'Pomona II' 6-max Seat #3 is the button
Seat 3: RomoStars ($76.17 in chips)
Seat 4: VolkovDmitri ($187.41 in chips)
RomoStars: posts small blind $1
VolkovDmitri: posts big blind $3
*** HOLE CARDS ***
RomoStars: raises $3 to $6
VolkovDmitri: folds
Uncalled bet ($3) returned to RomoStars
RomoStars collected $6 from pot
RomoStars: doesn't show hand
*** SUMMARY ***
Total pot $6 | Rake $0
Seat 3: RomoStars (button) (small blind) collected ($6)
Seat 4: VolkovDmitri (big blind) folded before Flop


PokerStars Hand #150476551730:  Hold'em Limit ($3/$6 USD) - 2016/03/17 1:34:48 ET
Table 'Pomona II' 6-max Seat #4 is the button
Seat 3: RomoStars ($79.17 in chips)
Seat 4: VolkovDmitri ($184.41 in chips)
VolkovDmitri: posts small blind $1
RomoStars: posts big blind $3
*** HOLE CARDS ***
VolkovDmitri: raises $3 to $6
RomoStars: raises $3 to $9
VolkovDmitri: calls $3
*** FLOP *** [2h Ts Th]
RomoStars: bets $3
VolkovDmitri: calls $3
*** TURN *** [2h Ts Th] [2c]
RomoStars: checks
VolkovDmitri: bets $6
RomoStars: calls $6
*** RIVER *** [2h Ts Th 2c] [Ac]
RomoStars: checks
VolkovDmitri: bets $6
RomoStars: calls $6
*** SHOW DOWN ***
VolkovDmitri: shows [Ks 2s] (a full house, Deuces full of Tens)
RomoStars: shows [Kh As] (two pair, Aces and Tens)
VolkovDmitri collected $47.50 from pot
*** SUMMARY ***
Total pot $48 | Rake $0.50
Board [2h Ts Th 2c Ac]
Seat 3: RomoStars (big blind) showed [Kh As] and lost with two pair, Aces and Tens
Seat 4: VolkovDmitri (button) (small blind) showed [Ks 2s] and won ($47.50) with a full house, Deuces full of Tens


PokerStars Hand #150476560393:  Hold'em Limit ($3/$6 USD) - 2016/03/17 1:35:23 ET
Table 'Pomona II' 6-max Seat #3 is the button
Seat 3: RomoStars ($55.17 in chips)
Seat 4: VolkovDmitri ($207.91 in chips)
RomoStars: posts small blind $1
VolkovDmitri: posts big blind $3
*** HOLE CARDS ***
RomoStars: folds
Uncalled bet ($2) returned to VolkovDmitri
VolkovDmitri collected $2 from pot
VolkovDmitri: doesn't show hand
*** SUMMARY ***
Total pot $2 | Rake $0
Seat 3: RomoStars (button) (small blind) folded before Flop
Seat 4: VolkovDmitri (big blind) collected ($2)


PokerStars Hand #150476563646:  Hold'em Limit ($3/$6 USD) - 2016/03/17 1:35:36 ET
Table 'Pomona II' 6-max Seat #3 is the button
Seat 3: RomoStars ($51.17 in chips)
Seat 4: VolkovDmitri ($211.91 in chips)
RomoStars: posts small blind $1
VolkovDmitri: posts big blind $3
*** HOLE CARDS ***
RomoStars: folds
Uncalled bet ($2) returned to VolkovDmitri
VolkovDmitri collected $2 from pot
VolkovDmitri: doesn't show hand
*** SUMMARY ***
Total pot $2 | Rake $0
Seat 3: RomoStars (button) (small blind) folded before Flop
Seat 4: VolkovDmitri (big blind) collected ($2)


PokerStars Hand #150476562248:  Hold'em Limit ($3/$6 USD) - 2016/03/17 1:35:31 ET
Table 'Pomona II' 6-max Seat #4 is the button
Seat 3: RomoStars ($54.17 in chips)
Seat 4: VolkovDmitri ($208.91 in chips)
VolkovDmitri: posts small blind $1
RomoStars: posts big blind $3
*** HOLE CARDS ***
VolkovDmitri: raises $3 to $6
RomoStars: folds
Uncalled bet ($3) returned to VolkovDmitri
VolkovDmitri collected $6 from pot
VolkovDmitri: doesn't show hand
*** SUMMARY ***
Total pot $6 | Rake $0
Seat 3: RomoStars (big blind) folded before Flop
Seat 4: VolkovDmitri (button) (small blind) collected ($6)


PokerStars Hand #150476565129:  Hold'em Limit ($3/$6 USD) - 2016/03/17 1:35:42 ET
Table 'Pomona II' 6-max Seat #4 is the button
Seat 3: RomoStars ($50.17 in chips)
Seat 4: VolkovDmitri ($212.91 in chips)
VolkovDmitri: posts small blind $1
RomoStars: posts big blind $3
*** HOLE CARDS ***
VolkovDmitri: raises $3 to $6
RomoStars: calls $3
*** FLOP *** [Jc 9d 8h]
RomoStars: checks
VolkovDmitri: checks
*** TURN *** [Jc 9d 8h] [3c]
RomoStars: checks
VolkovDmitri: bets $6
RomoStars: calls $6
*** RIVER *** [Jc 9d 8h 3c] [Qs]
RomoStars: bets $6
VolkovDmitri: folds
Uncalled bet ($6) returned to RomoStars
RomoStars collected $23.52 from pot
*** SUMMARY ***
Total pot $24 | Rake $0.48
Board [Jc 9d 8h 3c Qs]
Seat 3: RomoStars (big blind) collected ($23.52)
Seat 4: VolkovDmitri (button) (small blind) folded on the River


PokerStars Hand #150476572188:  Hold'em Limit ($3/$6 USD) - 2016/03/17 1:36:11 ET
Table 'Pomona II' 6-max Seat #3 is the button
Seat 3: RomoStars ($61.69 in chips)
Seat 4: VolkovDmitri ($200.91 in chips)
RomoStars: posts small blind $1
VolkovDmitri: posts big blind $3
*** HOLE CARDS ***
RomoStars: raises $3 to $6
VolkovDmitri is disconnected
VolkovDmitri has timed out while disconnected
VolkovDmitri: folds
Uncalled bet ($3) returned to RomoStars
RomoStars collected $6 from pot
*** SUMMARY ***
Total pot $6 | Rake $0
Seat 3: RomoStars (button) (small blind) collected ($6)
Seat 4: VolkovDmitri (big blind) folded before Flop


