PokerStars Hand #163059780866:  Hold'em Limit ($3/$6 USD) - 2016/12/16 19:56:35 ET
Table 'Pompeja' 6-max Seat #5 is the button
Seat 5: ovidius2009 ($21.24 in chips)
Seat 6: GoliafUa ($154 in chips)
ovidius2009: posts small blind $1
GoliafUa: posts big blind $3
*** HOLE CARDS ***
ovidius2009: calls $2
GoliafUa: checks
*** FLOP *** [9s Jd Qs]
GoliafUa: bets $3
ovidius2009: calls $3
*** TURN *** [9s Jd Qs] [5c]
GoliafUa: bets $6
ovidius2009: calls $6
*** RIVER *** [9s Jd Qs 5c] [6d]
GoliafUa: bets $6
LifeisagameX leaves the table
ovidius2009: folds
Uncalled bet ($6) returned to GoliafUa
GoliafUa collected $23.52 from pot
GoliafUa: doesn't show hand
*** SUMMARY ***
Total pot $24 | Rake $0.48
Board [9s Jd Qs 5c 6d]
Seat 5: ovidius2009 (button) (small blind) folded on the River
Seat 6: GoliafUa (big blind) collected ($23.52)


PokerStars Hand #163059788210:  Hold'em Limit ($3/$6 USD) - 2016/12/16 19:56:48 ET
Table 'Pompeja' 6-max Seat #6 is the button
Seat 5: ovidius2009 ($9.24 in chips)
Seat 6: GoliafUa ($165.52 in chips)
GoliafUa: posts small blind $1
ovidius2009: posts big blind $3
*** HOLE CARDS ***
GoliafUa: raises $3 to $6
ovidius2009: calls $3
*** FLOP *** [Kc 8d 9h]
ovidius2009: checks
GoliafUa: bets $3
ovidius2009: folds
Uncalled bet ($3) returned to GoliafUa
GoliafUa collected $11.76 from pot
GoliafUa: doesn't show hand
*** SUMMARY ***
Total pot $12 | Rake $0.24
Board [Kc 8d 9h]
Seat 5: ovidius2009 (big blind) folded on the Flop
Seat 6: GoliafUa (button) (small blind) collected ($11.76)


PokerStars Hand #163059792908:  Hold'em Limit ($3/$6 USD) - 2016/12/16 19:56:57 ET
Table 'Pompeja' 6-max Seat #5 is the button
Seat 5: ovidius2009 ($3.24 in chips)
Seat 6: GoliafUa ($171.28 in chips)
ovidius2009: posts small blind $1
GoliafUa: posts big blind $3
*** HOLE CARDS ***
ovidius2009: raises $0.24 to $3.24 and is all-in
GoliafUa: calls $0.24
*** FLOP *** [8s Jc 8d]
*** TURN *** [8s Jc 8d] [As]
*** RIVER *** [8s Jc 8d As] [Tc]
*** SHOW DOWN ***
GoliafUa: shows [3c 7c] (a pair of Eights)
ovidius2009: shows [9s Ks] (a pair of Eights - Ace+King kicker)
ovidius2009 collected $6.35 from pot
*** SUMMARY ***
Total pot $6.48 | Rake $0.13
Board [8s Jc 8d As Tc]
Seat 5: ovidius2009 (button) (small blind) showed [9s Ks] and won ($6.35) with a pair of Eights
Seat 6: GoliafUa (big blind) showed [3c 7c] and lost with a pair of Eights


PokerStars Hand #163059799043:  Hold'em Limit ($3/$6 USD) - 2016/12/16 19:57:09 ET
Table 'Pompeja' 6-max Seat #6 is the button
Seat 5: ovidius2009 ($6.35 in chips)
Seat 6: GoliafUa ($168.04 in chips)
GoliafUa: posts small blind $1
ovidius2009: posts big blind $3
*** HOLE CARDS ***
GoliafUa: raises $3 to $6
ovidius2009: raises $0.35 to $6.35 and is all-in
GoliafUa: calls $0.35
*** FLOP *** [2s 2c 8s]
*** TURN *** [2s 2c 8s] [Js]
*** RIVER *** [2s 2c 8s Js] [Jh]
*** SHOW DOWN ***
ovidius2009: shows [3c Kc] (two pair, Jacks and Deuces)
GoliafUa: shows [4c 3s] (two pair, Jacks and Deuces - lower kicker)
ovidius2009 collected $12.45 from pot
*** SUMMARY ***
Total pot $12.70 | Rake $0.25
Board [2s 2c 8s Js Jh]
Seat 5: ovidius2009 (big blind) showed [3c Kc] and won ($12.45) with two pair, Jacks and Deuces
Seat 6: GoliafUa (button) (small blind) showed [4c 3s] and lost with two pair, Jacks and Deuces


PokerStars Hand #163059806103:  Hold'em Limit ($3/$6 USD) - 2016/12/16 19:57:22 ET
Table 'Pompeja' 6-max Seat #5 is the button
Seat 5: ovidius2009 ($12.45 in chips)
Seat 6: GoliafUa ($161.69 in chips)
ovidius2009: posts small blind $1
GoliafUa: posts big blind $3
*** HOLE CARDS ***
ovidius2009: calls $2
GoliafUa: raises $3 to $6
ovidius2009: calls $3
*** FLOP *** [9d 4h 5s]
GoliafUa: bets $3
ovidius2009: calls $3
*** TURN *** [9d 4h 5s] [Qc]
GoliafUa: bets $6
ovidius2009: calls $3.45 and is all-in
Uncalled bet ($2.55) returned to GoliafUa
*** RIVER *** [9d 4h 5s Qc] [6h]
*** SHOW DOWN ***
GoliafUa: shows [Qh Qd] (three of a kind, Queens)
ovidius2009: shows [3h 4d] (a pair of Fours)
GoliafUa collected $24.40 from pot
*** SUMMARY ***
Total pot $24.90 | Rake $0.50
Board [9d 4h 5s Qc 6h]
Seat 5: ovidius2009 (button) (small blind) showed [3h 4d] and lost with a pair of Fours
Seat 6: GoliafUa (big blind) showed [Qh Qd] and won ($24.40) with three of a kind, Queens


