PokerStars Hand #144534366525:  Hold'em Limit ($3/$6 USD) - 2015/11/28 19:07:57 ET
Table 'Pompeja' 6-max Seat #6 is the button
Seat 2: ValeryRon ($96 in chips)
Seat 6: hairy1961 ($60 in chips)
hairy1961: posts small blind $1
ValeryRon: posts big blind $3
*** HOLE CARDS ***
vestimokrec joins the table at seat #3
hairy1961 is disconnected
hairy1961 has timed out while disconnected
hairy1961: folds
Uncalled bet ($2) returned to ValeryRon
ValeryRon collected $2 from pot
*** SUMMARY ***
Total pot $2 | Rake $0
Seat 2: ValeryRon (big blind) collected ($2)
Seat 6: hairy1961 (button) (small blind) folded before Flop


PokerStars Hand #144534579036:  Hold'em Limit ($3/$6 USD) - 2015/11/28 19:13:11 ET
Table 'Pompeja' 6-max Seat #5 is the button
Seat 4: korrnel ($93.38 in chips)
Seat 5: oj_pimpson ($121.67 in chips)
oj_pimpson: posts small blind $1
ValeryRon: is sitting out
vestimokrec: is sitting out
korrnel: posts big blind $3
*** HOLE CARDS ***
ValeryRon leaves the table
oj_pimpson: raises $3 to $6
vestimokrec leaves the table
korrnel: folds
Uncalled bet ($3) returned to oj_pimpson
oj_pimpson collected $6 from pot
*** SUMMARY ***
Total pot $6 | Rake $0
Seat 4: korrnel (big blind) folded before Flop
Seat 5: oj_pimpson (button) (small blind) collected ($6)


PokerStars Hand #144534759822:  Hold'em Limit ($3/$6 USD) - 2015/11/28 19:17:42 ET
Table 'Pompeja' 6-max Seat #5 is the button
Seat 1: ValeryRon ($95 in chips)
Seat 5: ohsherry123 ($37.53 in chips)
ohsherry123: posts small blind $1
ValeryRon: posts big blind $3
*** HOLE CARDS ***
ohsherry123: folds
Uncalled bet ($2) returned to ValeryRon
ValeryRon collected $2 from pot
*** SUMMARY ***
Total pot $2 | Rake $0
Seat 1: ValeryRon (big blind) collected ($2)
Seat 5: ohsherry123 (button) (small blind) folded before Flop


PokerStars Hand #144534754513:  Hold'em Limit ($3/$6 USD) - 2015/11/28 19:17:34 ET
Table 'Pompeja' 6-max Seat #1 is the button
Seat 1: ValeryRon ($96 in chips)
Seat 5: ohsherry123 ($36.53 in chips)
ValeryRon: posts small blind $1
ohsherry123: posts big blind $3
*** HOLE CARDS ***
vestimokrec joins the table at seat #4
ValeryRon: folds
Uncalled bet ($2) returned to ohsherry123
ohsherry123 collected $2 from pot
ohsherry123: doesn't show hand
*** SUMMARY ***
Total pot $2 | Rake $0
Seat 1: ValeryRon (button) (small blind) folded before Flop
Seat 5: ohsherry123 (big blind) collected ($2)


PokerStars Hand #144534951864:  Hold'em Limit ($3/$6 USD) - 2015/11/28 19:22:36 ET
Table 'Pompeja' 6-max Seat #2 is the button
Seat 2: korrnel ($102 in chips)
Seat 5: scorpio04 ($72 in chips)
tritratru will be allowed to play after the button
korrnel: posts small blind $1
oj_pimpson: is sitting out
vestimokrec: is sitting out
scorpio04: posts big blind $3
*** HOLE CARDS ***
korrnel: folds
Uncalled bet ($2) returned to scorpio04
scorpio04 collected $2 from pot
scorpio04: doesn't show hand
*** SUMMARY ***
Total pot $2 | Rake $0
Seat 2: korrnel (button) (small blind) folded before Flop
Seat 5: scorpio04 (big blind) collected ($2)


PokerStars Hand #144540307748:  Hold'em Limit ($3/$6 USD) - 2015/11/28 22:25:50 ET
Table 'Pompeja' 6-max Seat #5 is the button
Seat 1: Hsj2012 ($14 in chips)
Seat 5: scorpio04 ($219.99 in chips)
scorpio04: posts small blind $1
Hsj2012: posts big blind $3
*** HOLE CARDS ***
scorpio04: raises $3 to $6
Hsj2012: calls $3
*** FLOP *** [3h Qh 6s]
Hsj2012: checks
scorpio04: bets $3
Hsj2012: calls $3
*** TURN *** [3h Qh 6s] [8c]
Hsj2012: checks
scorpio04: bets $6
Hsj2012: calls $5 and is all-in
Uncalled bet ($1) returned to scorpio04
*** RIVER *** [3h Qh 6s 8c] [Ac]
*** SHOW DOWN ***
Hsj2012: shows [Kh Jd] (high card Ace)
scorpio04: shows [9c 6d] (a pair of Sixes)
scorpio04 collected $27.50 from pot
*** SUMMARY ***
Total pot $28 | Rake $0.50
Board [3h Qh 6s 8c Ac]
Seat 1: Hsj2012 (big blind) showed [Kh Jd] and lost with high card Ace
Seat 5: scorpio04 (button) (small blind) showed [9c 6d] and won ($27.50) with a pair of Sixes


