PokerStars Hand #160409157318:  Hold'em Limit ($3/$6 USD) - 2016/10/25 5:46:41 ET
Table 'Pompeja' 6-max Seat #4 is the button
Seat 3: xcgxcg2005 ($137.50 in chips)
Seat 4: Agrotait ($72 in chips)
Agrotait: posts small blind $1
xcgxcg2005: posts big blind $3
*** HOLE CARDS ***
Agrotait: folds
Uncalled bet ($2) returned to xcgxcg2005
xcgxcg2005 collected $2 from pot
xcgxcg2005: doesn't show hand
*** SUMMARY ***
Total pot $2 | Rake $0
Seat 3: xcgxcg2005 (big blind) collected ($2)
Seat 4: Agrotait (button) (small blind) folded before Flop


PokerStars Hand #160409147436:  Hold'em Limit ($3/$6 USD) - 2016/10/25 5:46:14 ET
Table 'Pompeja' 6-max Seat #3 is the button
Seat 3: xcgxcg2005 ($120 in chips)
Seat 4: Agrotait ($72 in chips)
xcgxcg2005: posts small blind $1
Agrotait: posts big blind $3
*** HOLE CARDS ***
xcgxcg2005: raises $3 to $6
Agrotait: raises $3 to $9
xcgxcg2005: calls $3
*** FLOP *** [Jd Ks 7c]
Agrotait: checks
xcgxcg2005: bets $3
Agrotait: calls $3
*** TURN *** [Jd Ks 7c] [6d]
Agrotait: checks
xcgxcg2005: bets $6
Agrotait: calls $6
*** RIVER *** [Jd Ks 7c 6d] [9d]
Agrotait: checks
xcgxcg2005: checks
*** SHOW DOWN ***
Agrotait: shows [Ts Ac] (high card Ace)
xcgxcg2005: shows [5c 5s] (a pair of Fives)
xcgxcg2005 collected $35.50 from pot
*** SUMMARY ***
Total pot $36 | Rake $0.50
Board [Jd Ks 7c 6d 9d]
Seat 3: xcgxcg2005 (button) (small blind) showed [5c 5s] and won ($35.50) with a pair of Fives
Seat 4: Agrotait (big blind) showed [Ts Ac] and lost with high card Ace


PokerStars Hand #160409160992:  Hold'em Limit ($3/$6 USD) - 2016/10/25 5:46:51 ET
Table 'Pompeja' 6-max Seat #3 is the button
Seat 3: xcgxcg2005 ($138.50 in chips)
Seat 4: Agrotait ($71 in chips)
xcgxcg2005: posts small blind $1
Agrotait: posts big blind $3
*** HOLE CARDS ***
xcgxcg2005: raises $3 to $6
Agrotait: calls $3
*** FLOP *** [6c 5h 8c]
Agrotait: checks
xcgxcg2005: bets $3
Agrotait: raises $3 to $6
xcgxcg2005: raises $3 to $9
Agrotait: calls $3
*** TURN *** [6c 5h 8c] [2h]
Agrotait: bets $6
xcgxcg2005: calls $6
*** RIVER *** [6c 5h 8c 2h] [Qh]
Agrotait: bets $6
xcgxcg2005: folds
Uncalled bet ($6) returned to Agrotait
Agrotait collected $41.50 from pot
Agrotait: doesn't show hand
*** SUMMARY ***
Total pot $42 | Rake $0.50
Board [6c 5h 8c 2h Qh]
Seat 3: xcgxcg2005 (button) (small blind) folded on the River
Seat 4: Agrotait (big blind) collected ($41.50)


PokerStars Hand #160409176536:  Hold'em Limit ($3/$6 USD) - 2016/10/25 5:47:33 ET
Table 'Pompeja' 6-max Seat #4 is the button
Seat 3: xcgxcg2005 ($117.50 in chips)
Seat 4: Agrotait ($91.50 in chips)
Agrotait: posts small blind $1
xcgxcg2005: posts big blind $3
*** HOLE CARDS ***
Agrotait: raises $3 to $6
xcgxcg2005: raises $3 to $9
Agrotait: calls $3
*** FLOP *** [Qh 6s 5c]
xcgxcg2005: bets $3
Agrotait: calls $3
*** TURN *** [Qh 6s 5c] [Th]
xcgxcg2005: bets $6
Agrotait: raises $6 to $12
xcgxcg2005: calls $6
*** RIVER *** [Qh 6s 5c Th] [7s]
xcgxcg2005: checks
Agrotait: checks
*** SHOW DOWN ***
xcgxcg2005: shows [4s 4c] (a pair of Fours)
Agrotait: shows [Qd 3d] (a pair of Queens)
Agrotait collected $47.50 from pot
*** SUMMARY ***
Total pot $48 | Rake $0.50
Board [Qh 6s 5c Th 7s]
Seat 3: xcgxcg2005 (big blind) showed [4s 4c] and lost with a pair of Fours
Seat 4: Agrotait (button) (small blind) showed [Qd 3d] and won ($47.50) with a pair of Queens


PokerStars Hand #160409190448:  Hold'em Limit ($3/$6 USD) - 2016/10/25 5:48:10 ET
Table 'Pompeja' 6-max Seat #3 is the button
Seat 3: xcgxcg2005 ($93.50 in chips)
Seat 4: Agrotait ($115 in chips)
xcgxcg2005: posts small blind $1
Agrotait: posts big blind $3
*** HOLE CARDS ***
xcgxcg2005: raises $3 to $6
Agrotait: raises $3 to $9
xcgxcg2005: raises $3 to $12
Betting is capped
Agrotait: calls $3
*** FLOP *** [As Ad 5c]
Agrotait: checks
xcgxcg2005: bets $3
Agrotait: calls $3
*** TURN *** [As Ad 5c] [6c]
Agrotait: checks
xcgxcg2005: checks
*** RIVER *** [As Ad 5c 6c] [7d]
Agrotait: checks
xcgxcg2005: bets $6
Agrotait: calls $6
*** SHOW DOWN ***
xcgxcg2005: shows [Kh 7h] (two pair, Aces and Sevens)
Agrotait: mucks hand
xcgxcg2005 collected $41.50 from pot
*** SUMMARY ***
Total pot $42 | Rake $0.50
Board [As Ad 5c 6c 7d]
Seat 3: xcgxcg2005 (button) (small blind) showed [Kh 7h] and won ($41.50) with two pair, Aces and Sevens
Seat 4: Agrotait (big blind) mucked


PokerStars Hand #160409218289:  Hold'em Limit ($3/$6 USD) - 2016/10/25 5:49:25 ET
Table 'Pompeja' 6-max Seat #3 is the button
Seat 3: xcgxcg2005 ($96 in chips)
Seat 4: Agrotait ($111.50 in chips)
xcgxcg2005: posts small blind $1
Agrotait: posts big blind $3
*** HOLE CARDS ***
xcgxcg2005: folds
Uncalled bet ($2) returned to Agrotait
Agrotait collected $2 from pot
Agrotait: doesn't show hand
*** SUMMARY ***
Total pot $2 | Rake $0
Seat 3: xcgxcg2005 (button) (small blind) folded before Flop
Seat 4: Agrotait (big blind) collected ($2)


PokerStars Hand #160409224528:  Hold'em Limit ($3/$6 USD) - 2016/10/25 5:49:42 ET
Table 'Pompeja' 6-max Seat #3 is the button
Seat 3: xcgxcg2005 ($89 in chips)
Seat 4: Agrotait ($118.26 in chips)
xcgxcg2005: posts small blind $1
Agrotait: posts big blind $3
*** HOLE CARDS ***
xcgxcg2005: folds
Uncalled bet ($2) returned to Agrotait
Agrotait collected $2 from pot
Agrotait: doesn't show hand
*** SUMMARY ***
Total pot $2 | Rake $0
Seat 3: xcgxcg2005 (button) (small blind) folded before Flop
Seat 4: Agrotait (big blind) collected ($2)


PokerStars Hand #160409220119:  Hold'em Limit ($3/$6 USD) - 2016/10/25 5:49:30 ET
Table 'Pompeja' 6-max Seat #4 is the button
Seat 3: xcgxcg2005 ($95 in chips)
Seat 4: Agrotait ($112.50 in chips)
Agrotait: posts small blind $1
xcgxcg2005: posts big blind $3
*** HOLE CARDS ***
Agrotait: raises $3 to $6
xcgxcg2005: calls $3
*** FLOP *** [2s Ts 9d]
xcgxcg2005: checks
Agrotait: bets $3
xcgxcg2005: folds
Uncalled bet ($3) returned to Agrotait
Agrotait collected $11.76 from pot
Agrotait: doesn't show hand
*** SUMMARY ***
Total pot $12 | Rake $0.24
Board [2s Ts 9d]
Seat 3: xcgxcg2005 (big blind) folded on the Flop
Seat 4: Agrotait (button) (small blind) collected ($11.76)


PokerStars Hand #160409210037:  Hold'em Limit ($3/$6 USD) - 2016/10/25 5:49:03 ET
Table 'Pompeja' 6-max Seat #4 is the button
Seat 3: xcgxcg2005 ($114 in chips)
Seat 4: Agrotait ($94 in chips)
Agrotait: posts small blind $1
xcgxcg2005: posts big blind $3
*** HOLE CARDS ***
Agrotait: raises $3 to $6
xcgxcg2005: raises $3 to $9
Agrotait: calls $3
*** FLOP *** [5d Tc Jh]
xcgxcg2005: bets $3
Agrotait: calls $3
*** TURN *** [5d Tc Jh] [5h]
xcgxcg2005: bets $6
Agrotait: calls $6
*** RIVER *** [5d Tc Jh 5h] [Kc]
xcgxcg2005: checks
Agrotait: checks
*** SHOW DOWN ***
xcgxcg2005: shows [8c Qd] (a pair of Fives)
Agrotait: shows [6s 6d] (two pair, Sixes and Fives)
Agrotait collected $35.50 from pot
*** SUMMARY ***
Total pot $36 | Rake $0.50
Board [5d Tc Jh 5h Kc]
Seat 3: xcgxcg2005 (big blind) showed [8c Qd] and lost with a pair of Fives
Seat 4: Agrotait (button) (small blind) showed [6s 6d] and won ($35.50) with two pair, Sixes and Fives


PokerStars Hand #160409230205:  Hold'em Limit ($3/$6 USD) - 2016/10/25 5:49:57 ET
Table 'Pompeja' 6-max Seat #3 is the button
Seat 3: xcgxcg2005 ($82 in chips)
Seat 4: Agrotait ($125.02 in chips)
xcgxcg2005: posts small blind $1
Agrotait: posts big blind $3
*** HOLE CARDS ***
xcgxcg2005: folds
Uncalled bet ($2) returned to Agrotait
Agrotait collected $2 from pot
Agrotait: doesn't show hand
*** SUMMARY ***
Total pot $2 | Rake $0
Seat 3: xcgxcg2005 (button) (small blind) folded before Flop
Seat 4: Agrotait (big blind) collected ($2)


PokerStars Hand #160409226491:  Hold'em Limit ($3/$6 USD) - 2016/10/25 5:49:47 ET
Table 'Pompeja' 6-max Seat #4 is the button
Seat 3: xcgxcg2005 ($88 in chips)
Seat 4: Agrotait ($119.26 in chips)
Agrotait: posts small blind $1
xcgxcg2005: posts big blind $3
*** HOLE CARDS ***
Agrotait: raises $3 to $6
xcgxcg2005: calls $3
*** FLOP *** [6h Jh Td]
xcgxcg2005: checks
Agrotait: bets $3
xcgxcg2005: folds
Uncalled bet ($3) returned to Agrotait
Agrotait collected $11.76 from pot
Agrotait: doesn't show hand
*** SUMMARY ***
Total pot $12 | Rake $0.24
Board [6h Jh Td]
Seat 3: xcgxcg2005 (big blind) folded on the Flop
Seat 4: Agrotait (button) (small blind) collected ($11.76)


PokerStars Hand #160409250773:  Hold'em Limit ($3/$6 USD) - 2016/10/25 5:50:52 ET
Table 'Pompeja' 6-max Seat #4 is the button
Seat 3: xcgxcg2005 ($125 in chips)
Seat 4: Agrotait ($81.02 in chips)
Agrotait: posts small blind $1
xcgxcg2005: posts big blind $3
*** HOLE CARDS ***
Agrotait: raises $3 to $6
xcgxcg2005: folds
Uncalled bet ($3) returned to Agrotait
Agrotait collected $6 from pot
Agrotait: doesn't show hand
*** SUMMARY ***
Total pot $6 | Rake $0
Seat 3: xcgxcg2005 (big blind) folded before Flop
Seat 4: Agrotait (button) (small blind) collected ($6)


PokerStars Hand #160409241846:  Hold'em Limit ($3/$6 USD) - 2016/10/25 5:50:28 ET
Table 'Pompeja' 6-max Seat #3 is the button
Seat 3: xcgxcg2005 ($104.50 in chips)
Seat 4: Agrotait ($102.02 in chips)
xcgxcg2005: posts small blind $1
Agrotait: posts big blind $3
*** HOLE CARDS ***
xcgxcg2005: raises $3 to $6
Agrotait: calls $3
*** FLOP *** [Ts Js Kd]
Agrotait: checks
xcgxcg2005: bets $3
Agrotait: raises $3 to $6
xcgxcg2005: raises $3 to $9
Agrotait: calls $3
*** TURN *** [Ts Js Kd] [8d]
Agrotait: checks
xcgxcg2005: bets $6
Agrotait: calls $6
*** RIVER *** [Ts Js Kd 8d] [5s]
Agrotait: checks
xcgxcg2005: checks
*** SHOW DOWN ***
Agrotait: shows [6s Qc] (high card King)
xcgxcg2005: shows [Jc Qs] (a pair of Jacks)
xcgxcg2005 collected $41.50 from pot
*** SUMMARY ***
Total pot $42 | Rake $0.50
Board [Ts Js Kd 8d 5s]
Seat 3: xcgxcg2005 (button) (small blind) showed [Jc Qs] and won ($41.50) with a pair of Jacks
Seat 4: Agrotait (big blind) showed [6s Qc] and lost with high card King


PokerStars Hand #160409232013:  Hold'em Limit ($3/$6 USD) - 2016/10/25 5:50:02 ET
Table 'Pompeja' 6-max Seat #4 is the button
Seat 3: xcgxcg2005 ($81 in chips)
Seat 4: Agrotait ($126.02 in chips)
Agrotait: posts small blind $1
xcgxcg2005: posts big blind $3
*** HOLE CARDS ***
Agrotait: raises $3 to $6
xcgxcg2005: raises $3 to $9
Agrotait: calls $3
*** FLOP *** [Qh Kc 7c]
xcgxcg2005: bets $3
Agrotait: calls $3
*** TURN *** [Qh Kc 7c] [Kh]
xcgxcg2005: bets $6
Agrotait: calls $6
*** RIVER *** [Qh Kc 7c Kh] [Jh]
xcgxcg2005: bets $6
Agrotait: calls $6
*** SHOW DOWN ***
xcgxcg2005: shows [9c Th] (a straight, Nine to King)
Agrotait: mucks hand
xcgxcg2005 collected $47.50 from pot
*** SUMMARY ***
Total pot $48 | Rake $0.50
Board [Qh Kc 7c Kh Jh]
Seat 3: xcgxcg2005 (big blind) showed [9c Th] and won ($47.50) with a straight, Nine to King
Seat 4: Agrotait (button) (small blind) mucked


PokerStars Hand #160409260171:  Hold'em Limit ($3/$6 USD) - 2016/10/25 5:51:18 ET
Table 'Pompeja' 6-max Seat #4 is the button
Seat 3: xcgxcg2005 ($133.52 in chips)
Seat 4: Agrotait ($72.02 in chips)
Agrotait: posts small blind $1
xcgxcg2005: posts big blind $3
*** HOLE CARDS ***
Agrotait: raises $3 to $6
xcgxcg2005: raises $3 to $9
Agrotait: calls $3
*** FLOP *** [6s Ad 8s]
xcgxcg2005: bets $3
Agrotait: calls $3
*** TURN *** [6s Ad 8s] [3s]
xcgxcg2005: bets $6
Agrotait: folds
Uncalled bet ($6) returned to xcgxcg2005
xcgxcg2005 collected $23.52 from pot
xcgxcg2005: doesn't show hand
*** SUMMARY ***
Total pot $24 | Rake $0.48
Board [6s Ad 8s 3s]
Seat 3: xcgxcg2005 (big blind) collected ($23.52)
Seat 4: Agrotait (button) (small blind) folded on the Turn


PokerStars Hand #160409264715:  Hold'em Limit ($3/$6 USD) - 2016/10/25 5:51:30 ET
Table 'Pompeja' 6-max Seat #3 is the button
Seat 3: xcgxcg2005 ($145.04 in chips)
Seat 4: Agrotait ($60.02 in chips)
xcgxcg2005: posts small blind $1
Agrotait: posts big blind $3
*** HOLE CARDS ***
xcgxcg2005: raises $3 to $6
Agrotait: raises $3 to $9
xcgxcg2005: calls $3
*** FLOP *** [9c 8h Tc]
Agrotait: bets $3
xcgxcg2005: calls $3
*** TURN *** [9c 8h Tc] [3c]
Agrotait: bets $6
xcgxcg2005: raises $6 to $12
Agrotait: raises $6 to $18
xcgxcg2005: calls $6
*** RIVER *** [9c 8h Tc 3c] [2s]
Agrotait: bets $6
xcgxcg2005: folds
Uncalled bet ($6) returned to Agrotait
Agrotait collected $59.50 from pot
Agrotait: doesn't show hand
*** SUMMARY ***
Total pot $60 | Rake $0.50
Board [9c 8h Tc 3c 2s]
Seat 3: xcgxcg2005 (button) (small blind) folded on the River
Seat 4: Agrotait (big blind) collected ($59.50)


PokerStars Hand #160409252969:  Hold'em Limit ($3/$6 USD) - 2016/10/25 5:50:58 ET
Table 'Pompeja' 6-max Seat #3 is the button
Seat 3: xcgxcg2005 ($122 in chips)
Seat 4: Agrotait ($84.02 in chips)
xcgxcg2005: posts small blind $1
Agrotait: posts big blind $3
*** HOLE CARDS ***
xcgxcg2005: raises $3 to $6
Agrotait: raises $3 to $9
xcgxcg2005: calls $3
*** FLOP *** [Ah 6h Qd]
Agrotait: checks
xcgxcg2005: bets $3
Agrotait: calls $3
*** TURN *** [Ah 6h Qd] [Ts]
Agrotait: checks
xcgxcg2005: bets $6
Agrotait: folds
Uncalled bet ($6) returned to xcgxcg2005
xcgxcg2005 collected $23.52 from pot
xcgxcg2005: doesn't show hand
*** SUMMARY ***
Total pot $24 | Rake $0.48
Board [Ah 6h Qd Ts]
Seat 3: xcgxcg2005 (button) (small blind) collected ($23.52)
Seat 4: Agrotait (big blind) folded on the Turn


PokerStars Hand #160409272819:  Hold'em Limit ($3/$6 USD) - 2016/10/25 5:51:51 ET
Table 'Pompeja' 6-max Seat #4 is the button
Seat 3: xcgxcg2005 ($115.04 in chips)
Seat 4: Agrotait ($89.52 in chips)
Agrotait: posts small blind $1
xcgxcg2005: posts big blind $3
*** HOLE CARDS ***
Agrotait: raises $3 to $6
xcgxcg2005: folds
Uncalled bet ($3) returned to Agrotait
Agrotait collected $6 from pot
Agrotait: doesn't show hand
*** SUMMARY ***
Total pot $6 | Rake $0
Seat 3: xcgxcg2005 (big blind) folded before Flop
Seat 4: Agrotait (button) (small blind) collected ($6)


PokerStars Hand #160409276706:  Hold'em Limit ($3/$6 USD) - 2016/10/25 5:52:02 ET
Table 'Pompeja' 6-max Seat #3 is the button
Seat 3: xcgxcg2005 ($112.04 in chips)
Seat 4: Agrotait ($92.52 in chips)
xcgxcg2005: posts small blind $1
Agrotait: posts big blind $3
*** HOLE CARDS ***
xcgxcg2005: raises $3 to $6
Agrotait: calls $3
*** FLOP *** [7c Jh 4s]
Agrotait: checks
xcgxcg2005: checks
*** TURN *** [7c Jh 4s] [9c]
Agrotait: checks
xcgxcg2005: bets $6
Agrotait: folds
Uncalled bet ($6) returned to xcgxcg2005
xcgxcg2005 collected $11.76 from pot
xcgxcg2005: doesn't show hand
*** SUMMARY ***
Total pot $12 | Rake $0.24
Board [7c Jh 4s 9c]
Seat 3: xcgxcg2005 (button) (small blind) collected ($11.76)
Seat 4: Agrotait (big blind) folded on the Turn


PokerStars Hand #160409283545:  Hold'em Limit ($3/$6 USD) - 2016/10/25 5:52:20 ET
Table 'Pompeja' 6-max Seat #4 is the button
Seat 3: xcgxcg2005 ($117.80 in chips)
Seat 4: Agrotait ($86.52 in chips)
Agrotait: posts small blind $1
xcgxcg2005: posts big blind $3
*** HOLE CARDS ***
Agrotait: raises $3 to $6
xcgxcg2005: raises $3 to $9
Agrotait: calls $3
*** FLOP *** [Th 7h 4d]
xcgxcg2005: bets $3
Agrotait: calls $3
*** TURN *** [Th 7h 4d] [Jh]
xcgxcg2005: bets $6
Agrotait: calls $6
*** RIVER *** [Th 7h 4d Jh] [Ac]
xcgxcg2005: bets $6
Agrotait: folds
Uncalled bet ($6) returned to xcgxcg2005
xcgxcg2005 collected $35.50 from pot
xcgxcg2005: doesn't show hand
*** SUMMARY ***
Total pot $36 | Rake $0.50
Board [Th 7h 4d Jh Ac]
Seat 3: xcgxcg2005 (big blind) collected ($35.50)
Seat 4: Agrotait (button) (small blind) folded on the River


PokerStars Hand #160409319943:  Hold'em Limit ($3/$6 USD) - 2016/10/25 5:53:31 ET
Table 'Pompeja' 6-max Seat #3 is the button
Seat 3: xcgxcg2005 ($119.80 in chips)
Seat 4: Agrotait ($101.50 in chips)
xcgxcg2005: posts small blind $1
Agrotait: posts big blind $3
*** HOLE CARDS ***
xcgxcg2005: folds
Uncalled bet ($2) returned to Agrotait
Agrotait collected $2 from pot
Agrotait: doesn't show hand
*** SUMMARY ***
Total pot $2 | Rake $0
Seat 3: xcgxcg2005 (button) (small blind) folded before Flop
Seat 4: Agrotait (big blind) collected ($2)


PokerStars Hand #160409312318:  Hold'em Limit ($3/$6 USD) - 2016/10/25 5:53:11 ET
Table 'Pompeja' 6-max Seat #4 is the button
Seat 3: xcgxcg2005 ($149.80 in chips)
Seat 4: Agrotait ($72 in chips)
Agrotait: posts small blind $1
xcgxcg2005: posts big blind $3
*** HOLE CARDS ***
Agrotait: raises $3 to $6
xcgxcg2005: raises $3 to $9
Agrotait: calls $3
*** FLOP *** [4h 9h Qs]
xcgxcg2005: bets $3
Agrotait: calls $3
*** TURN *** [4h 9h Qs] [3c]
xcgxcg2005: bets $6
Agrotait: raises $6 to $12
xcgxcg2005: calls $6
*** RIVER *** [4h 9h Qs 3c] [Qc]
xcgxcg2005: checks
Agrotait: bets $6
xcgxcg2005: calls $6
*** SHOW DOWN ***
Agrotait: shows [9d Ah] (two pair, Queens and Nines)
xcgxcg2005: mucks hand
Agrotait collected $59.50 from pot
*** SUMMARY ***
Total pot $60 | Rake $0.50
Board [4h 9h Qs 3c Qc]
Seat 3: xcgxcg2005 (big blind) mucked
Seat 4: Agrotait (button) (small blind) showed [9d Ah] and won ($59.50) with two pair, Queens and Nines


PokerStars Hand #160409323646:  Hold'em Limit ($3/$6 USD) - 2016/10/25 5:53:41 ET
Table 'Pompeja' 6-max Seat #3 is the button
Seat 3: xcgxcg2005 ($115.80 in chips)
Seat 4: Agrotait ($105.50 in chips)
xcgxcg2005: posts small blind $1
Agrotait: posts big blind $3
*** HOLE CARDS ***
xcgxcg2005: raises $3 to $6
Agrotait: folds
Uncalled bet ($3) returned to xcgxcg2005
xcgxcg2005 collected $6 from pot
xcgxcg2005: doesn't show hand
*** SUMMARY ***
Total pot $6 | Rake $0
Seat 3: xcgxcg2005 (button) (small blind) collected ($6)
Seat 4: Agrotait (big blind) folded before Flop


PokerStars Hand #160409321720:  Hold'em Limit ($3/$6 USD) - 2016/10/25 5:53:36 ET
Table 'Pompeja' 6-max Seat #4 is the button
Seat 3: xcgxcg2005 ($118.80 in chips)
Seat 4: Agrotait ($102.50 in chips)
Agrotait: posts small blind $1
xcgxcg2005: posts big blind $3
*** HOLE CARDS ***
Agrotait: raises $3 to $6
xcgxcg2005: folds
Uncalled bet ($3) returned to Agrotait
Agrotait collected $6 from pot
Agrotait: doesn't show hand
*** SUMMARY ***
Total pot $6 | Rake $0
Seat 3: xcgxcg2005 (big blind) folded before Flop
Seat 4: Agrotait (button) (small blind) collected ($6)


PokerStars Hand #160409289774:  Hold'em Limit ($3/$6 USD) - 2016/10/25 5:52:36 ET
Table 'Pompeja' 6-max Seat #3 is the button
Seat 3: xcgxcg2005 ($135.30 in chips)
Seat 4: Agrotait ($68.52 in chips)
xcgxcg2005: posts small blind $1
Agrotait: posts big blind $3
*** HOLE CARDS ***
xcgxcg2005: raises $3 to $6
Agrotait: calls $3
*** FLOP *** [4c Ac Jd]
Agrotait: checks
xcgxcg2005: bets $3
Agrotait: calls $3
*** TURN *** [4c Ac Jd] [5s]
Agrotait: checks
xcgxcg2005: bets $6
Agrotait: calls $6
*** RIVER *** [4c Ac Jd 5s] [7h]
Agrotait: checks
xcgxcg2005: checks
*** SHOW DOWN ***
Agrotait: shows [Tc Qh] (high card Ace)
xcgxcg2005: shows [6s Ks] (high card Ace - King kicker)
xcgxcg2005 collected $29.50 from pot
*** SUMMARY ***
Total pot $30 | Rake $0.50
Board [4c Ac Jd 5s 7h]
Seat 3: xcgxcg2005 (button) (small blind) showed [6s Ks] and won ($29.50) with high card Ace
Seat 4: Agrotait (big blind) showed [Tc Qh] and lost with high card Ace


PokerStars Hand #160409326805:  Hold'em Limit ($3/$6 USD) - 2016/10/25 5:53:49 ET
Table 'Pompeja' 6-max Seat #4 is the button
Seat 3: xcgxcg2005 ($118.80 in chips)
Seat 4: Agrotait ($102.50 in chips)
Agrotait: posts small blind $1
xcgxcg2005: posts big blind $3
*** HOLE CARDS ***
Agrotait: raises $3 to $6
xcgxcg2005: raises $3 to $9
Agrotait: calls $3
*** FLOP *** [9d Kc 9c]
xcgxcg2005: bets $3
Agrotait: folds
Uncalled bet ($3) returned to xcgxcg2005
xcgxcg2005 collected $17.64 from pot
xcgxcg2005: doesn't show hand
*** SUMMARY ***
Total pot $18 | Rake $0.36
Board [9d Kc 9c]
Seat 3: xcgxcg2005 (big blind) collected ($17.64)
Seat 4: Agrotait (button) (small blind) folded on the Flop


PokerStars Hand #160409351167:  Hold'em Limit ($3/$6 USD) - 2016/10/25 5:54:54 ET
Table 'Pompeja' 6-max Seat #4 is the button
Seat 3: xcgxcg2005 ($118.44 in chips)
Seat 4: Agrotait ($102.14 in chips)
Agrotait: posts small blind $1
xcgxcg2005: posts big blind $3
*** HOLE CARDS ***
Agrotait: raises $3 to $6
xcgxcg2005: folds
Uncalled bet ($3) returned to Agrotait
Agrotait collected $6 from pot
Agrotait: doesn't show hand
*** SUMMARY ***
Total pot $6 | Rake $0
Seat 3: xcgxcg2005 (big blind) folded before Flop
Seat 4: Agrotait (button) (small blind) collected ($6)


PokerStars Hand #160409349209:  Hold'em Limit ($3/$6 USD) - 2016/10/25 5:54:49 ET
Table 'Pompeja' 6-max Seat #3 is the button
Seat 3: xcgxcg2005 ($119.44 in chips)
Seat 4: Agrotait ($101.14 in chips)
xcgxcg2005: posts small blind $1
Agrotait: posts big blind $3
*** HOLE CARDS ***
xcgxcg2005: folds
Uncalled bet ($2) returned to Agrotait
Agrotait collected $2 from pot
Agrotait: doesn't show hand
*** SUMMARY ***
Total pot $2 | Rake $0
Seat 3: xcgxcg2005 (button) (small blind) folded before Flop
Seat 4: Agrotait (big blind) collected ($2)


PokerStars Hand #160409353688:  Hold'em Limit ($3/$6 USD) - 2016/10/25 5:55:01 ET
Table 'Pompeja' 6-max Seat #3 is the button
Seat 3: xcgxcg2005 ($115.44 in chips)
Seat 4: Agrotait ($105.14 in chips)
xcgxcg2005: posts small blind $1
Agrotait: posts big blind $3
*** HOLE CARDS ***
xcgxcg2005: folds
Uncalled bet ($2) returned to Agrotait
Agrotait collected $2 from pot
Agrotait: doesn't show hand
*** SUMMARY ***
Total pot $2 | Rake $0
Seat 3: xcgxcg2005 (button) (small blind) folded before Flop
Seat 4: Agrotait (big blind) collected ($2)


PokerStars Hand #160409346668:  Hold'em Limit ($3/$6 USD) - 2016/10/25 5:54:42 ET
Table 'Pompeja' 6-max Seat #4 is the button
Seat 3: xcgxcg2005 ($118.44 in chips)
Seat 4: Agrotait ($102.14 in chips)
Agrotait: posts small blind $1
xcgxcg2005: posts big blind $3
*** HOLE CARDS ***
Agrotait: folds
Uncalled bet ($2) returned to xcgxcg2005
xcgxcg2005 collected $2 from pot
xcgxcg2005: doesn't show hand
*** SUMMARY ***
Total pot $2 | Rake $0
Seat 3: xcgxcg2005 (big blind) collected ($2)
Seat 4: Agrotait (button) (small blind) folded before Flop


PokerStars Hand #160409335843:  Hold'em Limit ($3/$6 USD) - 2016/10/25 5:54:13 ET
Table 'Pompeja' 6-max Seat #3 is the button
Seat 3: xcgxcg2005 ($127.44 in chips)
Seat 4: Agrotait ($93.50 in chips)
xcgxcg2005: posts small blind $1
Agrotait: posts big blind $3
*** HOLE CARDS ***
xcgxcg2005: raises $3 to $6
Agrotait: calls $3
*** FLOP *** [Ah Kc 2d]
Agrotait: checks
xcgxcg2005: bets $3
Agrotait: calls $3
*** TURN *** [Ah Kc 2d] [3s]
Agrotait: checks
xcgxcg2005: checks
*** RIVER *** [Ah Kc 2d 3s] [5h]
Agrotait: checks
xcgxcg2005: checks
*** SHOW DOWN ***
Agrotait: shows [5d Qc] (a pair of Fives)
xcgxcg2005: mucks hand
Agrotait collected $17.64 from pot
*** SUMMARY ***
Total pot $18 | Rake $0.36
Board [Ah Kc 2d 3s 5h]
Seat 3: xcgxcg2005 (button) (small blind) mucked
Seat 4: Agrotait (big blind) showed [5d Qc] and won ($17.64) with a pair of Fives


PokerStars Hand #160409355539:  Hold'em Limit ($3/$6 USD) - 2016/10/25 5:55:06 ET
Table 'Pompeja' 6-max Seat #4 is the button
Seat 3: xcgxcg2005 ($114.44 in chips)
Seat 4: Agrotait ($106.14 in chips)
Agrotait: posts small blind $1
xcgxcg2005: posts big blind $3
*** HOLE CARDS ***
Agrotait: raises $3 to $6
xcgxcg2005: raises $3 to $9
Agrotait: calls $3
*** FLOP *** [3s Jd Tc]
xcgxcg2005: bets $3
Agrotait: calls $3
*** TURN *** [3s Jd Tc] [6s]
xcgxcg2005: bets $6
Agrotait: raises $6 to $12
xcgxcg2005: raises $6 to $18
Agrotait: calls $6
*** RIVER *** [3s Jd Tc 6s] [3h]
xcgxcg2005: bets $6
Agrotait: folds
Uncalled bet ($6) returned to xcgxcg2005
xcgxcg2005 collected $59.50 from pot
xcgxcg2005: doesn't show hand
*** SUMMARY ***
Total pot $60 | Rake $0.50
Board [3s Jd Tc 6s 3h]
Seat 3: xcgxcg2005 (big blind) collected ($59.50)
Seat 4: Agrotait (button) (small blind) folded on the River


PokerStars Hand #160409363182:  Hold'em Limit ($3/$6 USD) - 2016/10/25 5:55:29 ET
Table 'Pompeja' 6-max Seat #3 is the button
Seat 3: xcgxcg2005 ($143.94 in chips)
Seat 4: Agrotait ($76.14 in chips)
xcgxcg2005: posts small blind $1
Agrotait: posts big blind $3
*** HOLE CARDS ***
xcgxcg2005: folds
Uncalled bet ($2) returned to Agrotait
Agrotait collected $2 from pot
Agrotait: doesn't show hand
*** SUMMARY ***
Total pot $2 | Rake $0
Seat 3: xcgxcg2005 (button) (small blind) folded before Flop
Seat 4: Agrotait (big blind) collected ($2)


PokerStars Hand #160409372308:  Hold'em Limit ($3/$6 USD) - 2016/10/25 5:55:57 ET
Table 'Pompeja' 6-max Seat #4 is the button
Seat 3: xcgxcg2005 ($114.94 in chips)
Seat 4: Agrotait ($104.64 in chips)
Agrotait: posts small blind $1
xcgxcg2005: posts big blind $3
*** HOLE CARDS ***
Agrotait: raises $3 to $6
xcgxcg2005: folds
Uncalled bet ($3) returned to Agrotait
Agrotait collected $6 from pot
Agrotait: doesn't show hand
*** SUMMARY ***
Total pot $6 | Rake $0
Seat 3: xcgxcg2005 (big blind) folded before Flop
Seat 4: Agrotait (button) (small blind) collected ($6)


PokerStars Hand #160409370920:  Hold'em Limit ($3/$6 USD) - 2016/10/25 5:55:52 ET
Table 'Pompeja' 6-max Seat #3 is the button
Seat 3: xcgxcg2005 ($115.94 in chips)
Seat 4: Agrotait ($103.64 in chips)
xcgxcg2005: posts small blind $1
Agrotait: posts big blind $3
*** HOLE CARDS ***
xcgxcg2005: folds
Uncalled bet ($2) returned to Agrotait
Agrotait collected $2 from pot
Agrotait: doesn't show hand
*** SUMMARY ***
Total pot $2 | Rake $0
Seat 3: xcgxcg2005 (button) (small blind) folded before Flop
Seat 4: Agrotait (big blind) collected ($2)


PokerStars Hand #160409364910:  Hold'em Limit ($3/$6 USD) - 2016/10/25 5:55:34 ET
Table 'Pompeja' 6-max Seat #4 is the button
Seat 3: xcgxcg2005 ($142.94 in chips)
Seat 4: Agrotait ($77.14 in chips)
Agrotait: posts small blind $1
xcgxcg2005: posts big blind $3
*** HOLE CARDS ***
Agrotait: raises $3 to $6
xcgxcg2005: raises $3 to $9
Agrotait: calls $3
*** FLOP *** [5d 8d 7d]
xcgxcg2005: bets $3
Agrotait: raises $3 to $6
xcgxcg2005: calls $3
*** TURN *** [5d 8d 7d] [6h]
xcgxcg2005: checks
Agrotait: bets $6
xcgxcg2005: calls $6
*** RIVER *** [5d 8d 7d 6h] [Qh]
xcgxcg2005: checks
Agrotait: bets $6
xcgxcg2005: calls $6
*** SHOW DOWN ***
Agrotait: shows [6s 4s] (a straight, Four to Eight)
xcgxcg2005: mucks hand
Agrotait collected $53.50 from pot
*** SUMMARY ***
Total pot $54 | Rake $0.50
Board [5d 8d 7d 6h Qh]
Seat 3: xcgxcg2005 (big blind) mucked
Seat 4: Agrotait (button) (small blind) showed [6s 4s] and won ($53.50) with a straight, Four to Eight


PokerStars Hand #160409391731:  Hold'em Limit ($3/$6 USD) - 2016/10/25 5:56:55 ET
Table 'Pompeja' 6-max Seat #3 is the button
Seat 3: xcgxcg2005 ($133.44 in chips)
Seat 4: Agrotait ($85.64 in chips)
xcgxcg2005: posts small blind $1
Agrotait: posts big blind $3
*** HOLE CARDS ***
xcgxcg2005: folds
Uncalled bet ($2) returned to Agrotait
Agrotait collected $2 from pot
Agrotait: doesn't show hand
*** SUMMARY ***
Total pot $2 | Rake $0
Seat 3: xcgxcg2005 (button) (small blind) folded before Flop
Seat 4: Agrotait (big blind) collected ($2)


PokerStars Hand #160409389467:  Hold'em Limit ($3/$6 USD) - 2016/10/25 5:56:49 ET
Table 'Pompeja' 6-max Seat #4 is the button
Seat 3: xcgxcg2005 ($132.44 in chips)
Seat 4: Agrotait ($86.64 in chips)
Agrotait: posts small blind $1
xcgxcg2005: posts big blind $3
*** HOLE CARDS ***
Agrotait: folds
Uncalled bet ($2) returned to xcgxcg2005
xcgxcg2005 collected $2 from pot
xcgxcg2005: doesn't show hand
*** SUMMARY ***
Total pot $2 | Rake $0
Seat 3: xcgxcg2005 (big blind) collected ($2)
Seat 4: Agrotait (button) (small blind) folded before Flop


PokerStars Hand #160409375091:  Hold'em Limit ($3/$6 USD) - 2016/10/25 5:56:05 ET
Table 'Pompeja' 6-max Seat #3 is the button
Seat 3: xcgxcg2005 ($111.94 in chips)
Seat 4: Agrotait ($107.64 in chips)
xcgxcg2005: posts small blind $1
Agrotait: posts big blind $3
*** HOLE CARDS ***
xcgxcg2005: raises $3 to $6
Agrotait: calls $3
*** FLOP *** [5d 7d 8d]
Agrotait: checks
xcgxcg2005: bets $3
Agrotait: calls $3
*** TURN *** [5d 7d 8d] [9h]
Agrotait: checks
xcgxcg2005: bets $6
Agrotait: calls $6
*** RIVER *** [5d 7d 8d 9h] [3s]
Agrotait: checks
xcgxcg2005: bets $6
Agrotait: calls $6
*** SHOW DOWN ***
xcgxcg2005: shows [6c 6s] (a straight, Five to Nine)
Agrotait: mucks hand
xcgxcg2005 collected $41.50 from pot
*** SUMMARY ***
Total pot $42 | Rake $0.50
Board [5d 7d 8d 9h 3s]
Seat 3: xcgxcg2005 (button) (small blind) showed [6c 6s] and won ($41.50) with a straight, Five to Nine
Seat 4: Agrotait (big blind) mucked


PokerStars Hand #160409393296:  Hold'em Limit ($3/$6 USD) - 2016/10/25 5:57:00 ET
Table 'Pompeja' 6-max Seat #4 is the button
Seat 3: xcgxcg2005 ($132.44 in chips)
Seat 4: Agrotait ($86.64 in chips)
Agrotait: posts small blind $1
xcgxcg2005: posts big blind $3
*** HOLE CARDS ***
Agrotait: raises $3 to $6
xcgxcg2005: raises $3 to $9
Agrotait: calls $3
*** FLOP *** [Ks Ts 5d]
xcgxcg2005: bets $3
Agrotait: calls $3
*** TURN *** [Ks Ts 5d] [6d]
xcgxcg2005: bets $6
Agrotait: calls $6
*** RIVER *** [Ks Ts 5d 6d] [Ah]
xcgxcg2005: checks
Agrotait: checks
*** SHOW DOWN ***
xcgxcg2005: shows [6h 3d] (a pair of Sixes)
Agrotait: mucks hand
xcgxcg2005 collected $35.50 from pot
*** SUMMARY ***
Total pot $36 | Rake $0.50
Board [Ks Ts 5d 6d Ah]
Seat 3: xcgxcg2005 (big blind) showed [6h 3d] and won ($35.50) with a pair of Sixes
Seat 4: Agrotait (button) (small blind) mucked


PokerStars Hand #160409405304:  Hold'em Limit ($3/$6 USD) - 2016/10/25 5:57:37 ET
Table 'Pompeja' 6-max Seat #3 is the button
Seat 3: xcgxcg2005 ($149.94 in chips)
Seat 4: Agrotait ($68.64 in chips)
xcgxcg2005: posts small blind $1
Agrotait: posts big blind $3
*** HOLE CARDS ***
xcgxcg2005: raises $3 to $6
Agrotait: raises $3 to $9
xcgxcg2005: calls $3
*** FLOP *** [Jd 6d Kh]
Agrotait: bets $3
xcgxcg2005: calls $3
*** TURN *** [Jd 6d Kh] [8s]
Agrotait: checks
xcgxcg2005: checks
*** RIVER *** [Jd 6d Kh 8s] [Qs]
Agrotait: checks
xcgxcg2005: checks
*** SHOW DOWN ***
Agrotait: shows [9h Ah] (high card Ace)
xcgxcg2005: mucks hand
Agrotait collected $23.52 from pot
*** SUMMARY ***
Total pot $24 | Rake $0.48
Board [Jd 6d Kh 8s Qs]
Seat 3: xcgxcg2005 (button) (small blind) mucked
Seat 4: Agrotait (big blind) showed [9h Ah] and won ($23.52) with high card Ace


PokerStars Hand #160409430421:  Hold'em Limit ($3/$6 USD) - 2016/10/25 5:58:52 ET
Table 'Pompeja' 6-max Seat #3 is the button
Seat 3: xcgxcg2005 ($142.44 in chips)
Seat 4: Agrotait ($74.68 in chips)
xcgxcg2005: posts small blind $1
Agrotait: posts big blind $3
*** HOLE CARDS ***
ChaseMeIfUC joins the table at seat #2
xcgxcg2005: raises $3 to $6
Agrotait: folds
Uncalled bet ($3) returned to xcgxcg2005
xcgxcg2005 collected $6 from pot
xcgxcg2005: doesn't show hand
*** SUMMARY ***
Total pot $6 | Rake $0
Seat 3: xcgxcg2005 (button) (small blind) collected ($6)
Seat 4: Agrotait (big blind) folded before Flop


PokerStars Hand #160409423652:  Hold'em Limit ($3/$6 USD) - 2016/10/25 5:58:32 ET
Table 'Pompeja' 6-max Seat #4 is the button
Seat 3: xcgxcg2005 ($154.44 in chips)
Seat 4: Agrotait ($63.16 in chips)
Agrotait: posts small blind $1
xcgxcg2005: posts big blind $3
*** HOLE CARDS ***
Agrotait: raises $3 to $6
xcgxcg2005: raises $3 to $9
Agrotait: calls $3
*** FLOP *** [Ah 9c Kc]
xcgxcg2005: bets $3
Agrotait: calls $3
*** TURN *** [Ah 9c Kc] [Jh]
xcgxcg2005: checks
Agrotait: checks
*** RIVER *** [Ah 9c Kc Jh] [Ks]
xcgxcg2005: checks
Agrotait: bets $6
xcgxcg2005: folds
Uncalled bet ($6) returned to Agrotait
Agrotait collected $23.52 from pot
Agrotait: doesn't show hand
*** SUMMARY ***
Total pot $24 | Rake $0.48
Board [Ah 9c Kc Jh Ks]
Seat 3: xcgxcg2005 (big blind) folded on the River
Seat 4: Agrotait (button) (small blind) collected ($23.52)


PokerStars Hand #160409412039:  Hold'em Limit ($3/$6 USD) - 2016/10/25 5:57:57 ET
Table 'Pompeja' 6-max Seat #4 is the button
Seat 3: xcgxcg2005 ($137.94 in chips)
Seat 4: Agrotait ($80.16 in chips)
Agrotait: posts small blind $1
xcgxcg2005: posts big blind $3
*** HOLE CARDS ***
Agrotait: raises $3 to $6
xcgxcg2005: raises $3 to $9
Agrotait: raises $3 to $12
Betting is capped
xcgxcg2005: calls $3
*** FLOP *** [Kd As 3h]
xcgxcg2005: checks
Agrotait: checks
*** TURN *** [Kd As 3h] [6d]
xcgxcg2005: bets $6
Agrotait: calls $6
*** RIVER *** [Kd As 3h 6d] [2s]
xcgxcg2005: bets $6
Agrotait: folds [Qc Qs]
Uncalled bet ($6) returned to xcgxcg2005
xcgxcg2005 collected $35.50 from pot
xcgxcg2005: doesn't show hand
*** SUMMARY ***
Total pot $36 | Rake $0.50
Board [Kd As 3h 6d 2s]
Seat 3: xcgxcg2005 (big blind) collected ($35.50)
Seat 4: Agrotait (button) (small blind) folded on the River


PokerStars Hand #160409422129:  Hold'em Limit ($3/$6 USD) - 2016/10/25 5:58:27 ET
Table 'Pompeja' 6-max Seat #3 is the button
Seat 3: xcgxcg2005 ($155.44 in chips)
Seat 4: Agrotait ($62.16 in chips)
xcgxcg2005: posts small blind $1
Agrotait: posts big blind $3
*** HOLE CARDS ***
xcgxcg2005: folds
Uncalled bet ($2) returned to Agrotait
Agrotait collected $2 from pot
Agrotait: doesn't show hand
*** SUMMARY ***
Total pot $2 | Rake $0
Seat 3: xcgxcg2005 (button) (small blind) folded before Flop
Seat 4: Agrotait (big blind) collected ($2)


PokerStars Hand #160409867368:  Hold'em Limit ($3/$6 USD) - 2016/10/25 6:17:53 ET
Table 'Pompeja' 6-max Seat #4 is the button
Seat 2: ChaseMeIfUC ($103.61 in chips)
Seat 4: BagweII ($110.85 in chips)
BagweII: posts small blind $1
msivokho was removed from the table for failing to post
ChaseMeIfUC: posts big blind $3
*** HOLE CARDS ***
ABATAPP leaves the table
BagweII: raises $3 to $6
ChaseMeIfUC: folds
Uncalled bet ($3) returned to BagweII
BagweII collected $6 from pot
BagweII: doesn't show hand
*** SUMMARY ***
Total pot $6 | Rake $0
Seat 2: ChaseMeIfUC (big blind) folded before Flop
Seat 4: BagweII (button) (small blind) collected ($6)


PokerStars Hand #160409865028:  Hold'em Limit ($3/$6 USD) - 2016/10/25 6:17:47 ET
Table 'Pompeja' 6-max Seat #2 is the button
Seat 2: ChaseMeIfUC ($104.61 in chips)
Seat 4: BagweII ($109.85 in chips)
ChaseMeIfUC: posts small blind $1
ABATAPP: is sitting out
BagweII: posts big blind $3
*** HOLE CARDS ***
ChaseMeIfUC: folds
Uncalled bet ($2) returned to BagweII
BagweII collected $2 from pot
BagweII: doesn't show hand
VolkovDmitri leaves the table
*** SUMMARY ***
Total pot $2 | Rake $0
Seat 2: ChaseMeIfUC (button) (small blind) folded before Flop
Seat 4: BagweII (big blind) collected ($2)


PokerStars Hand #160409883042:  Hold'em Limit ($3/$6 USD) - 2016/10/25 6:18:33 ET
Table 'Pompeja' 6-max Seat #2 is the button
Seat 2: ChaseMeIfUC ($94.61 in chips)
Seat 4: BagweII ($120.46 in chips)
ChaseMeIfUC: posts small blind $1
BagweII: posts big blind $3
*** HOLE CARDS ***
ChaseMeIfUC: raises $3 to $6
BagweII: folds
Uncalled bet ($3) returned to ChaseMeIfUC
ChaseMeIfUC collected $6 from pot
ChaseMeIfUC: doesn't show hand
*** SUMMARY ***
Total pot $6 | Rake $0
Seat 2: ChaseMeIfUC (button) (small blind) collected ($6)
Seat 4: BagweII (big blind) folded before Flop


PokerStars Hand #160409887552:  Hold'em Limit ($3/$6 USD) - 2016/10/25 6:18:44 ET
Table 'Pompeja' 6-max Seat #4 is the button
Seat 2: ChaseMeIfUC ($97.61 in chips)
Seat 4: BagweII ($117.46 in chips)
BagweII: posts small blind $1
ChaseMeIfUC: posts big blind $3
*** HOLE CARDS ***
BagweII: raises $3 to $6
ChaseMeIfUC: calls $3
*** FLOP *** [6s 5c 8d]
ChaseMeIfUC: checks
BagweII: checks
*** TURN *** [6s 5c 8d] [2h]
ChaseMeIfUC: checks
BagweII: bets $6
ChaseMeIfUC: folds
Uncalled bet ($6) returned to BagweII
BagweII collected $11.76 from pot
BagweII: doesn't show hand
*** SUMMARY ***
Total pot $12 | Rake $0.24
Board [6s 5c 8d 2h]
Seat 2: ChaseMeIfUC (big blind) folded on the Turn
Seat 4: BagweII (button) (small blind) collected ($11.76)


