PokerStars Hand #144634862815:  Hold'em Limit ($3/$6 USD) - 2015/11/30 18:06:10 ET
Table 'Pongola' 6-max Seat #6 is the button
Seat 3: LukaSteel ($120 in chips)
Seat 6: tanja150 ($133.55 in chips)
tanja150: posts small blind $1
TineJ2650 was removed from the table for failing to post
LukaSteel: posts big blind $3
*** HOLE CARDS ***
tanja150: raises $3 to $6
LukaSteel: calls $3
*** FLOP *** [4s Kh Ad]
LukaSteel: checks
tanja150: bets $3
LukaSteel: folds
Uncalled bet ($3) returned to tanja150
tanja150 collected $11.76 from pot
tanja150: doesn't show hand
*** SUMMARY ***
Total pot $12 | Rake $0.24
Board [4s Kh Ad]
Seat 3: LukaSteel (big blind) folded on the Flop
Seat 6: tanja150 (button) (small blind) collected ($11.76)


PokerStars Hand #144634850535:  Hold'em Limit ($3/$6 USD) - 2015/11/30 18:05:56 ET
Table 'Pongola' 6-max Seat #3 is the button
Seat 3: LukaSteel ($120 in chips)
Seat 6: tanja150 ($124.91 in chips)
LukaSteel: posts small blind $1
tanja150: posts big blind $3
*** HOLE CARDS ***
LukaSteel: raises $3 to $6
tanja150: calls $3
*** FLOP *** [Js 2s Kh]
craaa joins the table at seat #1
tanja150: checks
LukaSteel: bets $3
tanja150: raises $3 to $6
LukaSteel: folds
Uncalled bet ($3) returned to tanja150
tanja150 collected $17.64 from pot
tanja150: doesn't show hand
*** SUMMARY ***
Total pot $18 | Rake $0.36
Board [Js 2s Kh]
Seat 3: LukaSteel (button) (small blind) folded on the Flop
Seat 6: tanja150 (big blind) collected ($17.64)


PokerStars Hand #144634844616:  Hold'em Limit ($3/$6 USD) - 2015/11/30 18:05:49 ET
Table 'Pongola' 6-max Seat #6 is the button
Seat 3: LukaSteel ($120 in chips)
Seat 6: tanja150 ($121.91 in chips)
tanja150: posts small blind $1
vestimokrec: is sitting out
LukaSteel: posts big blind $3
*** HOLE CARDS ***
vestimokrec leaves the table
tanja150: raises $3 to $6
LukaSteel: folds
Uncalled bet ($3) returned to tanja150
tanja150 collected $6 from pot
tanja150: doesn't show hand
*** SUMMARY ***
Total pot $6 | Rake $0
Seat 3: LukaSteel (big blind) folded before Flop
Seat 6: tanja150 (button) (small blind) collected ($6)


PokerStars Hand #144634877631:  Hold'em Limit ($3/$6 USD) - 2015/11/30 18:06:28 ET
Table 'Pongola' 6-max Seat #3 is the button
Seat 3: LukaSteel ($120 in chips)
Seat 6: tanja150 ($139.31 in chips)
LukaSteel: posts small blind $1
tanja150: posts big blind $3
*** HOLE CARDS ***
LukaSteel: raises $3 to $6
tanja150: folds
Uncalled bet ($3) returned to LukaSteel
LukaSteel collected $6 from pot
LukaSteel: doesn't show hand
*** SUMMARY ***
Total pot $6 | Rake $0
Seat 3: LukaSteel (button) (small blind) collected ($6)
Seat 6: tanja150 (big blind) folded before Flop


PokerStars Hand #144635935242:  Hold'em Limit ($3/$6 USD) - 2015/11/30 18:28:16 ET
Table 'Pongola' 6-max Seat #1 is the button
Seat 1: craaa ($242.47 in chips)
Seat 6: tanja150 ($66.03 in chips)
craaa: posts small blind $1
tanja150: posts big blind $3
*** HOLE CARDS ***
craaa: raises $3 to $6
tanja150: raises $3 to $9
craaa: calls $3
*** FLOP *** [Qh Jd Ks]
tanja150: bets $3
craaa: folds
Uncalled bet ($3) returned to tanja150
tanja150 collected $17.64 from pot
tanja150: doesn't show hand
*** SUMMARY ***
Total pot $18 | Rake $0.36
Board [Qh Jd Ks]
Seat 1: craaa (button) (small blind) folded on the Flop
Seat 6: tanja150 (big blind) collected ($17.64)


PokerStars Hand #144635960323:  Hold'em Limit ($3/$6 USD) - 2015/11/30 18:28:49 ET
Table 'Pongola' 6-max Seat #6 is the button
Seat 1: craaa ($233.47 in chips)
Seat 6: tanja150 ($74.67 in chips)
tanja150: posts small blind $1
craaa: posts big blind $3
*** HOLE CARDS ***
tanja150: folds
Uncalled bet ($2) returned to craaa
craaa collected $2 from pot
craaa: doesn't show hand
*** SUMMARY ***
Total pot $2 | Rake $0
Seat 1: craaa (big blind) collected ($2)
Seat 6: tanja150 (button) (small blind) folded before Flop


PokerStars Hand #144635964127:  Hold'em Limit ($3/$6 USD) - 2015/11/30 18:28:54 ET
Table 'Pongola' 6-max Seat #1 is the button
Seat 1: craaa ($234.47 in chips)
Seat 6: tanja150 ($73.67 in chips)
craaa: posts small blind $1
tanja150: posts big blind $3
*** HOLE CARDS ***
craaa: raises $3 to $6
tanja150: raises $3 to $9
craaa: calls $3
*** FLOP *** [6c 3h Jc]
tanja150: checks
craaa: checks
*** TURN *** [6c 3h Jc] [4d]
tanja150: bets $6
craaa: calls $6
*** RIVER *** [6c 3h Jc 4d] [Qc]
tanja150: bets $6
craaa: raises $6 to $12
tanja150: folds
Uncalled bet ($6) returned to craaa
craaa collected $41.50 from pot
craaa: doesn't show hand
*** SUMMARY ***
Total pot $42 | Rake $0.50
Board [6c 3h Jc 4d Qc]
Seat 1: craaa (button) (small blind) collected ($41.50)
Seat 6: tanja150 (big blind) folded on the River


PokerStars Hand #144636013153:  Hold'em Limit ($3/$6 USD) - 2015/11/30 18:29:58 ET
Table 'Pongola' 6-max Seat #1 is the button
Seat 1: craaa ($230.97 in chips)
Seat 6: tanja150 ($76.17 in chips)
craaa: posts small blind $1
tanja150: posts big blind $3
*** HOLE CARDS ***
craaa: folds
Uncalled bet ($2) returned to tanja150
tanja150 collected $2 from pot
tanja150: doesn't show hand
*** SUMMARY ***
Total pot $2 | Rake $0
Seat 1: craaa (button) (small blind) folded before Flop
Seat 6: tanja150 (big blind) collected ($2)


PokerStars Hand #144635993065:  Hold'em Limit ($3/$6 USD) - 2015/11/30 18:29:32 ET
Table 'Pongola' 6-max Seat #6 is the button
Seat 1: craaa ($254.97 in chips)
Seat 6: tanja150 ($52.67 in chips)
tanja150: posts small blind $1
craaa: posts big blind $3
*** HOLE CARDS ***
tanja150: raises $3 to $6
craaa: calls $3
*** FLOP *** [4h Qc 5s]
craaa: checks
tanja150: checks
*** TURN *** [4h Qc 5s] [Qs]
craaa: bets $6
tanja150: calls $6
*** RIVER *** [4h Qc 5s Qs] [3h]
craaa: bets $6
tanja150: raises $6 to $12
craaa: calls $6
*** SHOW DOWN ***
tanja150: shows [Ac Qd] (three of a kind, Queens)
craaa: mucks hand
tanja150 collected $47.50 from pot
*** SUMMARY ***
Total pot $48 | Rake $0.50
Board [4h Qc 5s Qs 3h]
Seat 1: craaa (big blind) mucked
Seat 6: tanja150 (button) (small blind) showed [Ac Qd] and won ($47.50) with three of a kind, Queens


PokerStars Hand #144636026042:  Hold'em Limit ($3/$6 USD) - 2015/11/30 18:30:14 ET
Table 'Pongola' 6-max Seat #6 is the button
Seat 1: craaa ($233.97 in chips)
Seat 6: tanja150 ($73.17 in chips)
tanja150: posts small blind $1
craaa: posts big blind $3
*** HOLE CARDS ***
tanja150: raises $3 to $6
craaa: calls $3
*** FLOP *** [Kc 5d 8c]
craaa: checks
tanja150: bets $3
craaa: raises $3 to $6
tanja150: raises $3 to $9
craaa: raises $3 to $12
Betting is capped
tanja150: calls $3
*** TURN *** [Kc 5d 8c] [7d]
craaa: bets $6
tanja150: calls $6
*** RIVER *** [Kc 5d 8c 7d] [7h]
craaa: bets $6
tanja150: calls $6
*** SHOW DOWN ***
craaa: shows [2c 4c] (a pair of Sevens)
tanja150: shows [9d 8d] (two pair, Eights and Sevens)
tanja150 collected $59.50 from pot
*** SUMMARY ***
Total pot $60 | Rake $0.50
Board [Kc 5d 8c 7d 7h]
Seat 1: craaa (big blind) showed [2c 4c] and lost with a pair of Sevens
Seat 6: tanja150 (button) (small blind) showed [9d 8d] and won ($59.50) with two pair, Eights and Sevens


PokerStars Hand #144636020890:  Hold'em Limit ($3/$6 USD) - 2015/11/30 18:30:08 ET
Table 'Pongola' 6-max Seat #1 is the button
Seat 1: craaa ($230.97 in chips)
Seat 6: tanja150 ($76.17 in chips)
craaa: posts small blind $1
tanja150: posts big blind $3
*** HOLE CARDS ***
craaa: raises $3 to $6
tanja150: folds
Uncalled bet ($3) returned to craaa
craaa collected $6 from pot
craaa: doesn't show hand
*** SUMMARY ***
Total pot $6 | Rake $0
Seat 1: craaa (button) (small blind) collected ($6)
Seat 6: tanja150 (big blind) folded before Flop


PokerStars Hand #144636016434:  Hold'em Limit ($3/$6 USD) - 2015/11/30 18:30:02 ET
Table 'Pongola' 6-max Seat #6 is the button
Seat 1: craaa ($229.97 in chips)
Seat 6: tanja150 ($77.17 in chips)
tanja150: posts small blind $1
craaa: posts big blind $3
*** HOLE CARDS ***
tanja150: folds
Uncalled bet ($2) returned to craaa
craaa collected $2 from pot
craaa: doesn't show hand
*** SUMMARY ***
Total pot $2 | Rake $0
Seat 1: craaa (big blind) collected ($2)
Seat 6: tanja150 (button) (small blind) folded before Flop


PokerStars Hand #144636075881:  Hold'em Limit ($3/$6 USD) - 2015/11/30 18:31:19 ET
Table 'Pongola' 6-max Seat #1 is the button
Seat 1: craaa ($234.47 in chips)
Seat 6: tanja150 ($71.67 in chips)
craaa: posts small blind $1
tanja150: posts big blind $3
*** HOLE CARDS ***
craaa: folds
Uncalled bet ($2) returned to tanja150
tanja150 collected $2 from pot
tanja150: doesn't show hand
*** SUMMARY ***
Total pot $2 | Rake $0
Seat 1: craaa (button) (small blind) folded before Flop
Seat 6: tanja150 (big blind) collected ($2)


PokerStars Hand #144636069903:  Hold'em Limit ($3/$6 USD) - 2015/11/30 18:31:12 ET
Table 'Pongola' 6-max Seat #6 is the button
Seat 1: craaa ($233.47 in chips)
Seat 6: tanja150 ($72.67 in chips)
tanja150: posts small blind $1
craaa: posts big blind $3
*** HOLE CARDS ***
tanja150: folds
Uncalled bet ($2) returned to craaa
craaa collected $2 from pot
craaa: doesn't show hand
*** SUMMARY ***
Total pot $2 | Rake $0
Seat 1: craaa (big blind) collected ($2)
Seat 6: tanja150 (button) (small blind) folded before Flop


PokerStars Hand #144636045284:  Hold'em Limit ($3/$6 USD) - 2015/11/30 18:30:39 ET
Table 'Pongola' 6-max Seat #1 is the button
Seat 1: craaa ($203.97 in chips)
Seat 6: tanja150 ($102.67 in chips)
craaa: posts small blind $1
tanja150: posts big blind $3
*** HOLE CARDS ***
craaa: raises $3 to $6
tanja150: raises $3 to $9
craaa: calls $3
*** FLOP *** [6s 3s Kh]
tanja150: bets $3
craaa: raises $3 to $6
tanja150: raises $3 to $9
craaa: calls $3
*** TURN *** [6s 3s Kh] [Ah]
tanja150: bets $6
craaa: calls $6
*** RIVER *** [6s 3s Kh Ah] [5s]
tanja150: bets $6
craaa: calls $6
*** SHOW DOWN ***
tanja150: shows [2s 2c] (a pair of Deuces)
craaa: shows [7s 6c] (a pair of Sixes)
craaa collected $59.50 from pot
*** SUMMARY ***
Total pot $60 | Rake $0.50
Board [6s 3s Kh Ah 5s]
Seat 1: craaa (button) (small blind) showed [7s 6c] and won ($59.50) with a pair of Sixes
Seat 6: tanja150 (big blind) showed [2s 2c] and lost with a pair of Deuces


PokerStars Hand #144636085696:  Hold'em Limit ($3/$6 USD) - 2015/11/30 18:31:32 ET
Table 'Pongola' 6-max Seat #6 is the button
Seat 1: craaa ($233.47 in chips)
Seat 6: tanja150 ($72.67 in chips)
tanja150: posts small blind $1
craaa: posts big blind $3
*** HOLE CARDS ***
tanja150: raises $3 to $6
craaa: folds
Uncalled bet ($3) returned to tanja150
tanja150 collected $6 from pot
tanja150: doesn't show hand
*** SUMMARY ***
Total pot $6 | Rake $0
Seat 1: craaa (big blind) folded before Flop
Seat 6: tanja150 (button) (small blind) collected ($6)


PokerStars Hand #144636118603:  Hold'em Limit ($3/$6 USD) - 2015/11/30 18:32:15 ET
Table 'Pongola' 6-max Seat #6 is the button
Seat 1: craaa ($210.47 in chips)
Seat 6: tanja150 ($95.17 in chips)
tanja150: posts small blind $1
craaa: posts big blind $3
*** HOLE CARDS ***
tanja150: raises $3 to $6
craaa: raises $3 to $9
tanja150: calls $3
*** FLOP *** [3d 7d Jc]
craaa: bets $3
tanja150: calls $3
*** TURN *** [3d 7d Jc] [2c]
craaa: bets $6
tanja150: folds
Uncalled bet ($6) returned to craaa
craaa collected $23.52 from pot
craaa: doesn't show hand
*** SUMMARY ***
Total pot $24 | Rake $0.48
Board [3d 7d Jc 2c]
Seat 1: craaa (big blind) collected ($23.52)
Seat 6: tanja150 (button) (small blind) folded on the Turn


PokerStars Hand #144636113322:  Hold'em Limit ($3/$6 USD) - 2015/11/30 18:32:08 ET
Table 'Pongola' 6-max Seat #1 is the button
Seat 1: craaa ($207.47 in chips)
Seat 6: tanja150 ($98.17 in chips)
craaa: posts small blind $1
tanja150: posts big blind $3
*** HOLE CARDS ***
craaa: raises $3 to $6
tanja150: folds
Uncalled bet ($3) returned to craaa
craaa collected $6 from pot
craaa: doesn't show hand
*** SUMMARY ***
Total pot $6 | Rake $0
Seat 1: craaa (button) (small blind) collected ($6)
Seat 6: tanja150 (big blind) folded before Flop


PokerStars Hand #144636109596:  Hold'em Limit ($3/$6 USD) - 2015/11/30 18:32:04 ET
Table 'Pongola' 6-max Seat #6 is the button
Seat 1: craaa ($206.47 in chips)
Seat 6: tanja150 ($99.17 in chips)
tanja150: posts small blind $1
craaa: posts big blind $3
*** HOLE CARDS ***
tanja150: folds
Uncalled bet ($2) returned to craaa
craaa collected $2 from pot
craaa: doesn't show hand
*** SUMMARY ***
Total pot $2 | Rake $0
Seat 1: craaa (big blind) collected ($2)
Seat 6: tanja150 (button) (small blind) folded before Flop


PokerStars Hand #144636092335:  Hold'em Limit ($3/$6 USD) - 2015/11/30 18:31:41 ET
Table 'Pongola' 6-max Seat #1 is the button
Seat 1: craaa ($230.47 in chips)
Seat 6: tanja150 ($75.67 in chips)
craaa: posts small blind $1
tanja150: posts big blind $3
*** HOLE CARDS ***
craaa: raises $3 to $6
tanja150: calls $3
*** FLOP *** [8c 6s 4s]
tanja150: checks
craaa: bets $3
tanja150: raises $3 to $6
craaa: calls $3
*** TURN *** [8c 6s 4s] [2s]
tanja150: bets $6
craaa: calls $6
*** RIVER *** [8c 6s 4s 2s] [Jh]
tanja150: bets $6
craaa: calls $6
*** SHOW DOWN ***
tanja150: shows [8h 4d] (two pair, Eights and Fours)
craaa: mucks hand
tanja150 collected $47.50 from pot
*** SUMMARY ***
Total pot $48 | Rake $0.50
Board [8c 6s 4s 2s Jh]
Seat 1: craaa (button) (small blind) mucked
Seat 6: tanja150 (big blind) showed [8h 4d] and won ($47.50) with two pair, Eights and Fours


PokerStars Hand #144636131346:  Hold'em Limit ($3/$6 USD) - 2015/11/30 18:32:32 ET
Table 'Pongola' 6-max Seat #1 is the button
Seat 1: craaa ($221.99 in chips)
Seat 6: tanja150 ($83.17 in chips)
craaa: posts small blind $1
tanja150: posts big blind $3
*** HOLE CARDS ***
craaa: raises $3 to $6
tanja150: raises $3 to $9
craaa: calls $3
*** FLOP *** [8c Jd 5s]
tanja150: bets $3
craaa: folds
Uncalled bet ($3) returned to tanja150
tanja150 collected $17.64 from pot
tanja150: doesn't show hand
*** SUMMARY ***
Total pot $18 | Rake $0.36
Board [8c Jd 5s]
Seat 1: craaa (button) (small blind) folded on the Flop
Seat 6: tanja150 (big blind) collected ($17.64)


PokerStars Hand #144636150122:  Hold'em Limit ($3/$6 USD) - 2015/11/30 18:32:56 ET
Table 'Pongola' 6-max Seat #6 is the button
Seat 1: craaa ($212.99 in chips)
Seat 6: tanja150 ($91.81 in chips)
tanja150: posts small blind $1
craaa: posts big blind $3
*** HOLE CARDS ***
tanja150: raises $3 to $6
craaa: calls $3
*** FLOP *** [2s 2c 4d]
craaa: checks
tanja150: bets $3
craaa: calls $3
*** TURN *** [2s 2c 4d] [9d]
craaa: checks
tanja150: bets $6
craaa: calls $6
*** RIVER *** [2s 2c 4d 9d] [5d]
craaa: checks
tanja150: bets $6
craaa: calls $6
*** SHOW DOWN ***
tanja150: shows [Jd 8d] (a flush, Jack high)
craaa: mucks hand
tanja150 collected $41.50 from pot
*** SUMMARY ***
Total pot $42 | Rake $0.50
Board [2s 2c 4d 9d 5d]
Seat 1: craaa (big blind) mucked
Seat 6: tanja150 (button) (small blind) showed [Jd 8d] and won ($41.50) with a flush, Jack high


PokerStars Hand #144636178579:  Hold'em Limit ($3/$6 USD) - 2015/11/30 18:33:34 ET
Table 'Pongola' 6-max Seat #1 is the button
Seat 1: craaa ($191.99 in chips)
Seat 6: tanja150 ($112.31 in chips)
craaa: posts small blind $1
tanja150: posts big blind $3
*** HOLE CARDS ***
craaa: raises $3 to $6
tanja150: calls $3
*** FLOP *** [Kd 2h 3s]
tanja150: checks
craaa: bets $3
tanja150: calls $3
*** TURN *** [Kd 2h 3s] [2s]
tanja150: checks
craaa: checks
*** RIVER *** [Kd 2h 3s 2s] [7d]
tanja150: bets $6
craaa: calls $6
*** SHOW DOWN ***
tanja150: shows [3c Tc] (two pair, Threes and Deuces)
craaa: shows [Kh 9c] (two pair, Kings and Deuces)
craaa collected $29.50 from pot
*** SUMMARY ***
Total pot $30 | Rake $0.50
Board [Kd 2h 3s 2s 7d]
Seat 1: craaa (button) (small blind) showed [Kh 9c] and won ($29.50) with two pair, Kings and Deuces
Seat 6: tanja150 (big blind) showed [3c Tc] and lost with two pair, Threes and Deuces


PokerStars Hand #144636193772:  Hold'em Limit ($3/$6 USD) - 2015/11/30 18:33:53 ET
Table 'Pongola' 6-max Seat #6 is the button
Seat 1: craaa ($206.49 in chips)
Seat 6: tanja150 ($97.31 in chips)
tanja150: posts small blind $1
craaa: posts big blind $3
*** HOLE CARDS ***
tanja150: folds
Uncalled bet ($2) returned to craaa
craaa collected $2 from pot
craaa: doesn't show hand
*** SUMMARY ***
Total pot $2 | Rake $0
Seat 1: craaa (big blind) collected ($2)
Seat 6: tanja150 (button) (small blind) folded before Flop


PokerStars Hand #144636199070:  Hold'em Limit ($3/$6 USD) - 2015/11/30 18:34:00 ET
Table 'Pongola' 6-max Seat #1 is the button
Seat 1: craaa ($207.49 in chips)
Seat 6: tanja150 ($96.31 in chips)
craaa: posts small blind $1
tanja150: posts big blind $3
*** HOLE CARDS ***
craaa: raises $3 to $6
tanja150: folds
Uncalled bet ($3) returned to craaa
craaa collected $6 from pot
craaa: doesn't show hand
*** SUMMARY ***
Total pot $6 | Rake $0
Seat 1: craaa (button) (small blind) collected ($6)
Seat 6: tanja150 (big blind) folded before Flop


PokerStars Hand #144636211774:  Hold'em Limit ($3/$6 USD) - 2015/11/30 18:34:17 ET
Table 'Pongola' 6-max Seat #6 is the button
Seat 1: craaa ($210.49 in chips)
Seat 6: tanja150 ($93.31 in chips)
tanja150: posts small blind $1
craaa: posts big blind $3
*** HOLE CARDS ***
tanja150: raises $3 to $6
craaa: calls $3
*** FLOP *** [9h 6h Qd]
craaa: checks
tanja150: bets $3
craaa: calls $3
*** TURN *** [9h 6h Qd] [Ts]
craaa: checks
tanja150: bets $6
craaa: folds
Uncalled bet ($6) returned to tanja150
tanja150 collected $17.64 from pot
tanja150: doesn't show hand
*** SUMMARY ***
Total pot $18 | Rake $0.36
Board [9h 6h Qd Ts]
Seat 1: craaa (big blind) folded on the Turn
Seat 6: tanja150 (button) (small blind) collected ($17.64)


PokerStars Hand #144636239098:  Hold'em Limit ($3/$6 USD) - 2015/11/30 18:34:53 ET
Table 'Pongola' 6-max Seat #1 is the button
Seat 1: craaa ($201.49 in chips)
Seat 6: tanja150 ($101.95 in chips)
craaa: posts small blind $1
tanja150: posts big blind $3
*** HOLE CARDS ***
craaa: raises $3 to $6
tanja150: raises $3 to $9
craaa: calls $3
*** FLOP *** [4s 5h 7c]
tanja150: bets $3
craaa: calls $3
*** TURN *** [4s 5h 7c] [3s]
tanja150: bets $6
craaa: calls $6
*** RIVER *** [4s 5h 7c 3s] [Kd]
tanja150: bets $6
craaa: folds
Uncalled bet ($6) returned to tanja150
tanja150 collected $35.50 from pot
tanja150: doesn't show hand
*** SUMMARY ***
Total pot $36 | Rake $0.50
Board [4s 5h 7c 3s Kd]
Seat 1: craaa (button) (small blind) folded on the River
Seat 6: tanja150 (big blind) collected ($35.50)


PokerStars Hand #144636256506:  Hold'em Limit ($3/$6 USD) - 2015/11/30 18:35:16 ET
Table 'Pongola' 6-max Seat #6 is the button
Seat 1: craaa ($183.49 in chips)
Seat 6: tanja150 ($119.45 in chips)
tanja150: posts small blind $1
craaa: posts big blind $3
*** HOLE CARDS ***
tanja150: raises $3 to $6
craaa: calls $3
*** FLOP *** [As 7h 6d]
craaa: checks
tanja150: checks
*** TURN *** [As 7h 6d] [8s]
craaa: checks
tanja150: bets $6
craaa: calls $6
*** RIVER *** [As 7h 6d 8s] [9s]
craaa: checks
tanja150: checks
*** SHOW DOWN ***
craaa: shows [7c Js] (a pair of Sevens)
tanja150: shows [Qs 8d] (a pair of Eights)
tanja150 collected $23.52 from pot
*** SUMMARY ***
Total pot $24 | Rake $0.48
Board [As 7h 6d 8s 9s]
Seat 1: craaa (big blind) showed [7c Js] and lost with a pair of Sevens
Seat 6: tanja150 (button) (small blind) showed [Qs 8d] and won ($23.52) with a pair of Eights


PokerStars Hand #144636301056:  Hold'em Limit ($3/$6 USD) - 2015/11/30 18:36:14 ET
Table 'Pongola' 6-max Seat #1 is the button
Seat 1: craaa ($192.99 in chips)
Seat 6: tanja150 ($108.97 in chips)
craaa: posts small blind $1
tanja150: posts big blind $3
*** HOLE CARDS ***
craaa: raises $3 to $6
tanja150: folds
Uncalled bet ($3) returned to craaa
craaa collected $6 from pot
craaa: doesn't show hand
*** SUMMARY ***
Total pot $6 | Rake $0
Seat 1: craaa (button) (small blind) collected ($6)
Seat 6: tanja150 (big blind) folded before Flop


PokerStars Hand #144636297392:  Hold'em Limit ($3/$6 USD) - 2015/11/30 18:36:09 ET
Table 'Pongola' 6-max Seat #6 is the button
Seat 1: craaa ($191.99 in chips)
Seat 6: tanja150 ($109.97 in chips)
tanja150: posts small blind $1
craaa: posts big blind $3
*** HOLE CARDS ***
tanja150: folds
Uncalled bet ($2) returned to craaa
craaa collected $2 from pot
craaa: doesn't show hand
*** SUMMARY ***
Total pot $2 | Rake $0
Seat 1: craaa (big blind) collected ($2)
Seat 6: tanja150 (button) (small blind) folded before Flop


PokerStars Hand #144636279721:  Hold'em Limit ($3/$6 USD) - 2015/11/30 18:35:46 ET
Table 'Pongola' 6-max Seat #1 is the button
Seat 1: craaa ($171.49 in chips)
Seat 6: tanja150 ($130.97 in chips)
craaa: posts small blind $1
tanja150: posts big blind $3
*** HOLE CARDS ***
craaa: raises $3 to $6
tanja150: calls $3
*** FLOP *** [6d Qs Ks]
tanja150: checks
craaa: bets $3
tanja150: calls $3
*** TURN *** [6d Qs Ks] [9c]
tanja150: checks
craaa: bets $6
tanja150: calls $6
*** RIVER *** [6d Qs Ks 9c] [Qh]
tanja150: checks
craaa: bets $6
tanja150: calls $6
*** SHOW DOWN ***
craaa: shows [Jd Qc] (three of a kind, Queens)
tanja150: mucks hand
craaa collected $41.50 from pot
*** SUMMARY ***
Total pot $42 | Rake $0.50
Board [6d Qs Ks 9c Qh]
Seat 1: craaa (button) (small blind) showed [Jd Qc] and won ($41.50) with three of a kind, Queens
Seat 6: tanja150 (big blind) mucked


PokerStars Hand #144636305685:  Hold'em Limit ($3/$6 USD) - 2015/11/30 18:36:20 ET
Table 'Pongola' 6-max Seat #6 is the button
Seat 1: craaa ($195.99 in chips)
Seat 6: tanja150 ($105.97 in chips)
tanja150: posts small blind $1
craaa: posts big blind $3
*** HOLE CARDS ***
tanja150: raises $3 to $6
craaa: calls $3
*** FLOP *** [6d Tc 3d]
craaa: checks
tanja150: checks
*** TURN *** [6d Tc 3d] [7h]
craaa: checks
tanja150: bets $6
craaa: raises $6 to $12
tanja150: raises $6 to $18
craaa: calls $6
*** RIVER *** [6d Tc 3d 7h] [2c]
craaa: checks
tanja150: bets $6
craaa: calls $6
*** SHOW DOWN ***
tanja150: shows [Th Ad] (a pair of Tens)
craaa: mucks hand
tanja150 collected $59.50 from pot
*** SUMMARY ***
Total pot $60 | Rake $0.50
Board [6d Tc 3d 7h 2c]
Seat 1: craaa (big blind) mucked
Seat 6: tanja150 (button) (small blind) showed [Th Ad] and won ($59.50) with a pair of Tens


PokerStars Hand #144636322805:  Hold'em Limit ($3/$6 USD) - 2015/11/30 18:36:42 ET
Table 'Pongola' 6-max Seat #1 is the button
Seat 1: craaa ($165.99 in chips)
Seat 6: tanja150 ($135.47 in chips)
craaa: posts small blind $1
tanja150: posts big blind $3
*** HOLE CARDS ***
craaa: raises $3 to $6
tanja150: raises $3 to $9
craaa: calls $3
*** FLOP *** [Ac 8d 8c]
tanja150: checks
craaa: checks
*** TURN *** [Ac 8d 8c] [9d]
tanja150: bets $6
craaa: calls $6
*** RIVER *** [Ac 8d 8c 9d] [9s]
tanja150: bets $6
craaa: calls $6
*** SHOW DOWN ***
tanja150: shows [Tc Qh] (two pair, Nines and Eights)
craaa: shows [Js Qd] (two pair, Nines and Eights)
tanja150 collected $20.75 from pot
craaa collected $20.75 from pot
*** SUMMARY ***
Total pot $42 | Rake $0.50
Board [Ac 8d 8c 9d 9s]
Seat 1: craaa (button) (small blind) showed [Js Qd] and won ($20.75) with two pair, Nines and Eights
Seat 6: tanja150 (big blind) showed [Tc Qh] and won ($20.75) with two pair, Nines and Eights


PokerStars Hand #144636360429:  Hold'em Limit ($3/$6 USD) - 2015/11/30 18:37:32 ET
Table 'Pongola' 6-max Seat #1 is the button
Seat 1: craaa ($150.74 in chips)
Seat 6: tanja150 ($149.72 in chips)
craaa: posts small blind $1
tanja150: posts big blind $3
*** HOLE CARDS ***
craaa: raises $3 to $6
tanja150: folds
Uncalled bet ($3) returned to craaa
craaa collected $6 from pot
craaa: doesn't show hand
hairy1961 joins the table at seat #5
*** SUMMARY ***
Total pot $6 | Rake $0
Seat 1: craaa (button) (small blind) collected ($6)
Seat 6: tanja150 (big blind) folded before Flop


PokerStars Hand #144636356105:  Hold'em Limit ($3/$6 USD) - 2015/11/30 18:37:27 ET
Table 'Pongola' 6-max Seat #6 is the button
Seat 1: craaa ($149.74 in chips)
Seat 6: tanja150 ($150.72 in chips)
tanja150: posts small blind $1
craaa: posts big blind $3
*** HOLE CARDS ***
tanja150: folds
Uncalled bet ($2) returned to craaa
craaa collected $2 from pot
craaa: doesn't show hand
*** SUMMARY ***
Total pot $2 | Rake $0
Seat 1: craaa (big blind) collected ($2)
Seat 6: tanja150 (button) (small blind) folded before Flop


PokerStars Hand #144636352811:  Hold'em Limit ($3/$6 USD) - 2015/11/30 18:37:22 ET
Table 'Pongola' 6-max Seat #1 is the button
Seat 1: craaa ($150.74 in chips)
Seat 6: tanja150 ($149.72 in chips)
craaa: posts small blind $1
tanja150: posts big blind $3
*** HOLE CARDS ***
craaa: folds
Uncalled bet ($2) returned to tanja150
tanja150 collected $2 from pot
tanja150: doesn't show hand
*** SUMMARY ***
Total pot $2 | Rake $0
Seat 1: craaa (button) (small blind) folded before Flop
Seat 6: tanja150 (big blind) collected ($2)


PokerStars Hand #144636339468:  Hold'em Limit ($3/$6 USD) - 2015/11/30 18:37:05 ET
Table 'Pongola' 6-max Seat #6 is the button
Seat 1: craaa ($165.74 in chips)
Seat 6: tanja150 ($135.22 in chips)
tanja150: posts small blind $1
craaa: posts big blind $3
*** HOLE CARDS ***
tanja150: raises $3 to $6
craaa: calls $3
*** FLOP *** [2s Qs Td]
craaa: checks
tanja150: bets $3
craaa: calls $3
*** TURN *** [2s Qs Td] [7c]
craaa: checks
tanja150: bets $6
craaa: calls $6
*** RIVER *** [2s Qs Td 7c] [Kd]
craaa: checks
tanja150: bets $6
craaa: folds
Uncalled bet ($6) returned to tanja150
tanja150 collected $29.50 from pot
tanja150: doesn't show hand
*** SUMMARY ***
Total pot $30 | Rake $0.50
Board [2s Qs Td 7c Kd]
Seat 1: craaa (big blind) folded on the River
Seat 6: tanja150 (button) (small blind) collected ($29.50)


PokerStars Hand #144636364929:  Hold'em Limit ($3/$6 USD) - 2015/11/30 18:37:38 ET
Table 'Pongola' 6-max Seat #6 is the button
Seat 1: craaa ($153.74 in chips)
Seat 6: tanja150 ($146.72 in chips)
tanja150: posts small blind $1
craaa: posts big blind $3
*** HOLE CARDS ***
tanja150: raises $3 to $6
craaa: calls $3
*** FLOP *** [6c 2h 9d]
craaa: checks
tanja150: checks
*** TURN *** [6c 2h 9d] [8s]
craaa: bets $6
tanja150: folds
Uncalled bet ($6) returned to craaa
craaa collected $11.76 from pot
craaa: doesn't show hand
*** SUMMARY ***
Total pot $12 | Rake $0.24
Board [6c 2h 9d 8s]
Seat 1: craaa (big blind) collected ($11.76)
Seat 6: tanja150 (button) (small blind) folded on the Turn


