PokerStars Hand #156891449016:  Hold'em Limit ($3/$6 USD) - 2016/08/05 9:01:42 ET
Table 'Pongola' 6-max Seat #6 is the button
Seat 5: asino222 ($58.83 in chips)
Seat 6: TbIP-TbIP 88 ($72 in chips)
TbIP-TbIP 88: posts small blind $1
asino222: posts big blind $3
*** HOLE CARDS ***
TbIP-TbIP 88: folds
Uncalled bet ($2) returned to asino222
asino222 collected $2 from pot
asino222: doesn't show hand
*** SUMMARY ***
Total pot $2 | Rake $0
Seat 5: asino222 (big blind) collected ($2)
Seat 6: TbIP-TbIP 88 (button) (small blind) folded before Flop


PokerStars Hand #156891476912:  Hold'em Limit ($3/$6 USD) - 2016/08/05 9:02:39 ET
Table 'Pongola' 6-max Seat #5 is the button
Seat 5: asino222 ($98.85 in chips)
Seat 6: TbIP-TbIP 88 ($72 in chips)
asino222: posts small blind $1
TbIP-TbIP 88: posts big blind $3
*** HOLE CARDS ***
asino222: folds
Uncalled bet ($2) returned to TbIP-TbIP 88
TbIP-TbIP 88 collected $2 from pot
TbIP-TbIP 88: doesn't show hand
*** SUMMARY ***
Total pot $2 | Rake $0
Seat 5: asino222 (button) (small blind) folded before Flop
Seat 6: TbIP-TbIP 88 (big blind) collected ($2)


PokerStars Hand #156891473677:  Hold'em Limit ($3/$6 USD) - 2016/08/05 9:02:33 ET
Table 'Pongola' 6-max Seat #6 is the button
Seat 5: asino222 ($97.85 in chips)
Seat 6: TbIP-TbIP 88 ($72 in chips)
TbIP-TbIP 88: posts small blind $1
asino222: posts big blind $3
*** HOLE CARDS ***
TbIP-TbIP 88: folds
Uncalled bet ($2) returned to asino222
asino222 collected $2 from pot
asino222: doesn't show hand
*** SUMMARY ***
Total pot $2 | Rake $0
Seat 5: asino222 (big blind) collected ($2)
Seat 6: TbIP-TbIP 88 (button) (small blind) folded before Flop


PokerStars Hand #156891465713:  Hold'em Limit ($3/$6 USD) - 2016/08/05 9:02:16 ET
Table 'Pongola' 6-max Seat #5 is the button
Seat 5: asino222 ($74.35 in chips)
Seat 6: TbIP-TbIP 88 ($72 in chips)
asino222: posts small blind $1
TbIP-TbIP 88: posts big blind $3
*** HOLE CARDS ***
asino222: raises $3 to $6
TbIP-TbIP 88: raises $3 to $9
asino222: calls $3
*** FLOP *** [Kc 6h 3h]
TbIP-TbIP 88: bets $3
asino222: calls $3
*** TURN *** [Kc 6h 3h] [7s]
TbIP-TbIP 88: checks
asino222: bets $6
TbIP-TbIP 88: calls $6
*** RIVER *** [Kc 6h 3h 7s] [Jc]
TbIP-TbIP 88: checks
asino222: bets $6
TbIP-TbIP 88: calls $6
*** SHOW DOWN ***
asino222: shows [8h Ks] (a pair of Kings)
TbIP-TbIP 88: mucks hand
asino222 collected $47.50 from pot
*** SUMMARY ***
Total pot $48 | Rake $0.50
Board [Kc 6h 3h 7s Jc]
Seat 5: asino222 (button) (small blind) showed [8h Ks] and won ($47.50) with a pair of Kings
Seat 6: TbIP-TbIP 88 (big blind) mucked


PokerStars Hand #156891452767:  Hold'em Limit ($3/$6 USD) - 2016/08/05 9:01:49 ET
Table 'Pongola' 6-max Seat #5 is the button
Seat 5: asino222 ($59.83 in chips)
Seat 6: TbIP-TbIP 88 ($72 in chips)
asino222: posts small blind $1
TbIP-TbIP 88: posts big blind $3
*** HOLE CARDS ***
asino222: raises $3 to $6
TbIP-TbIP 88: folds
Uncalled bet ($3) returned to asino222
asino222 collected $6 from pot
asino222: doesn't show hand
*** SUMMARY ***
Total pot $6 | Rake $0
Seat 5: asino222 (button) (small blind) collected ($6)
Seat 6: TbIP-TbIP 88 (big blind) folded before Flop


PokerStars Hand #156891457407:  Hold'em Limit ($3/$6 USD) - 2016/08/05 9:01:59 ET
Table 'Pongola' 6-max Seat #6 is the button
Seat 5: asino222 ($62.83 in chips)
Seat 6: TbIP-TbIP 88 ($72 in chips)
TbIP-TbIP 88: posts small blind $1
asino222: posts big blind $3
*** HOLE CARDS ***
TbIP-TbIP 88: raises $3 to $6
asino222: raises $3 to $9
TbIP-TbIP 88: calls $3
*** FLOP *** [7h Ks Ah]
asino222: bets $3
TbIP-TbIP 88: calls $3
*** TURN *** [7h Ks Ah] [4d]
asino222: bets $6
TbIP-TbIP 88: folds
Uncalled bet ($6) returned to asino222
asino222 collected $23.52 from pot
asino222: doesn't show hand
*** SUMMARY ***
Total pot $24 | Rake $0.48
Board [7h Ks Ah 4d]
Seat 5: asino222 (big blind) collected ($23.52)
Seat 6: TbIP-TbIP 88 (button) (small blind) folded on the Turn


