PokerStars Hand #149919926296:  Hold'em Limit ($3/$6 USD) - 2016/03/06 6:57:04 ET
Table 'Pongola' 6-max Seat #5 is the button
Seat 4: glenndale22 ($146.19 in chips)
Seat 5: Psynto ($159.78 in chips)
Psynto: posts small blind $1
Agrotait: is sitting out
glenndale22: posts big blind $3
*** HOLE CARDS ***
Psynto: raises $3 to $6
glenndale22: calls $3
*** FLOP *** [2c Js 3c]
glenndale22: checks
Psynto: bets $3
glenndale22: folds
Uncalled bet ($3) returned to Psynto
Psynto collected $11.76 from pot
Psynto: doesn't show hand
*** SUMMARY ***
Total pot $12 | Rake $0.24
Board [2c Js 3c]
Seat 4: glenndale22 (big blind) folded on the Flop
Seat 5: Psynto (button) (small blind) collected ($11.76)


PokerStars Hand #149919945722:  Hold'em Limit ($3/$6 USD) - 2016/03/06 6:57:44 ET
Table 'Pongola' 6-max Seat #4 is the button
Seat 4: glenndale22 ($172.19 in chips)
Seat 5: Psynto ($132.54 in chips)
glenndale22: posts small blind $1
Psynto: posts big blind $3
*** HOLE CARDS ***
glenndale22: raises $3 to $6
Psynto: calls $3
*** FLOP *** [8c 8s 8h]
Psynto: checks
glenndale22: bets $3
Psynto: calls $3
*** TURN *** [8c 8s 8h] [3h]
Psynto: checks
glenndale22: bets $6
Psynto: calls $6
*** RIVER *** [8c 8s 8h 3h] [6c]
Psynto: checks
glenndale22: bets $6
Psynto: calls $6
*** SHOW DOWN ***
glenndale22: shows [Ah 6s] (a full house, Eights full of Sixes)
Psynto: mucks hand
glenndale22 collected $41.50 from pot
*** SUMMARY ***
Total pot $42 | Rake $0.50
Board [8c 8s 8h 3h 6c]
Seat 4: glenndale22 (button) (small blind) showed [Ah 6s] and won ($41.50) with a full house, Eights full of Sixes
Seat 5: Psynto (big blind) mucked


PokerStars Hand #149919937724:  Hold'em Limit ($3/$6 USD) - 2016/03/06 6:57:27 ET
Table 'Pongola' 6-max Seat #5 is the button
Seat 4: glenndale22 ($157.69 in chips)
Seat 5: Psynto ($147.54 in chips)
Psynto: posts small blind $1
glenndale22: posts big blind $3
*** HOLE CARDS ***
Psynto: raises $3 to $6
glenndale22: calls $3
*** FLOP *** [7c 6c Js]
glenndale22: checks
Agrotait leaves the table
Psynto: bets $3
glenndale22: calls $3
*** TURN *** [7c 6c Js] [Tc]
glenndale22: checks
Psynto: checks
*** RIVER *** [7c 6c Js Tc] [Qh]
glenndale22: bets $6
Psynto: calls $6
*** SHOW DOWN ***
glenndale22: shows [Ad Qd] (a pair of Queens)
Psynto: mucks hand
glenndale22 collected $29.50 from pot
*** SUMMARY ***
Total pot $30 | Rake $0.50
Board [7c 6c Js Tc Qh]
Seat 4: glenndale22 (big blind) showed [Ad Qd] and won ($29.50) with a pair of Queens
Seat 5: Psynto (button) (small blind) mucked


PokerStars Hand #149919930823:  Hold'em Limit ($3/$6 USD) - 2016/03/06 6:57:13 ET
Table 'Pongola' 6-max Seat #4 is the button
Seat 4: glenndale22 ($140.19 in chips)
Seat 5: Psynto ($165.54 in chips)
glenndale22: posts small blind $1
Psynto: posts big blind $3
*** HOLE CARDS ***
glenndale22: raises $3 to $6
Psynto: raises $3 to $9
glenndale22: calls $3
*** FLOP *** [7c Jc Qh]
Psynto: bets $3
glenndale22: calls $3
*** TURN *** [7c Jc Qh] [2d]
Psynto: bets $6
glenndale22: calls $6
*** RIVER *** [7c Jc Qh 2d] [4s]
Psynto: checks
glenndale22: bets $6
Psynto: folds
Uncalled bet ($6) returned to glenndale22
glenndale22 collected $35.50 from pot
glenndale22: doesn't show hand
*** SUMMARY ***
Total pot $36 | Rake $0.50
Board [7c Jc Qh 2d 4s]
Seat 4: glenndale22 (button) (small blind) collected ($35.50)
Seat 5: Psynto (big blind) folded on the River


PokerStars Hand #149919952380:  Hold'em Limit ($3/$6 USD) - 2016/03/06 6:57:57 ET
Table 'Pongola' 6-max Seat #5 is the button
Seat 4: glenndale22 ($192.69 in chips)
Seat 5: Psynto ($111.54 in chips)
Psynto: posts small blind $1
glenndale22: posts big blind $3
*** HOLE CARDS ***
Psynto: raises $3 to $6
glenndale22: calls $3
*** FLOP *** [2d 8c Kc]
glenndale22: checks
Psynto: bets $3
glenndale22: raises $3 to $6
Psynto: folds
Uncalled bet ($3) returned to glenndale22
glenndale22 collected $17.64 from pot
glenndale22: doesn't show hand
*** SUMMARY ***
Total pot $18 | Rake $0.36
Board [2d 8c Kc]
Seat 4: glenndale22 (big blind) collected ($17.64)
Seat 5: Psynto (button) (small blind) folded on the Flop


