PokerStars Hand #167105051777:  Hold'em Limit ($3/$6 USD) - 2017/03/04 12:54:27 ET
Table 'Pongola' 6-max Seat #4 is the button
Seat 4: kismespit ($117 in chips)
Seat 6: makimaki ($120 in chips)
kismespit: posts small blind $1
makimaki: posts big blind $3
*** HOLE CARDS ***
kismespit: folds
Uncalled bet ($2) returned to makimaki
makimaki collected $2 from pot
makimaki: doesn't show hand
*** SUMMARY ***
Total pot $2 | Rake $0
Seat 4: kismespit (button) (small blind) folded before Flop
Seat 6: makimaki (big blind) collected ($2)


PokerStars Hand #167105047302:  Hold'em Limit ($3/$6 USD) - 2017/03/04 12:54:22 ET
Table 'Pongola' 6-max Seat #6 is the button
Seat 4: kismespit ($116 in chips)
Seat 6: makimaki ($121 in chips)
makimaki: posts small blind $1
kismespit: posts big blind $3
*** HOLE CARDS ***
makimaki: folds
Uncalled bet ($2) returned to kismespit
kismespit collected $2 from pot
*** SUMMARY ***
Total pot $2 | Rake $0
Seat 4: kismespit (big blind) collected ($2)
Seat 6: makimaki (button) (small blind) folded before Flop


PokerStars Hand #167105043558:  Hold'em Limit ($3/$6 USD) - 2017/03/04 12:54:18 ET
Table 'Pongola' 6-max Seat #4 is the button
Seat 4: kismespit ($117 in chips)
Seat 6: makimaki ($120 in chips)
kismespit: posts small blind $1
makimaki: posts big blind $3
*** HOLE CARDS ***
kismespit: folds
Uncalled bet ($2) returned to makimaki
VolkovDmitri leaves the table
makimaki collected $2 from pot
makimaki: doesn't show hand
*** SUMMARY ***
Total pot $2 | Rake $0
Seat 4: kismespit (button) (small blind) folded before Flop
Seat 6: makimaki (big blind) collected ($2)


PokerStars Hand #167105088955:  Hold'em Limit ($3/$6 USD) - 2017/03/04 12:55:15 ET
Table 'Pongola' 6-max Seat #6 is the button
Seat 4: kismespit ($127.50 in chips)
Seat 6: makimaki ($108.76 in chips)
makimaki: posts small blind $1
kismespit: posts big blind $3
*** HOLE CARDS ***
sokol-max-PS joins the table at seat #5
makimaki: folds
Uncalled bet ($2) returned to kismespit
kismespit collected $2 from pot
*** SUMMARY ***
Total pot $2 | Rake $0
Seat 4: kismespit (big blind) collected ($2)
Seat 6: makimaki (button) (small blind) folded before Flop


PokerStars Hand #167105076028:  Hold'em Limit ($3/$6 USD) - 2017/03/04 12:54:58 ET
Table 'Pongola' 6-max Seat #4 is the button
Seat 4: kismespit ($133.50 in chips)
Seat 6: makimaki ($103 in chips)
kismespit: posts small blind $1
makimaki: posts big blind $3
*** HOLE CARDS ***
kismespit: raises $3 to $6
makimaki: calls $3
*** FLOP *** [2s Qc 2h]
makimaki: checks
kismespit: checks
*** TURN *** [2s Qc 2h] [5d]
makimaki: checks
kismespit: checks
*** RIVER *** [2s Qc 2h 5d] [Td]
makimaki: checks
kismespit: checks
*** SHOW DOWN ***
makimaki: shows [8h 5c] (two pair, Fives and Deuces)
kismespit: mucks hand
makimaki collected $11.76 from pot
*** SUMMARY ***
Total pot $12 | Rake $0.24
Board [2s Qc 2h 5d Td]
Seat 4: kismespit (button) (small blind) mucked
Seat 6: makimaki (big blind) showed [8h 5c] and won ($11.76) with two pair, Fives and Deuces


PokerStars Hand #167116227910:  Hold'em Limit ($3/$6 USD) - 2017/03/04 16:32:41 ET
Table 'Pongola' 6-max Seat #4 is the button
Seat 3: kurt183 ($90.65 in chips)
Seat 4: MellivoraSto ($166.44 in chips)
MellivoraSto: posts small blind $1
kurt183: posts big blind $3
*** HOLE CARDS ***
MellivoraSto: raises $3 to $6
kurt183: calls $3
*** FLOP *** [6h 9d 4s]
kurt183: checks
MellivoraSto: bets $3
kurt183: calls $3
*** TURN *** [6h 9d 4s] [Th]
kurt183: checks
florinfidelu leaves the table
MellivoraSto: bets $6
kurt183: calls $6
*** RIVER *** [6h 9d 4s Th] [3d]
kurt183: checks
MellivoraSto: bets $6
kurt183: calls $6
*** SHOW DOWN ***
MellivoraSto: shows [Jh 8h] (high card Jack)
kurt183: shows [2s 2h] (a pair of Deuces)
kurt183 collected $41.50 from pot
*** SUMMARY ***
Total pot $42 | Rake $0.50
Board [6h 9d 4s Th 3d]
Seat 3: kurt183 (big blind) showed [2s 2h] and won ($41.50) with a pair of Deuces
Seat 4: MellivoraSto (button) (small blind) showed [Jh 8h] and lost with high card Jack


PokerStars Hand #167119509606:  Hold'em Limit ($3/$6 USD) - 2017/03/04 17:40:09 ET
Table 'Pongola' 6-max Seat #1 is the button
Seat 1: Doctor Reap ($71.01 in chips)
Seat 6: tilion22 ($164.38 in chips)
Doctor Reap: posts small blind $1
zxkz: is sitting out
tilion22: posts big blind $3
*** HOLE CARDS ***
Doctor Reap: raises $3 to $6
tilion22: folds
Uncalled bet ($3) returned to Doctor Reap
Doctor Reap collected $6 from pot
*** SUMMARY ***
Total pot $6 | Rake $0
Seat 1: Doctor Reap (button) (small blind) collected ($6)
Seat 6: tilion22 (big blind) folded before Flop


