PokerStars Hand #173931578607:  Hold'em Limit ($3/$6 USD) - 2017/08/04 20:37:09 ET
Table 'Pongola' 6-max Seat #5 is the button
Seat 1: belik555 ($387.05 in chips)
Seat 5: Wurst3 ($297.21 in chips)
Wurst3: posts small blind $1
belik555: posts big blind $3
*** HOLE CARDS ***
Wurst3: raises $3 to $6
belik555: calls $3
*** FLOP *** [2s As 8h]
belik555: checks
Wurst3: checks
*** TURN *** [2s As 8h] [2c]
belik555: checks
thekiing80 joins the table at seat #3
Wurst3: checks
*** RIVER *** [2s As 8h 2c] [9h]
belik555: checks
Wurst3: checks
*** SHOW DOWN ***
belik555: shows [6s 4c] (a pair of Deuces)
Wurst3: shows [Qd 3s] (a pair of Deuces - Ace+Queen kicker)
Wurst3 collected $11.76 from pot
*** SUMMARY ***
Total pot $12 | Rake $0.24
Board [2s As 8h 2c 9h]
Seat 1: belik555 (big blind) showed [6s 4c] and lost with a pair of Deuces
Seat 5: Wurst3 (button) (small blind) showed [Qd 3s] and won ($11.76) with a pair of Deuces


PokerStars Hand #173931712038:  Hold'em Limit ($3/$6 USD) - 2017/08/04 20:41:55 ET
Table 'Pongola' 6-max Seat #3 is the button
Seat 1: belik555 ($355.67 in chips)
Seat 3: thekiing80 ($160.55 in chips)
thekiing80: posts small blind $1
belik555: posts big blind $3
*** HOLE CARDS ***
thekiing80: folds
Uncalled bet ($2) returned to belik555
belik555 collected $2 from pot
belik555: doesn't show hand
*** SUMMARY ***
Total pot $2 | Rake $0
Seat 1: belik555 (big blind) collected ($2)
Seat 3: thekiing80 (button) (small blind) folded before Flop


PokerStars Hand #173931714252:  Hold'em Limit ($3/$6 USD) - 2017/08/04 20:42:00 ET
Table 'Pongola' 6-max Seat #1 is the button
Seat 1: belik555 ($356.67 in chips)
Seat 3: thekiing80 ($159.55 in chips)
belik555: posts small blind $1
thekiing80: posts big blind $3
*** HOLE CARDS ***
belik555: raises $3 to $6
thekiing80: raises $3 to $9
belik555: calls $3
*** FLOP *** [6d 3d 4d]
thekiing80: bets $3
belik555: calls $3
*** TURN *** [6d 3d 4d] [5s]
thekiing80: bets $6
belik555: calls $6
*** RIVER *** [6d 3d 4d 5s] [Jd]
thekiing80: bets $6
belik555: calls $6
*** SHOW DOWN ***
thekiing80: shows [Ad 3s] (a flush, Ace high)
belik555: mucks hand
thekiing80 collected $47.50 from pot
*** SUMMARY ***
Total pot $48 | Rake $0.50
Board [6d 3d 4d 5s Jd]
Seat 1: belik555 (button) (small blind) mucked
Seat 3: thekiing80 (big blind) showed [Ad 3s] and won ($47.50) with a flush, Ace high


PokerStars Hand #173931737001:  Hold'em Limit ($3/$6 USD) - 2017/08/04 20:42:49 ET
Table 'Pongola' 6-max Seat #3 is the button
Seat 1: belik555 ($332.67 in chips)
Seat 3: thekiing80 ($183.05 in chips)
thekiing80: posts small blind $1
belik555: posts big blind $3
*** HOLE CARDS ***
thekiing80: folds
Uncalled bet ($2) returned to belik555
belik555 collected $2 from pot
belik555: doesn't show hand
*** SUMMARY ***
Total pot $2 | Rake $0
Seat 1: belik555 (big blind) collected ($2)
Seat 3: thekiing80 (button) (small blind) folded before Flop


PokerStars Hand #173931740140:  Hold'em Limit ($3/$6 USD) - 2017/08/04 20:42:56 ET
Table 'Pongola' 6-max Seat #1 is the button
Seat 1: belik555 ($333.67 in chips)
Seat 3: thekiing80 ($182.05 in chips)
belik555: posts small blind $1
thekiing80: posts big blind $3
*** HOLE CARDS ***
belik555: raises $3 to $6
thekiing80: folds
Uncalled bet ($3) returned to belik555
belik555 collected $6 from pot
belik555: doesn't show hand
*** SUMMARY ***
Total pot $6 | Rake $0
Seat 1: belik555 (button) (small blind) collected ($6)
Seat 3: thekiing80 (big blind) folded before Flop


PokerStars Hand #173931743239:  Hold'em Limit ($3/$6 USD) - 2017/08/04 20:43:03 ET
Table 'Pongola' 6-max Seat #3 is the button
Seat 1: belik555 ($336.67 in chips)
Seat 3: thekiing80 ($179.05 in chips)
thekiing80: posts small blind $1
belik555: posts big blind $3
*** HOLE CARDS ***
thekiing80: raises $3 to $6
belik555: calls $3
*** FLOP *** [Tc 5c 6s]
belik555: checks
thekiing80: checks
*** TURN *** [Tc 5c 6s] [Kd]
belik555: bets $6
thekiing80: folds
Uncalled bet ($6) returned to belik555
belik555 collected $11.76 from pot
belik555: doesn't show hand
*** SUMMARY ***
Total pot $12 | Rake $0.24
Board [Tc 5c 6s Kd]
Seat 1: belik555 (big blind) collected ($11.76)
Seat 3: thekiing80 (button) (small blind) folded on the Turn


PokerStars Hand #173931756425:  Hold'em Limit ($3/$6 USD) - 2017/08/04 20:43:31 ET
Table 'Pongola' 6-max Seat #1 is the button
Seat 1: belik555 ($342.43 in chips)
Seat 3: thekiing80 ($173.05 in chips)
belik555: posts small blind $1
thekiing80: posts big blind $3
*** HOLE CARDS ***
belik555: raises $3 to $6
thekiing80: calls $3
*** FLOP *** [7h Ks Qs]
thekiing80: checks
belik555: bets $3
thekiing80: calls $3
*** TURN *** [7h Ks Qs] [3d]
thekiing80: checks
belik555: checks
*** RIVER *** [7h Ks Qs 3d] [3s]
thekiing80: bets $6
belik555: folds
Uncalled bet ($6) returned to thekiing80
thekiing80 collected $17.64 from pot
*** SUMMARY ***
Total pot $18 | Rake $0.36
Board [7h Ks Qs 3d 3s]
Seat 1: belik555 (button) (small blind) folded on the River
Seat 3: thekiing80 (big blind) collected ($17.64)


PokerStars Hand #173931772811:  Hold'em Limit ($3/$6 USD) - 2017/08/04 20:44:07 ET
Table 'Pongola' 6-max Seat #3 is the button
Seat 1: belik555 ($333.43 in chips)
Seat 3: thekiing80 ($181.69 in chips)
thekiing80: posts small blind $1
belik555: posts big blind $3
*** HOLE CARDS ***
thekiing80: raises $3 to $6
belik555: calls $3
*** FLOP *** [Qs Jc Td]
belik555: checks
thekiing80: bets $3
belik555: calls $3
*** TURN *** [Qs Jc Td] [8h]
belik555: checks
thekiing80: checks
*** RIVER *** [Qs Jc Td 8h] [5c]
belik555: checks
thekiing80: bets $6
belik555: folds
Uncalled bet ($6) returned to thekiing80
thekiing80 collected $17.64 from pot
*** SUMMARY ***
Total pot $18 | Rake $0.36
Board [Qs Jc Td 8h 5c]
Seat 1: belik555 (big blind) folded on the River
Seat 3: thekiing80 (button) (small blind) collected ($17.64)


PokerStars Hand #173931787561:  Hold'em Limit ($3/$6 USD) - 2017/08/04 20:44:39 ET
Table 'Pongola' 6-max Seat #1 is the button
Seat 1: belik555 ($324.43 in chips)
Seat 3: thekiing80 ($190.33 in chips)
belik555: posts small blind $1
thekiing80: posts big blind $3
*** HOLE CARDS ***
belik555: raises $3 to $6
thekiing80: calls $3
*** FLOP *** [9c 6s Ah]
thekiing80: checks
belik555: bets $3
thekiing80: folds
Uncalled bet ($3) returned to belik555
belik555 collected $11.76 from pot
belik555: doesn't show hand
*** SUMMARY ***
Total pot $12 | Rake $0.24
Board [9c 6s Ah]
Seat 1: belik555 (button) (small blind) collected ($11.76)
Seat 3: thekiing80 (big blind) folded on the Flop


PokerStars Hand #173931794863:  Hold'em Limit ($3/$6 USD) - 2017/08/04 20:44:55 ET
Table 'Pongola' 6-max Seat #3 is the button
Seat 1: belik555 ($330.19 in chips)
Seat 3: thekiing80 ($184.33 in chips)
thekiing80: posts small blind $1
belik555: posts big blind $3
*** HOLE CARDS ***
thekiing80: raises $3 to $6
belik555: calls $3
*** FLOP *** [7c 5s 4c]
belik555: checks
thekiing80: bets $3
belik555: calls $3
*** TURN *** [7c 5s 4c] [6h]
belik555: checks
thekiing80: checks
*** RIVER *** [7c 5s 4c 6h] [6c]
belik555: bets $6
thekiing80: calls $6
*** SHOW DOWN ***
belik555: shows [Ts 6s] (three of a kind, Sixes)
thekiing80: mucks hand
belik555 collected $29.50 from pot
*** SUMMARY ***
Total pot $30 | Rake $0.50
Board [7c 5s 4c 6h 6c]
Seat 1: belik555 (big blind) showed [Ts 6s] and won ($29.50) with three of a kind, Sixes
Seat 3: thekiing80 (button) (small blind) mucked


PokerStars Hand #173931822849:  Hold'em Limit ($3/$6 USD) - 2017/08/04 20:45:55 ET
Table 'Pongola' 6-max Seat #3 is the button
Seat 1: belik555 ($359.19 in chips)
Seat 3: thekiing80 ($154.33 in chips)
thekiing80: posts small blind $1
belik555: posts big blind $3
*** HOLE CARDS ***
thekiing80: folds
Uncalled bet ($2) returned to belik555
belik555 collected $2 from pot
belik555: doesn't show hand
*** SUMMARY ***
Total pot $2 | Rake $0
Seat 1: belik555 (big blind) collected ($2)
Seat 3: thekiing80 (button) (small blind) folded before Flop


PokerStars Hand #173931808735:  Hold'em Limit ($3/$6 USD) - 2017/08/04 20:45:25 ET
Table 'Pongola' 6-max Seat #1 is the button
Seat 1: belik555 ($344.69 in chips)
Seat 3: thekiing80 ($169.33 in chips)
belik555: posts small blind $1
thekiing80: posts big blind $3
*** HOLE CARDS ***
belik555: raises $3 to $6
thekiing80: calls $3
*** FLOP *** [Qd 6d 5h]
thekiing80: bets $3
belik555: calls $3
*** TURN *** [Qd 6d 5h] [4s]
thekiing80: bets $6
belik555: raises $6 to $12
thekiing80: folds
Uncalled bet ($6) returned to belik555
belik555 collected $29.50 from pot
belik555: doesn't show hand
*** SUMMARY ***
Total pot $30 | Rake $0.50
Board [Qd 6d 5h 4s]
Seat 1: belik555 (button) (small blind) collected ($29.50)
Seat 3: thekiing80 (big blind) folded on the Turn


PokerStars Hand #173931826015:  Hold'em Limit ($3/$6 USD) - 2017/08/04 20:46:02 ET
Table 'Pongola' 6-max Seat #1 is the button
Seat 1: belik555 ($360.19 in chips)
Seat 3: thekiing80 ($153.33 in chips)
belik555: posts small blind $1
thekiing80: posts big blind $3
*** HOLE CARDS ***
belik555: raises $3 to $6
thekiing80: calls $3
*** FLOP *** [Qh 7s Ks]
thekiing80: checks
belik555: bets $3
thekiing80: folds
Uncalled bet ($3) returned to belik555
belik555 collected $11.76 from pot
belik555: doesn't show hand
*** SUMMARY ***
Total pot $12 | Rake $0.24
Board [Qh 7s Ks]
Seat 1: belik555 (button) (small blind) collected ($11.76)
Seat 3: thekiing80 (big blind) folded on the Flop


PokerStars Hand #173931840889:  Hold'em Limit ($3/$6 USD) - 2017/08/04 20:46:35 ET
Table 'Pongola' 6-max Seat #3 is the button
Seat 1: belik555 ($365.95 in chips)
Seat 3: thekiing80 ($147.33 in chips)
thekiing80: posts small blind $1
belik555: posts big blind $3
*** HOLE CARDS ***
thekiing80: raises $3 to $6
belik555: calls $3
*** FLOP *** [4h 6c 8c]
belik555: checks
thekiing80: bets $3
belik555: calls $3
*** TURN *** [4h 6c 8c] [8d]
belik555: checks
thekiing80: bets $6
belik555: calls $6
*** RIVER *** [4h 6c 8c 8d] [Kc]
belik555: checks
thekiing80: bets $6
belik555: raises $6 to $12
thekiing80: calls $6
*** SHOW DOWN ***
belik555: shows [9c Ac] (a flush, Ace high)
thekiing80: mucks hand
belik555 collected $53.50 from pot
*** SUMMARY ***
Total pot $54 | Rake $0.50
Board [4h 6c 8c 8d Kc]
Seat 1: belik555 (big blind) showed [9c Ac] and won ($53.50) with a flush, Ace high
Seat 3: thekiing80 (button) (small blind) mucked


PokerStars Hand #173931870468:  Hold'em Limit ($3/$6 USD) - 2017/08/04 20:47:40 ET
Table 'Pongola' 6-max Seat #3 is the button
Seat 1: belik555 ($395.45 in chips)
Seat 3: thekiing80 ($117.33 in chips)
thekiing80: posts small blind $1
belik555: posts big blind $3
*** HOLE CARDS ***
thekiing80: raises $3 to $6
belik555: calls $3
*** FLOP *** [8c 3c 2c]
belik555: checks
thekiing80: bets $3
belik555: raises $3 to $6
thekiing80: folds
Uncalled bet ($3) returned to belik555
belik555 collected $17.64 from pot
belik555: doesn't show hand
*** SUMMARY ***
Total pot $18 | Rake $0.36
Board [8c 3c 2c]
Seat 1: belik555 (big blind) collected ($17.64)
Seat 3: thekiing80 (button) (small blind) folded on the Flop


PokerStars Hand #173931865545:  Hold'em Limit ($3/$6 USD) - 2017/08/04 20:47:29 ET
Table 'Pongola' 6-max Seat #1 is the button
Seat 1: belik555 ($392.45 in chips)
Seat 3: thekiing80 ($120.33 in chips)
belik555: posts small blind $1
thekiing80: posts big blind $3
*** HOLE CARDS ***
belik555: raises $3 to $6
thekiing80: folds
Uncalled bet ($3) returned to belik555
belik555 collected $6 from pot
belik555: doesn't show hand
*** SUMMARY ***
Total pot $6 | Rake $0
Seat 1: belik555 (button) (small blind) collected ($6)
Seat 3: thekiing80 (big blind) folded before Flop


PokerStars Hand #173931894202:  Hold'em Limit ($3/$6 USD) - 2017/08/04 20:48:32 ET
Table 'Pongola' 6-max Seat #3 is the button
Seat 1: belik555 ($389.09 in chips)
Seat 3: thekiing80 ($122.83 in chips)
thekiing80: posts small blind $1
belik555: posts big blind $3
*** HOLE CARDS ***
thekiing80: folds
Uncalled bet ($2) returned to belik555
belik555 collected $2 from pot
belik555: doesn't show hand
*** SUMMARY ***
Total pot $2 | Rake $0
Seat 1: belik555 (big blind) collected ($2)
Seat 3: thekiing80 (button) (small blind) folded before Flop


PokerStars Hand #173931880534:  Hold'em Limit ($3/$6 USD) - 2017/08/04 20:48:02 ET
Table 'Pongola' 6-max Seat #1 is the button
Seat 1: belik555 ($404.09 in chips)
Seat 3: thekiing80 ($108.33 in chips)
belik555: posts small blind $1
thekiing80: posts big blind $3
*** HOLE CARDS ***
belik555: raises $3 to $6
thekiing80: calls $3
*** FLOP *** [Tc Ac 3h]
thekiing80: checks
belik555: bets $3
thekiing80: calls $3
*** TURN *** [Tc Ac 3h] [Kc]
thekiing80: checks
belik555: bets $6
thekiing80: raises $6 to $12
belik555: folds
Uncalled bet ($6) returned to thekiing80
thekiing80 collected $29.50 from pot
*** SUMMARY ***
Total pot $30 | Rake $0.50
Board [Tc Ac 3h Kc]
Seat 1: belik555 (button) (small blind) folded on the Turn
Seat 3: thekiing80 (big blind) collected ($29.50)


PokerStars Hand #173931896327:  Hold'em Limit ($3/$6 USD) - 2017/08/04 20:48:37 ET
Table 'Pongola' 6-max Seat #1 is the button
Seat 1: belik555 ($390.09 in chips)
Seat 3: thekiing80 ($121.83 in chips)
belik555: posts small blind $1
thekiing80: posts big blind $3
*** HOLE CARDS ***
belik555: raises $3 to $6
thekiing80: raises $3 to $9
belik555: calls $3
*** FLOP *** [8s 6d 2s]
thekiing80: bets $3
belik555: calls $3
*** TURN *** [8s 6d 2s] [Ad]
thekiing80: bets $6
belik555: folds
Uncalled bet ($6) returned to thekiing80
thekiing80 collected $23.52 from pot
*** SUMMARY ***
Total pot $24 | Rake $0.48
Board [8s 6d 2s Ad]
Seat 1: belik555 (button) (small blind) folded on the Turn
Seat 3: thekiing80 (big blind) collected ($23.52)


PokerStars Hand #173931913485:  Hold'em Limit ($3/$6 USD) - 2017/08/04 20:49:08 ET
Table 'Pongola' 6-max Seat #3 is the button
Seat 1: belik555 ($378.09 in chips)
Seat 3: thekiing80 ($133.35 in chips)
thekiing80: posts small blind $1
belik555: posts big blind $3
*** HOLE CARDS ***
thekiing80: raises $3 to $6
belik555: calls $3
*** FLOP *** [7s Jd Jh]
belik555: checks
thekiing80: bets $3
belik555: calls $3
*** TURN *** [7s Jd Jh] [As]
belik555: checks
thekiing80: checks
*** RIVER *** [7s Jd Jh As] [6s]
belik555: checks
thekiing80: checks
*** SHOW DOWN ***
belik555: shows [8d Qs] (a pair of Jacks)
thekiing80: shows [4c Kh] (a pair of Jacks - Ace+King kicker)
thekiing80 collected $17.64 from pot
*** SUMMARY ***
Total pot $18 | Rake $0.36
Board [7s Jd Jh As 6s]
Seat 1: belik555 (big blind) showed [8d Qs] and lost with a pair of Jacks
Seat 3: thekiing80 (button) (small blind) showed [4c Kh] and won ($17.64) with a pair of Jacks


PokerStars Hand #173931949207:  Hold'em Limit ($3/$6 USD) - 2017/08/04 20:50:27 ET
Table 'Pongola' 6-max Seat #3 is the button
Seat 1: belik555 ($354.09 in chips)
Seat 3: thekiing80 ($156.49 in chips)
thekiing80: posts small blind $1
belik555: posts big blind $3
*** HOLE CARDS ***
thekiing80: folds
Uncalled bet ($2) returned to belik555
belik555 collected $2 from pot
belik555: doesn't show hand
*** SUMMARY ***
Total pot $2 | Rake $0
Seat 1: belik555 (big blind) collected ($2)
Seat 3: thekiing80 (button) (small blind) folded before Flop


PokerStars Hand #173931932563:  Hold'em Limit ($3/$6 USD) - 2017/08/04 20:49:50 ET
Table 'Pongola' 6-max Seat #1 is the button
Seat 1: belik555 ($369.09 in chips)
Seat 3: thekiing80 ($141.99 in chips)
belik555: posts small blind $1
thekiing80: posts big blind $3
*** HOLE CARDS ***
belik555: raises $3 to $6
thekiing80: calls $3
*** FLOP *** [Kc 7d 3h]
thekiing80: checks
belik555: bets $3
thekiing80: calls $3
*** TURN *** [Kc 7d 3h] [3s]
thekiing80: checks
belik555: checks
*** RIVER *** [Kc 7d 3h 3s] [5d]
thekiing80: bets $6
belik555: calls $6
*** SHOW DOWN ***
thekiing80: shows [5c 8c] (two pair, Fives and Threes)
belik555: mucks hand
thekiing80 collected $29.50 from pot
*** SUMMARY ***
Total pot $30 | Rake $0.50
Board [Kc 7d 3h 3s 5d]
Seat 1: belik555 (button) (small blind) mucked
Seat 3: thekiing80 (big blind) showed [5c 8c] and won ($29.50) with two pair, Fives and Threes


PokerStars Hand #173931952649:  Hold'em Limit ($3/$6 USD) - 2017/08/04 20:50:34 ET
Table 'Pongola' 6-max Seat #1 is the button
Seat 1: belik555 ($355.09 in chips)
Seat 3: thekiing80 ($155.49 in chips)
belik555: posts small blind $1
thekiing80: posts big blind $3
*** HOLE CARDS ***
belik555: raises $3 to $6
thekiing80: raises $3 to $9
belik555: calls $3
*** FLOP *** [4d Ks 9s]
thekiing80: bets $3
belik555: calls $3
*** TURN *** [4d Ks 9s] [Ts]
thekiing80: bets $6
belik555: calls $6
*** RIVER *** [4d Ks 9s Ts] [7c]
thekiing80: bets $6
belik555: folds
Uncalled bet ($6) returned to thekiing80
thekiing80 collected $35.50 from pot
*** SUMMARY ***
Total pot $36 | Rake $0.50
Board [4d Ks 9s Ts 7c]
Seat 1: belik555 (button) (small blind) folded on the River
Seat 3: thekiing80 (big blind) collected ($35.50)


PokerStars Hand #173931971820:  Hold'em Limit ($3/$6 USD) - 2017/08/04 20:51:17 ET
Table 'Pongola' 6-max Seat #3 is the button
Seat 1: belik555 ($337.09 in chips)
Seat 3: thekiing80 ($172.99 in chips)
thekiing80: posts small blind $1
belik555: posts big blind $3
*** HOLE CARDS ***
thekiing80: raises $3 to $6
belik555: folds
Uncalled bet ($3) returned to thekiing80
thekiing80 collected $6 from pot
*** SUMMARY ***
Total pot $6 | Rake $0
Seat 1: belik555 (big blind) folded before Flop
Seat 3: thekiing80 (button) (small blind) collected ($6)


PokerStars Hand #173931995822:  Hold'em Limit ($3/$6 USD) - 2017/08/04 20:52:11 ET
Table 'Pongola' 6-max Seat #3 is the button
Seat 1: belik555 ($322.09 in chips)
Seat 3: thekiing80 ($187.51 in chips)
thekiing80: posts small blind $1
belik555: posts big blind $3
*** HOLE CARDS ***
thekiing80: folds
Uncalled bet ($2) returned to belik555
belik555 collected $2 from pot
belik555: doesn't show hand
*** SUMMARY ***
Total pot $2 | Rake $0
Seat 1: belik555 (big blind) collected ($2)
Seat 3: thekiing80 (button) (small blind) folded before Flop


PokerStars Hand #173931978172:  Hold'em Limit ($3/$6 USD) - 2017/08/04 20:51:32 ET
Table 'Pongola' 6-max Seat #1 is the button
Seat 1: belik555 ($334.09 in chips)
Seat 3: thekiing80 ($175.99 in chips)
belik555: posts small blind $1
thekiing80: posts big blind $3
*** HOLE CARDS ***
belik555: raises $3 to $6
thekiing80: calls $3
*** FLOP *** [8c 4h 7s]
thekiing80: checks
belik555: checks
*** TURN *** [8c 4h 7s] [2c]
thekiing80: bets $6
belik555: calls $6
*** RIVER *** [8c 4h 7s 2c] [3s]
thekiing80: bets $6
belik555: folds
Uncalled bet ($6) returned to thekiing80
thekiing80 collected $23.52 from pot
*** SUMMARY ***
Total pot $24 | Rake $0.48
Board [8c 4h 7s 2c 3s]
Seat 1: belik555 (button) (small blind) folded on the River
Seat 3: thekiing80 (big blind) collected ($23.52)


PokerStars Hand #173931998088:  Hold'em Limit ($3/$6 USD) - 2017/08/04 20:52:16 ET
Table 'Pongola' 6-max Seat #1 is the button
Seat 1: belik555 ($323.09 in chips)
Seat 3: thekiing80 ($186.51 in chips)
belik555: posts small blind $1
thekiing80: posts big blind $3
*** HOLE CARDS ***
belik555: raises $3 to $6
thekiing80: raises $3 to $9
belik555: calls $3
*** FLOP *** [2h Jh Th]
thekiing80: bets $3
belik555: calls $3
*** TURN *** [2h Jh Th] [Kc]
thekiing80: bets $6
belik555: folds
Uncalled bet ($6) returned to thekiing80
thekiing80 collected $23.52 from pot
*** SUMMARY ***
Total pot $24 | Rake $0.48
Board [2h Jh Th Kc]
Seat 1: belik555 (button) (small blind) folded on the Turn
Seat 3: thekiing80 (big blind) collected ($23.52)


PokerStars Hand #173932020506:  Hold'em Limit ($3/$6 USD) - 2017/08/04 20:53:06 ET
Table 'Pongola' 6-max Seat #3 is the button
Seat 1: belik555 ($311.09 in chips)
Seat 3: thekiing80 ($198.03 in chips)
thekiing80: posts small blind $1
belik555: posts big blind $3
*** HOLE CARDS ***
thekiing80: folds
Uncalled bet ($2) returned to belik555
belik555 collected $2 from pot
belik555: doesn't show hand
*** SUMMARY ***
Total pot $2 | Rake $0
Seat 1: belik555 (big blind) collected ($2)
Seat 3: thekiing80 (button) (small blind) folded before Flop


PokerStars Hand #173932022705:  Hold'em Limit ($3/$6 USD) - 2017/08/04 20:53:11 ET
Table 'Pongola' 6-max Seat #1 is the button
Seat 1: belik555 ($312.09 in chips)
Seat 3: thekiing80 ($197.03 in chips)
belik555: posts small blind $1
thekiing80: posts big blind $3
*** HOLE CARDS ***
belik555: raises $3 to $6
thekiing80: raises $3 to $9
belik555: calls $3
*** FLOP *** [7d 5s 8d]
thekiing80: bets $3
belik555: calls $3
*** TURN *** [7d 5s 8d] [6d]
thekiing80: checks
belik555: checks
*** RIVER *** [7d 5s 8d 6d] [6c]
thekiing80: checks
belik555: bets $6
thekiing80: calls $6
*** SHOW DOWN ***
belik555: shows [Ac Th] (a pair of Sixes)
thekiing80: mucks hand
belik555 collected $35.50 from pot
*** SUMMARY ***
Total pot $36 | Rake $0.50
Board [7d 5s 8d 6d 6c]
Seat 1: belik555 (button) (small blind) showed [Ac Th] and won ($35.50) with a pair of Sixes
Seat 3: thekiing80 (big blind) mucked


PokerStars Hand #173932064143:  Hold'em Limit ($3/$6 USD) - 2017/08/04 20:54:44 ET
Table 'Pongola' 6-max Seat #3 is the button
Seat 1: belik555 ($326.59 in chips)
Seat 3: thekiing80 ($181.79 in chips)
thekiing80: posts small blind $1
belik555: posts big blind $3
*** HOLE CARDS ***
thekiing80: folds
Uncalled bet ($2) returned to belik555
belik555 collected $2 from pot
belik555: doesn't show hand
*** SUMMARY ***
Total pot $2 | Rake $0
Seat 1: belik555 (big blind) collected ($2)
Seat 3: thekiing80 (button) (small blind) folded before Flop


PokerStars Hand #173932061236:  Hold'em Limit ($3/$6 USD) - 2017/08/04 20:54:37 ET
Table 'Pongola' 6-max Seat #1 is the button
Seat 1: belik555 ($323.59 in chips)
Seat 3: thekiing80 ($184.79 in chips)
belik555: posts small blind $1
thekiing80: posts big blind $3
*** HOLE CARDS ***
belik555: raises $3 to $6
thekiing80: folds
Uncalled bet ($3) returned to belik555
belik555 collected $6 from pot
belik555: doesn't show hand
*** SUMMARY ***
Total pot $6 | Rake $0
Seat 1: belik555 (button) (small blind) collected ($6)
Seat 3: thekiing80 (big blind) folded before Flop


PokerStars Hand #173932066355:  Hold'em Limit ($3/$6 USD) - 2017/08/04 20:54:49 ET
Table 'Pongola' 6-max Seat #1 is the button
Seat 1: belik555 ($327.59 in chips)
Seat 3: thekiing80 ($180.79 in chips)
belik555: posts small blind $1
thekiing80: posts big blind $3
*** HOLE CARDS ***
belik555: folds
Uncalled bet ($2) returned to thekiing80
thekiing80 collected $2 from pot
*** SUMMARY ***
Total pot $2 | Rake $0
Seat 1: belik555 (button) (small blind) folded before Flop
Seat 3: thekiing80 (big blind) collected ($2)


PokerStars Hand #173932070482:  Hold'em Limit ($3/$6 USD) - 2017/08/04 20:54:58 ET
Table 'Pongola' 6-max Seat #3 is the button
Seat 1: belik555 ($326.59 in chips)
Seat 3: thekiing80 ($181.79 in chips)
thekiing80: posts small blind $1
belik555: posts big blind $3
*** HOLE CARDS ***
thekiing80: raises $3 to $6
belik555: calls $3
*** FLOP *** [6h 2h Js]
belik555: checks
thekiing80: bets $3
belik555: calls $3
*** TURN *** [6h 2h Js] [6c]
belik555: checks
thekiing80: bets $6
belik555: calls $6
*** RIVER *** [6h 2h Js 6c] [Ah]
belik555: checks
thekiing80: bets $6
belik555: calls $6
*** SHOW DOWN ***
thekiing80: shows [7s Qh] (a pair of Sixes)
belik555: shows [8c 2c] (two pair, Sixes and Deuces)
belik555 collected $41.50 from pot
*** SUMMARY ***
Total pot $42 | Rake $0.50
Board [6h 2h Js 6c Ah]
Seat 1: belik555 (big blind) showed [8c 2c] and won ($41.50) with two pair, Sixes and Deuces
Seat 3: thekiing80 (button) (small blind) showed [7s Qh] and lost with a pair of Sixes


PokerStars Hand #173932119229:  Hold'em Limit ($3/$6 USD) - 2017/08/04 20:57:05 ET
Table 'Pongola' 6-max Seat #3 is the button
Seat 1: belik555 ($368.25 in chips)
Seat 3: thekiing80 ($138.79 in chips)
thekiing80: posts small blind $1
belik555: posts big blind $3
*** HOLE CARDS ***
thekiing80: folds
Uncalled bet ($2) returned to belik555
belik555 collected $2 from pot
belik555: doesn't show hand
*** SUMMARY ***
Total pot $2 | Rake $0
Seat 1: belik555 (big blind) collected ($2)
Seat 3: thekiing80 (button) (small blind) folded before Flop


PokerStars Hand #173932108115:  Hold'em Limit ($3/$6 USD) - 2017/08/04 20:56:36 ET
Table 'Pongola' 6-max Seat #1 is the button
Seat 1: belik555 ($356.73 in chips)
Seat 3: thekiing80 ($150.79 in chips)
belik555: posts small blind $1
thekiing80: posts big blind $3
*** HOLE CARDS ***
belik555: raises $3 to $6
thekiing80: raises $3 to $9
belik555: calls $3
*** FLOP *** [4s 9s 2h]
thekiing80: bets $3
belik555: calls $3
*** TURN *** [4s 9s 2h] [3d]
thekiing80: checks
belik555: bets $6
thekiing80: folds
Uncalled bet ($6) returned to belik555
belik555 collected $23.52 from pot
belik555: doesn't show hand
*** SUMMARY ***
Total pot $24 | Rake $0.48
Board [4s 9s 2h 3d]
Seat 1: belik555 (button) (small blind) collected ($23.52)
Seat 3: thekiing80 (big blind) folded on the Turn


PokerStars Hand #173932105899:  Hold'em Limit ($3/$6 USD) - 2017/08/04 20:56:30 ET
Table 'Pongola' 6-max Seat #3 is the button
Seat 1: belik555 ($355.73 in chips)
Seat 3: thekiing80 ($151.79 in chips)
thekiing80: posts small blind $1
belik555: posts big blind $3
*** HOLE CARDS ***
thekiing80: folds
Uncalled bet ($2) returned to belik555
belik555 collected $2 from pot
belik555: doesn't show hand
*** SUMMARY ***
Total pot $2 | Rake $0
Seat 1: belik555 (big blind) collected ($2)
Seat 3: thekiing80 (button) (small blind) folded before Flop


PokerStars Hand #173932093318:  Hold'em Limit ($3/$6 USD) - 2017/08/04 20:55:57 ET
Table 'Pongola' 6-max Seat #1 is the button
Seat 1: belik555 ($347.09 in chips)
Seat 3: thekiing80 ($160.79 in chips)
belik555: posts small blind $1
thekiing80: posts big blind $3
*** HOLE CARDS ***
belik555: raises $3 to $6
thekiing80: calls $3
*** FLOP *** [5s Ah Ts]
thekiing80: checks
belik555: bets $3
thekiing80: calls $3
*** TURN *** [5s Ah Ts] [4s]
thekiing80: checks
belik555: checks
*** RIVER *** [5s Ah Ts 4s] [As]
thekiing80: checks
belik555: checks
*** SHOW DOWN ***
thekiing80: shows [Jd 8h] (a pair of Aces)
belik555: shows [2c Qc] (a pair of Aces - Queen kicker)
belik555 collected $17.64 from pot
*** SUMMARY ***
Total pot $18 | Rake $0.36
Board [5s Ah Ts 4s As]
Seat 1: belik555 (button) (small blind) showed [2c Qc] and won ($17.64) with a pair of Aces
Seat 3: thekiing80 (big blind) showed [Jd 8h] and lost with a pair of Aces


PokerStars Hand #173932125138:  Hold'em Limit ($3/$6 USD) - 2017/08/04 20:57:20 ET
Table 'Pongola' 6-max Seat #3 is the button
Seat 1: belik555 ($372.25 in chips)
Seat 3: thekiing80 ($134.79 in chips)
thekiing80: posts small blind $1
belik555: posts big blind $3
*** HOLE CARDS ***
thekiing80: raises $3 to $6
belik555: folds
Uncalled bet ($3) returned to thekiing80
thekiing80 collected $6 from pot
*** SUMMARY ***
Total pot $6 | Rake $0
Seat 1: belik555 (big blind) folded before Flop
Seat 3: thekiing80 (button) (small blind) collected ($6)


PokerStars Hand #173932133281:  Hold'em Limit ($3/$6 USD) - 2017/08/04 20:57:41 ET
Table 'Pongola' 6-max Seat #3 is the button
Seat 1: belik555 ($368.25 in chips)
Seat 3: thekiing80 ($138.79 in chips)
thekiing80: posts small blind $1
belik555: posts big blind $3
*** HOLE CARDS ***
thekiing80: folds
Uncalled bet ($2) returned to belik555
belik555 collected $2 from pot
belik555: doesn't show hand
*** SUMMARY ***
Total pot $2 | Rake $0
Seat 1: belik555 (big blind) collected ($2)
Seat 3: thekiing80 (button) (small blind) folded before Flop


PokerStars Hand #173932128583:  Hold'em Limit ($3/$6 USD) - 2017/08/04 20:57:29 ET
Table 'Pongola' 6-max Seat #1 is the button
Seat 1: belik555 ($369.25 in chips)
Seat 3: thekiing80 ($137.79 in chips)
belik555: posts small blind $1
thekiing80: posts big blind $3
*** HOLE CARDS ***
belik555: folds
Uncalled bet ($2) returned to thekiing80
thekiing80 collected $2 from pot
*** SUMMARY ***
Total pot $2 | Rake $0
Seat 1: belik555 (button) (small blind) folded before Flop
Seat 3: thekiing80 (big blind) collected ($2)


PokerStars Hand #173932135550:  Hold'em Limit ($3/$6 USD) - 2017/08/04 20:57:47 ET
Table 'Pongola' 6-max Seat #1 is the button
Seat 1: belik555 ($369.25 in chips)
Seat 3: thekiing80 ($137.79 in chips)
belik555: posts small blind $1
thekiing80: posts big blind $3
*** HOLE CARDS ***
belik555: raises $3 to $6
thekiing80: raises $3 to $9
belik555: calls $3
*** FLOP *** [3s Ts Kd]
thekiing80: bets $3
belik555: folds
Uncalled bet ($3) returned to thekiing80
thekiing80 collected $17.64 from pot
*** SUMMARY ***
Total pot $18 | Rake $0.36
Board [3s Ts Kd]
Seat 1: belik555 (button) (small blind) folded on the Flop
Seat 3: thekiing80 (big blind) collected ($17.64)


PokerStars Hand #173932121528:  Hold'em Limit ($3/$6 USD) - 2017/08/04 20:57:11 ET
Table 'Pongola' 6-max Seat #1 is the button
Seat 1: belik555 ($369.25 in chips)
Seat 3: thekiing80 ($137.79 in chips)
belik555: posts small blind $1
thekiing80: posts big blind $3
*** HOLE CARDS ***
belik555: raises $3 to $6
thekiing80: folds
Uncalled bet ($3) returned to belik555
belik555 collected $6 from pot
belik555: doesn't show hand
*** SUMMARY ***
Total pot $6 | Rake $0
Seat 1: belik555 (button) (small blind) collected ($6)
Seat 3: thekiing80 (big blind) folded before Flop


PokerStars Hand #173932142449:  Hold'em Limit ($3/$6 USD) - 2017/08/04 20:58:04 ET
Table 'Pongola' 6-max Seat #3 is the button
Seat 1: belik555 ($360.25 in chips)
Seat 3: thekiing80 ($146.43 in chips)
thekiing80: posts small blind $1
belik555: posts big blind $3
*** HOLE CARDS ***
thekiing80: raises $3 to $6
belik555: calls $3
*** FLOP *** [2h 5d Kd]
belik555: checks
thekiing80: bets $3
belik555: calls $3
*** TURN *** [2h 5d Kd] [7h]
belik555: checks
thekiing80: bets $6
belik555: calls $6
*** RIVER *** [2h 5d Kd 7h] [3c]
belik555: checks
thekiing80: bets $6
belik555: calls $6
*** SHOW DOWN ***
thekiing80: shows [8d Js] (high card King)
belik555: shows [2c Ad] (a pair of Deuces)
belik555 collected $41.50 from pot
*** SUMMARY ***
Total pot $42 | Rake $0.50
Board [2h 5d Kd 7h 3c]
Seat 1: belik555 (big blind) showed [2c Ad] and won ($41.50) with a pair of Deuces
Seat 3: thekiing80 (button) (small blind) showed [8d Js] and lost with high card King


PokerStars Hand #173932184210:  Hold'em Limit ($3/$6 USD) - 2017/08/04 20:59:52 ET
Table 'Pongola' 6-max Seat #3 is the button
Seat 1: belik555 ($404.25 in chips)
Seat 3: thekiing80 ($101.43 in chips)
thekiing80: posts small blind $1
belik555: posts big blind $3
*** HOLE CARDS ***
thekiing80: raises $3 to $6
belik555: calls $3
*** FLOP *** [2s 9d 7h]
belik555: checks
thekiing80: bets $3
belik555: folds
Uncalled bet ($3) returned to thekiing80
thekiing80 collected $11.76 from pot
*** SUMMARY ***
Total pot $12 | Rake $0.24
Board [2s 9d 7h]
Seat 1: belik555 (big blind) folded on the Flop
Seat 3: thekiing80 (button) (small blind) collected ($11.76)


PokerStars Hand #173932182075:  Hold'em Limit ($3/$6 USD) - 2017/08/04 20:59:47 ET
Table 'Pongola' 6-max Seat #1 is the button
Seat 1: belik555 ($405.25 in chips)
Seat 3: thekiing80 ($100.43 in chips)
belik555: posts small blind $1
thekiing80: posts big blind $3
*** HOLE CARDS ***
belik555: folds
Uncalled bet ($2) returned to thekiing80
thekiing80 collected $2 from pot
*** SUMMARY ***
Total pot $2 | Rake $0
Seat 1: belik555 (button) (small blind) folded before Flop
Seat 3: thekiing80 (big blind) collected ($2)


PokerStars Hand #173932180016:  Hold'em Limit ($3/$6 USD) - 2017/08/04 20:59:42 ET
Table 'Pongola' 6-max Seat #3 is the button
Seat 1: belik555 ($404.25 in chips)
Seat 3: thekiing80 ($101.43 in chips)
thekiing80: posts small blind $1
belik555: posts big blind $3
*** HOLE CARDS ***
thekiing80: folds
Uncalled bet ($2) returned to belik555
belik555 collected $2 from pot
belik555: doesn't show hand
*** SUMMARY ***
Total pot $2 | Rake $0
Seat 1: belik555 (big blind) collected ($2)
Seat 3: thekiing80 (button) (small blind) folded before Flop


PokerStars Hand #173932161043:  Hold'em Limit ($3/$6 USD) - 2017/08/04 20:58:52 ET
Table 'Pongola' 6-max Seat #1 is the button
Seat 1: belik555 ($380.75 in chips)
Seat 3: thekiing80 ($125.43 in chips)
belik555: posts small blind $1
thekiing80: posts big blind $3
*** HOLE CARDS ***
belik555: raises $3 to $6
thekiing80: raises $3 to $9
belik555: calls $3
*** FLOP *** [2s Tc 3d]
thekiing80: bets $3
belik555: calls $3
*** TURN *** [2s Tc 3d] [5c]
thekiing80: checks
belik555: bets $6
thekiing80: calls $6
*** RIVER *** [2s Tc 3d 5c] [Ts]
thekiing80: checks
belik555: bets $6
thekiing80: calls $6
*** SHOW DOWN ***
belik555: shows [3c Qs] (two pair, Tens and Threes)
thekiing80: mucks hand
belik555 collected $47.50 from pot
*** SUMMARY ***
Total pot $48 | Rake $0.50
Board [2s Tc 3d 5c Ts]
Seat 1: belik555 (button) (small blind) showed [3c Qs] and won ($47.50) with two pair, Tens and Threes
Seat 3: thekiing80 (big blind) mucked


PokerStars Hand #173932209118:  Hold'em Limit ($3/$6 USD) - 2017/08/04 21:00:54 ET
Table 'Pongola' 6-max Seat #3 is the button
Seat 1: belik555 ($433.75 in chips)
Seat 3: thekiing80 ($71.19 in chips)
thekiing80: posts small blind $1
belik555: posts big blind $3
*** HOLE CARDS ***
thekiing80: folds
Uncalled bet ($2) returned to belik555
belik555 collected $2 from pot
belik555: doesn't show hand
*** SUMMARY ***
Total pot $2 | Rake $0
Seat 1: belik555 (big blind) collected ($2)
Seat 3: thekiing80 (button) (small blind) folded before Flop


PokerStars Hand #173932190902:  Hold'em Limit ($3/$6 USD) - 2017/08/04 21:00:09 ET
Table 'Pongola' 6-max Seat #1 is the button
Seat 1: belik555 ($398.25 in chips)
Seat 3: thekiing80 ($107.19 in chips)
belik555: posts small blind $1
thekiing80: posts big blind $3
*** HOLE CARDS ***
belik555: raises $3 to $6
thekiing80: calls $3
*** FLOP *** [6h 3h 7c]
thekiing80: checks
belik555: bets $3
thekiing80: raises $3 to $6
belik555: calls $3
*** TURN *** [6h 3h 7c] [6c]
thekiing80: bets $6
belik555: raises $6 to $12
thekiing80: calls $6
*** RIVER *** [6h 3h 7c 6c] [9d]
thekiing80: checks
belik555: bets $6
thekiing80: raises $6 to $12
belik555: calls $6
*** SHOW DOWN ***
thekiing80: shows [Jc 7s] (two pair, Sevens and Sixes)
belik555: shows [Kd Kh] (two pair, Kings and Sixes)
belik555 collected $71.50 from pot
*** SUMMARY ***
Total pot $72 | Rake $0.50
Board [6h 3h 7c 6c 9d]
Seat 1: belik555 (button) (small blind) showed [Kd Kh] and won ($71.50) with two pair, Kings and Sixes
Seat 3: thekiing80 (big blind) showed [Jc 7s] and lost with two pair, Sevens and Sixes


PokerStars Hand #173932220069:  Hold'em Limit ($3/$6 USD) - 2017/08/04 21:01:20 ET
Table 'Pongola' 6-max Seat #3 is the button
Seat 1: belik555 ($425.75 in chips)
Seat 3: thekiing80 ($78.83 in chips)
thekiing80: posts small blind $1
belik555: posts big blind $3
*** HOLE CARDS ***
thekiing80: raises $3 to $6
belik555: calls $3
*** FLOP *** [Qd 7h 3s]
belik555: checks
thekiing80: bets $3
belik555: folds
Uncalled bet ($3) returned to thekiing80
thekiing80 collected $11.76 from pot
*** SUMMARY ***
Total pot $12 | Rake $0.24
Board [Qd 7h 3s]
Seat 1: belik555 (big blind) folded on the Flop
Seat 3: thekiing80 (button) (small blind) collected ($11.76)


PokerStars Hand #173932212141:  Hold'em Limit ($3/$6 USD) - 2017/08/04 21:01:02 ET
Table 'Pongola' 6-max Seat #1 is the button
Seat 1: belik555 ($434.75 in chips)
Seat 3: thekiing80 ($70.19 in chips)
belik555: posts small blind $1
thekiing80: posts big blind $3
*** HOLE CARDS ***
belik555: raises $3 to $6
thekiing80: raises $3 to $9
belik555: calls $3
*** FLOP *** [5h Kd 5c]
thekiing80: bets $3
belik555: folds
Uncalled bet ($3) returned to thekiing80
thekiing80 collected $17.64 from pot
*** SUMMARY ***
Total pot $18 | Rake $0.36
Board [5h Kd 5c]
Seat 1: belik555 (button) (small blind) folded on the Flop
Seat 3: thekiing80 (big blind) collected ($17.64)


PokerStars Hand #173932225478:  Hold'em Limit ($3/$6 USD) - 2017/08/04 21:01:33 ET
Table 'Pongola' 6-max Seat #1 is the button
Seat 1: belik555 ($419.75 in chips)
Seat 3: thekiing80 ($84.59 in chips)
belik555: posts small blind $1
thekiing80: posts big blind $3
*** HOLE CARDS ***
belik555: raises $3 to $6
thekiing80: calls $3
*** FLOP *** [Qh 8h 4s]
thekiing80: checks
belik555: bets $3
thekiing80: calls $3
*** TURN *** [Qh 8h 4s] [4d]
thekiing80: checks
belik555: bets $6
thekiing80: folds
Uncalled bet ($6) returned to belik555
belik555 collected $17.64 from pot
belik555: doesn't show hand
*** SUMMARY ***
Total pot $18 | Rake $0.36
Board [Qh 8h 4s 4d]
Seat 1: belik555 (button) (small blind) collected ($17.64)
Seat 3: thekiing80 (big blind) folded on the Turn


PokerStars Hand #173932249556:  Hold'em Limit ($3/$6 USD) - 2017/08/04 21:02:27 ET
Table 'Pongola' 6-max Seat #1 is the button
Seat 1: belik555 ($428.14 in chips)
Seat 3: thekiing80 ($75.34 in chips)
belik555: posts small blind $1
thekiing80: posts big blind $3
*** HOLE CARDS ***
belik555: raises $3 to $6
thekiing80: calls $3
*** FLOP *** [5s Ad 3h]
thekiing80: checks
belik555: checks
*** TURN *** [5s Ad 3h] [4h]
thekiing80: checks
belik555: bets $6
thekiing80: calls $6
*** RIVER *** [5s Ad 3h 4h] [7h]
thekiing80: checks
belik555: bets $6
thekiing80: raises $6 to $12
belik555: folds
Uncalled bet ($6) returned to thekiing80
thekiing80 collected $35.50 from pot
*** SUMMARY ***
Total pot $36 | Rake $0.50
Board [5s Ad 3h 4h 7h]
Seat 1: belik555 (button) (small blind) folded on the River
Seat 3: thekiing80 (big blind) collected ($35.50)


PokerStars Hand #173932236929:  Hold'em Limit ($3/$6 USD) - 2017/08/04 21:01:58 ET
Table 'Pongola' 6-max Seat #3 is the button
Seat 1: belik555 ($428.39 in chips)
Seat 3: thekiing80 ($75.59 in chips)
thekiing80: posts small blind $1
belik555: posts big blind $3
*** HOLE CARDS ***
thekiing80: raises $3 to $6
belik555: calls $3
*** FLOP *** [8c 2s 2h]
belik555: checks
thekiing80: bets $3
belik555: calls $3
*** TURN *** [8c 2s 2h] [8d]
belik555: checks
thekiing80: bets $6
Acidstorm200 joins the table at seat #4
belik555: calls $6
*** RIVER *** [8c 2s 2h 8d] [2d]
belik555: checks
thekiing80: bets $6
belik555: calls $6
*** SHOW DOWN ***
thekiing80: shows [Jh 6c] (a full house, Deuces full of Eights)
belik555: shows [Ac 9d] (a full house, Deuces full of Eights)
belik555 collected $20.75 from pot
thekiing80 collected $20.75 from pot
*** SUMMARY ***
Total pot $42 | Rake $0.50
Board [8c 2s 2h 8d 2d]
Seat 1: belik555 (big blind) showed [Ac 9d] and won ($20.75) with a full house, Deuces full of Eights
Seat 3: thekiing80 (button) (small blind) showed [Jh 6c] and won ($20.75) with a full house, Deuces full of Eights


PokerStars Hand #173933654496:  Hold'em Limit ($3/$6 USD) - 2017/08/04 21:59:27 ET
Table 'Pongola' 6-max Seat #2 is the button
Seat 1: belik555 ($335.56 in chips)
Seat 2: sil1155 ($58.31 in chips)
sil1155: posts small blind $1
ToDaFelt: is sitting out
belik555: posts big blind $3
*** HOLE CARDS ***
ToDaFelt leaves the table
sil1155: raises $3 to $6
belik555: calls $3
*** FLOP *** [Th 2s 7s]
belik555: checks
sil1155: bets $3
belik555: calls $3
*** TURN *** [Th 2s 7s] [6h]
belik555: checks
sil1155: bets $6
belik555: calls $6
*** RIVER *** [Th 2s 7s 6h] [9c]
belik555: bets $6
sil1155: calls $6
*** SHOW DOWN ***
belik555: shows [Kd 8c] (a straight, Six to Ten)
sil1155: mucks hand
belik555 collected $41.50 from pot
*** SUMMARY ***
Total pot $42 | Rake $0.50
Board [Th 2s 7s 6h 9c]
Seat 1: belik555 (big blind) showed [Kd 8c] and won ($41.50) with a straight, Six to Ten
Seat 2: sil1155 (button) (small blind) mucked


PokerStars Hand #173933667805:  Hold'em Limit ($3/$6 USD) - 2017/08/04 22:00:07 ET
Table 'Pongola' 6-max Seat #1 is the button
Seat 1: belik555 ($356.06 in chips)
Seat 2: sil1155 ($37.31 in chips)
belik555: posts small blind $1
sil1155: posts big blind $3
*** HOLE CARDS ***
belik555: raises $3 to $6
sil1155: raises $3 to $9
belik555: calls $3
*** FLOP *** [4d 6h 9s]
sil1155: bets $3
belik555: folds
Uncalled bet ($3) returned to sil1155
sil1155 collected $17.64 from pot
sil1155: doesn't show hand
*** SUMMARY ***
Total pot $18 | Rake $0.36
Board [4d 6h 9s]
Seat 1: belik555 (button) (small blind) folded on the Flop
Seat 2: sil1155 (big blind) collected ($17.64)


PokerStars Hand #173936294525:  Hold'em Limit ($3/$6 USD) - 2017/08/05 0:13:37 ET
Table 'Pongola' 6-max Seat #5 is the button
Seat 4: HAL9QQQ ($181.19 in chips)
Seat 5: hehasnthashe ($122.52 in chips)
hehasnthashe: posts small blind $1
Larooo: is sitting out
carlos3940 was removed from the table for failing to post
HAL9QQQ: posts big blind $3
*** HOLE CARDS ***
hehasnthashe: raises $3 to $6
love_mmm leaves the table
HAL9QQQ: folds
Uncalled bet ($3) returned to hehasnthashe
hehasnthashe collected $6 from pot
hehasnthashe: doesn't show hand
*** SUMMARY ***
Total pot $6 | Rake $0
Seat 4: HAL9QQQ (big blind) folded before Flop
Seat 5: hehasnthashe (button) (small blind) collected ($6)


PokerStars Hand #173936297614:  Hold'em Limit ($3/$6 USD) - 2017/08/05 0:13:48 ET
Table 'Pongola' 6-max Seat #4 is the button
Seat 4: HAL9QQQ ($178.19 in chips)
Seat 5: hehasnthashe ($125.52 in chips)
HAL9QQQ: posts small blind $1
hehasnthashe: posts big blind $3
*** HOLE CARDS ***
HAL9QQQ: raises $3 to $6
hehasnthashe: calls $3
*** FLOP *** [Kd 9d 3c]
hehasnthashe: checks
HAL9QQQ: bets $3
hehasnthashe: raises $3 to $6
HAL9QQQ: folds
Uncalled bet ($3) returned to hehasnthashe
hehasnthashe collected $17.64 from pot
hehasnthashe: doesn't show hand
*** SUMMARY ***
Total pot $18 | Rake $0.36
Board [Kd 9d 3c]
Seat 4: HAL9QQQ (button) (small blind) folded on the Flop
Seat 5: hehasnthashe (big blind) collected ($17.64)


PokerStars Hand #173936422585:  Hold'em Limit ($3/$6 USD) - 2017/08/05 0:21:23 ET
Table 'Pongola' 6-max Seat #1 is the button
Seat 1: igorkabmw ($52.40 in chips)
Seat 3: RJF1943 ($120 in chips)
igorkabmw: posts small blind $1
RJF1943: posts big blind $3
*** HOLE CARDS ***
igorkabmw: folds
Uncalled bet ($2) returned to RJF1943
RJF1943 collected $2 from pot
RJF1943: doesn't show hand
*** SUMMARY ***
Total pot $2 | Rake $0
Seat 1: igorkabmw (button) (small blind) folded before Flop
Seat 3: RJF1943 (big blind) collected ($2)


PokerStars Hand #173936431128:  Hold'em Limit ($3/$6 USD) - 2017/08/05 0:21:55 ET
Table 'Pongola' 6-max Seat #1 is the button
Seat 1: igorkabmw ($51.15 in chips)
Seat 3: RJF1943 ($120.75 in chips)
igorkabmw: posts small blind $1
RJF1943: posts big blind $3
*** HOLE CARDS ***
igorkabmw: calls $2
RJF1943: raises $3 to $6
igorkabmw: calls $3
*** FLOP *** [6h 4s 6d]
RJF1943: bets $3
igorkabmw: raises $3 to $6
RJF1943: calls $3
*** TURN *** [6h 4s 6d] [Qd]
RJF1943: checks
igorkabmw: checks
*** RIVER *** [6h 4s 6d Qd] [4h]
RJF1943: bets $6
igorkabmw: raises $6 to $12
RJF1943: calls $6
*** SHOW DOWN ***
igorkabmw: shows [Jd Tc] (two pair, Sixes and Fours)
RJF1943: shows [As Jc] (two pair, Sixes and Fours - Ace kicker)
RJF1943 collected $47.50 from pot
*** SUMMARY ***
Total pot $48 | Rake $0.50
Board [6h 4s 6d Qd 4h]
Seat 1: igorkabmw (button) (small blind) showed [Jd Tc] and lost with two pair, Sixes and Fours
Seat 3: RJF1943 (big blind) showed [As Jc] and won ($47.50) with two pair, Sixes and Fours


PokerStars Hand #173936437490:  Hold'em Limit ($3/$6 USD) - 2017/08/05 0:22:19 ET
Table 'Pongola' 6-max Seat #3 is the button
Seat 1: igorkabmw ($27.15 in chips)
Seat 3: RJF1943 ($144.25 in chips)
RJF1943: posts small blind $1
igorkabmw: posts big blind $3
*** HOLE CARDS ***
RJF1943: raises $3 to $6
igorkabmw: calls $3
*** FLOP *** [9d Ad 6h]
igorkabmw: bets $3
RJF1943: calls $3
*** TURN *** [9d Ad 6h] [2c]
igorkabmw: checks
RJF1943: checks
*** RIVER *** [9d Ad 6h 2c] [Th]
igorkabmw: bets $6
RJF1943: calls $6
*** SHOW DOWN ***
igorkabmw: shows [5s 7c] (high card Ace)
RJF1943: shows [Kc Qd] (high card Ace - King kicker)
RJF1943 collected $29.50 from pot
*** SUMMARY ***
Total pot $30 | Rake $0.50
Board [9d Ad 6h 2c Th]
Seat 1: igorkabmw (big blind) showed [5s 7c] and lost with high card Ace
Seat 3: RJF1943 (button) (small blind) showed [Kc Qd] and won ($29.50) with high card Ace


PokerStars Hand #173936423933:  Hold'em Limit ($3/$6 USD) - 2017/08/05 0:21:28 ET
Table 'Pongola' 6-max Seat #3 is the button
Seat 1: igorkabmw ($51.40 in chips)
Seat 3: RJF1943 ($121 in chips)
RJF1943: posts small blind $1
igorkabmw: posts big blind $3
*** HOLE CARDS ***
RJF1943: raises $3 to $6
igorkabmw: calls $3
*** FLOP *** [3c Js Ac]
igorkabmw: bets $3
RJF1943: raises $3 to $6
igorkabmw: calls $3
*** TURN *** [3c Js Ac] [8d]
igorkabmw: checks
RJF1943: bets $6
igorkabmw: calls $6
*** RIVER *** [3c Js Ac 8d] [Ts]
igorkabmw: checks
RJF1943: bets $6
igorkabmw: calls $6
*** SHOW DOWN ***
RJF1943: shows [7d Ad] (a pair of Aces)
igorkabmw: shows [As 4s] (a pair of Aces)
igorkabmw collected $23.75 from pot
RJF1943 collected $23.75 from pot
*** SUMMARY ***
Total pot $48 | Rake $0.50
Board [3c Js Ac 8d Ts]
Seat 1: igorkabmw (big blind) showed [As 4s] and won ($23.75) with a pair of Aces
Seat 3: RJF1943 (button) (small blind) showed [7d Ad] and won ($23.75) with a pair of Aces


PokerStars Hand #173936442418:  Hold'em Limit ($3/$6 USD) - 2017/08/05 0:22:37 ET
Table 'Pongola' 6-max Seat #1 is the button
Seat 1: igorkabmw ($12.15 in chips)
Seat 3: RJF1943 ($158.75 in chips)
igorkabmw: posts small blind $1
RJF1943: posts big blind $3
*** HOLE CARDS ***
igorkabmw: calls $2
RJF1943: raises $3 to $6
igorkabmw: calls $3
*** FLOP *** [Kd Tc Th]
RJF1943: bets $3
igorkabmw: calls $3
*** TURN *** [Kd Tc Th] [Qh]
RJF1943: bets $6
igorkabmw: calls $3.15 and is all-in
Uncalled bet ($2.85) returned to RJF1943
*** RIVER *** [Kd Tc Th Qh] [Td]
*** SHOW DOWN ***
RJF1943: shows [As 6h] (three of a kind, Tens)
igorkabmw: shows [7c Jh] (three of a kind, Tens - lower kicker)
RJF1943 collected $23.81 from pot
*** SUMMARY ***
Total pot $24.30 | Rake $0.49
Board [Kd Tc Th Qh Td]
Seat 1: igorkabmw (button) (small blind) showed [7c Jh] and lost with three of a kind, Tens
Seat 3: RJF1943 (big blind) showed [As 6h] and won ($23.81) with three of a kind, Tens


PokerStars Hand #173936492493:  Hold'em Limit ($3/$6 USD) - 2017/08/05 0:25:42 ET
Table 'Pongola' 6-max Seat #3 is the button
Seat 3: RJF1943 ($170.41 in chips)
Seat 6: jaydog321 ($120 in chips)
RJF1943: posts small blind $1
jaydog321: posts big blind $3
*** HOLE CARDS ***
RJF1943: calls $2
jaydog321: checks
*** FLOP *** [Qd 7s 4s]
jaydog321: checks
RJF1943: checks
*** TURN *** [Qd 7s 4s] [Ac]
jaydog321: checks
RJF1943: checks
*** RIVER *** [Qd 7s 4s Ac] [9d]
jaydog321: checks
RJF1943: checks
*** SHOW DOWN ***
jaydog321: shows [Th 2h] (high card Ace)
RJF1943: mucks hand
jaydog321 collected $5.88 from pot
*** SUMMARY ***
Total pot $6 | Rake $0.12
Board [Qd 7s 4s Ac 9d]
Seat 3: RJF1943 (button) (small blind) mucked
Seat 6: jaydog321 (big blind) showed [Th 2h] and won ($5.88) with high card Ace


PokerStars Hand #173936510936:  Hold'em Limit ($3/$6 USD) - 2017/08/05 0:26:50 ET
Table 'Pongola' 6-max Seat #3 is the button
Seat 3: RJF1943 ($161.41 in chips)
Seat 6: jaydog321 ($128.64 in chips)
RJF1943: posts small blind $1
jaydog321: posts big blind $3
*** HOLE CARDS ***
RJF1943: raises $3 to $6
jaydog321: calls $3
*** FLOP *** [2d 4s 3c]
jaydog321: checks
RJF1943: checks
*** TURN *** [2d 4s 3c] [4c]
jaydog321: bets $6
RJF1943: folds
Uncalled bet ($6) returned to jaydog321
jaydog321 collected $11.76 from pot
jaydog321: doesn't show hand
*** SUMMARY ***
Total pot $12 | Rake $0.24
Board [2d 4s 3c 4c]
Seat 3: RJF1943 (button) (small blind) folded on the Turn
Seat 6: jaydog321 (big blind) collected ($11.76)


PokerStars Hand #173936503949:  Hold'em Limit ($3/$6 USD) - 2017/08/05 0:26:24 ET
Table 'Pongola' 6-max Seat #6 is the button
Seat 3: RJF1943 ($167.41 in chips)
Seat 6: jaydog321 ($122.88 in chips)
jaydog321: posts small blind $1
RJF1943: posts big blind $3
*** HOLE CARDS ***
jaydog321: raises $3 to $6
RJF1943: calls $3
*** FLOP *** [Qd Qs 3h]
RJF1943: checks
jaydog321: bets $3
RJF1943: folds
Uncalled bet ($3) returned to jaydog321
igorkabmw leaves the table
jaydog321 collected $11.76 from pot
jaydog321: doesn't show hand
*** SUMMARY ***
Total pot $12 | Rake $0.24
Board [Qd Qs 3h]
Seat 3: RJF1943 (big blind) folded on the Flop
Seat 6: jaydog321 (button) (small blind) collected ($11.76)


PokerStars Hand #173936518419:  Hold'em Limit ($3/$6 USD) - 2017/08/05 0:27:18 ET
Table 'Pongola' 6-max Seat #6 is the button
Seat 3: RJF1943 ($155.41 in chips)
Seat 6: jaydog321 ($134.40 in chips)
jaydog321: posts small blind $1
RJF1943: posts big blind $3
*** HOLE CARDS ***
jaydog321: raises $3 to $6
RJF1943: calls $3
*** FLOP *** [2d 8d Ts]
RJF1943: bets $3
jaydog321: calls $3
*** TURN *** [2d 8d Ts] [Jh]
RJF1943: checks
jaydog321: checks
*** RIVER *** [2d 8d Ts Jh] [Qh]
RJF1943: bets $6
jaydog321: folds
Uncalled bet ($6) returned to RJF1943
RJF1943 collected $17.64 from pot
RJF1943: doesn't show hand
*** SUMMARY ***
Total pot $18 | Rake $0.36
Board [2d 8d Ts Jh Qh]
Seat 3: RJF1943 (big blind) collected ($17.64)
Seat 6: jaydog321 (button) (small blind) folded on the River


