PokerStars Hand #170984465995:  Hold'em Limit ($3/$6 USD) - 2017/05/27 11:39:58 ET
Table 'Pongola' 6-max Seat #3 is the button
Seat 3: your_hot15 ($120 in chips)
Seat 4: MTails ($120 in chips)
your_hot15: posts small blind $1
MTails: posts big blind $3
*** HOLE CARDS ***
your_hot15: raises $3 to $6
MTails: raises $3 to $9
your_hot15: calls $3
*** FLOP *** [8s Kh 5h]
MTails: bets $3
your_hot15: folds
Uncalled bet ($3) returned to MTails
MTails collected $17.64 from pot
*** SUMMARY ***
Total pot $18 | Rake $0.36
Board [8s Kh 5h]
Seat 3: your_hot15 (button) (small blind) folded on the Flop
Seat 4: MTails (big blind) collected ($17.64)


PokerStars Hand #170984484080:  Hold'em Limit ($3/$6 USD) - 2017/05/27 11:40:27 ET
Table 'Pongola' 6-max Seat #3 is the button
Seat 3: your_hot15 ($119.64 in chips)
Seat 4: MTails ($119.64 in chips)
your_hot15: posts small blind $1
MTails: posts big blind $3
*** HOLE CARDS ***
your_hot15: folds
Uncalled bet ($2) returned to MTails
MTails collected $2 from pot
*** SUMMARY ***
Total pot $2 | Rake $0
Seat 3: your_hot15 (button) (small blind) folded before Flop
Seat 4: MTails (big blind) collected ($2)


PokerStars Hand #170984476921:  Hold'em Limit ($3/$6 USD) - 2017/05/27 11:40:15 ET
Table 'Pongola' 6-max Seat #4 is the button
Seat 3: your_hot15 ($111 in chips)
Seat 4: MTails ($128.64 in chips)
MTails: posts small blind $1
your_hot15: posts big blind $3
*** HOLE CARDS ***
MTails: raises $3 to $6
your_hot15: raises $3 to $9
MTails: calls $3
*** FLOP *** [Ah Ks 2h]
your_hot15: bets $3
MTails: folds
Uncalled bet ($3) returned to your_hot15
vestimokrec joins the table at seat #5
your_hot15 collected $17.64 from pot
your_hot15: doesn't show hand
*** SUMMARY ***
Total pot $18 | Rake $0.36
Board [Ah Ks 2h]
Seat 3: your_hot15 (big blind) collected ($17.64)
Seat 4: MTails (button) (small blind) folded on the Flop


PokerStars Hand #170984501374:  Hold'em Limit ($3/$6 USD) - 2017/05/27 11:40:56 ET
Table 'Pongola' 6-max Seat #3 is the button
Seat 3: your_hot15 ($122.25 in chips)
Seat 5: vestimokrec ($117 in chips)
your_hot15: posts small blind $1
MTails: is sitting out
vestimokrec: posts big blind $3
*** HOLE CARDS ***
your_hot15: raises $3 to $6
vestimokrec: calls $3
*** FLOP *** [5c Ts 6s]
vestimokrec: checks
your_hot15: bets $3
vestimokrec: calls $3
*** TURN *** [5c Ts 6s] [7h]
vestimokrec: checks
your_hot15: bets $6
vestimokrec: calls $6
*** RIVER *** [5c Ts 6s 7h] [8d]
vestimokrec: checks
your_hot15: bets $6
vestimokrec: calls $6
*** SHOW DOWN ***
your_hot15: shows [Qh Qs] (a pair of Queens)
vestimokrec: mucks hand
your_hot15 collected $41.50 from pot
*** SUMMARY ***
Total pot $42 | Rake $0.50
Board [5c Ts 6s 7h 8d]
Seat 3: your_hot15 (button) (small blind) showed [Qh Qs] and won ($41.50) with a pair of Queens
Seat 5: vestimokrec (big blind) mucked


PokerStars Hand #170984522571:  Hold'em Limit ($3/$6 USD) - 2017/05/27 11:41:30 ET
Table 'Pongola' 6-max Seat #5 is the button
Seat 3: your_hot15 ($142.75 in chips)
Seat 5: vestimokrec ($96 in chips)
vestimokrec: posts small blind $1
your_hot15: posts big blind $3
*** HOLE CARDS ***
vestimokrec: folds
Uncalled bet ($2) returned to your_hot15
your_hot15 collected $2 from pot
*** SUMMARY ***
Total pot $2 | Rake $0
Seat 3: your_hot15 (big blind) collected ($2)
Seat 5: vestimokrec (button) (small blind) folded before Flop


PokerStars Hand #170984525299:  Hold'em Limit ($3/$6 USD) - 2017/05/27 11:41:35 ET
Table 'Pongola' 6-max Seat #3 is the button
Seat 3: your_hot15 ($143.75 in chips)
Seat 5: vestimokrec ($95 in chips)
your_hot15: posts small blind $1
vestimokrec: posts big blind $3
*** HOLE CARDS ***
your_hot15: calls $2
vestimokrec: raises $3 to $6
your_hot15: calls $3
*** FLOP *** [Ah 7h 5c]
vestimokrec: bets $3
your_hot15: raises $3 to $6
vestimokrec: calls $3
*** TURN *** [Ah 7h 5c] [Ks]
vestimokrec: checks
your_hot15: bets $6
vestimokrec: raises $6 to $12
your_hot15: calls $6
*** RIVER *** [Ah 7h 5c Ks] [Jh]
vestimokrec: checks
your_hot15: bets $6
vestimokrec: calls $6
*** SHOW DOWN ***
your_hot15: shows [2h 4h] (a flush, Ace high)
vestimokrec: mucks hand
your_hot15 collected $59.50 from pot
*** SUMMARY ***
Total pot $60 | Rake $0.50
Board [Ah 7h 5c Ks Jh]
Seat 3: your_hot15 (button) (small blind) showed [2h 4h] and won ($59.50) with a flush, Ace high
Seat 5: vestimokrec (big blind) mucked


PokerStars Hand #170984569622:  Hold'em Limit ($3/$6 USD) - 2017/05/27 11:42:47 ET
Table 'Pongola' 6-max Seat #3 is the button
Seat 3: your_hot15 ($179.01 in chips)
Seat 5: vestimokrec ($120 in chips)
your_hot15: posts small blind $1
vestimokrec: posts big blind $3
*** HOLE CARDS ***
your_hot15: raises $3 to $6
vestimokrec: calls $3
*** FLOP *** [Ks 2c 5c]
vestimokrec: checks
your_hot15: bets $3
vestimokrec: calls $3
*** TURN *** [Ks 2c 5c] [Qc]
vestimokrec: checks
your_hot15: checks
*** RIVER *** [Ks 2c 5c Qc] [Tc]
vestimokrec: checks
your_hot15: bets $6
vestimokrec: calls $6
*** SHOW DOWN ***
your_hot15: shows [7s 7h] (a pair of Sevens)
vestimokrec: shows [Th Ad] (a pair of Tens)
vestimokrec collected $29.50 from pot
*** SUMMARY ***
Total pot $30 | Rake $0.50
Board [Ks 2c 5c Qc Tc]
Seat 3: your_hot15 (button) (small blind) showed [7s 7h] and lost with a pair of Sevens
Seat 5: vestimokrec (big blind) showed [Th Ad] and won ($29.50) with a pair of Tens


PokerStars Hand #170984555189:  Hold'em Limit ($3/$6 USD) - 2017/05/27 11:42:24 ET
Table 'Pongola' 6-max Seat #5 is the button
Seat 3: your_hot15 ($173.25 in chips)
Seat 5: vestimokrec ($65 in chips)
vestimokrec: posts small blind $1
your_hot15: posts big blind $3
*** HOLE CARDS ***
vestimokrec: raises $3 to $6
your_hot15: calls $3
*** FLOP *** [9c 2h 8h]
your_hot15: checks
vestimokrec: checks
*** TURN *** [9c 2h 8h] [3d]
your_hot15: checks
vestimokrec: checks
*** RIVER *** [9c 2h 8h 3d] [9s]
your_hot15: checks
vestimokrec: checks
*** SHOW DOWN ***
your_hot15: shows [Kd 5s] (a pair of Nines)
vestimokrec: mucks hand
your_hot15 collected $11.76 from pot
*** SUMMARY ***
Total pot $12 | Rake $0.24
Board [9c 2h 8h 3d 9s]
Seat 3: your_hot15 (big blind) showed [Kd 5s] and won ($11.76) with a pair of Nines
Seat 5: vestimokrec (button) (small blind) mucked


PokerStars Hand #170984626191:  Hold'em Limit ($3/$6 USD) - 2017/05/27 11:44:18 ET
Table 'Pongola' 6-max Seat #5 is the button
Seat 3: your_hot15 ($160.65 in chips)
Seat 5: vestimokrec ($137.02 in chips)
vestimokrec: posts small blind $1
your_hot15: posts big blind $3
*** HOLE CARDS ***
vestimokrec: raises $3 to $6
your_hot15: raises $3 to $9
vestimokrec: calls $3
*** FLOP *** [6d 3c 3s]
your_hot15: bets $3
vestimokrec: calls $3
*** TURN *** [6d 3c 3s] [Jd]
your_hot15: bets $6
vestimokrec: calls $6
*** RIVER *** [6d 3c 3s Jd] [Tc]
your_hot15: bets $6
vestimokrec: folds
Uncalled bet ($6) returned to your_hot15
your_hot15 collected $35.50 from pot
your_hot15: doesn't show hand
*** SUMMARY ***
Total pot $36 | Rake $0.50
Board [6d 3c 3s Jd Tc]
Seat 3: your_hot15 (big blind) collected ($35.50)
Seat 5: vestimokrec (button) (small blind) folded on the River


PokerStars Hand #170984602311:  Hold'em Limit ($3/$6 USD) - 2017/05/27 11:43:40 ET
Table 'Pongola' 6-max Seat #5 is the button
Seat 3: your_hot15 ($164.01 in chips)
Seat 5: vestimokrec ($134.50 in chips)
vestimokrec: posts small blind $1
your_hot15: posts big blind $3
*** HOLE CARDS ***
vestimokrec: raises $3 to $6
your_hot15: raises $3 to $9
vestimokrec: calls $3
*** FLOP *** [6d Kh 3c]
your_hot15: bets $3
vestimokrec: folds
Uncalled bet ($3) returned to your_hot15
your_hot15 collected $17.64 from pot
*** SUMMARY ***
Total pot $18 | Rake $0.36
Board [6d Kh 3c]
Seat 3: your_hot15 (big blind) collected ($17.64)
Seat 5: vestimokrec (button) (small blind) folded on the Flop


PokerStars Hand #170984616780:  Hold'em Limit ($3/$6 USD) - 2017/05/27 11:44:03 ET
Table 'Pongola' 6-max Seat #3 is the button
Seat 3: your_hot15 ($172.65 in chips)
Seat 5: vestimokrec ($125.50 in chips)
your_hot15: posts small blind $1
vestimokrec: posts big blind $3
*** HOLE CARDS ***
your_hot15: raises $3 to $6
vestimokrec: calls $3
*** FLOP *** [3h Qh 9d]
vestimokrec: checks
your_hot15: bets $3
vestimokrec: raises $3 to $6
your_hot15: calls $3
*** TURN *** [3h Qh 9d] [8c]
vestimokrec: bets $6
your_hot15: folds
Uncalled bet ($6) returned to vestimokrec
vestimokrec collected $23.52 from pot
vestimokrec: doesn't show hand
*** SUMMARY ***
Total pot $24 | Rake $0.48
Board [3h Qh 9d 8c]
Seat 3: your_hot15 (button) (small blind) folded on the Turn
Seat 5: vestimokrec (big blind) collected ($23.52)


PokerStars Hand #170984670390:  Hold'em Limit ($3/$6 USD) - 2017/05/27 11:45:30 ET
Table 'Pongola' 6-max Seat #3 is the button
Seat 3: your_hot15 ($206.65 in chips)
Seat 5: vestimokrec ($90.02 in chips)
your_hot15: posts small blind $1
vestimokrec: posts big blind $3
*** HOLE CARDS ***
your_hot15: raises $3 to $6
vestimokrec: folds
Uncalled bet ($3) returned to your_hot15
your_hot15 collected $6 from pot
*** SUMMARY ***
Total pot $6 | Rake $0
Seat 3: your_hot15 (button) (small blind) collected ($6)
Seat 5: vestimokrec (big blind) folded before Flop


PokerStars Hand #170984641393:  Hold'em Limit ($3/$6 USD) - 2017/05/27 11:44:43 ET
Table 'Pongola' 6-max Seat #3 is the button
Seat 3: your_hot15 ($178.15 in chips)
Seat 5: vestimokrec ($119.02 in chips)
your_hot15: posts small blind $1
vestimokrec: posts big blind $3
*** HOLE CARDS ***
your_hot15: folds
Uncalled bet ($2) returned to vestimokrec
vestimokrec collected $2 from pot
vestimokrec: doesn't show hand
*** SUMMARY ***
Total pot $2 | Rake $0
Seat 3: your_hot15 (button) (small blind) folded before Flop
Seat 5: vestimokrec (big blind) collected ($2)


PokerStars Hand #170984649790:  Hold'em Limit ($3/$6 USD) - 2017/05/27 11:44:57 ET
Table 'Pongola' 6-max Seat #5 is the button
Seat 3: your_hot15 ($177.15 in chips)
Seat 5: vestimokrec ($120.02 in chips)
vestimokrec: posts small blind $1
your_hot15: posts big blind $3
*** HOLE CARDS ***
vestimokrec: raises $3 to $6
your_hot15: raises $3 to $9
vestimokrec: calls $3
*** FLOP *** [6h 9d 5s]
your_hot15: bets $3
vestimokrec: calls $3
*** TURN *** [6h 9d 5s] [5c]
your_hot15: bets $6
vestimokrec: calls $6
*** RIVER *** [6h 9d 5s 5c] [8d]
your_hot15: bets $6
vestimokrec: raises $6 to $12
your_hot15: calls $6
*** SHOW DOWN ***
vestimokrec: shows [4h 3d] (a pair of Fives)
your_hot15: shows [As 9h] (two pair, Nines and Fives)
your_hot15 collected $59.50 from pot
*** SUMMARY ***
Total pot $60 | Rake $0.50
Board [6h 9d 5s 5c 8d]
Seat 3: your_hot15 (big blind) showed [As 9h] and won ($59.50) with two pair, Nines and Fives
Seat 5: vestimokrec (button) (small blind) showed [4h 3d] and lost with a pair of Fives


PokerStars Hand #170984694061:  Hold'em Limit ($3/$6 USD) - 2017/05/27 11:46:09 ET
Table 'Pongola' 6-max Seat #3 is the button
Seat 3: your_hot15 ($227.15 in chips)
Seat 5: vestimokrec ($69.02 in chips)
your_hot15: posts small blind $1
vestimokrec: posts big blind $3
*** HOLE CARDS ***
your_hot15: calls $2
vestimokrec: checks
*** FLOP *** [4d 2s Jc]
vestimokrec: checks
your_hot15: checks
*** TURN *** [4d 2s Jc] [Kc]
vestimokrec: checks
your_hot15: bets $6
vestimokrec: folds
Uncalled bet ($6) returned to your_hot15
your_hot15 collected $5.88 from pot
*** SUMMARY ***
Total pot $6 | Rake $0.12
Board [4d 2s Jc Kc]
Seat 3: your_hot15 (button) (small blind) collected ($5.88)
Seat 5: vestimokrec (big blind) folded on the Turn


PokerStars Hand #170984675656:  Hold'em Limit ($3/$6 USD) - 2017/05/27 11:45:39 ET
Table 'Pongola' 6-max Seat #5 is the button
Seat 3: your_hot15 ($209.65 in chips)
Seat 5: vestimokrec ($87.02 in chips)
vestimokrec: posts small blind $1
your_hot15: posts big blind $3
*** HOLE CARDS ***
vestimokrec: raises $3 to $6
your_hot15: raises $3 to $9
vestimokrec: calls $3
*** FLOP *** [3h 3c 9s]
your_hot15: bets $3
vestimokrec: calls $3
*** TURN *** [3h 3c 9s] [6d]
MTails leaves the table
your_hot15: bets $6
vestimokrec: calls $6
*** RIVER *** [3h 3c 9s 6d] [Jd]
your_hot15: bets $6
vestimokrec: folds
Uncalled bet ($6) returned to your_hot15
your_hot15 collected $35.50 from pot
*** SUMMARY ***
Total pot $36 | Rake $0.50
Board [3h 3c 9s 6d Jd]
Seat 3: your_hot15 (big blind) collected ($35.50)
Seat 5: vestimokrec (button) (small blind) folded on the River


PokerStars Hand #170984713638:  Hold'em Limit ($3/$6 USD) - 2017/05/27 11:46:40 ET
Table 'Pongola' 6-max Seat #5 is the button
Seat 3: your_hot15 ($230.03 in chips)
Seat 5: vestimokrec ($66.02 in chips)
vestimokrec: posts small blind $1
your_hot15: posts big blind $3
*** HOLE CARDS ***
vestimokrec: raises $3 to $6
your_hot15: calls $3
*** FLOP *** [Jh Qs 2s]
your_hot15: checks
vestimokrec: bets $3
your_hot15: folds
Uncalled bet ($3) returned to vestimokrec
vestimokrec collected $11.76 from pot
vestimokrec: doesn't show hand
*** SUMMARY ***
Total pot $12 | Rake $0.24
Board [Jh Qs 2s]
Seat 3: your_hot15 (big blind) folded on the Flop
Seat 5: vestimokrec (button) (small blind) collected ($11.76)


PokerStars Hand #170984723607:  Hold'em Limit ($3/$6 USD) - 2017/05/27 11:46:57 ET
Table 'Pongola' 6-max Seat #3 is the button
Seat 3: your_hot15 ($224.03 in chips)
Seat 5: vestimokrec ($71.78 in chips)
your_hot15: posts small blind $1
vestimokrec: posts big blind $3
*** HOLE CARDS ***
your_hot15: raises $3 to $6
vestimokrec: calls $3
*** FLOP *** [7h Th Jh]
vestimokrec: checks
your_hot15: bets $3
vestimokrec: calls $3
*** TURN *** [7h Th Jh] [Qd]
vestimokrec: checks
your_hot15: bets $6
vestimokrec: calls $6
*** RIVER *** [7h Th Jh Qd] [Qs]
vestimokrec: checks
your_hot15: bets $6
vestimokrec: calls $6
*** SHOW DOWN ***
your_hot15: shows [Kd Jc] (two pair, Queens and Jacks)
vestimokrec: mucks hand
your_hot15 collected $41.50 from pot
*** SUMMARY ***
Total pot $42 | Rake $0.50
Board [7h Th Jh Qd Qs]
Seat 3: your_hot15 (button) (small blind) showed [Kd Jc] and won ($41.50) with two pair, Queens and Jacks
Seat 5: vestimokrec (big blind) mucked


PokerStars Hand #170984752466:  Hold'em Limit ($3/$6 USD) - 2017/05/27 11:47:36 ET
Table 'Pongola' 6-max Seat #5 is the button
Seat 3: your_hot15 ($244.53 in chips)
Seat 5: vestimokrec ($120 in chips)
vestimokrec: posts small blind $1
your_hot15: posts big blind $3
*** HOLE CARDS ***
vestimokrec: raises $3 to $6
your_hot15: raises $3 to $9
vestimokrec: calls $3
*** FLOP *** [2d 4c 3d]
your_hot15: bets $3
vestimokrec: calls $3
*** TURN *** [2d 4c 3d] [Jh]
your_hot15: bets $6
vestimokrec: calls $6
*** RIVER *** [2d 4c 3d Jh] [Qd]
your_hot15: checks
vestimokrec: bets $6
your_hot15: calls $6
*** SHOW DOWN ***
vestimokrec: shows [6h 8d] (high card Queen)
your_hot15: shows [Ac 3h] (a pair of Threes)
your_hot15 collected $47.50 from pot
*** SUMMARY ***
Total pot $48 | Rake $0.50
Board [2d 4c 3d Jh Qd]
Seat 3: your_hot15 (big blind) showed [Ac 3h] and won ($47.50) with a pair of Threes
Seat 5: vestimokrec (button) (small blind) showed [6h 8d] and lost with high card Queen


PokerStars Hand #170984799636:  Hold'em Limit ($3/$6 USD) - 2017/05/27 11:48:53 ET
Table 'Pongola' 6-max Seat #5 is the button
Seat 3: your_hot15 ($288.53 in chips)
Seat 5: vestimokrec ($75 in chips)
vestimokrec: posts small blind $1
your_hot15: posts big blind $3
*** HOLE CARDS ***
vestimokrec: raises $3 to $6
your_hot15: calls $3
*** FLOP *** [Ah 6c 9d]
your_hot15: checks
vestimokrec: bets $3
your_hot15: calls $3
*** TURN *** [Ah 6c 9d] [Jh]
your_hot15: checks
vestimokrec: checks
*** RIVER *** [Ah 6c 9d Jh] [8s]
your_hot15: bets $6
vestimokrec: calls $6
*** SHOW DOWN ***
your_hot15: shows [Tc 7d] (a straight, Seven to Jack)
vestimokrec: mucks hand
your_hot15 collected $29.50 from pot
*** SUMMARY ***
Total pot $30 | Rake $0.50
Board [Ah 6c 9d Jh 8s]
Seat 3: your_hot15 (big blind) showed [Tc 7d] and won ($29.50) with a straight, Seven to Jack
Seat 5: vestimokrec (button) (small blind) mucked


PokerStars Hand #170984785203:  Hold'em Limit ($3/$6 USD) - 2017/05/27 11:48:29 ET
Table 'Pongola' 6-max Seat #3 is the button
Seat 3: your_hot15 ($268.03 in chips)
Seat 5: vestimokrec ($96 in chips)
your_hot15: posts small blind $1
vestimokrec: posts big blind $3
*** HOLE CARDS ***
your_hot15: raises $3 to $6
vestimokrec: calls $3
*** FLOP *** [3h 9d 4h]
vestimokrec: checks
your_hot15: bets $3
vestimokrec: calls $3
*** TURN *** [3h 9d 4h] [Jc]
jhon07021987 joins the table at seat #4
vestimokrec: checks
your_hot15: bets $6
vestimokrec: calls $6
*** RIVER *** [3h 9d 4h Jc] [3c]
vestimokrec: checks
your_hot15: bets $6
vestimokrec: calls $6
*** SHOW DOWN ***
your_hot15: shows [Ks Js] (two pair, Jacks and Threes)
vestimokrec: mucks hand
your_hot15 collected $41.50 from pot
*** SUMMARY ***
Total pot $42 | Rake $0.50
Board [3h 9d 4h Jc 3c]
Seat 3: your_hot15 (button) (small blind) showed [Ks Js] and won ($41.50) with two pair, Jacks and Threes
Seat 5: vestimokrec (big blind) mucked


PokerStars Hand #170986418682:  Hold'em Limit ($3/$6 USD) - 2017/05/27 12:31:38 ET
Table 'Pongola' 6-max Seat #3 is the button
Seat 3: vestimokrec ($100.56 in chips)
Seat 4: B_loJkl ($293.17 in chips)
vestimokrec: posts small blind $1
B_loJkl: posts big blind $3
*** HOLE CARDS ***
vestimokrec: raises $3 to $6
B_loJkl: calls $3
*** FLOP *** [Tc 5s 9s]
B_loJkl: checks
vestimokrec: checks
*** TURN *** [Tc 5s 9s] [9h]
B_loJkl: checks
vestimokrec: bets $6
B_loJkl: calls $6
*** RIVER *** [Tc 5s 9s 9h] [Qh]
B_loJkl: checks
vestimokrec: checks
*** SHOW DOWN ***
B_loJkl: shows [3s Kh] (a pair of Nines)
vestimokrec: shows [5c 4c] (two pair, Nines and Fives)
vestimokrec collected $23.52 from pot
*** SUMMARY ***
Total pot $24 | Rake $0.48
Board [Tc 5s 9s 9h Qh]
Seat 3: vestimokrec (button) (small blind) showed [5c 4c] and won ($23.52) with two pair, Nines and Fives
Seat 4: B_loJkl (big blind) showed [3s Kh] and lost with a pair of Nines


