PokerStars Hand #165283132170:  Hold'em Limit ($3/$6 USD) - 2017/01/28 2:20:42 ET
Table 'Pongola' 6-max Seat #3 is the button
Seat 2: AzureCaper ($130.06 in chips)
Seat 3: izzyzzy ($109 in chips)
izzyzzy: posts small blind $1
grabaz: is sitting out
AzureCaper: posts big blind $3
*** HOLE CARDS ***
izzyzzy: folds
Uncalled bet ($2) returned to AzureCaper
grabaz leaves the table
AzureCaper collected $2 from pot
AzureCaper: doesn't show hand
*** SUMMARY ***
Total pot $2 | Rake $0
Seat 2: AzureCaper (big blind) collected ($2)
Seat 3: izzyzzy (button) (small blind) folded before Flop


PokerStars Hand #165283146521:  Hold'em Limit ($3/$6 USD) - 2017/01/28 2:21:30 ET
Table 'Pongola' 6-max Seat #3 is the button
Seat 2: AzureCaper ($113.06 in chips)
Seat 3: izzyzzy ($125.50 in chips)
izzyzzy: posts small blind $1
AzureCaper: posts big blind $3
*** HOLE CARDS ***
izzyzzy: folds
Uncalled bet ($2) returned to AzureCaper
AzureCaper collected $2 from pot
AzureCaper: doesn't show hand
*** SUMMARY ***
Total pot $2 | Rake $0
Seat 2: AzureCaper (big blind) collected ($2)
Seat 3: izzyzzy (button) (small blind) folded before Flop


PokerStars Hand #165283133933:  Hold'em Limit ($3/$6 USD) - 2017/01/28 2:20:47 ET
Table 'Pongola' 6-max Seat #2 is the button
Seat 2: AzureCaper ($131.06 in chips)
Seat 3: izzyzzy ($108 in chips)
AzureCaper: posts small blind $1
izzyzzy: posts big blind $3
*** HOLE CARDS ***
AzureCaper: raises $3 to $6
izzyzzy: calls $3
*** FLOP *** [7c 9d Kc]
izzyzzy: checks
AzureCaper: bets $3
izzyzzy: raises $3 to $6
AzureCaper: calls $3
*** TURN *** [7c 9d Kc] [Qh]
izzyzzy: bets $6
AzureCaper: calls $6
*** RIVER *** [7c 9d Kc Qh] [Kd]
izzyzzy: bets $6
AzureCaper: folds
Uncalled bet ($6) returned to izzyzzy
izzyzzy collected $35.50 from pot
*** SUMMARY ***
Total pot $36 | Rake $0.50
Board [7c 9d Kc Qh Kd]
Seat 2: AzureCaper (button) (small blind) folded on the River
Seat 3: izzyzzy (big blind) collected ($35.50)


PokerStars Hand #165283148036:  Hold'em Limit ($3/$6 USD) - 2017/01/28 2:21:35 ET
Table 'Pongola' 6-max Seat #2 is the button
Seat 2: AzureCaper ($114.06 in chips)
Seat 3: izzyzzy ($124.50 in chips)
AzureCaper: posts small blind $1
izzyzzy: posts big blind $3
*** HOLE CARDS ***
AzureCaper: raises $3 to $6
izzyzzy: folds
Uncalled bet ($3) returned to AzureCaper
AzureCaper collected $6 from pot
*** SUMMARY ***
Total pot $6 | Rake $0
Seat 2: AzureCaper (button) (small blind) collected ($6)
Seat 3: izzyzzy (big blind) folded before Flop


PokerStars Hand #165283150457:  Hold'em Limit ($3/$6 USD) - 2017/01/28 2:21:43 ET
Table 'Pongola' 6-max Seat #3 is the button
Seat 2: AzureCaper ($117.06 in chips)
Seat 3: izzyzzy ($121.50 in chips)
izzyzzy: posts small blind $1
AzureCaper: posts big blind $3
*** HOLE CARDS ***
izzyzzy: raises $3 to $6
AzureCaper: folds
Uncalled bet ($3) returned to izzyzzy
izzyzzy collected $6 from pot
*** SUMMARY ***
Total pot $6 | Rake $0
Seat 2: AzureCaper (big blind) folded before Flop
Seat 3: izzyzzy (button) (small blind) collected ($6)


PokerStars Hand #165283152809:  Hold'em Limit ($3/$6 USD) - 2017/01/28 2:21:51 ET
Table 'Pongola' 6-max Seat #2 is the button
Seat 2: AzureCaper ($114.06 in chips)
Seat 3: izzyzzy ($124.50 in chips)
AzureCaper: posts small blind $1
izzyzzy: posts big blind $3
*** HOLE CARDS ***
AzureCaper: raises $3 to $6
izzyzzy: calls $3
*** FLOP *** [7h 3d Ah]
izzyzzy: bets $3
AzureCaper: calls $3
*** TURN *** [7h 3d Ah] [As]
izzyzzy: bets $6
AzureCaper: calls $6
*** RIVER *** [7h 3d Ah As] [7d]
izzyzzy: bets $6
AzureCaper: calls $6
*** SHOW DOWN ***
izzyzzy: shows [Ts Kh] (two pair, Aces and Sevens)
AzureCaper: shows [Qs Kd] (two pair, Aces and Sevens)
izzyzzy collected $20.75 from pot
AzureCaper collected $20.75 from pot
*** SUMMARY ***
Total pot $42 | Rake $0.50
Board [7h 3d Ah As 7d]
Seat 2: AzureCaper (button) (small blind) showed [Qs Kd] and won ($20.75) with two pair, Aces and Sevens
Seat 3: izzyzzy (big blind) showed [Ts Kh] and won ($20.75) with two pair, Aces and Sevens


PokerStars Hand #165283163372:  Hold'em Limit ($3/$6 USD) - 2017/01/28 2:22:27 ET
Table 'Pongola' 6-max Seat #2 is the button
Seat 2: AzureCaper ($114.81 in chips)
Seat 3: izzyzzy ($123.25 in chips)
AzureCaper: posts small blind $1
izzyzzy: posts big blind $3
*** HOLE CARDS ***
AzureCaper: raises $3 to $6
izzyzzy: calls $3
*** FLOP *** [As 8h 9c]
izzyzzy: checks
AzureCaper: bets $3
izzyzzy: calls $3
*** TURN *** [As 8h 9c] [Qd]
izzyzzy: checks
AzureCaper: bets $6
izzyzzy: raises $6 to $12
AzureCaper: calls $6
*** RIVER *** [As 8h 9c Qd] [7c]
izzyzzy: bets $6
AzureCaper: folds
Uncalled bet ($6) returned to izzyzzy
izzyzzy collected $41.50 from pot
*** SUMMARY ***
Total pot $42 | Rake $0.50
Board [As 8h 9c Qd 7c]
Seat 2: AzureCaper (button) (small blind) folded on the River
Seat 3: izzyzzy (big blind) collected ($41.50)


PokerStars Hand #165283161729:  Hold'em Limit ($3/$6 USD) - 2017/01/28 2:22:21 ET
Table 'Pongola' 6-max Seat #3 is the button
Seat 2: AzureCaper ($113.81 in chips)
Seat 3: izzyzzy ($124.25 in chips)
izzyzzy: posts small blind $1
AzureCaper: posts big blind $3
*** HOLE CARDS ***
izzyzzy: folds
Uncalled bet ($2) returned to AzureCaper
AzureCaper collected $2 from pot
AzureCaper: doesn't show hand
*** SUMMARY ***
Total pot $2 | Rake $0
Seat 2: AzureCaper (big blind) collected ($2)
Seat 3: izzyzzy (button) (small blind) folded before Flop


PokerStars Hand #165283170499:  Hold'em Limit ($3/$6 USD) - 2017/01/28 2:22:50 ET
Table 'Pongola' 6-max Seat #3 is the button
Seat 2: AzureCaper ($93.81 in chips)
Seat 3: izzyzzy ($143.75 in chips)
izzyzzy: posts small blind $1
AzureCaper: posts big blind $3
*** HOLE CARDS ***
izzyzzy: raises $3 to $6
AzureCaper: calls $3
*** FLOP *** [6c 7c Ad]
AzureCaper: checks
izzyzzy: bets $3
AzureCaper: folds
Uncalled bet ($3) returned to izzyzzy
izzyzzy collected $11.76 from pot
*** SUMMARY ***
Total pot $12 | Rake $0.24
Board [6c 7c Ad]
Seat 2: AzureCaper (big blind) folded on the Flop
Seat 3: izzyzzy (button) (small blind) collected ($11.76)


PokerStars Hand #165283177458:  Hold'em Limit ($3/$6 USD) - 2017/01/28 2:23:13 ET
Table 'Pongola' 6-max Seat #2 is the button
Seat 2: AzureCaper ($87.81 in chips)
Seat 3: izzyzzy ($149.51 in chips)
AzureCaper: posts small blind $1
izzyzzy: posts big blind $3
*** HOLE CARDS ***
AzureCaper: folds
Uncalled bet ($2) returned to izzyzzy
izzyzzy collected $2 from pot
*** SUMMARY ***
Total pot $2 | Rake $0
Seat 2: AzureCaper (button) (small blind) folded before Flop
Seat 3: izzyzzy (big blind) collected ($2)


PokerStars Hand #165283180542:  Hold'em Limit ($3/$6 USD) - 2017/01/28 2:23:23 ET
Table 'Pongola' 6-max Seat #3 is the button
Seat 2: AzureCaper ($86.81 in chips)
Seat 3: izzyzzy ($150.51 in chips)
izzyzzy: posts small blind $1
AzureCaper: posts big blind $3
*** HOLE CARDS ***
izzyzzy: raises $3 to $6
AzureCaper: folds
Uncalled bet ($3) returned to izzyzzy
izzyzzy collected $6 from pot
*** SUMMARY ***
Total pot $6 | Rake $0
Seat 2: AzureCaper (big blind) folded before Flop
Seat 3: izzyzzy (button) (small blind) collected ($6)


PokerStars Hand #165283185003:  Hold'em Limit ($3/$6 USD) - 2017/01/28 2:23:38 ET
Table 'Pongola' 6-max Seat #3 is the button
Seat 2: AzureCaper ($82.81 in chips)
Seat 3: izzyzzy ($154.51 in chips)
izzyzzy: posts small blind $1
AzureCaper: posts big blind $3
*** HOLE CARDS ***
izzyzzy: folds
Uncalled bet ($2) returned to AzureCaper
AzureCaper collected $2 from pot
AzureCaper: doesn't show hand
*** SUMMARY ***
Total pot $2 | Rake $0
Seat 2: AzureCaper (big blind) collected ($2)
Seat 3: izzyzzy (button) (small blind) folded before Flop


PokerStars Hand #165283182908:  Hold'em Limit ($3/$6 USD) - 2017/01/28 2:23:31 ET
Table 'Pongola' 6-max Seat #2 is the button
Seat 2: AzureCaper ($83.81 in chips)
Seat 3: izzyzzy ($153.51 in chips)
AzureCaper: posts small blind $1
izzyzzy: posts big blind $3
*** HOLE CARDS ***
AzureCaper: folds
Uncalled bet ($2) returned to izzyzzy
izzyzzy collected $2 from pot
*** SUMMARY ***
Total pot $2 | Rake $0
Seat 2: AzureCaper (button) (small blind) folded before Flop
Seat 3: izzyzzy (big blind) collected ($2)


PokerStars Hand #165283190720:  Hold'em Limit ($3/$6 USD) - 2017/01/28 2:23:57 ET
Table 'Pongola' 6-max Seat #3 is the button
Seat 2: AzureCaper ($89.57 in chips)
Seat 3: izzyzzy ($147.51 in chips)
izzyzzy: posts small blind $1
AzureCaper: posts big blind $3
*** HOLE CARDS ***
izzyzzy: folds
Uncalled bet ($2) returned to AzureCaper
AzureCaper collected $2 from pot
*** SUMMARY ***
Total pot $2 | Rake $0
Seat 2: AzureCaper (big blind) collected ($2)
Seat 3: izzyzzy (button) (small blind) folded before Flop


PokerStars Hand #165283186965:  Hold'em Limit ($3/$6 USD) - 2017/01/28 2:23:44 ET
Table 'Pongola' 6-max Seat #2 is the button
Seat 2: AzureCaper ($83.81 in chips)
Seat 3: izzyzzy ($153.51 in chips)
AzureCaper: posts small blind $1
izzyzzy: posts big blind $3
*** HOLE CARDS ***
AzureCaper: raises $3 to $6
izzyzzy: calls $3
*** FLOP *** [5c Js Kd]
izzyzzy: checks
AzureCaper: bets $3
izzyzzy: folds
Uncalled bet ($3) returned to AzureCaper
AzureCaper collected $11.76 from pot
AzureCaper: doesn't show hand
*** SUMMARY ***
Total pot $12 | Rake $0.24
Board [5c Js Kd]
Seat 2: AzureCaper (button) (small blind) collected ($11.76)
Seat 3: izzyzzy (big blind) folded on the Flop


PokerStars Hand #165283192168:  Hold'em Limit ($3/$6 USD) - 2017/01/28 2:24:02 ET
Table 'Pongola' 6-max Seat #2 is the button
Seat 2: AzureCaper ($90.57 in chips)
Seat 3: izzyzzy ($146.51 in chips)
AzureCaper: posts small blind $1
izzyzzy: posts big blind $3
*** HOLE CARDS ***
AzureCaper: folds
Uncalled bet ($2) returned to izzyzzy
izzyzzy collected $2 from pot
*** SUMMARY ***
Total pot $2 | Rake $0
Seat 2: AzureCaper (button) (small blind) folded before Flop
Seat 3: izzyzzy (big blind) collected ($2)


PokerStars Hand #165283195093:  Hold'em Limit ($3/$6 USD) - 2017/01/28 2:24:11 ET
Table 'Pongola' 6-max Seat #3 is the button
Seat 2: AzureCaper ($89.57 in chips)
Seat 3: izzyzzy ($147.51 in chips)
izzyzzy: posts small blind $1
AzureCaper: posts big blind $3
*** HOLE CARDS ***
izzyzzy: folds
Uncalled bet ($2) returned to AzureCaper
AzureCaper collected $2 from pot
AzureCaper: doesn't show hand
*** SUMMARY ***
Total pot $2 | Rake $0
Seat 2: AzureCaper (big blind) collected ($2)
Seat 3: izzyzzy (button) (small blind) folded before Flop


PokerStars Hand #165283197060:  Hold'em Limit ($3/$6 USD) - 2017/01/28 2:24:18 ET
Table 'Pongola' 6-max Seat #2 is the button
Seat 2: AzureCaper ($90.57 in chips)
Seat 3: izzyzzy ($146.51 in chips)
AzureCaper: posts small blind $1
izzyzzy: posts big blind $3
*** HOLE CARDS ***
AzureCaper: raises $3 to $6
izzyzzy: raises $3 to $9
AzureCaper: calls $3
*** FLOP *** [5s 3s 6d]
izzyzzy: bets $3
AzureCaper: calls $3
*** TURN *** [5s 3s 6d] [2s]
izzyzzy: bets $6
AzureCaper: calls $6
*** RIVER *** [5s 3s 6d 2s] [Qh]
izzyzzy: bets $6
AzureCaper: folds
Uncalled bet ($6) returned to izzyzzy
izzyzzy collected $35.50 from pot
*** SUMMARY ***
Total pot $36 | Rake $0.50
Board [5s 3s 6d 2s Qh]
Seat 2: AzureCaper (button) (small blind) folded on the River
Seat 3: izzyzzy (big blind) collected ($35.50)


PokerStars Hand #165283206437:  Hold'em Limit ($3/$6 USD) - 2017/01/28 2:24:49 ET
Table 'Pongola' 6-max Seat #2 is the button
Seat 2: AzureCaper ($73.57 in chips)
Seat 3: izzyzzy ($163.01 in chips)
AzureCaper: posts small blind $1
izzyzzy: posts big blind $3
*** HOLE CARDS ***
AzureCaper: raises $3 to $6
izzyzzy: folds
Uncalled bet ($3) returned to AzureCaper
AzureCaper collected $6 from pot
AzureCaper: doesn't show hand
*** SUMMARY ***
Total pot $6 | Rake $0
Seat 2: AzureCaper (button) (small blind) collected ($6)
Seat 3: izzyzzy (big blind) folded before Flop


PokerStars Hand #165283204742:  Hold'em Limit ($3/$6 USD) - 2017/01/28 2:24:43 ET
Table 'Pongola' 6-max Seat #3 is the button
Seat 2: AzureCaper ($72.57 in chips)
Seat 3: izzyzzy ($164.01 in chips)
izzyzzy: posts small blind $1
AzureCaper: posts big blind $3
*** HOLE CARDS ***
izzyzzy: folds
Uncalled bet ($2) returned to AzureCaper
AzureCaper collected $2 from pot
AzureCaper: doesn't show hand
*** SUMMARY ***
Total pot $2 | Rake $0
Seat 2: AzureCaper (big blind) collected ($2)
Seat 3: izzyzzy (button) (small blind) folded before Flop


PokerStars Hand #165283208481:  Hold'em Limit ($3/$6 USD) - 2017/01/28 2:24:56 ET
Table 'Pongola' 6-max Seat #3 is the button
Seat 2: AzureCaper ($76.57 in chips)
Seat 3: izzyzzy ($160.01 in chips)
izzyzzy: posts small blind $1
AzureCaper: posts big blind $3
*** HOLE CARDS ***
izzyzzy: folds
Uncalled bet ($2) returned to AzureCaper
AzureCaper collected $2 from pot
AzureCaper: doesn't show hand
*** SUMMARY ***
Total pot $2 | Rake $0
Seat 2: AzureCaper (big blind) collected ($2)
Seat 3: izzyzzy (button) (small blind) folded before Flop


PokerStars Hand #165283213964:  Hold'em Limit ($3/$6 USD) - 2017/01/28 2:25:14 ET
Table 'Pongola' 6-max Seat #2 is the button
Seat 2: AzureCaper ($81.57 in chips)
Seat 3: izzyzzy ($155.01 in chips)
AzureCaper: posts small blind $1
izzyzzy: posts big blind $3
*** HOLE CARDS ***
AzureCaper: folds
Uncalled bet ($2) returned to izzyzzy
izzyzzy collected $2 from pot
*** SUMMARY ***
Total pot $2 | Rake $0
Seat 2: AzureCaper (button) (small blind) folded before Flop
Seat 3: izzyzzy (big blind) collected ($2)


PokerStars Hand #165283212092:  Hold'em Limit ($3/$6 USD) - 2017/01/28 2:25:08 ET
Table 'Pongola' 6-max Seat #3 is the button
Seat 2: AzureCaper ($80.57 in chips)
Seat 3: izzyzzy ($156.01 in chips)
izzyzzy: posts small blind $1
AzureCaper: posts big blind $3
*** HOLE CARDS ***
izzyzzy: folds
Uncalled bet ($2) returned to AzureCaper
AzureCaper collected $2 from pot
AzureCaper: doesn't show hand
*** SUMMARY ***
Total pot $2 | Rake $0
Seat 2: AzureCaper (big blind) collected ($2)
Seat 3: izzyzzy (button) (small blind) folded before Flop


PokerStars Hand #165283210192:  Hold'em Limit ($3/$6 USD) - 2017/01/28 2:25:01 ET
Table 'Pongola' 6-max Seat #2 is the button
Seat 2: AzureCaper ($77.57 in chips)
Seat 3: izzyzzy ($159.01 in chips)
AzureCaper: posts small blind $1
izzyzzy: posts big blind $3
*** HOLE CARDS ***
AzureCaper: raises $3 to $6
izzyzzy: folds
Uncalled bet ($3) returned to AzureCaper
AzureCaper collected $6 from pot
AzureCaper: doesn't show hand
*** SUMMARY ***
Total pot $6 | Rake $0
Seat 2: AzureCaper (button) (small blind) collected ($6)
Seat 3: izzyzzy (big blind) folded before Flop


PokerStars Hand #165283225470:  Hold'em Limit ($3/$6 USD) - 2017/01/28 2:25:52 ET
Table 'Pongola' 6-max Seat #3 is the button
Seat 2: AzureCaper ($72 in chips)
Seat 3: izzyzzy ($167.65 in chips)
izzyzzy: posts small blind $1
AzureCaper: posts big blind $3
*** HOLE CARDS ***
izzyzzy: raises $3 to $6
AzureCaper: folds
Uncalled bet ($3) returned to izzyzzy
izzyzzy collected $6 from pot
*** SUMMARY ***
Total pot $6 | Rake $0
Seat 2: AzureCaper (big blind) folded before Flop
Seat 3: izzyzzy (button) (small blind) collected ($6)


PokerStars Hand #165283219442:  Hold'em Limit ($3/$6 USD) - 2017/01/28 2:25:32 ET
Table 'Pongola' 6-max Seat #2 is the button
Seat 2: AzureCaper ($77.57 in chips)
Seat 3: izzyzzy ($159.01 in chips)
AzureCaper: posts small blind $1
izzyzzy: posts big blind $3
*** HOLE CARDS ***
AzureCaper: raises $3 to $6
izzyzzy: raises $3 to $9
AzureCaper: calls $3
*** FLOP *** [2s 6h 3d]
izzyzzy: bets $3
AzureCaper: folds
Uncalled bet ($3) returned to izzyzzy
izzyzzy collected $17.64 from pot
*** SUMMARY ***
Total pot $18 | Rake $0.36
Board [2s 6h 3d]
Seat 2: AzureCaper (button) (small blind) folded on the Flop
Seat 3: izzyzzy (big blind) collected ($17.64)


PokerStars Hand #165283227858:  Hold'em Limit ($3/$6 USD) - 2017/01/28 2:26:00 ET
Table 'Pongola' 6-max Seat #2 is the button
Seat 2: AzureCaper ($72 in chips)
Seat 3: izzyzzy ($170.65 in chips)
AzureCaper: posts small blind $1
izzyzzy: posts big blind $3
*** HOLE CARDS ***
AzureCaper: raises $3 to $6
izzyzzy: raises $3 to $9
AzureCaper: calls $3
*** FLOP *** [7c 6h Js]
izzyzzy: bets $3
AzureCaper: calls $3
*** TURN *** [7c 6h Js] [As]
izzyzzy: bets $6
AzureCaper: calls $6
*** RIVER *** [7c 6h Js As] [Jh]
izzyzzy: bets $6
AzureCaper: calls $6
*** SHOW DOWN ***
izzyzzy: shows [9d Ad] (two pair, Aces and Jacks)
AzureCaper: mucks hand
izzyzzy collected $47.50 from pot
*** SUMMARY ***
Total pot $48 | Rake $0.50
Board [7c 6h Js As Jh]
Seat 2: AzureCaper (button) (small blind) mucked
Seat 3: izzyzzy (big blind) showed [9d Ad] and won ($47.50) with two pair, Aces and Jacks


PokerStars Hand #165283216024:  Hold'em Limit ($3/$6 USD) - 2017/01/28 2:25:21 ET
Table 'Pongola' 6-max Seat #3 is the button
Seat 2: AzureCaper ($80.57 in chips)
Seat 3: izzyzzy ($156.01 in chips)
izzyzzy: posts small blind $1
AzureCaper: posts big blind $3
*** HOLE CARDS ***
izzyzzy: raises $3 to $6
AzureCaper: folds
Uncalled bet ($3) returned to izzyzzy
izzyzzy collected $6 from pot
*** SUMMARY ***
Total pot $6 | Rake $0
Seat 2: AzureCaper (big blind) folded before Flop
Seat 3: izzyzzy (button) (small blind) collected ($6)


PokerStars Hand #165283251196:  Hold'em Limit ($3/$6 USD) - 2017/01/28 2:27:17 ET
Table 'Pongola' 6-max Seat #3 is the button
Seat 2: AzureCaper ($75 in chips)
Seat 3: izzyzzy ($203.65 in chips)
izzyzzy: posts small blind $1
AzureCaper: posts big blind $3
*** HOLE CARDS ***
izzyzzy: raises $3 to $6
AzureCaper: folds
Uncalled bet ($3) returned to izzyzzy
izzyzzy collected $6 from pot
*** SUMMARY ***
Total pot $6 | Rake $0
Seat 2: AzureCaper (big blind) folded before Flop
Seat 3: izzyzzy (button) (small blind) collected ($6)


PokerStars Hand #165283249427:  Hold'em Limit ($3/$6 USD) - 2017/01/28 2:27:11 ET
Table 'Pongola' 6-max Seat #2 is the button
Seat 2: AzureCaper ($72 in chips)
Seat 3: izzyzzy ($206.65 in chips)
AzureCaper: posts small blind $1
izzyzzy: posts big blind $3
*** HOLE CARDS ***
AzureCaper: raises $3 to $6
izzyzzy: folds
Uncalled bet ($3) returned to AzureCaper
AzureCaper collected $6 from pot
AzureCaper: doesn't show hand
*** SUMMARY ***
Total pot $6 | Rake $0
Seat 2: AzureCaper (button) (small blind) collected ($6)
Seat 3: izzyzzy (big blind) folded before Flop


PokerStars Hand #165283239761:  Hold'em Limit ($3/$6 USD) - 2017/01/28 2:26:40 ET
Table 'Pongola' 6-max Seat #3 is the button
Seat 2: AzureCaper ($82.52 in chips)
Seat 3: izzyzzy ($183.15 in chips)
izzyzzy: posts small blind $1
AzureCaper: posts big blind $3
*** HOLE CARDS ***
izzyzzy: raises $3 to $6
AzureCaper: raises $3 to $9
izzyzzy: calls $3
*** FLOP *** [8h Jc 2h]
AzureCaper: bets $3
izzyzzy: calls $3
*** TURN *** [8h Jc 2h] [8d]
AzureCaper: bets $6
izzyzzy: raises $6 to $12
AzureCaper: calls $6
*** RIVER *** [8h Jc 2h 8d] [Td]
AzureCaper: checks
izzyzzy: bets $6
AzureCaper: folds
Uncalled bet ($6) returned to izzyzzy
izzyzzy collected $47.50 from pot
*** SUMMARY ***
Total pot $48 | Rake $0.50
Board [8h Jc 2h 8d Td]
Seat 2: AzureCaper (big blind) folded on the River
Seat 3: izzyzzy (button) (small blind) collected ($47.50)


PokerStars Hand #165283237700:  Hold'em Limit ($3/$6 USD) - 2017/01/28 2:26:33 ET
Table 'Pongola' 6-max Seat #2 is the button
Seat 2: AzureCaper ($83.52 in chips)
Seat 3: izzyzzy ($182.15 in chips)
AzureCaper: posts small blind $1
izzyzzy: posts big blind $3
*** HOLE CARDS ***
AzureCaper: folds
Uncalled bet ($2) returned to izzyzzy
izzyzzy collected $2 from pot
*** SUMMARY ***
Total pot $2 | Rake $0
Seat 2: AzureCaper (button) (small blind) folded before Flop
Seat 3: izzyzzy (big blind) collected ($2)


PokerStars Hand #165283233730:  Hold'em Limit ($3/$6 USD) - 2017/01/28 2:26:20 ET
Table 'Pongola' 6-max Seat #3 is the button
Seat 2: AzureCaper ($72 in chips)
Seat 3: izzyzzy ($194.15 in chips)
izzyzzy: posts small blind $1
AzureCaper: posts big blind $3
*** HOLE CARDS ***
izzyzzy: raises $3 to $6
AzureCaper: raises $3 to $9
izzyzzy: calls $3
*** FLOP *** [5c 5h Td]
AzureCaper: bets $3
izzyzzy: calls $3
*** TURN *** [5c 5h Td] [Qs]
AzureCaper: bets $6
izzyzzy: folds
Uncalled bet ($6) returned to AzureCaper
AzureCaper collected $23.52 from pot
AzureCaper: doesn't show hand
*** SUMMARY ***
Total pot $24 | Rake $0.48
Board [5c 5h Td Qs]
Seat 2: AzureCaper (big blind) collected ($23.52)
Seat 3: izzyzzy (button) (small blind) folded on the Turn


PokerStars Hand #165283267667:  Hold'em Limit ($3/$6 USD) - 2017/01/28 2:28:12 ET
Table 'Pongola' 6-max Seat #3 is the button
Seat 2: AzureCaper ($72 in chips)
Seat 3: izzyzzy ($230.15 in chips)
izzyzzy: posts small blind $1
AzureCaper: posts big blind $3
*** HOLE CARDS ***
izzyzzy: raises $3 to $6
AzureCaper: calls $3
*** FLOP *** [Tc 7h Qh]
AzureCaper: checks
izzyzzy: bets $3
AzureCaper: folds
Uncalled bet ($3) returned to izzyzzy
izzyzzy collected $11.76 from pot
*** SUMMARY ***
Total pot $12 | Rake $0.24
Board [Tc 7h Qh]
Seat 2: AzureCaper (big blind) folded on the Flop
Seat 3: izzyzzy (button) (small blind) collected ($11.76)


PokerStars Hand #165283260845:  Hold'em Limit ($3/$6 USD) - 2017/01/28 2:27:50 ET
Table 'Pongola' 6-max Seat #2 is the button
Seat 2: AzureCaper ($72 in chips)
Seat 3: izzyzzy ($206.65 in chips)
AzureCaper: posts small blind $1
izzyzzy: posts big blind $3
*** HOLE CARDS ***
AzureCaper: raises $3 to $6
izzyzzy: raises $3 to $9
AzureCaper: calls $3
*** FLOP *** [4d 7s 8s]
izzyzzy: bets $3
AzureCaper: raises $3 to $6
izzyzzy: raises $3 to $9
AzureCaper: calls $3
*** TURN *** [4d 7s 8s] [6d]
izzyzzy: bets $6
AzureCaper: calls $6
*** RIVER *** [4d 7s 8s 6d] [Kh]
izzyzzy: bets $6
AzureCaper: folds
Uncalled bet ($6) returned to izzyzzy
izzyzzy collected $47.50 from pot
*** SUMMARY ***
Total pot $48 | Rake $0.50
Board [4d 7s 8s 6d Kh]
Seat 2: AzureCaper (button) (small blind) folded on the River
Seat 3: izzyzzy (big blind) collected ($47.50)


PokerStars Hand #165283259029:  Hold'em Limit ($3/$6 USD) - 2017/01/28 2:27:44 ET
Table 'Pongola' 6-max Seat #3 is the button
Seat 2: AzureCaper ($75 in chips)
Seat 3: izzyzzy ($203.65 in chips)
izzyzzy: posts small blind $1
AzureCaper: posts big blind $3
*** HOLE CARDS ***
izzyzzy: raises $3 to $6
AzureCaper: folds
Uncalled bet ($3) returned to izzyzzy
izzyzzy collected $6 from pot
*** SUMMARY ***
Total pot $6 | Rake $0
Seat 2: AzureCaper (big blind) folded before Flop
Seat 3: izzyzzy (button) (small blind) collected ($6)


PokerStars Hand #165283257128:  Hold'em Limit ($3/$6 USD) - 2017/01/28 2:27:37 ET
Table 'Pongola' 6-max Seat #2 is the button
Seat 2: AzureCaper ($72 in chips)
Seat 3: izzyzzy ($206.65 in chips)
AzureCaper: posts small blind $1
izzyzzy: posts big blind $3
*** HOLE CARDS ***
AzureCaper: raises $3 to $6
izzyzzy: folds
Uncalled bet ($3) returned to AzureCaper
AzureCaper collected $6 from pot
AzureCaper: doesn't show hand
*** SUMMARY ***
Total pot $6 | Rake $0
Seat 2: AzureCaper (button) (small blind) collected ($6)
Seat 3: izzyzzy (big blind) folded before Flop


PokerStars Hand #165283255131:  Hold'em Limit ($3/$6 USD) - 2017/01/28 2:27:31 ET
Table 'Pongola' 6-max Seat #3 is the button
Seat 2: AzureCaper ($75 in chips)
Seat 3: izzyzzy ($203.65 in chips)
izzyzzy: posts small blind $1
AzureCaper: posts big blind $3
*** HOLE CARDS ***
izzyzzy: raises $3 to $6
AzureCaper: folds
Uncalled bet ($3) returned to izzyzzy
izzyzzy collected $6 from pot
*** SUMMARY ***
Total pot $6 | Rake $0
Seat 2: AzureCaper (big blind) folded before Flop
Seat 3: izzyzzy (button) (small blind) collected ($6)


PokerStars Hand #165283253202:  Hold'em Limit ($3/$6 USD) - 2017/01/28 2:27:24 ET
Table 'Pongola' 6-max Seat #2 is the button
Seat 2: AzureCaper ($72 in chips)
Seat 3: izzyzzy ($206.65 in chips)
AzureCaper: posts small blind $1
izzyzzy: posts big blind $3
*** HOLE CARDS ***
AzureCaper: raises $3 to $6
izzyzzy: folds
Uncalled bet ($3) returned to AzureCaper
AzureCaper collected $6 from pot
AzureCaper: doesn't show hand
*** SUMMARY ***
Total pot $6 | Rake $0
Seat 2: AzureCaper (button) (small blind) collected ($6)
Seat 3: izzyzzy (big blind) folded before Flop


PokerStars Hand #165283279871:  Hold'em Limit ($3/$6 USD) - 2017/01/28 2:28:53 ET
Table 'Pongola' 6-max Seat #3 is the button
Seat 2: AzureCaper ($92.28 in chips)
Seat 3: izzyzzy ($214.91 in chips)
izzyzzy: posts small blind $1
AzureCaper: posts big blind $3
*** HOLE CARDS ***
izzyzzy: raises $3 to $6
AzureCaper: calls $3
*** FLOP *** [7d Ks Ts]
AzureCaper: checks
izzyzzy: bets $3
AzureCaper: folds
Uncalled bet ($3) returned to izzyzzy
izzyzzy collected $11.76 from pot
*** SUMMARY ***
Total pot $12 | Rake $0.24
Board [7d Ks Ts]
Seat 2: AzureCaper (big blind) folded on the Flop
Seat 3: izzyzzy (button) (small blind) collected ($11.76)


PokerStars Hand #165283278176:  Hold'em Limit ($3/$6 USD) - 2017/01/28 2:28:48 ET
Table 'Pongola' 6-max Seat #2 is the button
Seat 2: AzureCaper ($89.28 in chips)
Seat 3: izzyzzy ($217.91 in chips)
AzureCaper: posts small blind $1
izzyzzy: posts big blind $3
*** HOLE CARDS ***
AzureCaper: raises $3 to $6
izzyzzy: folds
Uncalled bet ($3) returned to AzureCaper
AzureCaper collected $6 from pot
AzureCaper: doesn't show hand
*** SUMMARY ***
Total pot $6 | Rake $0
Seat 2: AzureCaper (button) (small blind) collected ($6)
Seat 3: izzyzzy (big blind) folded before Flop


PokerStars Hand #165283274325:  Hold'em Limit ($3/$6 USD) - 2017/01/28 2:28:35 ET
Table 'Pongola' 6-max Seat #3 is the button
Seat 2: AzureCaper ($77.76 in chips)
Seat 3: izzyzzy ($229.91 in chips)
izzyzzy: posts small blind $1
AzureCaper: posts big blind $3
*** HOLE CARDS ***
izzyzzy: raises $3 to $6
AzureCaper: raises $3 to $9
izzyzzy: calls $3
*** FLOP *** [3d 2s 4h]
AzureCaper: bets $3
izzyzzy: calls $3
*** TURN *** [3d 2s 4h] [7d]
AzureCaper: bets $6
izzyzzy: folds
Uncalled bet ($6) returned to AzureCaper
AzureCaper collected $23.52 from pot
AzureCaper: doesn't show hand
*** SUMMARY ***
Total pot $24 | Rake $0.48
Board [3d 2s 4h 7d]
Seat 2: AzureCaper (big blind) collected ($23.52)
Seat 3: izzyzzy (button) (small blind) folded on the Turn


PokerStars Hand #165283271063:  Hold'em Limit ($3/$6 USD) - 2017/01/28 2:28:24 ET
Table 'Pongola' 6-max Seat #2 is the button
Seat 2: AzureCaper ($72 in chips)
Seat 3: izzyzzy ($235.91 in chips)
AzureCaper: posts small blind $1
izzyzzy: posts big blind $3
*** HOLE CARDS ***
AzureCaper: raises $3 to $6
izzyzzy: calls $3
*** FLOP *** [Jc Ad 4h]
izzyzzy: checks
AzureCaper: bets $3
izzyzzy: folds
Uncalled bet ($3) returned to AzureCaper
AzureCaper collected $11.76 from pot
AzureCaper: doesn't show hand
*** SUMMARY ***
Total pot $12 | Rake $0.24
Board [Jc Ad 4h]
Seat 2: AzureCaper (button) (small blind) collected ($11.76)
Seat 3: izzyzzy (big blind) folded on the Flop


PokerStars Hand #165283297209:  Hold'em Limit ($3/$6 USD) - 2017/01/28 2:29:52 ET
Table 'Pongola' 6-max Seat #2 is the button
Seat 2: AzureCaper ($77 in chips)
Seat 3: izzyzzy ($260.17 in chips)
AzureCaper: posts small blind $1
izzyzzy: posts big blind $3
*** HOLE CARDS ***
AzureCaper: raises $3 to $6
izzyzzy: calls $3
*** FLOP *** [Qd 2d Tc]
izzyzzy: checks
AzureCaper: bets $3
izzyzzy: folds
Uncalled bet ($3) returned to AzureCaper
AzureCaper collected $11.76 from pot
AzureCaper: doesn't show hand
*** SUMMARY ***
Total pot $12 | Rake $0.24
Board [Qd 2d Tc]
Seat 2: AzureCaper (button) (small blind) collected ($11.76)
Seat 3: izzyzzy (big blind) folded on the Flop


PokerStars Hand #165283294614:  Hold'em Limit ($3/$6 USD) - 2017/01/28 2:29:43 ET
Table 'Pongola' 6-max Seat #3 is the button
Seat 2: AzureCaper ($76 in chips)
Seat 3: izzyzzy ($261.17 in chips)
izzyzzy: posts small blind $1
AzureCaper: posts big blind $3
*** HOLE CARDS ***
izzyzzy: folds
Uncalled bet ($2) returned to AzureCaper
AzureCaper collected $2 from pot
AzureCaper: doesn't show hand
TbIP-TbIP 88 joins the table at seat #4
*** SUMMARY ***
Total pot $2 | Rake $0
Seat 2: AzureCaper (big blind) collected ($2)
Seat 3: izzyzzy (button) (small blind) folded before Flop


PokerStars Hand #165283292710:  Hold'em Limit ($3/$6 USD) - 2017/01/28 2:29:36 ET
Table 'Pongola' 6-max Seat #2 is the button
Seat 2: AzureCaper ($73 in chips)
Seat 3: izzyzzy ($264.17 in chips)
AzureCaper: posts small blind $1
izzyzzy: posts big blind $3
*** HOLE CARDS ***
AzureCaper: raises $3 to $6
izzyzzy: folds
Uncalled bet ($3) returned to AzureCaper
AzureCaper collected $6 from pot
AzureCaper: doesn't show hand
*** SUMMARY ***
Total pot $6 | Rake $0
Seat 2: AzureCaper (button) (small blind) collected ($6)
Seat 3: izzyzzy (big blind) folded before Flop


PokerStars Hand #165283283759:  Hold'em Limit ($3/$6 USD) - 2017/01/28 2:29:06 ET
Table 'Pongola' 6-max Seat #2 is the button
Seat 2: AzureCaper ($86.28 in chips)
Seat 3: izzyzzy ($220.67 in chips)
AzureCaper: posts small blind $1
izzyzzy: posts big blind $3
*** HOLE CARDS ***
AzureCaper: raises $3 to $6
izzyzzy: raises $3 to $9
AzureCaper: raises $3 to $12
Betting is capped
izzyzzy: calls $3
*** FLOP *** [Jc 4h Ad]
izzyzzy: bets $3
AzureCaper: calls $3
*** TURN *** [Jc 4h Ad] [Qh]
izzyzzy: bets $6
AzureCaper: raises $6 to $12
izzyzzy: raises $6 to $18
AzureCaper: raises $6 to $24
Betting is capped
izzyzzy: calls $6
*** RIVER *** [Jc 4h Ad Qh] [Ts]
izzyzzy: bets $6
AzureCaper: calls $6
*** SHOW DOWN ***
izzyzzy: shows [Kh Th] (a straight, Ten to Ace)
AzureCaper: mucks hand
izzyzzy collected $89.50 from pot
*** SUMMARY ***
Total pot $90 | Rake $0.50
Board [Jc 4h Ad Qh Ts]
Seat 2: AzureCaper (button) (small blind) mucked
Seat 3: izzyzzy (big blind) showed [Kh Th] and won ($89.50) with a straight, Ten to Ace


PokerStars Hand #165283699370:  Hold'em Limit ($3/$6 USD) - 2017/01/28 2:51:39 ET
Table 'Pongola' 6-max Seat #3 is the button
Seat 3: grabaz ($237.64 in chips)
Seat 5: perezroberto ($14.23 in chips)
grabaz: posts small blind $1
perezroberto: posts big blind $3
*** HOLE CARDS ***
grabaz: raises $3 to $6
Koraseg leaves the table
perezroberto: folds
Uncalled bet ($3) returned to grabaz
grabaz collected $6 from pot
grabaz: doesn't show hand
*** SUMMARY ***
Total pot $6 | Rake $0
Seat 3: grabaz (button) (small blind) collected ($6)
Seat 5: perezroberto (big blind) folded before Flop


PokerStars Hand #165283701592:  Hold'em Limit ($3/$6 USD) - 2017/01/28 2:51:46 ET
Table 'Pongola' 6-max Seat #5 is the button
Seat 3: grabaz ($240.64 in chips)
Seat 5: perezroberto ($11.23 in chips)
perezroberto: posts small blind $1
grabaz: posts big blind $3
*** HOLE CARDS ***
perezroberto: folds
Uncalled bet ($2) returned to grabaz
grabaz collected $2 from pot
grabaz: doesn't show hand
*** SUMMARY ***
Total pot $2 | Rake $0
Seat 3: grabaz (big blind) collected ($2)
Seat 5: perezroberto (button) (small blind) folded before Flop


PokerStars Hand #165283697393:  Hold'em Limit ($3/$6 USD) - 2017/01/28 2:51:33 ET
Table 'Pongola' 6-max Seat #5 is the button
Seat 3: grabaz ($236.64 in chips)
Seat 5: perezroberto ($15.23 in chips)
perezroberto: posts small blind $1
TbIP-TbIP 88: is sitting out
Koraseg: is sitting out
grabaz: posts big blind $3
*** HOLE CARDS ***
perezroberto: folds
Uncalled bet ($2) returned to grabaz
grabaz collected $2 from pot
grabaz: doesn't show hand
*** SUMMARY ***
Total pot $2 | Rake $0
Seat 3: grabaz (big blind) collected ($2)
Seat 5: perezroberto (button) (small blind) folded before Flop


