PokerStars Hand #156580710282:  Hold'em Limit ($3/$6 USD) - 2016/07/29 2:26:53 ET
Table 'Porphyro' 6-max Seat #5 is the button
Seat 2: Murrrr_@T ($120 in chips)
Seat 5: paulcantplay ($267.53 in chips)
paulcantplay: posts small blind $1
Murrrr_@T: posts big blind $3
*** HOLE CARDS ***
Agrotait leaves the table
paulcantplay: raises $3 to $6
Murrrr_@T: calls $3
*** FLOP *** [8h Kh 6h]
Murrrr_@T: checks
paulcantplay: checks
*** TURN *** [8h Kh 6h] [6s]
Murrrr_@T: checks
paulcantplay: bets $6
Murrrr_@T: calls $6
*** RIVER *** [8h Kh 6h 6s] [9c]
Guimp leaves the table
Murrrr_@T: checks
paulcantplay: bets $6
Murrrr_@T: folds
Uncalled bet ($6) returned to paulcantplay
paulcantplay collected $23.52 from pot
paulcantplay: doesn't show hand
*** SUMMARY ***
Total pot $24 | Rake $0.48
Board [8h Kh 6h 6s 9c]
Seat 2: Murrrr_@T (big blind) folded on the River
Seat 5: paulcantplay (button) (small blind) collected ($23.52)


PokerStars Hand #156580721616:  Hold'em Limit ($3/$6 USD) - 2016/07/29 2:27:42 ET
Table 'Porphyro' 6-max Seat #5 is the button
Seat 2: Murrrr_@T ($120 in chips)
Seat 5: paulcantplay ($287.69 in chips)
paulcantplay: posts small blind $1
Murrrr_@T: posts big blind $3
*** HOLE CARDS ***
paulcantplay: raises $3 to $6
Murrrr_@T: calls $3
*** FLOP *** [Qh 9d 7s]
Murrrr_@T: checks
paulcantplay: checks
*** TURN *** [Qh 9d 7s] [8h]
Murrrr_@T: checks
paulcantplay: checks
*** RIVER *** [Qh 9d 7s 8h] [4d]
Murrrr_@T: checks
paulcantplay: checks
*** SHOW DOWN ***
Murrrr_@T: shows [2c 3d] (high card Queen)
paulcantplay: shows [As 5d] (high card Ace)
paulcantplay collected $11.76 from pot
*** SUMMARY ***
Total pot $12 | Rake $0.24
Board [Qh 9d 7s 8h 4d]
Seat 2: Murrrr_@T (big blind) showed [2c 3d] and lost with high card Queen
Seat 5: paulcantplay (button) (small blind) showed [As 5d] and won ($11.76) with high card Ace


PokerStars Hand #156580726291:  Hold'em Limit ($3/$6 USD) - 2016/07/29 2:28:02 ET
Table 'Porphyro' 6-max Seat #2 is the button
Seat 2: Murrrr_@T ($120 in chips)
Seat 5: paulcantplay ($293.45 in chips)
Murrrr_@T: posts small blind $1
paulcantplay: posts big blind $3
*** HOLE CARDS ***
Murrrr_@T: raises $3 to $6
paulcantplay: folds
Uncalled bet ($3) returned to Murrrr_@T
Murrrr_@T collected $6 from pot
*** SUMMARY ***
Total pot $6 | Rake $0
Seat 2: Murrrr_@T (button) (small blind) collected ($6)
Seat 5: paulcantplay (big blind) folded before Flop


PokerStars Hand #156580727687:  Hold'em Limit ($3/$6 USD) - 2016/07/29 2:28:08 ET
Table 'Porphyro' 6-max Seat #5 is the button
Seat 2: Murrrr_@T ($123 in chips)
Seat 5: paulcantplay ($290.45 in chips)
paulcantplay: posts small blind $1
Murrrr_@T: posts big blind $3
*** HOLE CARDS ***
paulcantplay: raises $3 to $6
Murrrr_@T: calls $3
*** FLOP *** [Kd Js Ts]
Murrrr_@T: checks
paulcantplay: bets $3
Murrrr_@T: calls $3
*** TURN *** [Kd Js Ts] [4d]
Murrrr_@T: checks
paulcantplay: checks
*** RIVER *** [Kd Js Ts 4d] [3s]
Murrrr_@T: bets $6
paulcantplay: folds
Uncalled bet ($6) returned to Murrrr_@T
Murrrr_@T collected $17.64 from pot
*** SUMMARY ***
Total pot $18 | Rake $0.36
Board [Kd Js Ts 4d 3s]
Seat 2: Murrrr_@T (big blind) collected ($17.64)
Seat 5: paulcantplay (button) (small blind) folded on the River


PokerStars Hand #156580732368:  Hold'em Limit ($3/$6 USD) - 2016/07/29 2:28:28 ET
Table 'Porphyro' 6-max Seat #2 is the button
Seat 2: Murrrr_@T ($131.64 in chips)
Seat 5: paulcantplay ($281.45 in chips)
Murrrr_@T: posts small blind $1
paulcantplay: posts big blind $3
*** HOLE CARDS ***
Murrrr_@T: raises $3 to $6
paulcantplay: calls $3
*** FLOP *** [Qc 5h Qh]
paulcantplay: checks
Murrrr_@T: bets $3
paulcantplay: calls $3
*** TURN *** [Qc 5h Qh] [8d]
paulcantplay: checks
Murrrr_@T: checks
*** RIVER *** [Qc 5h Qh 8d] [7s]
paulcantplay: bets $6
Murrrr_@T: folds
Uncalled bet ($6) returned to paulcantplay
paulcantplay collected $17.64 from pot
paulcantplay: doesn't show hand
*** SUMMARY ***
Total pot $18 | Rake $0.36
Board [Qc 5h Qh 8d 7s]
Seat 2: Murrrr_@T (button) (small blind) folded on the River
Seat 5: paulcantplay (big blind) collected ($17.64)


PokerStars Hand #156580739396:  Hold'em Limit ($3/$6 USD) - 2016/07/29 2:28:58 ET
Table 'Porphyro' 6-max Seat #5 is the button
Seat 2: Murrrr_@T ($122.64 in chips)
Seat 5: paulcantplay ($290.09 in chips)
paulcantplay: posts small blind $1
Murrrr_@T: posts big blind $3
*** HOLE CARDS ***
paulcantplay: folds
Uncalled bet ($2) returned to Murrrr_@T
Murrrr_@T collected $2 from pot
Murrrr_@T: doesn't show hand
*** SUMMARY ***
Total pot $2 | Rake $0
Seat 2: Murrrr_@T (big blind) collected ($2)
Seat 5: paulcantplay (button) (small blind) folded before Flop


PokerStars Hand #156580740652:  Hold'em Limit ($3/$6 USD) - 2016/07/29 2:29:03 ET
Table 'Porphyro' 6-max Seat #2 is the button
Seat 2: Murrrr_@T ($123.64 in chips)
Seat 5: paulcantplay ($289.09 in chips)
Murrrr_@T: posts small blind $1
paulcantplay: posts big blind $3
*** HOLE CARDS ***
Murrrr_@T: raises $3 to $6
paulcantplay: calls $3
*** FLOP *** [Kh 2d 4s]
paulcantplay: checks
Murrrr_@T: bets $3
paulcantplay: calls $3
*** TURN *** [Kh 2d 4s] [Ts]
paulcantplay: checks
Murrrr_@T: bets $6
paulcantplay: folds
Uncalled bet ($6) returned to Murrrr_@T
Murrrr_@T collected $17.64 from pot
Murrrr_@T: doesn't show hand
*** SUMMARY ***
Total pot $18 | Rake $0.36
Board [Kh 2d 4s Ts]
Seat 2: Murrrr_@T (button) (small blind) collected ($17.64)
Seat 5: paulcantplay (big blind) folded on the Turn


PokerStars Hand #156580746703:  Hold'em Limit ($3/$6 USD) - 2016/07/29 2:29:29 ET
Table 'Porphyro' 6-max Seat #5 is the button
Seat 2: Murrrr_@T ($132.28 in chips)
Seat 5: paulcantplay ($280.09 in chips)
paulcantplay: posts small blind $1
Hsj2012 was removed from the table for failing to post
Murrrr_@T: posts big blind $3
*** HOLE CARDS ***
paulcantplay: folds
Uncalled bet ($2) returned to Murrrr_@T
Murrrr_@T collected $2 from pot
Murrrr_@T: doesn't show hand
*** SUMMARY ***
Total pot $2 | Rake $0
Seat 2: Murrrr_@T (big blind) collected ($2)
Seat 5: paulcantplay (button) (small blind) folded before Flop


PokerStars Hand #156580748019:  Hold'em Limit ($3/$6 USD) - 2016/07/29 2:29:35 ET
Table 'Porphyro' 6-max Seat #2 is the button
Seat 2: Murrrr_@T ($133.28 in chips)
Seat 5: paulcantplay ($279.09 in chips)
Murrrr_@T: posts small blind $1
paulcantplay: posts big blind $3
*** HOLE CARDS ***
Murrrr_@T: raises $3 to $6
paulcantplay: raises $3 to $9
Murrrr_@T: calls $3
*** FLOP *** [Qd Jc Qh]
paulcantplay: bets $3
Murrrr_@T: calls $3
*** TURN *** [Qd Jc Qh] [8d]
paulcantplay: bets $6
Murrrr_@T: raises $6 to $12
paulcantplay: calls $6
*** RIVER *** [Qd Jc Qh 8d] [7s]
paulcantplay: checks
Murrrr_@T: bets $6
paulcantplay: folds
Uncalled bet ($6) returned to Murrrr_@T
Murrrr_@T collected $47.50 from pot
Murrrr_@T: doesn't show hand
*** SUMMARY ***
Total pot $48 | Rake $0.50
Board [Qd Jc Qh 8d 7s]
Seat 2: Murrrr_@T (button) (small blind) collected ($47.50)
Seat 5: paulcantplay (big blind) folded on the River


PokerStars Hand #156580754307:  Hold'em Limit ($3/$6 USD) - 2016/07/29 2:30:02 ET
Table 'Porphyro' 6-max Seat #5 is the button
Seat 2: Murrrr_@T ($156.78 in chips)
Seat 5: paulcantplay ($255.09 in chips)
paulcantplay: posts small blind $1
Murrrr_@T: posts big blind $3
*** HOLE CARDS ***
paulcantplay: raises $3 to $6
Murrrr_@T: raises $3 to $9
paulcantplay: calls $3
*** FLOP *** [5h 5s 2c]
Murrrr_@T: bets $3
paulcantplay: folds
Uncalled bet ($3) returned to Murrrr_@T
Murrrr_@T collected $17.64 from pot
Murrrr_@T: doesn't show hand
*** SUMMARY ***
Total pot $18 | Rake $0.36
Board [5h 5s 2c]
Seat 2: Murrrr_@T (big blind) collected ($17.64)
Seat 5: paulcantplay (button) (small blind) folded on the Flop


PokerStars Hand #156580757389:  Hold'em Limit ($3/$6 USD) - 2016/07/29 2:30:15 ET
Table 'Porphyro' 6-max Seat #2 is the button
Seat 2: Murrrr_@T ($165.42 in chips)
Seat 5: paulcantplay ($246.09 in chips)
Murrrr_@T: posts small blind $1
paulcantplay: posts big blind $3
*** HOLE CARDS ***
Murrrr_@T: raises $3 to $6
paulcantplay: raises $3 to $9
Murrrr_@T: calls $3
*** FLOP *** [6s 2c 2d]
paulcantplay: bets $3
Murrrr_@T: raises $3 to $6
paulcantplay: calls $3
*** TURN *** [6s 2c 2d] [Th]
paulcantplay: checks
Murrrr_@T: bets $6
paulcantplay: raises $6 to $12
Murrrr_@T: calls $6
*** RIVER *** [6s 2c 2d Th] [9h]
paulcantplay: bets $6
Murrrr_@T: calls $6
*** SHOW DOWN ***
paulcantplay: shows [Ks Kc] (two pair, Kings and Deuces)
Murrrr_@T: mucks hand
paulcantplay collected $65.50 from pot
*** SUMMARY ***
Total pot $66 | Rake $0.50
Board [6s 2c 2d Th 9h]
Seat 2: Murrrr_@T (button) (small blind) mucked
Seat 5: paulcantplay (big blind) showed [Ks Kc] and won ($65.50) with two pair, Kings and Deuces


PokerStars Hand #156580769345:  Hold'em Limit ($3/$6 USD) - 2016/07/29 2:31:06 ET
Table 'Porphyro' 6-max Seat #2 is the button
Seat 2: Murrrr_@T ($126.42 in chips)
Seat 5: paulcantplay ($284.35 in chips)
Murrrr_@T: posts small blind $1
paulcantplay: posts big blind $3
*** HOLE CARDS ***
Murrrr_@T: raises $3 to $6
paulcantplay: calls $3
*** FLOP *** [9h 4d 3c]
paulcantplay: checks
Murrrr_@T: bets $3
paulcantplay: calls $3
*** TURN *** [9h 4d 3c] [2c]
paulcantplay: checks
Murrrr_@T: checks
*** RIVER *** [9h 4d 3c 2c] [Tc]
paulcantplay: checks
Murrrr_@T: checks
*** SHOW DOWN ***
paulcantplay: shows [6h 3h] (a pair of Threes)
Murrrr_@T: mucks hand
paulcantplay collected $17.64 from pot
*** SUMMARY ***
Total pot $18 | Rake $0.36
Board [9h 4d 3c 2c Tc]
Seat 2: Murrrr_@T (button) (small blind) mucked
Seat 5: paulcantplay (big blind) showed [6h 3h] and won ($17.64) with a pair of Threes


PokerStars Hand #156580774869:  Hold'em Limit ($3/$6 USD) - 2016/07/29 2:31:29 ET
Table 'Porphyro' 6-max Seat #5 is the button
Seat 2: Murrrr_@T ($120 in chips)
Seat 5: paulcantplay ($292.99 in chips)
paulcantplay: posts small blind $1
Murrrr_@T: posts big blind $3
*** HOLE CARDS ***
paulcantplay: folds
Uncalled bet ($2) returned to Murrrr_@T
Murrrr_@T collected $2 from pot
Murrrr_@T: doesn't show hand
*** SUMMARY ***
Total pot $2 | Rake $0
Seat 2: Murrrr_@T (big blind) collected ($2)
Seat 5: paulcantplay (button) (small blind) folded before Flop


PokerStars Hand #156580765828:  Hold'em Limit ($3/$6 USD) - 2016/07/29 2:30:51 ET
Table 'Porphyro' 6-max Seat #5 is the button
Seat 2: Murrrr_@T ($132.42 in chips)
Seat 5: paulcantplay ($278.59 in chips)
paulcantplay: posts small blind $1
Murrrr_@T: posts big blind $3
*** HOLE CARDS ***
paulcantplay: raises $3 to $6
Murrrr_@T: calls $3
*** FLOP *** [4d 3s As]
Murrrr_@T: checks
paulcantplay: bets $3
Murrrr_@T: folds
Uncalled bet ($3) returned to paulcantplay
paulcantplay collected $11.76 from pot
paulcantplay: doesn't show hand
*** SUMMARY ***
Total pot $12 | Rake $0.24
Board [4d 3s As]
Seat 2: Murrrr_@T (big blind) folded on the Flop
Seat 5: paulcantplay (button) (small blind) collected ($11.76)


PokerStars Hand #156580776185:  Hold'em Limit ($3/$6 USD) - 2016/07/29 2:31:35 ET
Table 'Porphyro' 6-max Seat #2 is the button
Seat 2: Murrrr_@T ($121 in chips)
Seat 5: paulcantplay ($291.99 in chips)
Murrrr_@T: posts small blind $1
paulcantplay: posts big blind $3
*** HOLE CARDS ***
Murrrr_@T: raises $3 to $6
paulcantplay: calls $3
*** FLOP *** [8d 9c Kd]
paulcantplay: checks
Murrrr_@T: bets $3
paulcantplay: calls $3
*** TURN *** [8d 9c Kd] [3d]
paulcantplay: checks
Murrrr_@T: checks
*** RIVER *** [8d 9c Kd 3d] [Kc]
paulcantplay: bets $6
Murrrr_@T: folds
Uncalled bet ($6) returned to paulcantplay
paulcantplay collected $17.64 from pot
paulcantplay: doesn't show hand
*** SUMMARY ***
Total pot $18 | Rake $0.36
Board [8d 9c Kd 3d Kc]
Seat 2: Murrrr_@T (button) (small blind) folded on the River
Seat 5: paulcantplay (big blind) collected ($17.64)


PokerStars Hand #156580784393:  Hold'em Limit ($3/$6 USD) - 2016/07/29 2:32:10 ET
Table 'Porphyro' 6-max Seat #5 is the button
Seat 2: Murrrr_@T ($120 in chips)
Seat 5: paulcantplay ($300.63 in chips)
paulcantplay: posts small blind $1
Murrrr_@T: posts big blind $3
*** HOLE CARDS ***
paulcantplay: raises $3 to $6
Murrrr_@T: calls $3
*** FLOP *** [7s 6d 4s]
Murrrr_@T: checks
paulcantplay: bets $3
Murrrr_@T: calls $3
*** TURN *** [7s 6d 4s] [Ac]
Murrrr_@T: checks
paulcantplay: bets $6
Murrrr_@T: calls $6
*** RIVER *** [7s 6d 4s Ac] [Js]
Murrrr_@T: checks
paulcantplay: checks
*** SHOW DOWN ***
Murrrr_@T: shows [5d 2h] (high card Ace)
paulcantplay: shows [Td Th] (a pair of Tens)
paulcantplay collected $29.50 from pot
*** SUMMARY ***
Total pot $30 | Rake $0.50
Board [7s 6d 4s Ac Js]
Seat 2: Murrrr_@T (big blind) showed [5d 2h] and lost with high card Ace
Seat 5: paulcantplay (button) (small blind) showed [Td Th] and won ($29.50) with a pair of Tens


PokerStars Hand #156580782631:  Hold'em Limit ($3/$6 USD) - 2016/07/29 2:32:03 ET
Table 'Porphyro' 6-max Seat #2 is the button
Seat 2: Murrrr_@T ($121 in chips)
Seat 5: paulcantplay ($299.63 in chips)
Murrrr_@T: posts small blind $1
paulcantplay: posts big blind $3
*** HOLE CARDS ***
Murrrr_@T: folds
Uncalled bet ($2) returned to paulcantplay
paulcantplay collected $2 from pot
paulcantplay: doesn't show hand
*** SUMMARY ***
Total pot $2 | Rake $0
Seat 2: Murrrr_@T (button) (small blind) folded before Flop
Seat 5: paulcantplay (big blind) collected ($2)


PokerStars Hand #156580781356:  Hold'em Limit ($3/$6 USD) - 2016/07/29 2:31:57 ET
Table 'Porphyro' 6-max Seat #5 is the button
Seat 2: Murrrr_@T ($120 in chips)
Seat 5: paulcantplay ($300.63 in chips)
paulcantplay: posts small blind $1
Murrrr_@T: posts big blind $3
*** HOLE CARDS ***
paulcantplay: folds
Uncalled bet ($2) returned to Murrrr_@T
Murrrr_@T collected $2 from pot
Murrrr_@T: doesn't show hand
*** SUMMARY ***
Total pot $2 | Rake $0
Seat 2: Murrrr_@T (big blind) collected ($2)
Seat 5: paulcantplay (button) (small blind) folded before Flop


PokerStars Hand #156580790281:  Hold'em Limit ($3/$6 USD) - 2016/07/29 2:32:35 ET
Table 'Porphyro' 6-max Seat #2 is the button
Seat 2: Murrrr_@T ($120 in chips)
Seat 5: paulcantplay ($315.13 in chips)
Murrrr_@T: posts small blind $1
paulcantplay: posts big blind $3
*** HOLE CARDS ***
Murrrr_@T: raises $3 to $6
paulcantplay: calls $3
*** FLOP *** [Jh 4h Kc]
paulcantplay: bets $3
Murrrr_@T: calls $3
*** TURN *** [Jh 4h Kc] [7c]
paulcantplay: bets $6
Murrrr_@T: calls $6
*** RIVER *** [Jh 4h Kc 7c] [As]
paulcantplay: bets $6
Murrrr_@T: calls $6
*** SHOW DOWN ***
paulcantplay: shows [Qd Kh] (a pair of Kings)
Murrrr_@T: mucks hand
paulcantplay collected $41.50 from pot
*** SUMMARY ***
Total pot $42 | Rake $0.50
Board [Jh 4h Kc 7c As]
Seat 2: Murrrr_@T (button) (small blind) mucked
Seat 5: paulcantplay (big blind) showed [Qd Kh] and won ($41.50) with a pair of Kings


PokerStars Hand #156580795080:  Hold'em Limit ($3/$6 USD) - 2016/07/29 2:32:55 ET
Table 'Porphyro' 6-max Seat #5 is the button
Seat 2: Murrrr_@T ($120 in chips)
Seat 5: paulcantplay ($335.63 in chips)
paulcantplay: posts small blind $1
Murrrr_@T: posts big blind $3
*** HOLE CARDS ***
paulcantplay: calls $2
Murrrr_@T: raises $3 to $6
paulcantplay: calls $3
*** FLOP *** [Jd 4c Th]
Murrrr_@T: bets $3
paulcantplay: folds
Uncalled bet ($3) returned to Murrrr_@T
Murrrr_@T collected $11.76 from pot
Murrrr_@T: doesn't show hand
*** SUMMARY ***
Total pot $12 | Rake $0.24
Board [Jd 4c Th]
Seat 2: Murrrr_@T (big blind) collected ($11.76)
Seat 5: paulcantplay (button) (small blind) folded on the Flop


