PokerStars Hand #149461768644:  Hold'em Limit ($3/$6 USD) - 2016/02/26 16:13:08 ET
Table 'Porphyro II' 6-max Seat #4 is the button
Seat 4: Chessnok ($161.57 in chips)
Seat 5: conanboy ($70.39 in chips)
Chessnok: posts small blind $1
conanboy: posts big blind $3
*** HOLE CARDS ***
Chessnok: raises $3 to $6
conanboy: raises $3 to $9
Chessnok: calls $3
*** FLOP *** [6s 5s 6c]
conanboy: bets $3
Chessnok: folds
Uncalled bet ($3) returned to conanboy
conanboy collected $17.64 from pot
conanboy: doesn't show hand
*** SUMMARY ***
Total pot $18 | Rake $0.36
Board [6s 5s 6c]
Seat 4: Chessnok (button) (small blind) folded on the Flop
Seat 5: conanboy (big blind) collected ($17.64)


PokerStars Hand #149461793075:  Hold'em Limit ($3/$6 USD) - 2016/02/26 16:13:33 ET
Table 'Porphyro II' 6-max Seat #4 is the button
Seat 4: Chessnok ($146.57 in chips)
Seat 5: conanboy ($84.79 in chips)
Chessnok: posts small blind $1
conanboy: posts big blind $3
*** HOLE CARDS ***
Chessnok: folds
Uncalled bet ($2) returned to conanboy
conanboy collected $2 from pot
conanboy: doesn't show hand
*** SUMMARY ***
Total pot $2 | Rake $0
Seat 4: Chessnok (button) (small blind) folded before Flop
Seat 5: conanboy (big blind) collected ($2)


PokerStars Hand #149461781234:  Hold'em Limit ($3/$6 USD) - 2016/02/26 16:13:21 ET
Table 'Porphyro II' 6-max Seat #5 is the button
Seat 4: Chessnok ($152.57 in chips)
Seat 5: conanboy ($79.03 in chips)
conanboy: posts small blind $1
Chessnok: posts big blind $3
*** HOLE CARDS ***
conanboy: raises $3 to $6
Chessnok: calls $3
*** FLOP *** [Tc 7h Ks]
Chessnok: checks
conanboy: bets $3
Chessnok: folds
Uncalled bet ($3) returned to conanboy
conanboy collected $11.76 from pot
conanboy: doesn't show hand
*** SUMMARY ***
Total pot $12 | Rake $0.24
Board [Tc 7h Ks]
Seat 4: Chessnok (big blind) folded on the Flop
Seat 5: conanboy (button) (small blind) collected ($11.76)


PokerStars Hand #149461797630:  Hold'em Limit ($3/$6 USD) - 2016/02/26 16:13:38 ET
Table 'Porphyro II' 6-max Seat #5 is the button
Seat 4: Chessnok ($145.57 in chips)
Seat 5: conanboy ($85.79 in chips)
conanboy: posts small blind $1
Chessnok: posts big blind $3
*** HOLE CARDS ***
conanboy: raises $3 to $6
Chessnok: calls $3
*** FLOP *** [7c Ac 5c]
Chessnok: checks
conanboy: bets $3
Chessnok: calls $3
*** TURN *** [7c Ac 5c] [6h]
Chessnok: checks
conanboy: bets $6
Chessnok: calls $6
*** RIVER *** [7c Ac 5c 6h] [8h]
Chessnok: checks
conanboy: bets $6
Chessnok: raises $6 to $12
conanboy: calls $6
*** SHOW DOWN ***
Chessnok: shows [Jc Ts] (high card Ace)
conanboy: shows [4c 4d] (a straight, Four to Eight)
conanboy collected $53.50 from pot
*** SUMMARY ***
Total pot $54 | Rake $0.50
Board [7c Ac 5c 6h 8h]
Seat 4: Chessnok (big blind) showed [Jc Ts] and lost with high card Ace
Seat 5: conanboy (button) (small blind) showed [4c 4d] and won ($53.50) with a straight, Four to Eight


PokerStars Hand #149461817849:  Hold'em Limit ($3/$6 USD) - 2016/02/26 16:13:59 ET
Table 'Porphyro II' 6-max Seat #4 is the button
Seat 4: Chessnok ($118.57 in chips)
Seat 5: conanboy ($112.29 in chips)
Chessnok: posts small blind $1
conanboy: posts big blind $3
*** HOLE CARDS ***
Chessnok: folds
Uncalled bet ($2) returned to conanboy
conanboy collected $2 from pot
conanboy: doesn't show hand
*** SUMMARY ***
Total pot $2 | Rake $0
Seat 4: Chessnok (button) (small blind) folded before Flop
Seat 5: conanboy (big blind) collected ($2)


PokerStars Hand #149461829427:  Hold'em Limit ($3/$6 USD) - 2016/02/26 16:14:10 ET
Table 'Porphyro II' 6-max Seat #4 is the button
Seat 4: Chessnok ($118.57 in chips)
Seat 5: conanboy ($112.29 in chips)
Chessnok: posts small blind $1
conanboy: posts big blind $3
*** HOLE CARDS ***
Chessnok: raises $3 to $6
conanboy: raises $3 to $9
Chessnok: calls $3
*** FLOP *** [Qs 2s Jc]
conanboy: bets $3
Chessnok: calls $3
*** TURN *** [Qs 2s Jc] [8h]
conanboy: bets $6
Chessnok: calls $6
*** RIVER *** [Qs 2s Jc 8h] [2h]
conanboy: bets $6
Chessnok: calls $6
*** SHOW DOWN ***
conanboy: shows [5s Kh] (a pair of Deuces)
Chessnok: shows [9h Jd] (two pair, Jacks and Deuces)
Chessnok collected $47.50 from pot
*** SUMMARY ***
Total pot $48 | Rake $0.50
Board [Qs 2s Jc 8h 2h]
Seat 4: Chessnok (button) (small blind) showed [9h Jd] and won ($47.50) with two pair, Jacks and Deuces
Seat 5: conanboy (big blind) showed [5s Kh] and lost with a pair of Deuces


PokerStars Hand #149461847683:  Hold'em Limit ($3/$6 USD) - 2016/02/26 16:14:29 ET
Table 'Porphyro II' 6-max Seat #5 is the button
Seat 4: Chessnok ($142.07 in chips)
Seat 5: conanboy ($88.29 in chips)
conanboy: posts small blind $1
Chessnok: posts big blind $3
*** HOLE CARDS ***
conanboy: folds
Uncalled bet ($2) returned to Chessnok
Chessnok collected $2 from pot
Chessnok: doesn't show hand
*** SUMMARY ***
Total pot $2 | Rake $0
Seat 4: Chessnok (big blind) collected ($2)
Seat 5: conanboy (button) (small blind) folded before Flop


PokerStars Hand #149461868707:  Hold'em Limit ($3/$6 USD) - 2016/02/26 16:14:51 ET
Table 'Porphyro II' 6-max Seat #5 is the button
Seat 4: Chessnok ($134.07 in chips)
Seat 5: conanboy ($95.93 in chips)
conanboy: posts small blind $1
Chessnok: posts big blind $3
*** HOLE CARDS ***
conanboy: raises $3 to $6
Chessnok: folds
Uncalled bet ($3) returned to conanboy
conanboy collected $6 from pot
conanboy: doesn't show hand
*** SUMMARY ***
Total pot $6 | Rake $0
Seat 4: Chessnok (big blind) folded before Flop
Seat 5: conanboy (button) (small blind) collected ($6)


PokerStars Hand #149461853864:  Hold'em Limit ($3/$6 USD) - 2016/02/26 16:14:36 ET
Table 'Porphyro II' 6-max Seat #4 is the button
Seat 4: Chessnok ($143.07 in chips)
Seat 5: conanboy ($87.29 in chips)
Chessnok: posts small blind $1
conanboy: posts big blind $3
*** HOLE CARDS ***
Chessnok: raises $3 to $6
conanboy: raises $3 to $9
Chessnok: calls $3
*** FLOP *** [6d 6h 3c]
conanboy: bets $3
Chessnok: folds
Uncalled bet ($3) returned to conanboy
conanboy collected $17.64 from pot
conanboy: doesn't show hand
*** SUMMARY ***
Total pot $18 | Rake $0.36
Board [6d 6h 3c]
Seat 4: Chessnok (button) (small blind) folded on the Flop
Seat 5: conanboy (big blind) collected ($17.64)


PokerStars Hand #149461823816:  Hold'em Limit ($3/$6 USD) - 2016/02/26 16:14:05 ET
Table 'Porphyro II' 6-max Seat #5 is the button
Seat 4: Chessnok ($117.57 in chips)
Seat 5: conanboy ($113.29 in chips)
conanboy: posts small blind $1
Chessnok: posts big blind $3
*** HOLE CARDS ***
conanboy: folds
Uncalled bet ($2) returned to Chessnok
Chessnok collected $2 from pot
Chessnok: doesn't show hand
*** SUMMARY ***
Total pot $2 | Rake $0
Seat 4: Chessnok (big blind) collected ($2)
Seat 5: conanboy (button) (small blind) folded before Flop


PokerStars Hand #149461893091:  Hold'em Limit ($3/$6 USD) - 2016/02/26 16:15:15 ET
Table 'Porphyro II' 6-max Seat #5 is the button
Seat 4: Chessnok ($145.57 in chips)
Seat 5: conanboy ($83.93 in chips)
conanboy: posts small blind $1
Chessnok: posts big blind $3
*** HOLE CARDS ***
conanboy: raises $3 to $6
Chessnok: raises $3 to $9
conanboy: calls $3
*** FLOP *** [9c 5c 8h]
Chessnok: bets $3
conanboy: calls $3
*** TURN *** [9c 5c 8h] [As]
Chessnok: bets $6
conanboy: calls $6
*** RIVER *** [9c 5c 8h As] [3s]
Chessnok: bets $6
conanboy: folds
Uncalled bet ($6) returned to Chessnok
Chessnok collected $35.50 from pot
Chessnok: doesn't show hand
*** SUMMARY ***
Total pot $36 | Rake $0.50
Board [9c 5c 8h As 3s]
Seat 4: Chessnok (big blind) collected ($35.50)
Seat 5: conanboy (button) (small blind) folded on the River


PokerStars Hand #149461874780:  Hold'em Limit ($3/$6 USD) - 2016/02/26 16:14:57 ET
Table 'Porphyro II' 6-max Seat #4 is the button
Seat 4: Chessnok ($131.07 in chips)
Seat 5: conanboy ($98.93 in chips)
Chessnok: posts small blind $1
conanboy: posts big blind $3
*** HOLE CARDS ***
Chessnok: raises $3 to $6
conanboy: raises $3 to $9
Chessnok: raises $3 to $12
Betting is capped
conanboy: calls $3
*** FLOP *** [Ah 6h 7d]
conanboy: checks
Chessnok: bets $3
conanboy: calls $3
*** TURN *** [Ah 6h 7d] [7s]
conanboy: checks
Chessnok: bets $6
conanboy: folds
Uncalled bet ($6) returned to Chessnok
Chessnok collected $29.50 from pot
Chessnok: doesn't show hand
*** SUMMARY ***
Total pot $30 | Rake $0.50
Board [Ah 6h 7d 7s]
Seat 4: Chessnok (button) (small blind) collected ($29.50)
Seat 5: conanboy (big blind) folded on the Turn


PokerStars Hand #149461948344:  Hold'em Limit ($3/$6 USD) - 2016/02/26 16:16:11 ET
Table 'Porphyro II' 6-max Seat #5 is the button
Seat 4: Chessnok ($121.07 in chips)
Seat 5: conanboy ($107.43 in chips)
conanboy: posts small blind $1
Chessnok: posts big blind $3
*** HOLE CARDS ***
conanboy: folds
Uncalled bet ($2) returned to Chessnok
Chessnok collected $2 from pot
Chessnok: doesn't show hand
*** SUMMARY ***
Total pot $2 | Rake $0
Seat 4: Chessnok (big blind) collected ($2)
Seat 5: conanboy (button) (small blind) folded before Flop


PokerStars Hand #149461923425:  Hold'em Limit ($3/$6 USD) - 2016/02/26 16:15:46 ET
Table 'Porphyro II' 6-max Seat #4 is the button
Seat 4: Chessnok ($163.07 in chips)
Seat 5: conanboy ($65.93 in chips)
Chessnok: posts small blind $1
conanboy: posts big blind $3
*** HOLE CARDS ***
Chessnok: raises $3 to $6
conanboy: raises $3 to $9
Chessnok: calls $3
*** FLOP *** [8c 6h Tc]
conanboy: bets $3
Chessnok: calls $3
*** TURN *** [8c 6h Tc] [As]
conanboy: bets $6
Chessnok: raises $6 to $12
conanboy: raises $6 to $18
Chessnok: raises $6 to $24
Betting is capped
conanboy: calls $6
*** RIVER *** [8c 6h Tc As] [9c]
conanboy: bets $6
Chessnok: calls $6
*** SHOW DOWN ***
conanboy: shows [9h Ad] (two pair, Aces and Nines)
Chessnok: mucks hand
conanboy collected $83.50 from pot
*** SUMMARY ***
Total pot $84 | Rake $0.50
Board [8c 6h Tc As 9c]
Seat 4: Chessnok (button) (small blind) mucked
Seat 5: conanboy (big blind) showed [9h Ad] and won ($83.50) with two pair, Aces and Nines


PokerStars Hand #149461978628:  Hold'em Limit ($3/$6 USD) - 2016/02/26 16:16:42 ET
Table 'Porphyro II' 6-max Seat #5 is the button
Seat 4: Chessnok ($92.07 in chips)
Seat 5: conanboy ($135.93 in chips)
conanboy: posts small blind $1
Chessnok: posts big blind $3
*** HOLE CARDS ***
conanboy: raises $3 to $6
Chessnok: folds
Uncalled bet ($3) returned to conanboy
conanboy collected $6 from pot
conanboy: doesn't show hand
*** SUMMARY ***
Total pot $6 | Rake $0
Seat 4: Chessnok (big blind) folded before Flop
Seat 5: conanboy (button) (small blind) collected ($6)


PokerStars Hand #149461953741:  Hold'em Limit ($3/$6 USD) - 2016/02/26 16:16:17 ET
Table 'Porphyro II' 6-max Seat #4 is the button
Seat 4: Chessnok ($122.07 in chips)
Seat 5: conanboy ($106.43 in chips)
Chessnok: posts small blind $1
conanboy: posts big blind $3
*** HOLE CARDS ***
Chessnok: raises $3 to $6
conanboy: raises $3 to $9
Chessnok: calls $3
*** FLOP *** [2s 2c Tc]
conanboy: bets $3
Chessnok: calls $3
*** TURN *** [2s 2c Tc] [Ad]
conanboy: bets $6
Chessnok: raises $6 to $12
conanboy: calls $6
*** RIVER *** [2s 2c Tc Ad] [6s]
conanboy: bets $6
Chessnok: calls $6
*** SHOW DOWN ***
conanboy: shows [As 6h] (two pair, Aces and Sixes)
Chessnok: mucks hand
conanboy collected $59.50 from pot
*** SUMMARY ***
Total pot $60 | Rake $0.50
Board [2s 2c Tc Ad 6s]
Seat 4: Chessnok (button) (small blind) mucked
Seat 5: conanboy (big blind) showed [As 6h] and won ($59.50) with two pair, Aces and Sixes


PokerStars Hand #149461996997:  Hold'em Limit ($3/$6 USD) - 2016/02/26 16:17:01 ET
Table 'Porphyro II' 6-max Seat #5 is the button
Seat 4: Chessnok ($92.07 in chips)
Seat 5: conanboy ($135.93 in chips)
conanboy: posts small blind $1
Chessnok: posts big blind $3
*** HOLE CARDS ***
conanboy: folds
Uncalled bet ($2) returned to Chessnok
Chessnok collected $2 from pot
Chessnok: doesn't show hand
*** SUMMARY ***
Total pot $2 | Rake $0
Seat 4: Chessnok (big blind) collected ($2)
Seat 5: conanboy (button) (small blind) folded before Flop


PokerStars Hand #149461989211:  Hold'em Limit ($3/$6 USD) - 2016/02/26 16:16:53 ET
Table 'Porphyro II' 6-max Seat #4 is the button
Seat 4: Chessnok ($89.07 in chips)
Seat 5: conanboy ($138.93 in chips)
Chessnok: posts small blind $1
conanboy: posts big blind $3
*** HOLE CARDS ***
Chessnok: raises $3 to $6
conanboy: folds
Uncalled bet ($3) returned to Chessnok
Chessnok collected $6 from pot
Chessnok: doesn't show hand
*** SUMMARY ***
Total pot $6 | Rake $0
Seat 4: Chessnok (button) (small blind) collected ($6)
Seat 5: conanboy (big blind) folded before Flop


PokerStars Hand #149462039751:  Hold'em Limit ($3/$6 USD) - 2016/02/26 16:17:44 ET
Table 'Porphyro II' 6-max Seat #4 is the button
Seat 4: Chessnok ($103.59 in chips)
Seat 5: conanboy ($123.93 in chips)
Chessnok: posts small blind $1
conanboy: posts big blind $3
*** HOLE CARDS ***
Chessnok: raises $3 to $6
phrantsuz joins the table at seat #6
conanboy: calls $3
*** FLOP *** [8d 5d As]
conanboy: checks
Chessnok: bets $3
conanboy: raises $3 to $6
Chessnok: calls $3
*** TURN *** [8d 5d As] [9h]
conanboy: bets $6
Chessnok: calls $6
*** RIVER *** [8d 5d As 9h] [Ks]
conanboy: bets $6
Chessnok: calls $6
*** SHOW DOWN ***
conanboy: shows [3h 8h] (a pair of Eights)
Chessnok: mucks hand
conanboy collected $47.50 from pot
*** SUMMARY ***
Total pot $48 | Rake $0.50
Board [8d 5d As 9h Ks]
Seat 4: Chessnok (button) (small blind) mucked
Seat 5: conanboy (big blind) showed [3h 8h] and won ($47.50) with a pair of Eights


PokerStars Hand #149462009088:  Hold'em Limit ($3/$6 USD) - 2016/02/26 16:17:13 ET
Table 'Porphyro II' 6-max Seat #5 is the button
Seat 4: Chessnok ($92.07 in chips)
Seat 5: conanboy ($135.93 in chips)
conanboy: posts small blind $1
Chessnok: posts big blind $3
*** HOLE CARDS ***
conanboy: raises $3 to $6
Chessnok: raises $3 to $9
conanboy: calls $3
*** FLOP *** [3c 3s 5d]
Chessnok: bets $3
conanboy: calls $3
*** TURN *** [3c 3s 5d] [4h]
Chessnok: checks
conanboy: checks
*** RIVER *** [3c 3s 5d 4h] [7h]
Chessnok: checks
conanboy: checks
Amin Jensen joins the table at seat #3
*** SHOW DOWN ***
Chessnok: shows [Kd 8h] (a pair of Threes)
conanboy: mucks hand
Chessnok collected $23.52 from pot
*** SUMMARY ***
Total pot $24 | Rake $0.48
Board [3c 3s 5d 4h 7h]
Seat 4: Chessnok (big blind) showed [Kd 8h] and won ($23.52) with a pair of Threes
Seat 5: conanboy (button) (small blind) mucked


PokerStars Hand #149462004875:  Hold'em Limit ($3/$6 USD) - 2016/02/26 16:17:09 ET
Table 'Porphyro II' 6-max Seat #4 is the button
Seat 4: Chessnok ($93.07 in chips)
Seat 5: conanboy ($134.93 in chips)
Chessnok: posts small blind $1
conanboy: posts big blind $3
*** HOLE CARDS ***
Chessnok: folds
Uncalled bet ($2) returned to conanboy
conanboy collected $2 from pot
conanboy: doesn't show hand
*** SUMMARY ***
Total pot $2 | Rake $0
Seat 4: Chessnok (button) (small blind) folded before Flop
Seat 5: conanboy (big blind) collected ($2)


PokerStars Hand #149464596752:  Hold'em Limit ($3/$6 USD) - 2016/02/26 17:02:56 ET
Table 'Porphyro II' 6-max Seat #4 is the button
Seat 1: Azrarn ($132.02 in chips)
Seat 4: Chessnok ($97.91 in chips)
Chessnok: posts small blind $1
conanboy: is sitting out
Azrarn: posts big blind $3
*** HOLE CARDS ***
Chessnok: raises $3 to $6
Azrarn: raises $3 to $9
Chessnok: raises $3 to $12
Betting is capped
Azrarn: calls $3
*** FLOP *** [As Ah Kd]
Azrarn: checks
conanboy leaves the table
Chessnok: bets $3
Azrarn: folds
Uncalled bet ($3) returned to Chessnok
Chessnok collected $23.52 from pot
Chessnok: doesn't show hand
*** SUMMARY ***
Total pot $24 | Rake $0.48
Board [As Ah Kd]
Seat 1: Azrarn (big blind) folded on the Flop
Seat 4: Chessnok (button) (small blind) collected ($23.52)


