PokerStars Hand #169490851637:  Hold'em Limit ($3/$6 USD) - 2017/04/24 9:45:57 ET
Table 'Porrima' 6-max Seat #3 is the button
Seat 3: DerHerthaner ($49.01 in chips)
Seat 4: MTails ($99.75 in chips)
DerHerthaner: posts small blind $1
MTails: posts big blind $3
*** HOLE CARDS ***
DerHerthaner: folds
Uncalled bet ($2) returned to MTails
DerHerthaner leaves the table
MTails collected $2 from pot
*** SUMMARY ***
Total pot $2 | Rake $0
Seat 3: DerHerthaner (button) (small blind) folded before Flop
Seat 4: MTails (big blind) collected ($2)


PokerStars Hand #169490842505:  Hold'em Limit ($3/$6 USD) - 2017/04/24 9:45:41 ET
Table 'Porrima' 6-max Seat #4 is the button
Seat 3: DerHerthaner ($49.26 in chips)
Seat 4: MTails ($100 in chips)
MTails: posts small blind $1
DerHerthaner: posts big blind $3
*** HOLE CARDS ***
MTails: raises $3 to $6
DerHerthaner: calls $3
*** FLOP *** [5s Jd 2h]
DerHerthaner: checks
MTails: bets $3
DerHerthaner: calls $3
*** TURN *** [5s Jd 2h] [5c]
DerHerthaner: checks
MTails: bets $6
DerHerthaner: calls $6
*** RIVER *** [5s Jd 2h 5c] [Ah]
DerHerthaner: checks
MTails: bets $6
DerHerthaner: calls $6
*** SHOW DOWN ***
MTails: shows [7h Ad] (two pair, Aces and Fives)
DerHerthaner: shows [6c Ac] (two pair, Aces and Fives)
DerHerthaner collected $20.75 from pot
MTails collected $20.75 from pot
*** SUMMARY ***
Total pot $42 | Rake $0.50
Board [5s Jd 2h 5c Ah]
Seat 3: DerHerthaner (big blind) showed [6c Ac] and won ($20.75) with two pair, Aces and Fives
Seat 4: MTails (button) (small blind) showed [7h Ad] and won ($20.75) with two pair, Aces and Fives


PokerStars Hand #169490839890:  Hold'em Limit ($3/$6 USD) - 2017/04/24 9:45:37 ET
Table 'Porrima' 6-max Seat #3 is the button
Seat 3: DerHerthaner ($50.26 in chips)
Seat 4: MTails ($99 in chips)
DerHerthaner: posts small blind $1
MTails: posts big blind $3
*** HOLE CARDS ***
DerHerthaner: folds
Uncalled bet ($2) returned to MTails
MTails collected $2 from pot
MTails: doesn't show hand
*** SUMMARY ***
Total pot $2 | Rake $0
Seat 3: DerHerthaner (button) (small blind) folded before Flop
Seat 4: MTails (big blind) collected ($2)


PokerStars Hand #169490830642:  Hold'em Limit ($3/$6 USD) - 2017/04/24 9:45:20 ET
Table 'Porrima' 6-max Seat #4 is the button
Seat 3: DerHerthaner ($35.76 in chips)
Seat 4: MTails ($114 in chips)
MTails: posts small blind $1
DerHerthaner: posts big blind $3
*** HOLE CARDS ***
MTails: raises $3 to $6
DerHerthaner: calls $3
*** FLOP *** [6c 2c 2h]
DerHerthaner: checks
MTails: bets $3
DerHerthaner: calls $3
*** TURN *** [6c 2c 2h] [8d]
DerHerthaner: checks
MTails: bets $6
DerHerthaner: calls $6
*** RIVER *** [6c 2c 2h 8d] [As]
DerHerthaner: checks
MTails: checks
*** SHOW DOWN ***
DerHerthaner: shows [Tc Jc] (a pair of Deuces)
MTails: mucks hand
DerHerthaner collected $29.50 from pot
*** SUMMARY ***
Total pot $30 | Rake $0.50
Board [6c 2c 2h 8d As]
Seat 3: DerHerthaner (big blind) showed [Tc Jc] and won ($29.50) with a pair of Deuces
Seat 4: MTails (button) (small blind) mucked


PokerStars Hand #169490823978:  Hold'em Limit ($3/$6 USD) - 2017/04/24 9:45:08 ET
Table 'Porrima' 6-max Seat #3 is the button
Seat 3: DerHerthaner ($30 in chips)
Seat 4: MTails ($120 in chips)
DerHerthaner: posts small blind $1
MTails: posts big blind $3
*** HOLE CARDS ***
DerHerthaner: raises $3 to $6
MTails: calls $3
*** FLOP *** [8h 8c Th]
MTails: checks
DerHerthaner: bets $3
MTails: folds
Uncalled bet ($3) returned to DerHerthaner
DerHerthaner collected $11.76 from pot
DerHerthaner: doesn't show hand
*** SUMMARY ***
Total pot $12 | Rake $0.24
Board [8h 8c Th]
Seat 3: DerHerthaner (button) (small blind) collected ($11.76)
Seat 4: MTails (big blind) folded on the Flop


