PokerStars Hand #159605494417:  Hold'em Limit ($3/$6 USD) - 2016/10/07 14:03:11 ET
Table 'Portia II' 6-max Seat #3 is the button
Seat 3: Siwy56 ($100 in chips)
Seat 4: Mordnilap ($72 in chips)
Siwy56: posts small blind $1
Mordnilap: posts big blind $3
*** HOLE CARDS ***
Siwy56: calls $2
Mordnilap: raises $3 to $6
Siwy56: calls $3
*** FLOP *** [6d Kh Ad]
Mordnilap: bets $3
Siwy56: folds
Uncalled bet ($3) returned to Mordnilap
Mordnilap collected $11.76 from pot
Mordnilap: doesn't show hand
*** SUMMARY ***
Total pot $12 | Rake $0.24
Board [6d Kh Ad]
Seat 3: Siwy56 (button) (small blind) folded on the Flop
Seat 4: Mordnilap (big blind) collected ($11.76)


PokerStars Hand #159605535426:  Hold'em Limit ($3/$6 USD) - 2016/10/07 14:04:06 ET
Table 'Portia II' 6-max Seat #3 is the button
Seat 3: Siwy56 ($129.50 in chips)
Seat 4: Mordnilap ($72 in chips)
Siwy56: posts small blind $1
Mordnilap: posts big blind $3
*** HOLE CARDS ***
Siwy56: calls $2
Mordnilap: checks
*** FLOP *** [5c As 7c]
Mordnilap: checks
Siwy56: checks
*** TURN *** [5c As 7c] [2s]
Mordnilap: checks
Siwy56: checks
*** RIVER *** [5c As 7c 2s] [Qh]
Mordnilap: checks
Siwy56: checks
*** SHOW DOWN ***
Mordnilap: shows [5h 9c] (a pair of Fives)
Siwy56: mucks hand
Mordnilap collected $5.88 from pot
*** SUMMARY ***
Total pot $6 | Rake $0.12
Board [5c As 7c 2s Qh]
Seat 3: Siwy56 (button) (small blind) mucked
Seat 4: Mordnilap (big blind) showed [5h 9c] and won ($5.88) with a pair of Fives


PokerStars Hand #159605508519:  Hold'em Limit ($3/$6 USD) - 2016/10/07 14:03:31 ET
Table 'Portia II' 6-max Seat #4 is the button
Seat 3: Siwy56 ($94 in chips)
Seat 4: Mordnilap ($77.76 in chips)
Mordnilap: posts small blind $1
Siwy56: posts big blind $3
*** HOLE CARDS ***
Mordnilap: raises $3 to $6
Siwy56: raises $3 to $9
Mordnilap: calls $3
*** FLOP *** [Qd Ts 7c]
Siwy56: bets $3
Mordnilap: calls $3
*** TURN *** [Qd Ts 7c] [4h]
Siwy56: bets $6
Mordnilap: raises $6 to $12
Siwy56: calls $6
*** RIVER *** [Qd Ts 7c 4h] [6s]
Siwy56: checks
Mordnilap: bets $6
Siwy56: raises $6 to $12
Mordnilap: calls $6
*** SHOW DOWN ***
Siwy56: shows [3c 5c] (a straight, Three to Seven)
Mordnilap: mucks hand
Siwy56 collected $71.50 from pot
*** SUMMARY ***
Total pot $72 | Rake $0.50
Board [Qd Ts 7c 4h 6s]
Seat 3: Siwy56 (big blind) showed [3c 5c] and won ($71.50) with a straight, Three to Seven
Seat 4: Mordnilap (button) (small blind) mucked


PokerStars Hand #159605552293:  Hold'em Limit ($3/$6 USD) - 2016/10/07 14:04:29 ET
Table 'Portia II' 6-max Seat #4 is the button
Seat 3: Siwy56 ($126.50 in chips)
Seat 4: Mordnilap ($74.88 in chips)
Mordnilap: posts small blind $1
Siwy56: posts big blind $3
*** HOLE CARDS ***
Mordnilap: raises $3 to $6
Siwy56: calls $3
*** FLOP *** [Ac Kh Ks]
Siwy56: checks
Mordnilap: bets $3
Siwy56: raises $3 to $6
Mordnilap: calls $3
*** TURN *** [Ac Kh Ks] [7h]
Siwy56: bets $6
Apanage joins the table at seat #1
Mordnilap: raises $6 to $12
Siwy56: raises $6 to $18
Mordnilap: folds
Uncalled bet ($6) returned to Siwy56
Siwy56 collected $47.50 from pot
Siwy56: doesn't show hand
*** SUMMARY ***
Total pot $48 | Rake $0.50
Board [Ac Kh Ks 7h]
Seat 3: Siwy56 (big blind) collected ($47.50)
Seat 4: Mordnilap (button) (small blind) folded on the Turn


PokerStars Hand #159605581736:  Hold'em Limit ($3/$6 USD) - 2016/10/07 14:05:08 ET
Table 'Portia II' 6-max Seat #3 is the button
Seat 3: Siwy56 ($150 in chips)
Seat 4: Mordnilap ($72 in chips)
Siwy56: posts small blind $1
Mordnilap: posts big blind $3
*** HOLE CARDS ***
Siwy56: calls $2
Mordnilap: raises $3 to $6
Siwy56: calls $3
*** FLOP *** [As 3c Td]
Mordnilap: bets $3
Siwy56: calls $3
*** TURN *** [As 3c Td] [Qd]
Mordnilap: bets $6
Siwy56: raises $6 to $12
Mordnilap: calls $6
*** RIVER *** [As 3c Td Qd] [4c]
Mordnilap: checks
Siwy56: bets $6
Mordnilap: calls $6
*** SHOW DOWN ***
Siwy56: shows [Kd Kh] (a pair of Kings)
Mordnilap: mucks hand
Siwy56 collected $53.50 from pot
*** SUMMARY ***
Total pot $54 | Rake $0.50
Board [As 3c Td Qd 4c]
Seat 3: Siwy56 (button) (small blind) showed [Kd Kh] and won ($53.50) with a pair of Kings
Seat 4: Mordnilap (big blind) mucked


PokerStars Hand #159610589839:  Hold'em Limit ($3/$6 USD) - 2016/10/07 15:51:25 ET
Table 'Portia II' 6-max Seat #4 is the button
Seat 3: K_M_K386 ($61.68 in chips)
Seat 4: Kahoot1 ($74.26 in chips)
happyshine88 was removed from the table for failing to post
Kahoot1: posts small blind $1
TinaTurner72: is sitting out
TinaTurner72 leaves the table
K_M_K386: posts big blind $3
*** HOLE CARDS ***
Kahoot1: raises $3 to $6
K_M_K386: calls $3
*** FLOP *** [7c Kh 4d]
K_M_K386: checks
Kahoot1: bets $3
K_M_K386: folds
Uncalled bet ($3) returned to Kahoot1
Kahoot1 collected $11.76 from pot
Kahoot1: doesn't show hand
*** SUMMARY ***
Total pot $12 | Rake $0.24
Board [7c Kh 4d]
Seat 3: K_M_K386 (big blind) folded on the Flop
Seat 4: Kahoot1 (button) (small blind) collected ($11.76)


PokerStars Hand #159610598224:  Hold'em Limit ($3/$6 USD) - 2016/10/07 15:51:35 ET
Table 'Portia II' 6-max Seat #3 is the button
Seat 3: K_M_K386 ($55.68 in chips)
Seat 4: Kahoot1 ($80.02 in chips)
K_M_K386: posts small blind $1
Kahoot1: posts big blind $3
*** HOLE CARDS ***
K_M_K386: raises $3 to $6
Kahoot1: raises $3 to $9
K_M_K386: raises $3 to $12
Betting is capped
Kahoot1: calls $3
*** FLOP *** [3h 6c 5d]
Kahoot1: checks
K_M_K386: bets $3
Kahoot1: calls $3
*** TURN *** [3h 6c 5d] [4h]
Kahoot1: checks
K_M_K386: bets $6
Kahoot1: folds
Uncalled bet ($6) returned to K_M_K386
K_M_K386 collected $29.50 from pot
K_M_K386: doesn't show hand
*** SUMMARY ***
Total pot $30 | Rake $0.50
Board [3h 6c 5d 4h]
Seat 3: K_M_K386 (button) (small blind) collected ($29.50)
Seat 4: Kahoot1 (big blind) folded on the Turn


PokerStars Hand #159610625770:  Hold'em Limit ($3/$6 USD) - 2016/10/07 15:52:08 ET
Table 'Portia II' 6-max Seat #3 is the button
Seat 3: K_M_K386 ($81.70 in chips)
Seat 4: Kahoot1 ($53.02 in chips)
K_M_K386: posts small blind $1
Kahoot1: posts big blind $3
*** HOLE CARDS ***
K_M_K386: folds
Uncalled bet ($2) returned to Kahoot1
Kahoot1 collected $2 from pot
Kahoot1: doesn't show hand
*** SUMMARY ***
Total pot $2 | Rake $0
Seat 3: K_M_K386 (button) (small blind) folded before Flop
Seat 4: Kahoot1 (big blind) collected ($2)


PokerStars Hand #159610612736:  Hold'em Limit ($3/$6 USD) - 2016/10/07 15:51:53 ET
Table 'Portia II' 6-max Seat #4 is the button
Seat 3: K_M_K386 ($70.18 in chips)
Seat 4: Kahoot1 ($65.02 in chips)
Kahoot1: posts small blind $1
K_M_K386: posts big blind $3
*** HOLE CARDS ***
Kahoot1: raises $3 to $6
K_M_K386: calls $3
*** FLOP *** [3c 8h 5c]
K_M_K386: checks
Kahoot1: bets $3
K_M_K386: raises $3 to $6
Kahoot1: calls $3
*** TURN *** [3c 8h 5c] [3h]
K_M_K386: bets $6
Kahoot1: folds
Uncalled bet ($6) returned to K_M_K386
K_M_K386 collected $23.52 from pot
K_M_K386: doesn't show hand
*** SUMMARY ***
Total pot $24 | Rake $0.48
Board [3c 8h 5c 3h]
Seat 3: K_M_K386 (big blind) collected ($23.52)
Seat 4: Kahoot1 (button) (small blind) folded on the Turn


PokerStars Hand #159610633981:  Hold'em Limit ($3/$6 USD) - 2016/10/07 15:52:18 ET
Table 'Portia II' 6-max Seat #3 is the button
Seat 3: K_M_K386 ($77.70 in chips)
Seat 4: Kahoot1 ($57.02 in chips)
K_M_K386: posts small blind $1
Kahoot1: posts big blind $3
*** HOLE CARDS ***
K_M_K386: raises $3 to $6
Kahoot1: folds
Uncalled bet ($3) returned to K_M_K386
K_M_K386 collected $6 from pot
K_M_K386: doesn't show hand
*** SUMMARY ***
Total pot $6 | Rake $0
Seat 3: K_M_K386 (button) (small blind) collected ($6)
Seat 4: Kahoot1 (big blind) folded before Flop


PokerStars Hand #159610629869:  Hold'em Limit ($3/$6 USD) - 2016/10/07 15:52:13 ET
Table 'Portia II' 6-max Seat #4 is the button
Seat 3: K_M_K386 ($80.70 in chips)
Seat 4: Kahoot1 ($54.02 in chips)
Kahoot1: posts small blind $1
K_M_K386: posts big blind $3
*** HOLE CARDS ***
Kahoot1: raises $3 to $6
K_M_K386: folds
Uncalled bet ($3) returned to Kahoot1
Kahoot1 collected $6 from pot
Kahoot1: doesn't show hand
*** SUMMARY ***
Total pot $6 | Rake $0
Seat 3: K_M_K386 (big blind) folded before Flop
Seat 4: Kahoot1 (button) (small blind) collected ($6)


PokerStars Hand #159610638252:  Hold'em Limit ($3/$6 USD) - 2016/10/07 15:52:23 ET
Table 'Portia II' 6-max Seat #4 is the button
Seat 3: K_M_K386 ($80.70 in chips)
Seat 4: Kahoot1 ($54.02 in chips)
Kahoot1: posts small blind $1
K_M_K386: posts big blind $3
*** HOLE CARDS ***
Kahoot1: raises $3 to $6
K_M_K386: folds
Uncalled bet ($3) returned to Kahoot1
Kahoot1 collected $6 from pot
Kahoot1: doesn't show hand
*** SUMMARY ***
Total pot $6 | Rake $0
Seat 3: K_M_K386 (big blind) folded before Flop
Seat 4: Kahoot1 (button) (small blind) collected ($6)


PokerStars Hand #159610656905:  Hold'em Limit ($3/$6 USD) - 2016/10/07 15:52:46 ET
Table 'Portia II' 6-max Seat #4 is the button
Seat 3: K_M_K386 ($68.70 in chips)
Seat 4: Kahoot1 ($65.66 in chips)
Kahoot1: posts small blind $1
K_M_K386: posts big blind $3
*** HOLE CARDS ***
Kahoot1: folds
Uncalled bet ($2) returned to K_M_K386
K_M_K386 collected $2 from pot
K_M_K386: doesn't show hand
*** SUMMARY ***
Total pot $2 | Rake $0
Seat 3: K_M_K386 (big blind) collected ($2)
Seat 4: Kahoot1 (button) (small blind) folded before Flop


PokerStars Hand #159610642595:  Hold'em Limit ($3/$6 USD) - 2016/10/07 15:52:29 ET
Table 'Portia II' 6-max Seat #3 is the button
Seat 3: K_M_K386 ($77.70 in chips)
Seat 4: Kahoot1 ($57.02 in chips)
K_M_K386: posts small blind $1
Kahoot1: posts big blind $3
*** HOLE CARDS ***
K_M_K386: raises $3 to $6
Kahoot1: calls $3
*** FLOP *** [Ac Ks 6s]
Kahoot1: checks
K_M_K386: bets $3
Kahoot1: calls $3
*** TURN *** [Ac Ks 6s] [As]
Kahoot1: checks
K_M_K386: checks
*** RIVER *** [Ac Ks 6s As] [2d]
Kahoot1: bets $6
K_M_K386: folds
Uncalled bet ($6) returned to Kahoot1
Kahoot1 collected $17.64 from pot
Kahoot1: doesn't show hand
*** SUMMARY ***
Total pot $18 | Rake $0.36
Board [Ac Ks 6s As 2d]
Seat 3: K_M_K386 (button) (small blind) folded on the River
Seat 4: Kahoot1 (big blind) collected ($17.64)


PokerStars Hand #159610660639:  Hold'em Limit ($3/$6 USD) - 2016/10/07 15:52:51 ET
Table 'Portia II' 6-max Seat #3 is the button
Seat 3: K_M_K386 ($69.70 in chips)
Seat 4: Kahoot1 ($64.66 in chips)
K_M_K386: posts small blind $1
Kahoot1: posts big blind $3
*** HOLE CARDS ***
K_M_K386: raises $3 to $6
Kahoot1: raises $3 to $9
K_M_K386: raises $3 to $12
Betting is capped
Kahoot1: calls $3
*** FLOP *** [Jh 9h 8s]
Kahoot1: checks
K_M_K386: bets $3
Kahoot1: calls $3
*** TURN *** [Jh 9h 8s] [4c]
Kahoot1: checks
K_M_K386: bets $6
Kahoot1: calls $6
*** RIVER *** [Jh 9h 8s 4c] [Ad]
Kahoot1: checks
K_M_K386: checks
*** SHOW DOWN ***
Kahoot1: shows [Kh Qc] (high card Ace)
K_M_K386: shows [7h 7d] (a pair of Sevens)
K_M_K386 collected $41.50 from pot
*** SUMMARY ***
Total pot $42 | Rake $0.50
Board [Jh 9h 8s 4c Ad]
Seat 3: K_M_K386 (button) (small blind) showed [7h 7d] and won ($41.50) with a pair of Sevens
Seat 4: Kahoot1 (big blind) showed [Kh Qc] and lost with high card Ace


PokerStars Hand #159610676523:  Hold'em Limit ($3/$6 USD) - 2016/10/07 15:53:10 ET
Table 'Portia II' 6-max Seat #4 is the button
Seat 3: K_M_K386 ($90.20 in chips)
Seat 4: Kahoot1 ($43.66 in chips)
Kahoot1: posts small blind $1
K_M_K386: posts big blind $3
*** HOLE CARDS ***
Kahoot1: raises $3 to $6
K_M_K386: calls $3
*** FLOP *** [7s 3h Th]
K_M_K386: checks
Kahoot1: bets $3
K_M_K386: calls $3
*** TURN *** [7s 3h Th] [5d]
K_M_K386: checks
Kahoot1: bets $6
K_M_K386: calls $6
*** RIVER *** [7s 3h Th 5d] [8c]
K_M_K386: checks
Kahoot1: bets $6
K_M_K386: calls $6
*** SHOW DOWN ***
Kahoot1: shows [8h 9c] (a pair of Eights)
K_M_K386: mucks hand
Kahoot1 collected $41.50 from pot
*** SUMMARY ***
Total pot $42 | Rake $0.50
Board [7s 3h Th 5d 8c]
Seat 3: K_M_K386 (big blind) mucked
Seat 4: Kahoot1 (button) (small blind) showed [8h 9c] and won ($41.50) with a pair of Eights


PokerStars Hand #159610690637:  Hold'em Limit ($3/$6 USD) - 2016/10/07 15:53:27 ET
Table 'Portia II' 6-max Seat #3 is the button
Seat 3: K_M_K386 ($69.20 in chips)
Seat 4: Kahoot1 ($64.16 in chips)
K_M_K386: posts small blind $1
Kahoot1: posts big blind $3
*** HOLE CARDS ***
K_M_K386: raises $3 to $6
Kahoot1: calls $3
*** FLOP *** [5h 2h 9h]
Kahoot1: checks
K_M_K386: bets $3
Kahoot1: calls $3
*** TURN *** [5h 2h 9h] [4s]
Kahoot1: checks
K_M_K386: bets $6
Kahoot1: calls $6
*** RIVER *** [5h 2h 9h 4s] [Jc]
Kahoot1: checks
K_M_K386: checks
*** SHOW DOWN ***
Kahoot1: shows [2c 6c] (a pair of Deuces)
K_M_K386: shows [8s 9s] (a pair of Nines)
K_M_K386 collected $29.50 from pot
*** SUMMARY ***
Total pot $30 | Rake $0.50
Board [5h 2h 9h 4s Jc]
Seat 3: K_M_K386 (button) (small blind) showed [8s 9s] and won ($29.50) with a pair of Nines
Seat 4: Kahoot1 (big blind) showed [2c 6c] and lost with a pair of Deuces


PokerStars Hand #159610711295:  Hold'em Limit ($3/$6 USD) - 2016/10/07 15:53:53 ET
Table 'Portia II' 6-max Seat #4 is the button
Seat 3: K_M_K386 ($83.70 in chips)
Seat 4: Kahoot1 ($49.16 in chips)
Kahoot1: posts small blind $1
K_M_K386: posts big blind $3
*** HOLE CARDS ***
Kahoot1: folds
Uncalled bet ($2) returned to K_M_K386
K_M_K386 collected $2 from pot
K_M_K386: doesn't show hand
*** SUMMARY ***
Total pot $2 | Rake $0
Seat 3: K_M_K386 (big blind) collected ($2)
Seat 4: Kahoot1 (button) (small blind) folded before Flop


PokerStars Hand #159610707510:  Hold'em Limit ($3/$6 USD) - 2016/10/07 15:53:48 ET
Table 'Portia II' 6-max Seat #3 is the button
Seat 3: K_M_K386 ($84.70 in chips)
Seat 4: Kahoot1 ($48.16 in chips)
K_M_K386: posts small blind $1
Kahoot1: posts big blind $3
*** HOLE CARDS ***
K_M_K386: folds
Uncalled bet ($2) returned to Kahoot1
Kahoot1 collected $2 from pot
Kahoot1: doesn't show hand
*** SUMMARY ***
Total pot $2 | Rake $0
Seat 3: K_M_K386 (button) (small blind) folded before Flop
Seat 4: Kahoot1 (big blind) collected ($2)


PokerStars Hand #159610704012:  Hold'em Limit ($3/$6 USD) - 2016/10/07 15:53:44 ET
Table 'Portia II' 6-max Seat #4 is the button
Seat 3: K_M_K386 ($83.70 in chips)
Seat 4: Kahoot1 ($49.16 in chips)
Kahoot1: posts small blind $1
K_M_K386: posts big blind $3
*** HOLE CARDS ***
Kahoot1: folds
Uncalled bet ($2) returned to K_M_K386
K_M_K386 collected $2 from pot
K_M_K386: doesn't show hand
*** SUMMARY ***
Total pot $2 | Rake $0
Seat 3: K_M_K386 (big blind) collected ($2)
Seat 4: Kahoot1 (button) (small blind) folded before Flop


PokerStars Hand #159610730837:  Hold'em Limit ($3/$6 USD) - 2016/10/07 15:54:17 ET
Table 'Portia II' 6-max Seat #4 is the button
Seat 3: K_M_K386 ($60.70 in chips)
Seat 4: Kahoot1 ($71.66 in chips)
Kahoot1: posts small blind $1
K_M_K386: posts big blind $3
*** HOLE CARDS ***
Kahoot1: folds
Uncalled bet ($2) returned to K_M_K386
K_M_K386 collected $2 from pot
K_M_K386: doesn't show hand
*** SUMMARY ***
Total pot $2 | Rake $0
Seat 3: K_M_K386 (big blind) collected ($2)
Seat 4: Kahoot1 (button) (small blind) folded before Flop


PokerStars Hand #159610715089:  Hold'em Limit ($3/$6 USD) - 2016/10/07 15:53:57 ET
Table 'Portia II' 6-max Seat #3 is the button
Seat 3: K_M_K386 ($84.70 in chips)
Seat 4: Kahoot1 ($48.16 in chips)
K_M_K386: posts small blind $1
Kahoot1: posts big blind $3
*** HOLE CARDS ***
K_M_K386: raises $3 to $6
Kahoot1: raises $3 to $9
K_M_K386: calls $3
*** FLOP *** [Kc 8s 3h]
Kahoot1: bets $3
K_M_K386: calls $3
*** TURN *** [Kc 8s 3h] [2h]
Kahoot1: checks
K_M_K386: bets $6
Kahoot1: calls $6
*** RIVER *** [Kc 8s 3h 2h] [5s]
Kahoot1: checks
K_M_K386: bets $6
Kahoot1: calls $6
*** SHOW DOWN ***
K_M_K386: shows [Qs Ts] (high card King)
Kahoot1: shows [Th Ac] (high card Ace)
Kahoot1 collected $47.50 from pot
*** SUMMARY ***
Total pot $48 | Rake $0.50
Board [Kc 8s 3h 2h 5s]
Seat 3: K_M_K386 (button) (small blind) showed [Qs Ts] and lost with high card King
Seat 4: Kahoot1 (big blind) showed [Th Ac] and won ($47.50) with high card Ace


PokerStars Hand #159610735303:  Hold'em Limit ($3/$6 USD) - 2016/10/07 15:54:22 ET
Table 'Portia II' 6-max Seat #3 is the button
Seat 3: K_M_K386 ($61.70 in chips)
Seat 4: Kahoot1 ($70.66 in chips)
K_M_K386: posts small blind $1
Kahoot1: posts big blind $3
*** HOLE CARDS ***
witte058 joins the table at seat #6
K_M_K386: raises $3 to $6
Kahoot1: calls $3
*** FLOP *** [6d 6c 5s]
Kahoot1: checks
K_M_K386: bets $3
Kahoot1: raises $3 to $6
K_M_K386: calls $3
*** TURN *** [6d 6c 5s] [3s]
GRAILKO joins the table at seat #1
Kahoot1: checks
K_M_K386: bets $6
Kahoot1: calls $6
*** RIVER *** [6d 6c 5s 3s] [2d]
Kahoot1: checks
K_M_K386: bets $6
Kahoot1: folds
Uncalled bet ($6) returned to K_M_K386
K_M_K386 collected $35.50 from pot
K_M_K386: doesn't show hand
*** SUMMARY ***
Total pot $36 | Rake $0.50
Board [6d 6c 5s 3s 2d]
Seat 3: K_M_K386 (button) (small blind) collected ($35.50)
Seat 4: Kahoot1 (big blind) folded on the River


PokerStars Hand #159612128435:  Hold'em Limit ($3/$6 USD) - 2016/10/07 16:23:43 ET
Table 'Portia II' 6-max Seat #2 is the button
Seat 2: happyshine88 ($118.64 in chips)
Seat 5: ToDaFelt ($229.13 in chips)
StrelecNike will be allowed to play after the button
happyshine88: posts small blind $1
ToDaFelt: posts big blind $3
*** HOLE CARDS ***
happyshine88: folds
Uncalled bet ($2) returned to ToDaFelt
ToDaFelt collected $2 from pot
ToDaFelt: doesn't show hand
*** SUMMARY ***
Total pot $2 | Rake $0
Seat 2: happyshine88 (button) (small blind) folded before Flop
Seat 5: ToDaFelt (big blind) collected ($2)


PokerStars Hand #159613751794:  Hold'em Limit ($3/$6 USD) - 2016/10/07 16:56:45 ET
Table 'Portia II' 6-max Seat #3 is the button
Seat 3: hairy1961 ($171.08 in chips)
Seat 5: ToDaFelt ($380.11 in chips)
kladde567 will be allowed to play after the button
ChasingAc918 will be allowed to play after the button
cashmuzi will be allowed to play after the button
hairy1961: posts small blind $1
Luanto 14: is sitting out
ToDaFelt: posts big blind $3
*** HOLE CARDS ***
Luanto 14 leaves the table
hairy1961: raises $3 to $6
ToDaFelt: calls $3
*** FLOP *** [6h 2h 4h]
ToDaFelt: checks
hairy1961: bets $3
ToDaFelt: calls $3
*** TURN *** [6h 2h 4h] [7c]
ToDaFelt: checks
hairy1961: bets $6
ToDaFelt: calls $6
*** RIVER *** [6h 2h 4h 7c] [6s]
ToDaFelt: checks
hairy1961: bets $6
ToDaFelt: calls $6
*** SHOW DOWN ***
hairy1961: shows [8d 8h] (two pair, Eights and Sixes)
ToDaFelt: mucks hand
hairy1961 collected $41.50 from pot
*** SUMMARY ***
Total pot $42 | Rake $0.50
Board [6h 2h 4h 7c 6s]
Seat 3: hairy1961 (button) (small blind) showed [8d 8h] and won ($41.50) with two pair, Eights and Sixes
Seat 5: ToDaFelt (big blind) mucked


