PokerStars Hand #166867664112:  Hold'em Limit ($3/$6 USD) - 2017/02/27 15:38:45 ET
Table 'Portia II' 6-max Seat #4 is the button
Seat 1: Zubasa07 ($323.50 in chips)
Seat 4: H-U-1990 ($96 in chips)
H-U-1990: posts small blind $1
Zubasa07: posts big blind $3
*** HOLE CARDS ***
H-U-1990: calls $2
Zubasa07: checks
*** FLOP *** [9c 9d Ad]
Zubasa07: bets $3
H-U-1990: folds
Uncalled bet ($3) returned to Zubasa07
Zubasa07 collected $5.88 from pot
Zubasa07: doesn't show hand
*** SUMMARY ***
Total pot $6 | Rake $0.12
Board [9c 9d Ad]
Seat 1: Zubasa07 (big blind) collected ($5.88)
Seat 4: H-U-1990 (button) (small blind) folded on the Flop


PokerStars Hand #166867629562:  Hold'em Limit ($3/$6 USD) - 2017/02/27 15:38:09 ET
Table 'Portia II' 6-max Seat #1 is the button
Seat 1: Zubasa07 ($300 in chips)
Seat 4: H-U-1990 ($120 in chips)
nimzon leaves the table
Zubasa07: posts small blind $1
H-U-1990: posts big blind $3
*** HOLE CARDS ***
Zubasa07: raises $3 to $6
H-U-1990: raises $3 to $9
Zubasa07: calls $3
*** FLOP *** [8d Ks Td]
H-U-1990: bets $3
Zubasa07: calls $3
*** TURN *** [8d Ks Td] [4c]
H-U-1990: bets $6
Zubasa07: calls $6
*** RIVER *** [8d Ks Td 4c] [Kd]
H-U-1990: checks
Zubasa07: bets $6
H-U-1990: calls $6
*** SHOW DOWN ***
Zubasa07: shows [Qh Qc] (two pair, Kings and Queens)
huracan mdp joins the table at seat #3
H-U-1990: mucks hand
Zubasa07 collected $47.50 from pot
*** SUMMARY ***
Total pot $48 | Rake $0.50
Board [8d Ks Td 4c Kd]
Seat 1: Zubasa07 (button) (small blind) showed [Qh Qc] and won ($47.50) with two pair, Kings and Queens
Seat 4: H-U-1990 (big blind) mucked


PokerStars Hand #166868807857:  Hold'em Limit ($3/$6 USD) - 2017/02/27 15:59:12 ET
Table 'Portia II' 6-max Seat #4 is the button
Seat 4: kolaz03 ($73 in chips)
Seat 6: xBAPBAPx ($88.58 in chips)
kolaz03: posts small blind $1
xBAPBAPx: posts big blind $3
*** HOLE CARDS ***
kolaz03: folds
Uncalled bet ($2) returned to xBAPBAPx
xBAPBAPx collected $2 from pot
*** SUMMARY ***
Total pot $2 | Rake $0
Seat 4: kolaz03 (button) (small blind) folded before Flop
Seat 6: xBAPBAPx (big blind) collected ($2)


PokerStars Hand #166868796053:  Hold'em Limit ($3/$6 USD) - 2017/02/27 15:58:58 ET
Table 'Portia II' 6-max Seat #6 is the button
Seat 4: kolaz03 ($72 in chips)
Seat 6: xBAPBAPx ($89.58 in chips)
xBAPBAPx: posts small blind $1
vestimokrec leaves the table
kolaz03: posts big blind $3
*** HOLE CARDS ***
xBAPBAPx: folds
Uncalled bet ($2) returned to kolaz03
kolaz03 collected $2 from pot
kolaz03: doesn't show hand
*** SUMMARY ***
Total pot $2 | Rake $0
Seat 4: kolaz03 (big blind) collected ($2)
Seat 6: xBAPBAPx (button) (small blind) folded before Flop


PokerStars Hand #166868811946:  Hold'em Limit ($3/$6 USD) - 2017/02/27 15:59:17 ET
Table 'Portia II' 6-max Seat #6 is the button
Seat 4: kolaz03 ($72 in chips)
Seat 6: xBAPBAPx ($89.58 in chips)
xBAPBAPx: posts small blind $1
kolaz03: posts big blind $3
*** HOLE CARDS ***
xBAPBAPx: raises $3 to $6
kolaz03: calls $3
*** FLOP *** [8s 5s Kc]
kolaz03: checks
xBAPBAPx: bets $3
kolaz03: calls $3
*** TURN *** [8s 5s Kc] [4s]
kolaz03: checks
xBAPBAPx: checks
*** RIVER *** [8s 5s Kc 4s] [Qd]
kolaz03: checks
xBAPBAPx: checks
*** SHOW DOWN ***
kolaz03: shows [5c Jd] (a pair of Fives)
xBAPBAPx: mucks hand
kolaz03 collected $17.64 from pot
*** SUMMARY ***
Total pot $18 | Rake $0.36
Board [8s 5s Kc 4s Qd]
Seat 4: kolaz03 (big blind) showed [5c Jd] and won ($17.64) with a pair of Fives
Seat 6: xBAPBAPx (button) (small blind) mucked


PokerStars Hand #166868836213:  Hold'em Limit ($3/$6 USD) - 2017/02/27 15:59:48 ET
Table 'Portia II' 6-max Seat #4 is the button
Seat 4: kolaz03 ($80.64 in chips)
Seat 6: xBAPBAPx ($80.58 in chips)
kolaz03: posts small blind $1
xBAPBAPx: posts big blind $3
*** HOLE CARDS ***
kolaz03: raises $3 to $6
xBAPBAPx: calls $3
*** FLOP *** [7h 2s 8h]
xBAPBAPx: checks
kolaz03: bets $3
xBAPBAPx: raises $3 to $6
kolaz03: calls $3
*** TURN *** [7h 2s 8h] [Qd]
xBAPBAPx: bets $6
kolaz03: calls $6
*** RIVER *** [7h 2s 8h Qd] [Js]
xBAPBAPx: bets $6
kolaz03: raises $6 to $12
xBAPBAPx: calls $6
*** SHOW DOWN ***
kolaz03: shows [6d 5d] (high card Queen)
xBAPBAPx: shows [Ad Ah] (a pair of Aces)
xBAPBAPx collected $59.50 from pot
*** SUMMARY ***
Total pot $60 | Rake $0.50
Board [7h 2s 8h Qd Js]
Seat 4: kolaz03 (button) (small blind) showed [6d 5d] and lost with high card Queen
Seat 6: xBAPBAPx (big blind) showed [Ad Ah] and won ($59.50) with a pair of Aces


