PokerStars Hand #156163586481:  Hold'em Limit ($3/$6 USD) - 2016/07/19 6:13:05 ET
Table 'Portlandia' 6-max Seat #3 is the button
Seat 3: Ag3r0n ($212 in chips)
Seat 6: eldredj ($624.40 in chips)
Ag3r0n: posts small blind $1
eldredj: posts big blind $3
*** HOLE CARDS ***
Ag3r0n: raises $3 to $6
eldredj: calls $3
*** FLOP *** [Qs 6d 9d]
eldredj: checks
Ag3r0n: checks
*** TURN *** [Qs 6d 9d] [8s]
eldredj: checks
Ag3r0n: checks
*** RIVER *** [Qs 6d 9d 8s] [Ad]
eldredj: checks
Ag3r0n: bets $6
eldredj: folds
Uncalled bet ($6) returned to Ag3r0n
Ag3r0n collected $11.76 from pot
*** SUMMARY ***
Total pot $12 | Rake $0.24
Board [Qs 6d 9d 8s Ad]
Seat 3: Ag3r0n (button) (small blind) collected ($11.76)
Seat 6: eldredj (big blind) folded on the River


PokerStars Hand #156163578968:  Hold'em Limit ($3/$6 USD) - 2016/07/19 6:12:45 ET
Table 'Portlandia' 6-max Seat #6 is the button
Seat 3: Ag3r0n ($200.48 in chips)
Seat 6: eldredj ($636.40 in chips)
eldredj: posts small blind $1
Ag3r0n: posts big blind $3
*** HOLE CARDS ***
eldredj: raises $3 to $6
Ag3r0n: calls $3
*** FLOP *** [Td 8c 4c]
Ag3r0n: checks
TbIP-TbIP 88 joins the table at seat #1
eldredj: bets $3
Ag3r0n: raises $3 to $6
eldredj: calls $3
*** TURN *** [Td 8c 4c] [7c]
Ag3r0n: bets $6
eldredj: folds
Uncalled bet ($6) returned to Ag3r0n
Ag3r0n collected $23.52 from pot
*** SUMMARY ***
Total pot $24 | Rake $0.48
Board [Td 8c 4c 7c]
Seat 3: Ag3r0n (big blind) collected ($23.52)
Seat 6: eldredj (button) (small blind) folded on the Turn


PokerStars Hand #156163822832:  Hold'em Limit ($3/$6 USD) - 2016/07/19 6:23:27 ET
Table 'Portlandia' 6-max Seat #3 is the button
Seat 1: TbIP-TbIP 88 ($83.25 in chips)
Seat 3: Ag3r0n ($274.55 in chips)
Ag3r0n: posts small blind $1
TbIP-TbIP 88: posts big blind $3
*** HOLE CARDS ***
Ag3r0n: raises $3 to $6
TbIP-TbIP 88: calls $3
*** FLOP *** [6c 2s 8h]
TbIP-TbIP 88: checks
Ag3r0n: bets $3
TbIP-TbIP 88: raises $3 to $6
mishosauga34 joins the table at seat #2
Ag3r0n: folds
Uncalled bet ($3) returned to TbIP-TbIP 88
TbIP-TbIP 88 collected $17.64 from pot
TbIP-TbIP 88: doesn't show hand
*** SUMMARY ***
Total pot $18 | Rake $0.36
Board [6c 2s 8h]
Seat 1: TbIP-TbIP 88 (big blind) collected ($17.64)
Seat 3: Ag3r0n (button) (small blind) folded on the Flop


PokerStars Hand #156165993762:  Hold'em Limit ($3/$6 USD) - 2016/07/19 7:51:21 ET
Table 'Portlandia' 6-max Seat #5 is the button
Seat 3: Ag3r0n ($154.03 in chips)
Seat 5: Big_M ($202.67 in chips)
Big_M: posts small blind $1
Ag3r0n: posts big blind $3
*** HOLE CARDS ***
Big_M: folds
Uncalled bet ($2) returned to Ag3r0n
Ag3r0n collected $2 from pot
*** SUMMARY ***
Total pot $2 | Rake $0
Seat 3: Ag3r0n (big blind) collected ($2)
Seat 5: Big_M (button) (small blind) folded before Flop


