PokerStars Hand #171816306799:  Hold'em Limit ($3/$6 USD) - 2017/06/15 15:43:00 ET
Table 'Portia II' 6-max Seat #2 is the button
Seat 1: nedo1414 ($120 in chips)
Seat 2: vestimokrec ($120 in chips)
vestimokrec: posts small blind $1
GoliafUa has timed out
GoliafUa: is sitting out
nedo1414: posts big blind $3
*** HOLE CARDS ***
vestimokrec: raises $3 to $6
GoliafUa leaves the table
nedo1414: folds
Uncalled bet ($3) returned to vestimokrec
vestimokrec collected $6 from pot
vestimokrec: doesn't show hand
*** SUMMARY ***
Total pot $6 | Rake $0
Seat 1: nedo1414 (big blind) folded before Flop
Seat 2: vestimokrec (button) (small blind) collected ($6)


PokerStars Hand #171816327653:  Hold'em Limit ($3/$6 USD) - 2017/06/15 15:43:25 ET
Table 'Portia II' 6-max Seat #1 is the button
Seat 1: nedo1414 ($117 in chips)
Seat 2: vestimokrec ($123 in chips)
nedo1414: posts small blind $1
vestimokrec: posts big blind $3
*** HOLE CARDS ***
nedo1414: raises $3 to $6
vestimokrec: calls $3
*** FLOP *** [3d 4h 2c]
vestimokrec: checks
nedo1414: bets $3
vestimokrec: raises $3 to $6
nedo1414: calls $3
*** TURN *** [3d 4h 2c] [6s]
vestimokrec: bets $6
nedo1414: calls $6
*** RIVER *** [3d 4h 2c 6s] [4d]
vestimokrec: checks
nedo1414: checks
*** SHOW DOWN ***
vestimokrec: shows [3h Tc] (two pair, Fours and Threes)
nedo1414: mucks hand
vestimokrec collected $35.50 from pot
*** SUMMARY ***
Total pot $36 | Rake $0.50
Board [3d 4h 2c 6s 4d]
Seat 1: nedo1414 (button) (small blind) mucked
Seat 2: vestimokrec (big blind) showed [3h Tc] and won ($35.50) with two pair, Fours and Threes


PokerStars Hand #171816387975:  Hold'em Limit ($3/$6 USD) - 2017/06/15 15:44:39 ET
Table 'Portia II' 6-max Seat #1 is the button
Seat 1: nedo1414 ($84 in chips)
Seat 2: vestimokrec ($155 in chips)
nedo1414: posts small blind $1
vestimokrec: posts big blind $3
*** HOLE CARDS ***
nedo1414: raises $3 to $6
vestimokrec: calls $3
*** FLOP *** [5c Jd Js]
vestimokrec: checks
nedo1414: bets $3
vestimokrec: calls $3
*** TURN *** [5c Jd Js] [Qc]
vestimokrec: checks
nedo1414: checks
*** RIVER *** [5c Jd Js Qc] [7c]
vestimokrec: bets $6
nedo1414: calls $6
*** SHOW DOWN ***
vestimokrec: shows [Jh 2h] (three of a kind, Jacks)
nedo1414: mucks hand
vestimokrec collected $29.50 from pot
*** SUMMARY ***
Total pot $30 | Rake $0.50
Board [5c Jd Js Qc 7c]
Seat 1: nedo1414 (button) (small blind) mucked
Seat 2: vestimokrec (big blind) showed [Jh 2h] and won ($29.50) with three of a kind, Jacks


PokerStars Hand #171816353356:  Hold'em Limit ($3/$6 USD) - 2017/06/15 15:43:57 ET
Table 'Portia II' 6-max Seat #2 is the button
Seat 1: nedo1414 ($99 in chips)
Seat 2: vestimokrec ($140.50 in chips)
vestimokrec: posts small blind $1
nedo1414: posts big blind $3
*** HOLE CARDS ***
vestimokrec: raises $3 to $6
nedo1414: calls $3
*** FLOP *** [9s 8c Td]
nedo1414: checks
Snapcall171 joins the table at seat #3
vestimokrec: bets $3
nedo1414: calls $3
*** TURN *** [9s 8c Td] [Kc]
nedo1414: checks
Chessnok joins the table at seat #4
vestimokrec: checks
*** RIVER *** [9s 8c Td Kc] [2s]
nedo1414: bets $6
vestimokrec: calls $6
*** SHOW DOWN ***
nedo1414: shows [6c 4d] (high card King)
vestimokrec: shows [9c Jd] (a pair of Nines)
vestimokrec collected $29.50 from pot
*** SUMMARY ***
Total pot $30 | Rake $0.50
Board [9s 8c Td Kc 2s]
Seat 1: nedo1414 (big blind) showed [6c 4d] and lost with high card King
Seat 2: vestimokrec (button) (small blind) showed [9c Jd] and won ($29.50) with a pair of Nines


PokerStars Hand #171818143097:  Hold'em Limit ($3/$6 USD) - 2017/06/15 16:21:34 ET
Table 'Portia II' 6-max Seat #6 is the button
Seat 3: Krazy90 ($134.09 in chips)
Seat 6: krytalex ($191 in chips)
krytalex: posts small blind $1
vestimokrec: is sitting out
Krazy90: posts big blind $3
*** HOLE CARDS ***
krytalex: raises $3 to $6
Krazy90: calls $3
*** FLOP *** [6h Tc 4h]
Krazy90: checks
krytalex: bets $3
Krazy90: raises $3 to $6
krytalex: calls $3
*** TURN *** [6h Tc 4h] [9h]
Krazy90: bets $6
krytalex: calls $6
*** RIVER *** [6h Tc 4h 9h] [Qs]
Krazy90: checks
krytalex: bets $6
Krazy90: calls $6
*** SHOW DOWN ***
krytalex: shows [Qh 6d] (two pair, Queens and Sixes)
Krazy90: mucks hand
krytalex collected $47.50 from pot
*** SUMMARY ***
Total pot $48 | Rake $0.50
Board [6h Tc 4h 9h Qs]
Seat 3: Krazy90 (big blind) mucked
Seat 6: krytalex (button) (small blind) showed [Qh 6d] and won ($47.50) with two pair, Queens and Sixes


