PokerStars Hand #144943301880:  Hold'em Limit ($3/$6 USD) - 2015/12/06 19:36:56 ET
Table 'Portlandia' 10-max Seat #10 is the button
Seat 2: MForce007 ($127.64 in chips)
Seat 10: Kostetikus ($73 in chips)
Kostetikus: posts small blind $1
MForce007: posts big blind $3
*** HOLE CARDS ***
Kostetikus: folds
Uncalled bet ($2) returned to MForce007
MForce007 collected $2 from pot
MForce007: doesn't show hand
*** SUMMARY ***
Total pot $2 | Rake $0
Seat 2: MForce007 (big blind) collected ($2)
Seat 10: Kostetikus (button) (small blind) folded before Flop


PokerStars Hand #144943298850:  Hold'em Limit ($3/$6 USD) - 2015/12/06 19:36:51 ET
Table 'Portlandia' 10-max Seat #2 is the button
Seat 2: MForce007 ($128.64 in chips)
Seat 10: Kostetikus ($72 in chips)
MForce007: posts small blind $1
Kostetikus: posts big blind $3
*** HOLE CARDS ***
MForce007: folds
Uncalled bet ($2) returned to Kostetikus
Kostetikus collected $2 from pot
Kostetikus: doesn't show hand
*** SUMMARY ***
Total pot $2 | Rake $0
Seat 2: MForce007 (button) (small blind) folded before Flop
Seat 10: Kostetikus (big blind) collected ($2)


PokerStars Hand #144943286791:  Hold'em Limit ($3/$6 USD) - 2015/12/06 19:36:32 ET
Table 'Portlandia' 10-max Seat #10 is the button
Seat 2: MForce007 ($120 in chips)
Seat 10: Kostetikus ($73 in chips)
Kostetikus: posts small blind $1
MForce007: posts big blind $3
*** HOLE CARDS ***
Kostetikus: raises $3 to $6
MForce007: calls $3
*** FLOP *** [9c 4c 5h]
MForce007: checks
Kostetikus: bets $3
MForce007: calls $3
*** TURN *** [9c 4c 5h] [Ah]
MForce007: checks
Kostetikus: checks
*** RIVER *** [9c 4c 5h Ah] [Ad]
MForce007: checks
Kostetikus: checks
*** SHOW DOWN ***
MForce007: shows [Qc Qs] (two pair, Aces and Queens)
Kostetikus: mucks hand
MForce007 collected $17.64 from pot
*** SUMMARY ***
Total pot $18 | Rake $0.36
Board [9c 4c 5h Ah Ad]
Seat 2: MForce007 (big blind) showed [Qc Qs] and won ($17.64) with two pair, Aces and Queens
Seat 10: Kostetikus (button) (small blind) mucked


PokerStars Hand #144943327028:  Hold'em Limit ($3/$6 USD) - 2015/12/06 19:37:37 ET
Table 'Portlandia' 10-max Seat #10 is the button
Seat 2: MForce007 ($130.28 in chips)
Seat 10: Kostetikus ($77.76 in chips)
Kostetikus: posts small blind $1
MForce007: posts big blind $3
*** HOLE CARDS ***
Kostetikus: raises $3 to $6
MForce007: calls $3
*** FLOP *** [Qs 2d 4d]
MForce007: bets $3
Kostetikus: calls $3
*** TURN *** [Qs 2d 4d] [8h]
MForce007: bets $6
Kostetikus: folds
Uncalled bet ($6) returned to MForce007
MForce007 collected $17.64 from pot
MForce007: doesn't show hand
*** SUMMARY ***
Total pot $18 | Rake $0.36
Board [Qs 2d 4d 8h]
Seat 2: MForce007 (big blind) collected ($17.64)
Seat 10: Kostetikus (button) (small blind) folded on the Turn


PokerStars Hand #144943318192:  Hold'em Limit ($3/$6 USD) - 2015/12/06 19:37:23 ET
Table 'Portlandia' 10-max Seat #2 is the button
Seat 2: MForce007 ($136.28 in chips)
Seat 10: Kostetikus ($72 in chips)
MForce007: posts small blind $1
Kostetikus: posts big blind $3
*** HOLE CARDS ***
MForce007: calls $2
Kostetikus: raises $3 to $6
MForce007: calls $3
*** FLOP *** [Ah Qs 6h]
Kostetikus: bets $3
MForce007: folds
Uncalled bet ($3) returned to Kostetikus
Kostetikus collected $11.76 from pot
Kostetikus: doesn't show hand
*** SUMMARY ***
Total pot $12 | Rake $0.24
Board [Ah Qs 6h]
Seat 2: MForce007 (button) (small blind) folded on the Flop
Seat 10: Kostetikus (big blind) collected ($11.76)


PokerStars Hand #144943307529:  Hold'em Limit ($3/$6 USD) - 2015/12/06 19:37:05 ET
Table 'Portlandia' 10-max Seat #10 is the button
Seat 2: MForce007 ($127.64 in chips)
Seat 10: Kostetikus ($73 in chips)
Kostetikus: posts small blind $1
MForce007: posts big blind $3
*** HOLE CARDS ***
Kostetikus: raises $3 to $6
MForce007: calls $3
*** FLOP *** [Ac 2s Qh]
MForce007: checks
Kostetikus: bets $3
MForce007: calls $3
*** TURN *** [Ac 2s Qh] [Kc]
MForce007: checks
Kostetikus: checks
*** RIVER *** [Ac 2s Qh Kc] [3s]
MForce007: bets $6
Kostetikus: folds
Uncalled bet ($6) returned to MForce007
MForce007 collected $17.64 from pot
MForce007: doesn't show hand
*** SUMMARY ***
Total pot $18 | Rake $0.36
Board [Ac 2s Qh Kc 3s]
Seat 2: MForce007 (big blind) collected ($17.64)
Seat 10: Kostetikus (button) (small blind) folded on the River


