PokerStars Hand #162493930874:  Hold'em Limit ($3/$6 USD) - 2016/12/06 4:25:08 ET
Table 'Portia II' 10-max Seat #9 is the button
Seat 5: Lansky27 ($46.40 in chips)
Seat 9: GoliafUa ($108 in chips)
GoliafUa: posts small blind $1
Lansky27: posts big blind $3
*** HOLE CARDS ***
GoliafUa: raises $3 to $6
Lansky27: calls $3
*** FLOP *** [2h 8h Td]
Lansky27: bets $3
GoliafUa: folds
Uncalled bet ($3) returned to Lansky27
Lansky27 collected $11.76 from pot
Lansky27: doesn't show hand
*** SUMMARY ***
Total pot $12 | Rake $0.24
Board [2h 8h Td]
Seat 5: Lansky27 (big blind) collected ($11.76)
Seat 9: GoliafUa (button) (small blind) folded on the Flop


PokerStars Hand #162494040244:  Hold'em Limit ($3/$6 USD) - 2016/12/06 4:29:58 ET
Table 'Portia II' 10-max Seat #9 is the button
Seat 6: B_loJkl ($176.40 in chips)
Seat 9: GoliafUa ($178 in chips)
GoliafUa: posts small blind $1
B_loJkl: posts big blind $3
*** HOLE CARDS ***
GoliafUa: folds
Uncalled bet ($2) returned to B_loJkl
B_loJkl collected $2 from pot
B_loJkl: doesn't show hand
*** SUMMARY ***
Total pot $2 | Rake $0
Seat 6: B_loJkl (big blind) collected ($2)
Seat 9: GoliafUa (button) (small blind) folded before Flop


PokerStars Hand #162494481753:  Hold'em Limit ($3/$6 USD) - 2016/12/06 4:48:55 ET
Table 'Portia II' 10-max Seat #7 is the button
Seat 5: ImDaBest514 ($120 in chips)
Seat 7: B_loJkl ($150 in chips)
B_loJkl: posts small blind $1
ImDaBest514: posts big blind $3
*** HOLE CARDS ***
B_loJkl: raises $3 to $6
ImDaBest514: calls $3
*** FLOP *** [Td Ts 9h]
ImDaBest514: checks
B_loJkl: bets $3
ImDaBest514: folds
Uncalled bet ($3) returned to B_loJkl
B_loJkl collected $11.76 from pot
B_loJkl: doesn't show hand
*** SUMMARY ***
Total pot $12 | Rake $0.24
Board [Td Ts 9h]
Seat 5: ImDaBest514 (big blind) folded on the Flop
Seat 7: B_loJkl (button) (small blind) collected ($11.76)


