PokerStars Hand #147808242207:  Hold'em Limit ($3/$6 USD) - 2016/01/28 4:39:27 ET
Table 'Portlandia' 6-max Seat #4 is the button
Seat 3: Simpiwe ($126.64 in chips)
Seat 4: Actionni13 ($151 in chips)
Actionni13: posts small blind $1
Simpiwe: posts big blind $3
*** HOLE CARDS ***
Actionni13: raises $3 to $6
Simpiwe: folds
Uncalled bet ($3) returned to Actionni13
Actionni13 collected $6 from pot
Actionni13: doesn't show hand
*** SUMMARY ***
Total pot $6 | Rake $0
Seat 3: Simpiwe (big blind) folded before Flop
Seat 4: Actionni13 (button) (small blind) collected ($6)


PokerStars Hand #147808240404:  Hold'em Limit ($3/$6 USD) - 2016/01/28 4:39:23 ET
Table 'Portlandia' 6-max Seat #3 is the button
Seat 3: Simpiwe ($127.64 in chips)
Seat 4: Actionni13 ($150 in chips)
Simpiwe: posts small blind $1
Actionni13: posts big blind $3
*** HOLE CARDS ***
Simpiwe: folds
Uncalled bet ($2) returned to Actionni13
Actionni13 collected $2 from pot
Actionni13: doesn't show hand
*** SUMMARY ***
Total pot $2 | Rake $0
Seat 3: Simpiwe (button) (small blind) folded before Flop
Seat 4: Actionni13 (big blind) collected ($2)


PokerStars Hand #147808238425:  Hold'em Limit ($3/$6 USD) - 2016/01/28 4:39:18 ET
Table 'Portlandia' 6-max Seat #4 is the button
Seat 3: Simpiwe ($126.64 in chips)
Seat 4: Actionni13 ($151 in chips)
Actionni13: posts small blind $1
Simpiwe: posts big blind $3
*** HOLE CARDS ***
Actionni13: folds
Uncalled bet ($2) returned to Simpiwe
Simpiwe collected $2 from pot
Simpiwe: doesn't show hand
*** SUMMARY ***
Total pot $2 | Rake $0
Seat 3: Simpiwe (big blind) collected ($2)
Seat 4: Actionni13 (button) (small blind) folded before Flop


PokerStars Hand #147808235713:  Hold'em Limit ($3/$6 USD) - 2016/01/28 4:39:12 ET
Table 'Portlandia' 6-max Seat #3 is the button
Seat 3: Simpiwe ($127.64 in chips)
Seat 4: Actionni13 ($150 in chips)
Simpiwe: posts small blind $1
Actionni13: posts big blind $3
*** HOLE CARDS ***
Simpiwe: folds
Uncalled bet ($2) returned to Actionni13
Actionni13 collected $2 from pot
Actionni13: doesn't show hand
*** SUMMARY ***
Total pot $2 | Rake $0
Seat 3: Simpiwe (button) (small blind) folded before Flop
Seat 4: Actionni13 (big blind) collected ($2)


PokerStars Hand #147808231559:  Hold'em Limit ($3/$6 USD) - 2016/01/28 4:39:02 ET
Table 'Portlandia' 6-max Seat #4 is the button
Seat 3: Simpiwe ($119 in chips)
Seat 4: Actionni13 ($151 in chips)
Actionni13: posts small blind $1
Simpiwe: posts big blind $3
*** HOLE CARDS ***
Actionni13: raises $3 to $6
Simpiwe: raises $3 to $9
Actionni13: calls $3
*** FLOP *** [Kd Ad 3h]
Simpiwe: bets $3
Actionni13: folds
Uncalled bet ($3) returned to Simpiwe
Simpiwe collected $17.64 from pot
Simpiwe: doesn't show hand
*** SUMMARY ***
Total pot $18 | Rake $0.36
Board [Kd Ad 3h]
Seat 3: Simpiwe (big blind) collected ($17.64)
Seat 4: Actionni13 (button) (small blind) folded on the Flop


PokerStars Hand #147808259178:  Hold'em Limit ($3/$6 USD) - 2016/01/28 4:40:07 ET
Table 'Portlandia' 6-max Seat #4 is the button
Seat 3: Simpiwe ($146.90 in chips)
Seat 4: Actionni13 ($150 in chips)
Actionni13: posts small blind $1
Simpiwe: posts big blind $3
*** HOLE CARDS ***
Actionni13: raises $3 to $6
Simpiwe: calls $3
*** FLOP *** [7d 4s Jd]
Simpiwe: checks
Actionni13: bets $3
Simpiwe: raises $3 to $6
Actionni13: calls $3
*** TURN *** [7d 4s Jd] [5s]
Simpiwe: bets $6
Actionni13: calls $6
*** RIVER *** [7d 4s Jd 5s] [9h]
Simpiwe: checks
Actionni13: checks
*** SHOW DOWN ***
Simpiwe: shows [7c Ks] (a pair of Sevens)
Actionni13: mucks hand
Simpiwe collected $35.50 from pot
*** SUMMARY ***
Total pot $36 | Rake $0.50
Board [7d 4s Jd 5s 9h]
Seat 3: Simpiwe (big blind) showed [7c Ks] and won ($35.50) with a pair of Sevens
Seat 4: Actionni13 (button) (small blind) mucked


PokerStars Hand #147808256437:  Hold'em Limit ($3/$6 USD) - 2016/01/28 4:40:01 ET
Table 'Portlandia' 6-max Seat #3 is the button
Seat 3: Simpiwe ($143.90 in chips)
Seat 4: Actionni13 ($150 in chips)
Simpiwe: posts small blind $1
Actionni13: posts big blind $3
*** HOLE CARDS ***
Simpiwe: raises $3 to $6
Actionni13: folds
Uncalled bet ($3) returned to Simpiwe
Simpiwe collected $6 from pot
Simpiwe: doesn't show hand
*** SUMMARY ***
Total pot $6 | Rake $0
Seat 3: Simpiwe (button) (small blind) collected ($6)
Seat 4: Actionni13 (big blind) folded before Flop


PokerStars Hand #147808248466:  Hold'em Limit ($3/$6 USD) - 2016/01/28 4:39:42 ET
Table 'Portlandia' 6-max Seat #4 is the button
Seat 3: Simpiwe ($129.40 in chips)
Seat 4: Actionni13 ($150 in chips)
Actionni13: posts small blind $1
Simpiwe: posts big blind $3
*** HOLE CARDS ***
Actionni13: raises $3 to $6
Simpiwe: calls $3
*** FLOP *** [6d 5d Ah]
Simpiwe: checks
Actionni13: bets $3
Simpiwe: calls $3
*** TURN *** [6d 5d Ah] [7h]
Simpiwe: checks
Actionni13: bets $6
Simpiwe: calls $6
*** RIVER *** [6d 5d Ah 7h] [Qd]
Simpiwe: checks
Actionni13: checks
*** SHOW DOWN ***
Simpiwe: shows [6c 8d] (a pair of Sixes)
Actionni13: mucks hand
Simpiwe collected $29.50 from pot
*** SUMMARY ***
Total pot $30 | Rake $0.50
Board [6d 5d Ah 7h Qd]
Seat 3: Simpiwe (big blind) showed [6c 8d] and won ($29.50) with a pair of Sixes
Seat 4: Actionni13 (button) (small blind) mucked


PokerStars Hand #147808244367:  Hold'em Limit ($3/$6 USD) - 2016/01/28 4:39:32 ET
Table 'Portlandia' 6-max Seat #3 is the button
Seat 3: Simpiwe ($123.64 in chips)
Seat 4: Actionni13 ($154 in chips)
Simpiwe: posts small blind $1
Actionni13: posts big blind $3
*** HOLE CARDS ***
Simpiwe: raises $3 to $6
Actionni13: calls $3
*** FLOP *** [Ah Jd 8d]
Actionni13: checks
Simpiwe: bets $3
Actionni13: folds
Uncalled bet ($3) returned to Simpiwe
Simpiwe collected $11.76 from pot
Simpiwe: doesn't show hand
*** SUMMARY ***
Total pot $12 | Rake $0.24
Board [Ah Jd 8d]
Seat 3: Simpiwe (button) (small blind) collected ($11.76)
Seat 4: Actionni13 (big blind) folded on the Flop


PokerStars Hand #147808278899:  Hold'em Limit ($3/$6 USD) - 2016/01/28 4:40:54 ET
Table 'Portlandia' 6-max Seat #3 is the button
Seat 3: Simpiwe ($167.16 in chips)
Seat 4: Actionni13 ($153 in chips)
Simpiwe: posts small blind $1
Actionni13: posts big blind $3
*** HOLE CARDS ***
Simpiwe: calls $2
Actionni13: checks
*** FLOP *** [Kc Kh 2c]
Actionni13: checks
Simpiwe: bets $3
Actionni13: raises $3 to $6
Simpiwe: folds
Uncalled bet ($3) returned to Actionni13
Actionni13 collected $11.76 from pot
Actionni13: doesn't show hand
*** SUMMARY ***
Total pot $12 | Rake $0.24
Board [Kc Kh 2c]
Seat 3: Simpiwe (button) (small blind) folded on the Flop
Seat 4: Actionni13 (big blind) collected ($11.76)


PokerStars Hand #147808276706:  Hold'em Limit ($3/$6 USD) - 2016/01/28 4:40:49 ET
Table 'Portlandia' 6-max Seat #4 is the button
Seat 3: Simpiwe ($170.16 in chips)
Seat 4: Actionni13 ($150 in chips)
Actionni13: posts small blind $1
Simpiwe: posts big blind $3
*** HOLE CARDS ***
Actionni13: raises $3 to $6
Simpiwe: folds
Uncalled bet ($3) returned to Actionni13
Actionni13 collected $6 from pot
Actionni13: doesn't show hand
*** SUMMARY ***
Total pot $6 | Rake $0
Seat 3: Simpiwe (big blind) folded before Flop
Seat 4: Actionni13 (button) (small blind) collected ($6)


PokerStars Hand #147808272032:  Hold'em Limit ($3/$6 USD) - 2016/01/28 4:40:38 ET
Table 'Portlandia' 6-max Seat #3 is the button
Seat 3: Simpiwe ($164.40 in chips)
Seat 4: Actionni13 ($150 in chips)
Simpiwe: posts small blind $1
Actionni13: posts big blind $3
*** HOLE CARDS ***
Simpiwe: raises $3 to $6
Actionni13: calls $3
*** FLOP *** [Tc Kd 4d]
Actionni13: checks
Simpiwe: bets $3
Actionni13: folds
Uncalled bet ($3) returned to Simpiwe
Simpiwe collected $11.76 from pot
Simpiwe: doesn't show hand
*** SUMMARY ***
Total pot $12 | Rake $0.24
Board [Tc Kd 4d]
Seat 3: Simpiwe (button) (small blind) collected ($11.76)
Seat 4: Actionni13 (big blind) folded on the Flop


PokerStars Hand #147808423703:  Hold'em Limit ($3/$6 USD) - 2016/01/28 4:46:24 ET
Table 'Portlandia' 6-max Seat #5 is the button
Seat 4: Actionni13 ($157.76 in chips)
Seat 5: hairy1961 ($60.72 in chips)
hairy1961: posts small blind $1
Actionni13: posts big blind $3
*** HOLE CARDS ***
hairy1961: raises $3 to $6
Actionni13: folds
Uncalled bet ($3) returned to hairy1961
hairy1961 collected $6 from pot
hairy1961: doesn't show hand
*** SUMMARY ***
Total pot $6 | Rake $0
Seat 4: Actionni13 (big blind) folded before Flop
Seat 5: hairy1961 (button) (small blind) collected ($6)


PokerStars Hand #147808420361:  Hold'em Limit ($3/$6 USD) - 2016/01/28 4:46:17 ET
Table 'Portlandia' 6-max Seat #4 is the button
Seat 4: Actionni13 ($158.76 in chips)
Seat 5: hairy1961 ($59.72 in chips)
Actionni13: posts small blind $1
hairy1961: posts big blind $3
*** HOLE CARDS ***
Actionni13: folds
Uncalled bet ($2) returned to hairy1961
hairy1961 collected $2 from pot
hairy1961: doesn't show hand
*** SUMMARY ***
Total pot $2 | Rake $0
Seat 4: Actionni13 (button) (small blind) folded before Flop
Seat 5: hairy1961 (big blind) collected ($2)


PokerStars Hand #147808439886:  Hold'em Limit ($3/$6 USD) - 2016/01/28 4:47:01 ET
Table 'Portlandia' 6-max Seat #4 is the button
Seat 4: Actionni13 ($150 in chips)
Seat 5: hairy1961 ($75.22 in chips)
Actionni13: posts small blind $1
hairy1961: posts big blind $3
*** HOLE CARDS ***
Actionni13: raises $3 to $6
hairy1961: calls $3
*** FLOP *** [Ts 6s 2h]
hairy1961: bets $3
Actionni13: calls $3
*** TURN *** [Ts 6s 2h] [Jh]
hairy1961: checks
Actionni13: bets $6
hairy1961: calls $6
*** RIVER *** [Ts 6s 2h Jh] [3c]
hairy1961: checks
Actionni13: checks
*** SHOW DOWN ***
hairy1961: shows [Ks Th] (a pair of Tens)
Actionni13: mucks hand
hairy1961 collected $29.50 from pot
*** SUMMARY ***
Total pot $30 | Rake $0.50
Board [Ts 6s 2h Jh 3c]
Seat 4: Actionni13 (button) (small blind) mucked
Seat 5: hairy1961 (big blind) showed [Ks Th] and won ($29.50) with a pair of Tens


PokerStars Hand #147808429877:  Hold'em Limit ($3/$6 USD) - 2016/01/28 4:46:38 ET
Table 'Portlandia' 6-max Seat #5 is the button
Seat 4: Actionni13 ($157.76 in chips)
Seat 5: hairy1961 ($60.72 in chips)
hairy1961: posts small blind $1
Actionni13: posts big blind $3
*** HOLE CARDS ***
hairy1961: calls $2
Actionni13: checks
*** FLOP *** [4d 9s 6d]
Actionni13: checks
hairy1961: checks
*** TURN *** [4d 9s 6d] [3h]
Actionni13: bets $6
hairy1961: calls $6
*** RIVER *** [4d 9s 6d 3h] [Ts]
Actionni13: checks
hairy1961: bets $6
Actionni13: calls $6
*** SHOW DOWN ***
hairy1961: shows [Th Qh] (a pair of Tens)
Actionni13: mucks hand
hairy1961 collected $29.50 from pot
*** SUMMARY ***
Total pot $30 | Rake $0.50
Board [4d 9s 6d 3h Ts]
Seat 4: Actionni13 (big blind) mucked
Seat 5: hairy1961 (button) (small blind) showed [Th Qh] and won ($29.50) with a pair of Tens


PokerStars Hand #147808426844:  Hold'em Limit ($3/$6 USD) - 2016/01/28 4:46:32 ET
Table 'Portlandia' 6-max Seat #4 is the button
Seat 4: Actionni13 ($154.76 in chips)
Seat 5: hairy1961 ($63.72 in chips)
Actionni13: posts small blind $1
hairy1961: posts big blind $3
*** HOLE CARDS ***
Actionni13: raises $3 to $6
hairy1961: folds
Uncalled bet ($3) returned to Actionni13
Actionni13 collected $6 from pot
Actionni13: doesn't show hand
*** SUMMARY ***
Total pot $6 | Rake $0
Seat 4: Actionni13 (button) (small blind) collected ($6)
Seat 5: hairy1961 (big blind) folded before Flop


PokerStars Hand #147808476024:  Hold'em Limit ($3/$6 USD) - 2016/01/28 4:48:23 ET
Table 'Portlandia' 6-max Seat #5 is the button
Seat 4: Actionni13 ($173.50 in chips)
Seat 5: hairy1961 ($65.24 in chips)
hairy1961: posts small blind $1
Actionni13: posts big blind $3
*** HOLE CARDS ***
hairy1961: folds
Uncalled bet ($2) returned to Actionni13
Actionni13 collected $2 from pot
Actionni13: doesn't show hand
*** SUMMARY ***
Total pot $2 | Rake $0
Seat 4: Actionni13 (big blind) collected ($2)
Seat 5: hairy1961 (button) (small blind) folded before Flop


PokerStars Hand #147808467303:  Hold'em Limit ($3/$6 USD) - 2016/01/28 4:48:03 ET
Table 'Portlandia' 6-max Seat #4 is the button
Seat 4: Actionni13 ($185.50 in chips)
Seat 5: hairy1961 ($53.72 in chips)
Actionni13: posts small blind $1
hairy1961: posts big blind $3
*** HOLE CARDS ***
Actionni13: raises $3 to $6
hairy1961: raises $3 to $9
Actionni13: calls $3
*** FLOP *** [Qh 3h Jh]
hairy1961: bets $3
Actionni13: calls $3
*** TURN *** [Qh 3h Jh] [8h]
hairy1961: bets $6
Actionni13: folds
Uncalled bet ($6) returned to hairy1961
hairy1961 collected $23.52 from pot
hairy1961: doesn't show hand
*** SUMMARY ***
Total pot $24 | Rake $0.48
Board [Qh 3h Jh 8h]
Seat 4: Actionni13 (button) (small blind) folded on the Turn
Seat 5: hairy1961 (big blind) collected ($23.52)


PokerStars Hand #147808464738:  Hold'em Limit ($3/$6 USD) - 2016/01/28 4:47:58 ET
Table 'Portlandia' 6-max Seat #5 is the button
Seat 4: Actionni13 ($184.50 in chips)
Seat 5: hairy1961 ($54.72 in chips)
hairy1961: posts small blind $1
Actionni13: posts big blind $3
*** HOLE CARDS ***
hairy1961: folds
Uncalled bet ($2) returned to Actionni13
Actionni13 collected $2 from pot
Actionni13: doesn't show hand
*** SUMMARY ***
Total pot $2 | Rake $0
Seat 4: Actionni13 (big blind) collected ($2)
Seat 5: hairy1961 (button) (small blind) folded before Flop


PokerStars Hand #147808462394:  Hold'em Limit ($3/$6 USD) - 2016/01/28 4:47:52 ET
Table 'Portlandia' 6-max Seat #4 is the button
Seat 4: Actionni13 ($185.50 in chips)
Seat 5: hairy1961 ($53.72 in chips)
Actionni13: posts small blind $1
hairy1961: posts big blind $3
*** HOLE CARDS ***
Actionni13: folds
Uncalled bet ($2) returned to hairy1961
hairy1961 collected $2 from pot
hairy1961: doesn't show hand
*** SUMMARY ***
Total pot $2 | Rake $0
Seat 4: Actionni13 (button) (small blind) folded before Flop
Seat 5: hairy1961 (big blind) collected ($2)


PokerStars Hand #147808450893:  Hold'em Limit ($3/$6 USD) - 2016/01/28 4:47:26 ET
Table 'Portlandia' 6-max Seat #5 is the button
Seat 4: Actionni13 ($150 in chips)
Seat 5: hairy1961 ($89.72 in chips)
hairy1961: posts small blind $1
Actionni13: posts big blind $3
*** HOLE CARDS ***
hairy1961: raises $3 to $6
Actionni13: calls $3
*** FLOP *** [5s Qs 3h]
Actionni13: checks
hairy1961: bets $3
Actionni13: raises $3 to $6
hairy1961: calls $3
*** TURN *** [5s Qs 3h] [6h]
Actionni13: bets $6
hairy1961: raises $6 to $12
Actionni13: raises $6 to $18
hairy1961: calls $6
*** RIVER *** [5s Qs 3h 6h] [8d]
Actionni13: bets $6
hairy1961: calls $6
*** SHOW DOWN ***
Actionni13: shows [6c Qc] (two pair, Queens and Sixes)
hairy1961: mucks hand
Actionni13 collected $71.50 from pot
*** SUMMARY ***
Total pot $72 | Rake $0.50
Board [5s Qs 3h 6h 8d]
Seat 4: Actionni13 (big blind) showed [6c Qc] and won ($71.50) with two pair, Queens and Sixes
Seat 5: hairy1961 (button) (small blind) mucked


PokerStars Hand #147808495852:  Hold'em Limit ($3/$6 USD) - 2016/01/28 4:49:08 ET
Table 'Portlandia' 6-max Seat #5 is the button
Seat 4: Actionni13 ($189.90 in chips)
Seat 5: hairy1961 ($48.24 in chips)
hairy1961: posts small blind $1
Actionni13: posts big blind $3
*** HOLE CARDS ***
hairy1961: raises $3 to $6
Actionni13: raises $3 to $9
hairy1961: calls $3
*** FLOP *** [Tc 5c Ad]
Actionni13: bets $3
hairy1961: calls $3
*** TURN *** [Tc 5c Ad] [4d]
Actionni13: bets $6
hairy1961: folds
Uncalled bet ($6) returned to Actionni13
Actionni13 collected $23.52 from pot
Actionni13: doesn't show hand
*** SUMMARY ***
Total pot $24 | Rake $0.48
Board [Tc 5c Ad 4d]
Seat 4: Actionni13 (big blind) collected ($23.52)
Seat 5: hairy1961 (button) (small blind) folded on the Turn


PokerStars Hand #147808487946:  Hold'em Limit ($3/$6 USD) - 2016/01/28 4:48:50 ET
Table 'Portlandia' 6-max Seat #4 is the button
Seat 4: Actionni13 ($181.26 in chips)
Seat 5: hairy1961 ($57.24 in chips)
Actionni13: posts small blind $1
hairy1961: posts big blind $3
*** HOLE CARDS ***
Actionni13: raises $3 to $6
hairy1961: calls $3
*** FLOP *** [7d Js Td]
hairy1961: checks
Actionni13: bets $3
hairy1961: calls $3
*** TURN *** [7d Js Td] [Jd]
hairy1961: checks
Actionni13: bets $6
hairy1961: folds
Uncalled bet ($6) returned to Actionni13
Actionni13 collected $17.64 from pot
Actionni13: doesn't show hand
*** SUMMARY ***
Total pot $18 | Rake $0.36
Board [7d Js Td Jd]
Seat 4: Actionni13 (button) (small blind) collected ($17.64)
Seat 5: hairy1961 (big blind) folded on the Turn


PokerStars Hand #147808484959:  Hold'em Limit ($3/$6 USD) - 2016/01/28 4:48:43 ET
Table 'Portlandia' 6-max Seat #5 is the button
Seat 4: Actionni13 ($180.26 in chips)
Seat 5: hairy1961 ($58.24 in chips)
hairy1961: posts small blind $1
Actionni13: posts big blind $3
*** HOLE CARDS ***
hairy1961: folds
Uncalled bet ($2) returned to Actionni13
Actionni13 collected $2 from pot
Actionni13: doesn't show hand
*** SUMMARY ***
Total pot $2 | Rake $0
Seat 4: Actionni13 (big blind) collected ($2)
Seat 5: hairy1961 (button) (small blind) folded before Flop


PokerStars Hand #147808478680:  Hold'em Limit ($3/$6 USD) - 2016/01/28 4:48:29 ET
Table 'Portlandia' 6-max Seat #4 is the button
Seat 4: Actionni13 ($174.50 in chips)
Seat 5: hairy1961 ($64.24 in chips)
Actionni13: posts small blind $1
hairy1961: posts big blind $3
*** HOLE CARDS ***
Actionni13: raises $3 to $6
hairy1961: calls $3
*** FLOP *** [7s Kh Qh]
hairy1961: checks
Actionni13: bets $3
hairy1961: folds
Uncalled bet ($3) returned to Actionni13
Actionni13 collected $11.76 from pot
Actionni13: doesn't show hand
*** SUMMARY ***
Total pot $12 | Rake $0.24
Board [7s Kh Qh]
Seat 4: Actionni13 (button) (small blind) collected ($11.76)
Seat 5: hairy1961 (big blind) folded on the Flop


PokerStars Hand #147808527660:  Hold'em Limit ($3/$6 USD) - 2016/01/28 4:50:21 ET
Table 'Portlandia' 6-max Seat #5 is the button
Seat 4: Actionni13 ($169.42 in chips)
Seat 5: hairy1961 ($67.24 in chips)
hairy1961: posts small blind $1
Actionni13: posts big blind $3
*** HOLE CARDS ***
hairy1961: raises $3 to $6
Actionni13: raises $3 to $9
hairy1961: calls $3
*** FLOP *** [Th 8c 2c]
Actionni13: bets $3
hairy1961: calls $3
*** TURN *** [Th 8c 2c] [8d]
Actionni13: bets $6
hairy1961: folds
Uncalled bet ($6) returned to Actionni13
Actionni13 collected $23.52 from pot
Actionni13: doesn't show hand
*** SUMMARY ***
Total pot $24 | Rake $0.48
Board [Th 8c 2c 8d]
Seat 4: Actionni13 (big blind) collected ($23.52)
Seat 5: hairy1961 (button) (small blind) folded on the Turn


PokerStars Hand #147808515407:  Hold'em Limit ($3/$6 USD) - 2016/01/28 4:49:53 ET
Table 'Portlandia' 6-max Seat #4 is the button
Seat 4: Actionni13 ($187.42 in chips)
Seat 5: hairy1961 ($49.74 in chips)
Actionni13: posts small blind $1
hairy1961: posts big blind $3
*** HOLE CARDS ***
Actionni13: raises $3 to $6
hairy1961: calls $3
*** FLOP *** [2d Td 8d]
hairy1961: checks
Actionni13: bets $3
hairy1961: raises $3 to $6
Actionni13: calls $3
*** TURN *** [2d Td 8d] [As]
hairy1961: bets $6
Actionni13: calls $6
*** RIVER *** [2d Td 8d As] [9d]
hairy1961: bets $6
Actionni13: folds
Uncalled bet ($6) returned to hairy1961
hairy1961 collected $35.50 from pot
hairy1961: doesn't show hand
*** SUMMARY ***
Total pot $36 | Rake $0.50
Board [2d Td 8d As 9d]
Seat 4: Actionni13 (button) (small blind) folded on the River
Seat 5: hairy1961 (big blind) collected ($35.50)


PokerStars Hand #147808512939:  Hold'em Limit ($3/$6 USD) - 2016/01/28 4:49:47 ET
Table 'Portlandia' 6-max Seat #5 is the button
Seat 4: Actionni13 ($186.42 in chips)
Seat 5: hairy1961 ($50.74 in chips)
hairy1961: posts small blind $1
Actionni13: posts big blind $3
*** HOLE CARDS ***
hairy1961: folds
Uncalled bet ($2) returned to Actionni13
Actionni13 collected $2 from pot
Actionni13: doesn't show hand
*** SUMMARY ***
Total pot $2 | Rake $0
Seat 4: Actionni13 (big blind) collected ($2)
Seat 5: hairy1961 (button) (small blind) folded before Flop


PokerStars Hand #147808502736:  Hold'em Limit ($3/$6 USD) - 2016/01/28 4:49:24 ET
Table 'Portlandia' 6-max Seat #4 is the button
Seat 4: Actionni13 ($201.42 in chips)
Seat 5: hairy1961 ($36.24 in chips)
Actionni13: posts small blind $1
hairy1961: posts big blind $3
*** HOLE CARDS ***
Actionni13: raises $3 to $6
hairy1961: raises $3 to $9
Actionni13: calls $3
*** FLOP *** [5d 7h 6c]
hairy1961: bets $3
Actionni13: raises $3 to $6
hairy1961: calls $3
*** TURN *** [5d 7h 6c] [7c]
hairy1961: checks
Actionni13: checks
*** RIVER *** [5d 7h 6c 7c] [6d]
hairy1961: bets $6
Actionni13: folds
Uncalled bet ($6) returned to hairy1961
hairy1961 collected $29.50 from pot
hairy1961: doesn't show hand
*** SUMMARY ***
Total pot $30 | Rake $0.50
Board [5d 7h 6c 7c 6d]
Seat 4: Actionni13 (button) (small blind) folded on the River
Seat 5: hairy1961 (big blind) collected ($29.50)


PokerStars Hand #147808549747:  Hold'em Limit ($3/$6 USD) - 2016/01/28 4:51:11 ET
Table 'Portlandia' 6-max Seat #4 is the button
Seat 4: Actionni13 ($165.94 in chips)
Seat 5: hairy1961 ($69.74 in chips)
Actionni13: posts small blind $1
hairy1961: posts big blind $3
*** HOLE CARDS ***
Actionni13: raises $3 to $6
hairy1961: calls $3
*** FLOP *** [5h Qs Jh]
hairy1961: checks
Actionni13: bets $3
hairy1961: raises $3 to $6
Actionni13: folds
Uncalled bet ($3) returned to hairy1961
hairy1961 collected $17.64 from pot
hairy1961: doesn't show hand
*** SUMMARY ***
Total pot $18 | Rake $0.36
Board [5h Qs Jh]
Seat 4: Actionni13 (button) (small blind) folded on the Flop
Seat 5: hairy1961 (big blind) collected ($17.64)


PokerStars Hand #147808538021:  Hold'em Limit ($3/$6 USD) - 2016/01/28 4:50:45 ET
Table 'Portlandia' 6-max Seat #5 is the button
Seat 4: Actionni13 ($183.94 in chips)
Seat 5: hairy1961 ($52.24 in chips)
hairy1961: posts small blind $1
Actionni13: posts big blind $3
*** HOLE CARDS ***
hairy1961: raises $3 to $6
Actionni13: calls $3
*** FLOP *** [5c Qd 5d]
Actionni13: checks
hairy1961: bets $3
Actionni13: raises $3 to $6
hairy1961: calls $3
*** TURN *** [5c Qd 5d] [Kc]
Actionni13: bets $6
hairy1961: calls $6
*** RIVER *** [5c Qd 5d Kc] [Ks]
Actionni13: checks
hairy1961: checks
*** SHOW DOWN ***
Actionni13: shows [Jd 4d] (two pair, Kings and Fives)
hairy1961: shows [Ts As] (two pair, Kings and Fives - Ace kicker)
hairy1961 collected $35.50 from pot
*** SUMMARY ***
Total pot $36 | Rake $0.50
Board [5c Qd 5d Kc Ks]
Seat 4: Actionni13 (big blind) showed [Jd 4d] and lost with two pair, Kings and Fives
Seat 5: hairy1961 (button) (small blind) showed [Ts As] and won ($35.50) with two pair, Kings and Fives


PokerStars Hand #147808534666:  Hold'em Limit ($3/$6 USD) - 2016/01/28 4:50:37 ET
Table 'Portlandia' 6-max Seat #4 is the button
Seat 4: Actionni13 ($180.94 in chips)
Seat 5: hairy1961 ($55.24 in chips)
Actionni13: posts small blind $1
hairy1961: posts big blind $3
*** HOLE CARDS ***
Actionni13: raises $3 to $6
hairy1961: folds
Uncalled bet ($3) returned to Actionni13
Actionni13 collected $6 from pot
Actionni13: doesn't show hand
*** SUMMARY ***
Total pot $6 | Rake $0
Seat 4: Actionni13 (button) (small blind) collected ($6)
Seat 5: hairy1961 (big blind) folded before Flop


PokerStars Hand #147808575810:  Hold'em Limit ($3/$6 USD) - 2016/01/28 4:52:11 ET
Table 'Portlandia' 6-max Seat #5 is the button
Seat 4: Actionni13 ($200.44 in chips)
Seat 5: hairy1961 ($34.38 in chips)
hairy1961: posts small blind $1
Actionni13: posts big blind $3
*** HOLE CARDS ***
hairy1961: raises $3 to $6
Actionni13: calls $3
*** FLOP *** [Jd 8s 7c]
Actionni13: checks
hairy1961: bets $3
Actionni13: raises $3 to $6
hairy1961: raises $3 to $9
Actionni13: raises $3 to $12
Betting is capped
hairy1961: calls $3
*** TURN *** [Jd 8s 7c] [Qs]
Actionni13: bets $6
hairy1961: raises $6 to $12
Actionni13: raises $6 to $18
hairy1961: calls $4.38 and is all-in
Uncalled bet ($1.62) returned to Actionni13
*** RIVER *** [Jd 8s 7c Qs] [9d]
*** SHOW DOWN ***
Actionni13: shows [Ts 9c] (a straight, Eight to Queen)
hairy1961: shows [Qh 7h] (two pair, Queens and Sevens)
Actionni13 collected $68.26 from pot
*** SUMMARY ***
Total pot $68.76 | Rake $0.50
Board [Jd 8s 7c Qs 9d]
Seat 4: Actionni13 (big blind) showed [Ts 9c] and won ($68.26) with a straight, Eight to Queen
Seat 5: hairy1961 (button) (small blind) showed [Qh 7h] and lost with two pair, Queens and Sevens


PokerStars Hand #147808573623:  Hold'em Limit ($3/$6 USD) - 2016/01/28 4:52:06 ET
Table 'Portlandia' 6-max Seat #4 is the button
Seat 4: Actionni13 ($201.44 in chips)
Seat 5: hairy1961 ($33.38 in chips)
Actionni13: posts small blind $1
hairy1961: posts big blind $3
*** HOLE CARDS ***
Actionni13: folds
Uncalled bet ($2) returned to hairy1961
hairy1961 collected $2 from pot
hairy1961: doesn't show hand
*** SUMMARY ***
Total pot $2 | Rake $0
Seat 4: Actionni13 (button) (small blind) folded before Flop
Seat 5: hairy1961 (big blind) collected ($2)


PokerStars Hand #147808559078:  Hold'em Limit ($3/$6 USD) - 2016/01/28 4:51:33 ET
Table 'Portlandia' 6-max Seat #5 is the button
Seat 4: Actionni13 ($156.94 in chips)
Seat 5: hairy1961 ($78.38 in chips)
hairy1961: posts small blind $1
Actionni13: posts big blind $3
*** HOLE CARDS ***
hairy1961: raises $3 to $6
Actionni13: raises $3 to $9
hairy1961: raises $3 to $12
Betting is capped
Actionni13: calls $3
*** FLOP *** [7h 5c Jd]
Actionni13: checks
hairy1961: bets $3
Actionni13: raises $3 to $6
hairy1961: raises $3 to $9
Actionni13: calls $3
*** TURN *** [7h 5c Jd] [Td]
Actionni13: bets $6
hairy1961: raises $6 to $12
Actionni13: raises $6 to $18
hairy1961: calls $6
*** RIVER *** [7h 5c Jd Td] [Ad]
Actionni13: bets $6
hairy1961: calls $6
*** SHOW DOWN ***
Actionni13: shows [Tc Jc] (two pair, Jacks and Tens)
hairy1961: mucks hand
Actionni13 collected $89.50 from pot
*** SUMMARY ***
Total pot $90 | Rake $0.50
Board [7h 5c Jd Td Ad]
Seat 4: Actionni13 (big blind) showed [Tc Jc] and won ($89.50) with two pair, Jacks and Tens
Seat 5: hairy1961 (button) (small blind) mucked


PokerStars Hand #147808748528:  Hold'em Limit ($3/$6 USD) - 2016/01/28 4:58:52 ET
Table 'Portlandia' 6-max Seat #1 is the button
Seat 1: manly70 ($50.17 in chips)
Seat 2: kolaz03 ($72 in chips)
manly70: posts small blind $1
kolaz03: posts big blind $3
*** HOLE CARDS ***
manly70: folds
Uncalled bet ($2) returned to kolaz03
kolaz03 collected $2 from pot
kolaz03: doesn't show hand
*** SUMMARY ***
Total pot $2 | Rake $0
Seat 1: manly70 (button) (small blind) folded before Flop
Seat 2: kolaz03 (big blind) collected ($2)


PokerStars Hand #147808763871:  Hold'em Limit ($3/$6 USD) - 2016/01/28 4:59:31 ET
Table 'Portlandia' 6-max Seat #1 is the button
Seat 1: manly70 ($69.67 in chips)
Seat 2: kolaz03 ($72 in chips)
manly70: posts small blind $1
kolaz03: posts big blind $3
*** HOLE CARDS ***
manly70: raises $3 to $6
kolaz03: folds
Uncalled bet ($3) returned to manly70
manly70 collected $6 from pot
manly70: doesn't show hand
*** SUMMARY ***
Total pot $6 | Rake $0
Seat 1: manly70 (button) (small blind) collected ($6)
Seat 2: kolaz03 (big blind) folded before Flop


PokerStars Hand #147808751393:  Hold'em Limit ($3/$6 USD) - 2016/01/28 4:58:59 ET
Table 'Portlandia' 6-max Seat #2 is the button
Seat 1: manly70 ($49.17 in chips)
Seat 2: kolaz03 ($73 in chips)
kolaz03: posts small blind $1
manly70: posts big blind $3
*** HOLE CARDS ***
kolaz03: raises $3 to $6
manly70: calls $3
*** FLOP *** [4h 5d 2h]
manly70: checks
kolaz03: bets $3
manly70: calls $3
*** TURN *** [4h 5d 2h] [Kd]
manly70: checks
kolaz03: bets $6
manly70: calls $6
*** RIVER *** [4h 5d 2h Kd] [8d]
manly70: checks
kolaz03: bets $6
manly70: calls $6
*** SHOW DOWN ***
kolaz03: shows [9s Tc] (high card King)
manly70: shows [Qh 4s] (a pair of Fours)
manly70 collected $41.50 from pot
*** SUMMARY ***
Total pot $42 | Rake $0.50
Board [4h 5d 2h Kd 8d]
Seat 1: manly70 (big blind) showed [Qh 4s] and won ($41.50) with a pair of Fours
Seat 2: kolaz03 (button) (small blind) showed [9s Tc] and lost with high card King


PokerStars Hand #147810648841:  Hold'em Limit ($3/$6 USD) - 2016/01/28 6:06:04 ET
Table 'Portlandia' 6-max Seat #2 is the button
Seat 2: chilik111 ($60 in chips)
Seat 5: Rmk1500 ($16.48 in chips)
chilik111: posts small blind $1
ex-cali999: is sitting out
Rmk1500: posts big blind $3
*** HOLE CARDS ***
chilik111: folds
Uncalled bet ($2) returned to Rmk1500
Rmk1500 collected $2 from pot
ex-cali999 leaves the table
*** SUMMARY ***
Total pot $2 | Rake $0
Seat 2: chilik111 (button) (small blind) folded before Flop
Seat 5: Rmk1500 (big blind) collected ($2)


