PokerStars Hand #161975440000:  Hold'em Limit ($3/$6 USD) - 2016/11/26 3:43:50 ET
Table 'Portia' 6-max Seat #4 is the button
Seat 4: MTails ($102 in chips)
Seat 6: Rainbow Rag ($48.80 in chips)
MTails: posts small blind $1
Rainbow Rag: posts big blind $3
*** HOLE CARDS ***
MTails: raises $3 to $6
Rainbow Rag: folds
Uncalled bet ($3) returned to MTails
MTails collected $6 from pot
*** SUMMARY ***
Total pot $6 | Rake $0
Seat 4: MTails (button) (small blind) collected ($6)
Seat 6: Rainbow Rag (big blind) folded before Flop


PokerStars Hand #161975424120:  Hold'em Limit ($3/$6 USD) - 2016/11/26 3:43:05 ET
Table 'Portia' 6-max Seat #6 is the button
Seat 4: MTails ($120 in chips)
Seat 6: Rainbow Rag ($31.30 in chips)
hairy1961 joins the table at seat #2
Rainbow Rag: posts small blind $1
MTails: posts big blind $3
*** HOLE CARDS ***
Rainbow Rag: calls $2
MTails: raises $3 to $6
Rainbow Rag: raises $3 to $9
MTails: calls $3
*** FLOP *** [Td 7d Ah]
MTails: checks
Rainbow Rag: bets $3
MTails: calls $3
*** TURN *** [Td 7d Ah] [2s]
MTails: checks
Rainbow Rag: bets $6
MTails: calls $6
*** RIVER *** [Td 7d Ah 2s] [2c]
MTails: checks
Rainbow Rag: bets $6
MTails: folds
Uncalled bet ($6) returned to Rainbow Rag
Rainbow Rag collected $35.50 from pot
Rainbow Rag: doesn't show hand
*** SUMMARY ***
Total pot $36 | Rake $0.50
Board [Td 7d Ah 2s 2c]
Seat 4: MTails (big blind) folded on the River
Seat 6: Rainbow Rag (button) (small blind) collected ($35.50)


PokerStars Hand #161981116149:  Hold'em Limit ($3/$6 USD) - 2016/11/26 7:11:22 ET
Table 'Portia' 6-max Seat #1 is the button
Seat 1: AA_ILI ($144.31 in chips)
Seat 4: Agrotait ($63 in chips)
AA_ILI: posts small blind $1
hairy1961: is sitting out
Agrotait: posts big blind $3
*** HOLE CARDS ***
AA_ILI: raises $3 to $6
hairy1961 leaves the table
Agrotait: calls $3
*** FLOP *** [Ts 6s Kd]
Agrotait: checks
AA_ILI: bets $3
Agrotait: calls $3
*** TURN *** [Ts 6s Kd] [8d]
Agrotait: checks
AA_ILI: checks
*** RIVER *** [Ts 6s Kd 8d] [5c]
Agrotait: bets $6
AA_ILI: calls $6
*** SHOW DOWN ***
Agrotait: shows [Tc 4c] (a pair of Tens)
AA_ILI: mucks hand
Agrotait collected $29.50 from pot
*** SUMMARY ***
Total pot $30 | Rake $0.50
Board [Ts 6s Kd 8d 5c]
Seat 1: AA_ILI (button) (small blind) mucked
Seat 4: Agrotait (big blind) showed [Tc 4c] and won ($29.50) with a pair of Tens


PokerStars Hand #161981137526:  Hold'em Limit ($3/$6 USD) - 2016/11/26 7:12:01 ET
Table 'Portia' 6-max Seat #4 is the button
Seat 1: AA_ILI ($129.31 in chips)
Seat 4: Agrotait ($77.50 in chips)
Agrotait: posts small blind $1
AA_ILI: posts big blind $3
*** HOLE CARDS ***
Agrotait: raises $3 to $6
AA_ILI: raises $3 to $9
Agrotait: calls $3
*** FLOP *** [Ad 3s Kd]
AA_ILI: bets $3
Agrotait: calls $3
*** TURN *** [Ad 3s Kd] [4c]
AA_ILI: bets $6
Agrotait: calls $6
*** RIVER *** [Ad 3s Kd 4c] [Qs]
AA_ILI: bets $6
Agrotait: folds
Uncalled bet ($6) returned to AA_ILI
AA_ILI collected $35.50 from pot
AA_ILI: doesn't show hand
*** SUMMARY ***
Total pot $36 | Rake $0.50
Board [Ad 3s Kd 4c Qs]
Seat 1: AA_ILI (big blind) collected ($35.50)
Seat 4: Agrotait (button) (small blind) folded on the River


