PokerStars Hand #147179179874:  Hold'em Limit ($3/$6 USD) - 2016/01/17 3:27:31 ET
Table 'Portia' 2-max Seat #1 is the button
Seat 1: vitalik1203 ($102 in chips)
Seat 2: fifaliga ($126.76 in chips)
vitalik1203: posts small blind $1
fifaliga: posts big blind $3
*** HOLE CARDS ***
vitalik1203: calls $2
fifaliga: raises $3 to $6
vitalik1203: calls $3
*** FLOP *** [9h 3d 7d]
fifaliga: bets $3
vitalik1203: calls $3
*** TURN *** [9h 3d 7d] [2h]
fifaliga: bets $6
vitalik1203: calls $6
*** RIVER *** [9h 3d 7d 2h] [9d]
fifaliga: bets $6
vitalik1203: raises $6 to $12
fifaliga: raises $6 to $18
vitalik1203: calls $6
*** SHOW DOWN ***
fifaliga: shows [3h 3c] (a full house, Threes full of Nines)
vitalik1203: mucks hand
fifaliga collected $65.50 from pot
*** SUMMARY ***
Total pot $66 | Rake $0.50
Board [9h 3d 7d 2h 9d]
Seat 1: vitalik1203 (button) (small blind) mucked
Seat 2: fifaliga (big blind) showed [3h 3c] and won ($65.50) with a full house, Threes full of Nines


PokerStars Hand #147179176110:  Hold'em Limit ($3/$6 USD) - 2016/01/17 3:27:21 ET
Table 'Portia' 2-max Seat #2 is the button
Seat 1: vitalik1203 ($108 in chips)
Seat 2: fifaliga ($121 in chips)
fifaliga: posts small blind $1
vitalik1203: posts big blind $3
*** HOLE CARDS ***
fifaliga: raises $3 to $6
vitalik1203: calls $3
*** FLOP *** [5c 8h 2h]
vitalik1203: checks
fifaliga: bets $3
vitalik1203: folds
Uncalled bet ($3) returned to fifaliga
fifaliga collected $11.76 from pot
fifaliga: doesn't show hand
*** SUMMARY ***
Total pot $12 | Rake $0.24
Board [5c 8h 2h]
Seat 1: vitalik1203 (big blind) folded on the Flop
Seat 2: fifaliga (button) (small blind) collected ($11.76)


PokerStars Hand #147179174350:  Hold'em Limit ($3/$6 USD) - 2016/01/17 3:27:16 ET
Table 'Portia' 2-max Seat #1 is the button
Seat 1: vitalik1203 ($109 in chips)
Seat 2: fifaliga ($120 in chips)
vitalik1203: posts small blind $1
fifaliga: posts big blind $3
*** HOLE CARDS ***
vitalik1203: folds
Uncalled bet ($2) returned to fifaliga
fifaliga collected $2 from pot
fifaliga: doesn't show hand
*** SUMMARY ***
Total pot $2 | Rake $0
Seat 1: vitalik1203 (button) (small blind) folded before Flop
Seat 2: fifaliga (big blind) collected ($2)


PokerStars Hand #147179171863:  Hold'em Limit ($3/$6 USD) - 2016/01/17 3:27:10 ET
Table 'Portia' 2-max Seat #2 is the button
Seat 1: vitalik1203 ($108 in chips)
Seat 2: fifaliga ($120 in chips)
fifaliga: posts small blind $1
vitalik1203: posts big blind $3
*** HOLE CARDS ***
fifaliga: folds
Uncalled bet ($2) returned to vitalik1203
vitalik1203 collected $2 from pot
vitalik1203: doesn't show hand
*** SUMMARY ***
Total pot $2 | Rake $0
Seat 1: vitalik1203 (big blind) collected ($2)
Seat 2: fifaliga (button) (small blind) folded before Flop


PokerStars Hand #147179168963:  Hold'em Limit ($3/$6 USD) - 2016/01/17 3:27:02 ET
Table 'Portia' 2-max Seat #1 is the button
Seat 1: vitalik1203 ($105 in chips)
Seat 2: fifaliga ($120 in chips)
vitalik1203: posts small blind $1
fifaliga: posts big blind $3
*** HOLE CARDS ***
vitalik1203: raises $3 to $6
fifaliga: folds
Uncalled bet ($3) returned to vitalik1203
vitalik1203 collected $6 from pot
vitalik1203: doesn't show hand
*** SUMMARY ***
Total pot $6 | Rake $0
Seat 1: vitalik1203 (button) (small blind) collected ($6)
Seat 2: fifaliga (big blind) folded before Flop


PokerStars Hand #147179161282:  Hold'em Limit ($3/$6 USD) - 2016/01/17 3:26:41 ET
Table 'Portia' 2-max Seat #2 is the button
Seat 1: vitalik1203 ($120 in chips)
Seat 2: fifaliga ($36 in chips)
fifaliga: posts small blind $1
vitalik1203: posts big blind $3
*** HOLE CARDS ***
fifaliga: raises $3 to $6
vitalik1203: calls $3
*** FLOP *** [9c 5h 6h]
vitalik1203: bets $3
fifaliga: calls $3
*** TURN *** [9c 5h 6h] [3c]
vitalik1203: bets $6
fifaliga: calls $6
*** RIVER *** [9c 5h 6h 3c] [3s]
vitalik1203: checks
fifaliga: checks
*** SHOW DOWN ***
vitalik1203: shows [4d Jh] (a pair of Threes)
fifaliga: shows [Jd Ac] (a pair of Threes - Ace kicker)
fifaliga collected $29.50 from pot
*** SUMMARY ***
Total pot $30 | Rake $0.50
Board [9c 5h 6h 3c 3s]
Seat 1: vitalik1203 (big blind) showed [4d Jh] and lost with a pair of Threes
Seat 2: fifaliga (button) (small blind) showed [Jd Ac] and won ($29.50) with a pair of Threes


PokerStars Hand #147179201614:  Hold'em Limit ($3/$6 USD) - 2016/01/17 3:28:30 ET
Table 'Portia' 2-max Seat #1 is the button
Seat 1: vitalik1203 ($98.26 in chips)
Seat 2: fifaliga ($129.26 in chips)
vitalik1203: posts small blind $1
fifaliga: posts big blind $3
*** HOLE CARDS ***
vitalik1203: calls $2
fifaliga: checks
*** FLOP *** [Ad 7d 8c]
fifaliga: checks
vitalik1203: checks
*** TURN *** [Ad 7d 8c] [4h]
fifaliga: checks
vitalik1203: checks
*** RIVER *** [Ad 7d 8c 4h] [2c]
fifaliga: checks
vitalik1203: checks
*** SHOW DOWN ***
fifaliga: shows [Jh 3s] (high card Ace)
vitalik1203: shows [Js 2s] (a pair of Deuces)
vitalik1203 collected $5.88 from pot
*** SUMMARY ***
Total pot $6 | Rake $0.12
Board [Ad 7d 8c 4h 2c]
Seat 1: vitalik1203 (button) (small blind) showed [Js 2s] and won ($5.88) with a pair of Deuces
Seat 2: fifaliga (big blind) showed [Jh 3s] and lost with high card Ace


PokerStars Hand #147179197630:  Hold'em Limit ($3/$6 USD) - 2016/01/17 3:28:20 ET
Table 'Portia' 2-max Seat #2 is the button
Seat 1: vitalik1203 ($92.50 in chips)
Seat 2: fifaliga ($135.26 in chips)
fifaliga: posts small blind $1
vitalik1203: posts big blind $3
*** HOLE CARDS ***
fifaliga: raises $3 to $6
vitalik1203: calls $3
*** FLOP *** [2d Ac 5c]
vitalik1203: bets $3
fifaliga: folds
Uncalled bet ($3) returned to vitalik1203
vitalik1203 collected $11.76 from pot
vitalik1203: doesn't show hand
*** SUMMARY ***
Total pot $12 | Rake $0.24
Board [2d Ac 5c]
Seat 1: vitalik1203 (big blind) collected ($11.76)
Seat 2: fifaliga (button) (small blind) folded on the Flop


PokerStars Hand #147179194952:  Hold'em Limit ($3/$6 USD) - 2016/01/17 3:28:12 ET
Table 'Portia' 2-max Seat #1 is the button
Seat 1: vitalik1203 ($89.50 in chips)
Seat 2: fifaliga ($138.26 in chips)
vitalik1203: posts small blind $1
fifaliga: posts big blind $3
*** HOLE CARDS ***
vitalik1203: raises $3 to $6
fifaliga: folds
Uncalled bet ($3) returned to vitalik1203
vitalik1203 collected $6 from pot
vitalik1203: doesn't show hand
*** SUMMARY ***
Total pot $6 | Rake $0
Seat 1: vitalik1203 (button) (small blind) collected ($6)
Seat 2: fifaliga (big blind) folded before Flop


PokerStars Hand #147179187418:  Hold'em Limit ($3/$6 USD) - 2016/01/17 3:27:52 ET
Table 'Portia' 2-max Seat #2 is the button
Seat 1: vitalik1203 ($69 in chips)
Seat 2: fifaliga ($159.26 in chips)
fifaliga: posts small blind $1
vitalik1203: posts big blind $3
*** HOLE CARDS ***
fifaliga: raises $3 to $6
vitalik1203: calls $3
*** FLOP *** [Th 8c 9h]
vitalik1203: bets $3
fifaliga: calls $3
*** TURN *** [Th 8c 9h] [6c]
vitalik1203: bets $6
fifaliga: raises $6 to $12
vitalik1203: calls $6
*** RIVER *** [Th 8c 9h 6c] [4s]
vitalik1203: bets $6
fifaliga: folds
Uncalled bet ($6) returned to vitalik1203
vitalik1203 collected $41.50 from pot
vitalik1203: doesn't show hand
*** SUMMARY ***
Total pot $42 | Rake $0.50
Board [Th 8c 9h 6c 4s]
Seat 1: vitalik1203 (big blind) collected ($41.50)
Seat 2: fifaliga (button) (small blind) folded on the River


PokerStars Hand #147179229230:  Hold'em Limit ($3/$6 USD) - 2016/01/17 3:29:44 ET
Table 'Portia' 2-max Seat #2 is the button
Seat 1: vitalik1203 ($137.16 in chips)
Seat 2: fifaliga ($122.88 in chips)
fifaliga: posts small blind $1
vitalik1203: posts big blind $3
*** HOLE CARDS ***
fifaliga: raises $3 to $6
vitalik1203: calls $3
*** FLOP *** [9c 5d 6h]
vitalik1203: bets $3
fifaliga: folds
Uncalled bet ($3) returned to vitalik1203
vitalik1203 collected $11.76 from pot
vitalik1203: doesn't show hand
*** SUMMARY ***
Total pot $12 | Rake $0.24
Board [9c 5d 6h]
Seat 1: vitalik1203 (big blind) collected ($11.76)
Seat 2: fifaliga (button) (small blind) folded on the Flop


PokerStars Hand #147179225726:  Hold'em Limit ($3/$6 USD) - 2016/01/17 3:29:35 ET
Table 'Portia' 2-max Seat #1 is the button
Seat 1: vitalik1203 ($140.16 in chips)
Seat 2: fifaliga ($120 in chips)
vitalik1203: posts small blind $1
fifaliga: posts big blind $3
*** HOLE CARDS ***
vitalik1203: calls $2
fifaliga: checks
*** FLOP *** [Kh 3c 6s]
fifaliga: bets $3
vitalik1203: folds
Uncalled bet ($3) returned to fifaliga
fifaliga collected $5.88 from pot
fifaliga: doesn't show hand
*** SUMMARY ***
Total pot $6 | Rake $0.12
Board [Kh 3c 6s]
Seat 1: vitalik1203 (button) (small blind) folded on the Flop
Seat 2: fifaliga (big blind) collected ($5.88)


PokerStars Hand #147179224037:  Hold'em Limit ($3/$6 USD) - 2016/01/17 3:29:31 ET
Table 'Portia' 2-max Seat #2 is the button
Seat 1: vitalik1203 ($139.16 in chips)
Seat 2: fifaliga ($120 in chips)
fifaliga: posts small blind $1
vitalik1203: posts big blind $3
*** HOLE CARDS ***
fifaliga: folds
Uncalled bet ($2) returned to vitalik1203
vitalik1203 collected $2 from pot
vitalik1203: doesn't show hand
*** SUMMARY ***
Total pot $2 | Rake $0
Seat 1: vitalik1203 (big blind) collected ($2)
Seat 2: fifaliga (button) (small blind) folded before Flop


PokerStars Hand #147179216953:  Hold'em Limit ($3/$6 USD) - 2016/01/17 3:29:12 ET
Table 'Portia' 2-max Seat #1 is the button
Seat 1: vitalik1203 ($112.66 in chips)
Seat 2: fifaliga ($120 in chips)
vitalik1203: posts small blind $1
fifaliga: posts big blind $3
*** HOLE CARDS ***
vitalik1203: calls $2
fifaliga: raises $3 to $6
vitalik1203: calls $3
*** FLOP *** [Ks 3h Ad]
fifaliga: bets $3
vitalik1203: calls $3
*** TURN *** [Ks 3h Ad] [3c]
fifaliga: bets $6
vitalik1203: raises $6 to $12
fifaliga: calls $6
*** RIVER *** [Ks 3h Ad 3c] [5h]
fifaliga: checks
vitalik1203: bets $6
fifaliga: calls $6
*** SHOW DOWN ***
vitalik1203: shows [2c 3s] (three of a kind, Threes)
fifaliga: mucks hand
vitalik1203 collected $53.50 from pot
*** SUMMARY ***
Total pot $54 | Rake $0.50
Board [Ks 3h Ad 3c 5h]
Seat 1: vitalik1203 (button) (small blind) showed [2c 3s] and won ($53.50) with three of a kind, Threes
Seat 2: fifaliga (big blind) mucked


PokerStars Hand #147179215149:  Hold'em Limit ($3/$6 USD) - 2016/01/17 3:29:07 ET
Table 'Portia' 2-max Seat #2 is the button
Seat 1: vitalik1203 ($111.66 in chips)
Seat 2: fifaliga ($121 in chips)
fifaliga: posts small blind $1
vitalik1203: posts big blind $3
*** HOLE CARDS ***
fifaliga: folds
Uncalled bet ($2) returned to vitalik1203
vitalik1203 collected $2 from pot
vitalik1203: doesn't show hand
*** SUMMARY ***
Total pot $2 | Rake $0
Seat 1: vitalik1203 (big blind) collected ($2)
Seat 2: fifaliga (button) (small blind) folded before Flop


PokerStars Hand #147179213458:  Hold'em Limit ($3/$6 USD) - 2016/01/17 3:29:02 ET
Table 'Portia' 2-max Seat #1 is the button
Seat 1: vitalik1203 ($112.66 in chips)
Seat 2: fifaliga ($120 in chips)
vitalik1203: posts small blind $1
fifaliga: posts big blind $3
*** HOLE CARDS ***
vitalik1203: folds
Uncalled bet ($2) returned to fifaliga
fifaliga collected $2 from pot
fifaliga: doesn't show hand
*** SUMMARY ***
Total pot $2 | Rake $0
Seat 1: vitalik1203 (button) (small blind) folded before Flop
Seat 2: fifaliga (big blind) collected ($2)


PokerStars Hand #147179206305:  Hold'em Limit ($3/$6 USD) - 2016/01/17 3:28:43 ET
Table 'Portia' 2-max Seat #2 is the button
Seat 1: vitalik1203 ($101.14 in chips)
Seat 2: fifaliga ($126.26 in chips)
fifaliga: posts small blind $1
vitalik1203: posts big blind $3
*** HOLE CARDS ***
fifaliga: raises $3 to $6
vitalik1203: calls $3
*** FLOP *** [6d 8h Ah]
vitalik1203: bets $3
fifaliga: raises $3 to $6
vitalik1203: calls $3
*** TURN *** [6d 8h Ah] [Kc]
vitalik1203: checks
fifaliga: checks
*** RIVER *** [6d 8h Ah Kc] [5h]
vitalik1203: bets $6
fifaliga: folds
Uncalled bet ($6) returned to vitalik1203
vitalik1203 collected $23.52 from pot
vitalik1203: doesn't show hand
*** SUMMARY ***
Total pot $24 | Rake $0.48
Board [6d 8h Ah Kc 5h]
Seat 1: vitalik1203 (big blind) collected ($23.52)
Seat 2: fifaliga (button) (small blind) folded on the River


PokerStars Hand #147179247639:  Hold'em Limit ($3/$6 USD) - 2016/01/17 3:30:33 ET
Table 'Portia' 2-max Seat #1 is the button
Seat 1: vitalik1203 ($131.92 in chips)
Seat 2: fifaliga ($130.40 in chips)
vitalik1203: posts small blind $1
fifaliga: posts big blind $3
*** HOLE CARDS ***
vitalik1203: calls $2
fifaliga: raises $3 to $6
vitalik1203: calls $3
*** FLOP *** [9h Qc 6s]
fifaliga: bets $3
vitalik1203: calls $3
*** TURN *** [9h Qc 6s] [8d]
fifaliga: bets $6
vitalik1203: folds
Uncalled bet ($6) returned to fifaliga
fifaliga collected $17.64 from pot
fifaliga: doesn't show hand
*** SUMMARY ***
Total pot $18 | Rake $0.36
Board [9h Qc 6s 8d]
Seat 1: vitalik1203 (button) (small blind) folded on the Turn
Seat 2: fifaliga (big blind) collected ($17.64)


PokerStars Hand #147179243716:  Hold'em Limit ($3/$6 USD) - 2016/01/17 3:30:22 ET
Table 'Portia' 2-max Seat #2 is the button
Seat 1: vitalik1203 ($137.92 in chips)
Seat 2: fifaliga ($124.64 in chips)
fifaliga: posts small blind $1
vitalik1203: posts big blind $3
*** HOLE CARDS ***
fifaliga: raises $3 to $6
vitalik1203: calls $3
*** FLOP *** [3h Ac Ad]
vitalik1203: checks
fifaliga: bets $3
vitalik1203: folds
Uncalled bet ($3) returned to fifaliga
fifaliga collected $11.76 from pot
fifaliga: doesn't show hand
*** SUMMARY ***
Total pot $12 | Rake $0.24
Board [3h Ac Ad]
Seat 1: vitalik1203 (big blind) folded on the Flop
Seat 2: fifaliga (button) (small blind) collected ($11.76)


PokerStars Hand #147179241062:  Hold'em Limit ($3/$6 USD) - 2016/01/17 3:30:15 ET
Table 'Portia' 2-max Seat #1 is the button
Seat 1: vitalik1203 ($134.92 in chips)
Seat 2: fifaliga ($127.64 in chips)
vitalik1203: posts small blind $1
fifaliga: posts big blind $3
*** HOLE CARDS ***
vitalik1203: raises $3 to $6
fifaliga: folds
Uncalled bet ($3) returned to vitalik1203
vitalik1203 collected $6 from pot
vitalik1203: doesn't show hand
*** SUMMARY ***
Total pot $6 | Rake $0
Seat 1: vitalik1203 (button) (small blind) collected ($6)
Seat 2: fifaliga (big blind) folded before Flop


PokerStars Hand #147179238092:  Hold'em Limit ($3/$6 USD) - 2016/01/17 3:30:07 ET
Table 'Portia' 2-max Seat #2 is the button
Seat 1: vitalik1203 ($133.92 in chips)
Seat 2: fifaliga ($128.64 in chips)
fifaliga: posts small blind $1
vitalik1203: posts big blind $3
*** HOLE CARDS ***
fifaliga: folds
Uncalled bet ($2) returned to vitalik1203
vitalik1203 collected $2 from pot
vitalik1203: doesn't show hand
*** SUMMARY ***
Total pot $2 | Rake $0
Seat 1: vitalik1203 (big blind) collected ($2)
Seat 2: fifaliga (button) (small blind) folded before Flop


PokerStars Hand #147179233313:  Hold'em Limit ($3/$6 USD) - 2016/01/17 3:29:55 ET
Table 'Portia' 2-max Seat #1 is the button
Seat 1: vitalik1203 ($142.92 in chips)
Seat 2: fifaliga ($120 in chips)
vitalik1203: posts small blind $1
fifaliga: posts big blind $3
*** HOLE CARDS ***
vitalik1203: raises $3 to $6
fifaliga: calls $3
*** FLOP *** [8c 8s Jd]
fifaliga: checks
vitalik1203: bets $3
fifaliga: raises $3 to $6
vitalik1203: folds
Uncalled bet ($3) returned to fifaliga
fifaliga collected $17.64 from pot
fifaliga: doesn't show hand
*** SUMMARY ***
Total pot $18 | Rake $0.36
Board [8c 8s Jd]
Seat 1: vitalik1203 (button) (small blind) folded on the Flop
Seat 2: fifaliga (big blind) collected ($17.64)


PokerStars Hand #147179265258:  Hold'em Limit ($3/$6 USD) - 2016/01/17 3:31:19 ET
Table 'Portia' 2-max Seat #1 is the button
Seat 1: vitalik1203 ($131.56 in chips)
Seat 2: fifaliga ($130.04 in chips)
vitalik1203: posts small blind $1
fifaliga: posts big blind $3
*** HOLE CARDS ***
vitalik1203: raises $3 to $6
fifaliga: calls $3
*** FLOP *** [7s 3h 4h]
fifaliga: checks
vitalik1203: bets $3
fifaliga: calls $3
*** TURN *** [7s 3h 4h] [5s]
fifaliga: checks
vitalik1203: bets $6
fifaliga: folds
Uncalled bet ($6) returned to vitalik1203
vitalik1203 collected $17.64 from pot
vitalik1203: doesn't show hand
*** SUMMARY ***
Total pot $18 | Rake $0.36
Board [7s 3h 4h 5s]
Seat 1: vitalik1203 (button) (small blind) collected ($17.64)
Seat 2: fifaliga (big blind) folded on the Turn


PokerStars Hand #147179263485:  Hold'em Limit ($3/$6 USD) - 2016/01/17 3:31:15 ET
Table 'Portia' 2-max Seat #2 is the button
Seat 1: vitalik1203 ($130.56 in chips)
Seat 2: fifaliga ($131.04 in chips)
fifaliga: posts small blind $1
vitalik1203: posts big blind $3
*** HOLE CARDS ***
fifaliga: folds
Uncalled bet ($2) returned to vitalik1203
vitalik1203 collected $2 from pot
vitalik1203: doesn't show hand
*** SUMMARY ***
Total pot $2 | Rake $0
Seat 1: vitalik1203 (big blind) collected ($2)
Seat 2: fifaliga (button) (small blind) folded before Flop


PokerStars Hand #147179261769:  Hold'em Limit ($3/$6 USD) - 2016/01/17 3:31:10 ET
Table 'Portia' 2-max Seat #1 is the button
Seat 1: vitalik1203 ($131.56 in chips)
Seat 2: fifaliga ($130.04 in chips)
vitalik1203: posts small blind $1
fifaliga: posts big blind $3
*** HOLE CARDS ***
vitalik1203: folds
Uncalled bet ($2) returned to fifaliga
fifaliga collected $2 from pot
fifaliga: doesn't show hand
*** SUMMARY ***
Total pot $2 | Rake $0
Seat 1: vitalik1203 (button) (small blind) folded before Flop
Seat 2: fifaliga (big blind) collected ($2)


PokerStars Hand #147179260157:  Hold'em Limit ($3/$6 USD) - 2016/01/17 3:31:06 ET
Table 'Portia' 2-max Seat #2 is the button
Seat 1: vitalik1203 ($130.56 in chips)
Seat 2: fifaliga ($131.04 in chips)
fifaliga: posts small blind $1
vitalik1203: posts big blind $3
*** HOLE CARDS ***
fifaliga: folds
Uncalled bet ($2) returned to vitalik1203
vitalik1203 collected $2 from pot
vitalik1203: doesn't show hand
*** SUMMARY ***
Total pot $2 | Rake $0
Seat 1: vitalik1203 (big blind) collected ($2)
Seat 2: fifaliga (button) (small blind) folded before Flop


PokerStars Hand #147179258370:  Hold'em Limit ($3/$6 USD) - 2016/01/17 3:31:01 ET
Table 'Portia' 2-max Seat #1 is the button
Seat 1: vitalik1203 ($131.56 in chips)
Seat 2: fifaliga ($130.04 in chips)
vitalik1203: posts small blind $1
fifaliga: posts big blind $3
*** HOLE CARDS ***
vitalik1203: folds
Uncalled bet ($2) returned to fifaliga
fifaliga collected $2 from pot
fifaliga: doesn't show hand
*** SUMMARY ***
Total pot $2 | Rake $0
Seat 1: vitalik1203 (button) (small blind) folded before Flop
Seat 2: fifaliga (big blind) collected ($2)


PokerStars Hand #147179252751:  Hold'em Limit ($3/$6 USD) - 2016/01/17 3:30:46 ET
Table 'Portia' 2-max Seat #2 is the button
Seat 1: vitalik1203 ($122.92 in chips)
Seat 2: fifaliga ($139.04 in chips)
fifaliga: posts small blind $1
vitalik1203: posts big blind $3
*** HOLE CARDS ***
fifaliga: raises $3 to $6
vitalik1203: calls $3
*** FLOP *** [9s 6c 9d]
vitalik1203: checks
fifaliga: bets $3
vitalik1203: calls $3
*** TURN *** [9s 6c 9d] [5c]
vitalik1203: checks
fifaliga: checks
*** RIVER *** [9s 6c 9d 5c] [Td]
vitalik1203: bets $6
fifaliga: folds
Uncalled bet ($6) returned to vitalik1203
vitalik1203 collected $17.64 from pot
vitalik1203: doesn't show hand
*** SUMMARY ***
Total pot $18 | Rake $0.36
Board [9s 6c 9d 5c Td]
Seat 1: vitalik1203 (big blind) collected ($17.64)
Seat 2: fifaliga (button) (small blind) folded on the River


PokerStars Hand #147179289214:  Hold'em Limit ($3/$6 USD) - 2016/01/17 3:32:23 ET
Table 'Portia' 2-max Seat #2 is the button
Seat 1: vitalik1203 ($142.84 in chips)
Seat 2: fifaliga ($120 in chips)
fifaliga: posts small blind $1
vitalik1203: posts big blind $3
*** HOLE CARDS ***
fifaliga: raises $3 to $6
vitalik1203: calls $3
*** FLOP *** [Ah Ac 7s]
vitalik1203: checks
fifaliga: bets $3
vitalik1203: folds
Uncalled bet ($3) returned to fifaliga
fifaliga collected $11.76 from pot
fifaliga: doesn't show hand
*** SUMMARY ***
Total pot $12 | Rake $0.24
Board [Ah Ac 7s]
Seat 1: vitalik1203 (big blind) folded on the Flop
Seat 2: fifaliga (button) (small blind) collected ($11.76)


PokerStars Hand #147179282241:  Hold'em Limit ($3/$6 USD) - 2016/01/17 3:32:04 ET
Table 'Portia' 2-max Seat #1 is the button
Seat 1: vitalik1203 ($134.20 in chips)
Seat 2: fifaliga ($126.80 in chips)
vitalik1203: posts small blind $1
fifaliga: posts big blind $3
*** HOLE CARDS ***
vitalik1203: raises $3 to $6
fifaliga: calls $3
*** FLOP *** [Ks Qd Jh]
fifaliga: checks
vitalik1203: bets $3
fifaliga: calls $3
*** TURN *** [Ks Qd Jh] [7d]
fifaliga: checks
vitalik1203: checks
*** RIVER *** [Ks Qd Jh 7d] [7c]
fifaliga: checks
vitalik1203: checks
*** SHOW DOWN ***
fifaliga: shows [5h Ac] (a pair of Sevens)
vitalik1203: shows [9c 9s] (two pair, Nines and Sevens)
vitalik1203 collected $17.64 from pot
*** SUMMARY ***
Total pot $18 | Rake $0.36
Board [Ks Qd Jh 7d 7c]
Seat 1: vitalik1203 (button) (small blind) showed [9c 9s] and won ($17.64) with two pair, Nines and Sevens
Seat 2: fifaliga (big blind) showed [5h Ac] and lost with a pair of Sevens


PokerStars Hand #147179277994:  Hold'em Limit ($3/$6 USD) - 2016/01/17 3:31:53 ET
Table 'Portia' 2-max Seat #2 is the button
Seat 1: vitalik1203 ($140.20 in chips)
Seat 2: fifaliga ($121.04 in chips)
fifaliga: posts small blind $1
vitalik1203: posts big blind $3
*** HOLE CARDS ***
fifaliga: raises $3 to $6
vitalik1203: calls $3
*** FLOP *** [6h 3d Kh]
vitalik1203: checks
fifaliga: bets $3
vitalik1203: folds
Uncalled bet ($3) returned to fifaliga
fifaliga collected $11.76 from pot
fifaliga: doesn't show hand
*** SUMMARY ***
Total pot $12 | Rake $0.24
Board [6h 3d Kh]
Seat 1: vitalik1203 (big blind) folded on the Flop
Seat 2: fifaliga (button) (small blind) collected ($11.76)


PokerStars Hand #147179309716:  Hold'em Limit ($3/$6 USD) - 2016/01/17 3:33:16 ET
Table 'Portia' 2-max Seat #2 is the button
Seat 1: vitalik1203 ($145.48 in chips)
Seat 2: fifaliga ($120 in chips)
fifaliga: posts small blind $1
vitalik1203: posts big blind $3
*** HOLE CARDS ***
fifaliga: raises $3 to $6
vitalik1203: calls $3
*** FLOP *** [8s Kh 2c]
vitalik1203: bets $3
fifaliga: calls $3
*** TURN *** [8s Kh 2c] [3h]
vitalik1203: bets $6
fifaliga: raises $6 to $12
vitalik1203: calls $6
*** RIVER *** [8s Kh 2c 3h] [Ks]
vitalik1203: bets $6
fifaliga: raises $6 to $12
vitalik1203: calls $6
*** SHOW DOWN ***
fifaliga: shows [Kd 7c] (three of a kind, Kings)
vitalik1203: mucks hand
fifaliga collected $65.50 from pot
*** SUMMARY ***
Total pot $66 | Rake $0.50
Board [8s Kh 2c 3h Ks]
Seat 1: vitalik1203 (big blind) mucked
Seat 2: fifaliga (button) (small blind) showed [Kd 7c] and won ($65.50) with three of a kind, Kings


PokerStars Hand #147179294106:  Hold'em Limit ($3/$6 USD) - 2016/01/17 3:32:35 ET
Table 'Portia' 2-max Seat #1 is the button
Seat 1: vitalik1203 ($136.84 in chips)
Seat 2: fifaliga ($125.76 in chips)
vitalik1203: posts small blind $1
fifaliga: posts big blind $3
*** HOLE CARDS ***
vitalik1203: raises $3 to $6
fifaliga: calls $3
*** FLOP *** [Tc 2s 3c]
fifaliga: checks
vitalik1203: bets $3
fifaliga: calls $3
*** TURN *** [Tc 2s 3c] [7c]
fifaliga: checks
vitalik1203: bets $6
fifaliga: folds
Uncalled bet ($6) returned to vitalik1203
vitalik1203 collected $17.64 from pot
vitalik1203: doesn't show hand
*** SUMMARY ***
Total pot $18 | Rake $0.36
Board [Tc 2s 3c 7c]
Seat 1: vitalik1203 (button) (small blind) collected ($17.64)
Seat 2: fifaliga (big blind) folded on the Turn


PokerStars Hand #147179344947:  Hold'em Limit ($3/$6 USD) - 2016/01/17 3:34:47 ET
Table 'Portia' 2-max Seat #2 is the button
Seat 1: vitalik1203 ($113.24 in chips)
Seat 2: fifaliga ($151.26 in chips)
fifaliga: posts small blind $1
vitalik1203: posts big blind $3
*** HOLE CARDS ***
fifaliga: raises $3 to $6
vitalik1203: calls $3
*** FLOP *** [4h 5s 2c]
vitalik1203: checks
fifaliga: bets $3
vitalik1203: folds
Uncalled bet ($3) returned to fifaliga
fifaliga collected $11.76 from pot
fifaliga: doesn't show hand
*** SUMMARY ***
Total pot $12 | Rake $0.24
Board [4h 5s 2c]
Seat 1: vitalik1203 (big blind) folded on the Flop
Seat 2: fifaliga (button) (small blind) collected ($11.76)


PokerStars Hand #147179337271:  Hold'em Limit ($3/$6 USD) - 2016/01/17 3:34:27 ET
Table 'Portia' 2-max Seat #1 is the button
Seat 1: vitalik1203 ($119.24 in chips)
Seat 2: fifaliga ($145.50 in chips)
vitalik1203: posts small blind $1
fifaliga: posts big blind $3
*** HOLE CARDS ***
vitalik1203: raises $3 to $6
fifaliga: calls $3
*** FLOP *** [5c 8s 3h]
fifaliga: checks
vitalik1203: checks
*** TURN *** [5c 8s 3h] [Ah]
fifaliga: checks
vitalik1203: checks
*** RIVER *** [5c 8s 3h Ah] [Kc]
fifaliga: bets $6
vitalik1203: folds
Uncalled bet ($6) returned to fifaliga
fifaliga collected $11.76 from pot
fifaliga: doesn't show hand
*** SUMMARY ***
Total pot $12 | Rake $0.24
Board [5c 8s 3h Ah Kc]
Seat 1: vitalik1203 (button) (small blind) folded on the River
Seat 2: fifaliga (big blind) collected ($11.76)


PokerStars Hand #147179335399:  Hold'em Limit ($3/$6 USD) - 2016/01/17 3:34:22 ET
Table 'Portia' 2-max Seat #2 is the button
Seat 1: vitalik1203 ($118.24 in chips)
Seat 2: fifaliga ($146.50 in chips)
fifaliga: posts small blind $1
vitalik1203: posts big blind $3
*** HOLE CARDS ***
fifaliga: folds
Uncalled bet ($2) returned to vitalik1203
vitalik1203 collected $2 from pot
vitalik1203: doesn't show hand
*** SUMMARY ***
Total pot $2 | Rake $0
Seat 1: vitalik1203 (big blind) collected ($2)
Seat 2: fifaliga (button) (small blind) folded before Flop


PokerStars Hand #147179321220:  Hold'em Limit ($3/$6 USD) - 2016/01/17 3:33:45 ET
Table 'Portia' 2-max Seat #1 is the button
Seat 1: vitalik1203 ($112.48 in chips)
Seat 2: fifaliga ($152.50 in chips)
vitalik1203: posts small blind $1
fifaliga: posts big blind $3
*** HOLE CARDS ***
vitalik1203: raises $3 to $6
fifaliga: calls $3
*** FLOP *** [2s 3c 9s]
fifaliga: checks
vitalik1203: bets $3
fifaliga: folds
Uncalled bet ($3) returned to vitalik1203
vitalik1203 collected $11.76 from pot
vitalik1203: doesn't show hand
*** SUMMARY ***
Total pot $12 | Rake $0.24
Board [2s 3c 9s]
Seat 1: vitalik1203 (button) (small blind) collected ($11.76)
Seat 2: fifaliga (big blind) folded on the Flop


PokerStars Hand #147179364778:  Hold'em Limit ($3/$6 USD) - 2016/01/17 3:35:39 ET
Table 'Portia' 2-max Seat #2 is the button
Seat 1: vitalik1203 ($68.24 in chips)
Seat 2: fifaliga ($195.16 in chips)
fifaliga: posts small blind $1
vitalik1203: posts big blind $3
*** HOLE CARDS ***
fifaliga: raises $3 to $6
vitalik1203: raises $3 to $9
fifaliga: calls $3
*** FLOP *** [Ad Jh Td]
vitalik1203: bets $3
fifaliga: calls $3
*** TURN *** [Ad Jh Td] [Qc]
vitalik1203: folds
fifaliga collected $23.52 from pot
fifaliga: doesn't show hand
*** SUMMARY ***
Total pot $24 | Rake $0.48
Board [Ad Jh Td Qc]
Seat 1: vitalik1203 (big blind) folded on the Turn
Seat 2: fifaliga (button) (small blind) collected ($23.52)


PokerStars Hand #147179362205:  Hold'em Limit ($3/$6 USD) - 2016/01/17 3:35:32 ET
Table 'Portia' 2-max Seat #1 is the button
Seat 1: vitalik1203 ($65.24 in chips)
Seat 2: fifaliga ($198.16 in chips)
vitalik1203: posts small blind $1
fifaliga: posts big blind $3
*** HOLE CARDS ***
vitalik1203: raises $3 to $6
fifaliga: folds
Uncalled bet ($3) returned to vitalik1203
vitalik1203 collected $6 from pot
vitalik1203: doesn't show hand
*** SUMMARY ***
Total pot $6 | Rake $0
Seat 1: vitalik1203 (button) (small blind) collected ($6)
Seat 2: fifaliga (big blind) folded before Flop


PokerStars Hand #147179353160:  Hold'em Limit ($3/$6 USD) - 2016/01/17 3:35:08 ET
Table 'Portia' 2-max Seat #2 is the button
Seat 1: vitalik1203 ($98.24 in chips)
Seat 2: fifaliga ($165.66 in chips)
fifaliga: posts small blind $1
vitalik1203: posts big blind $3
*** HOLE CARDS ***
fifaliga: raises $3 to $6
vitalik1203: calls $3
*** FLOP *** [3c 4d 3s]
vitalik1203: bets $3
fifaliga: calls $3
*** TURN *** [3c 4d 3s] [Th]
vitalik1203: bets $6
fifaliga: raises $6 to $12
vitalik1203: calls $6
*** RIVER *** [3c 4d 3s Th] [6h]
vitalik1203: bets $6
fifaliga: raises $6 to $12
vitalik1203: calls $6
*** SHOW DOWN ***
fifaliga: shows [Js Jh] (two pair, Jacks and Threes)
vitalik1203: mucks hand
fifaliga collected $65.50 from pot
*** SUMMARY ***
Total pot $66 | Rake $0.50
Board [3c 4d 3s Th 6h]
Seat 1: vitalik1203 (big blind) mucked
Seat 2: fifaliga (button) (small blind) showed [Js Jh] and won ($65.50) with two pair, Jacks and Threes


PokerStars Hand #147179348357:  Hold'em Limit ($3/$6 USD) - 2016/01/17 3:34:56 ET
Table 'Portia' 2-max Seat #1 is the button
Seat 1: vitalik1203 ($107.24 in chips)
Seat 2: fifaliga ($157.02 in chips)
vitalik1203: posts small blind $1
fifaliga: posts big blind $3
*** HOLE CARDS ***
vitalik1203: raises $3 to $6
fifaliga: calls $3
*** FLOP *** [5d Kd 4h]
fifaliga: checks
vitalik1203: bets $3
fifaliga: raises $3 to $6
vitalik1203: folds
Uncalled bet ($3) returned to fifaliga
fifaliga collected $17.64 from pot
fifaliga: doesn't show hand
*** SUMMARY ***
Total pot $18 | Rake $0.36
Board [5d Kd 4h]
Seat 1: vitalik1203 (button) (small blind) folded on the Flop
Seat 2: fifaliga (big blind) collected ($17.64)


PokerStars Hand #147179379696:  Hold'em Limit ($3/$6 USD) - 2016/01/17 3:36:17 ET
Table 'Portia' 2-max Seat #2 is the button
Seat 1: vitalik1203 ($88.74 in chips)
Seat 2: fifaliga ($173.68 in chips)
fifaliga: posts small blind $1
vitalik1203: posts big blind $3
*** HOLE CARDS ***
fifaliga: raises $3 to $6
vitalik1203: raises $3 to $9
fifaliga: calls $3
*** FLOP *** [Kc 5d 4s]
vitalik1203: bets $3
fifaliga: calls $3
*** TURN *** [Kc 5d 4s] [Ac]
vitalik1203: bets $6
fifaliga: raises $6 to $12
vitalik1203: calls $6
*** RIVER *** [Kc 5d 4s Ac] [Kh]
vitalik1203: bets $6
fifaliga: raises $6 to $12
vitalik1203: raises $6 to $18
fifaliga: raises $6 to $24
Betting is capped
vitalik1203: calls $6
*** SHOW DOWN ***
fifaliga: shows [Kd 5c] (a full house, Kings full of Fives)
vitalik1203: mucks hand
fifaliga collected $95.50 from pot
*** SUMMARY ***
Total pot $96 | Rake $0.50
Board [Kc 5d 4s Ac Kh]
Seat 1: vitalik1203 (big blind) mucked
Seat 2: fifaliga (button) (small blind) showed [Kd 5c] and won ($95.50) with a full house, Kings full of Fives


PokerStars Hand #147179370299:  Hold'em Limit ($3/$6 USD) - 2016/01/17 3:35:53 ET
Table 'Portia' 2-max Seat #1 is the button
Seat 1: vitalik1203 ($56.24 in chips)
Seat 2: fifaliga ($206.68 in chips)
vitalik1203: posts small blind $1
fifaliga: posts big blind $3
*** HOLE CARDS ***
vitalik1203: raises $3 to $6
fifaliga: raises $3 to $9
vitalik1203: calls $3
*** FLOP *** [9d Jd Qh]
fifaliga: bets $3
vitalik1203: raises $3 to $6
fifaliga: raises $3 to $9
vitalik1203: raises $3 to $12
Betting is capped
fifaliga: calls $3
*** TURN *** [9d Jd Qh] [2h]
fifaliga: checks
vitalik1203: bets $6
fifaliga: calls $6
*** RIVER *** [9d Jd Qh 2h] [5h]
fifaliga: checks
vitalik1203: bets $6
fifaliga: calls $6
*** SHOW DOWN ***
vitalik1203: shows [9h Qs] (two pair, Queens and Nines)
fifaliga: mucks hand
vitalik1203 collected $65.50 from pot
*** SUMMARY ***
Total pot $66 | Rake $0.50
Board [9d Jd Qh 2h 5h]
Seat 1: vitalik1203 (button) (small blind) showed [9h Qs] and won ($65.50) with two pair, Queens and Nines
Seat 2: fifaliga (big blind) mucked


PokerStars Hand #147179409309:  Hold'em Limit ($3/$6 USD) - 2016/01/17 3:37:35 ET
Table 'Portia' 2-max Seat #1 is the button
Seat 1: vitalik1203 ($16.74 in chips)
Seat 2: fifaliga ($244.44 in chips)
vitalik1203: posts small blind $1
fifaliga: posts big blind $3
*** HOLE CARDS ***
vitalik1203: raises $3 to $6
fifaliga: calls $3
*** FLOP *** [2s Ks 3h]
fifaliga: checks
vitalik1203: bets $3
fifaliga: folds
Uncalled bet ($3) returned to vitalik1203
vitalik1203 collected $11.76 from pot
vitalik1203: doesn't show hand
*** SUMMARY ***
Total pot $12 | Rake $0.24
Board [2s Ks 3h]
Seat 1: vitalik1203 (button) (small blind) collected ($11.76)
Seat 2: fifaliga (big blind) folded on the Flop


PokerStars Hand #147179404673:  Hold'em Limit ($3/$6 USD) - 2016/01/17 3:37:23 ET
Table 'Portia' 2-max Seat #2 is the button
Seat 1: vitalik1203 ($22.74 in chips)
Seat 2: fifaliga ($238.68 in chips)
fifaliga: posts small blind $1
vitalik1203: posts big blind $3
*** HOLE CARDS ***
fifaliga: raises $3 to $6
vitalik1203: calls $3
*** FLOP *** [As Ad Jd]
vitalik1203: checks
fifaliga: bets $3
vitalik1203: folds
Uncalled bet ($3) returned to fifaliga
fifaliga collected $11.76 from pot
fifaliga: doesn't show hand
*** SUMMARY ***
Total pot $12 | Rake $0.24
Board [As Ad Jd]
Seat 1: vitalik1203 (big blind) folded on the Flop
Seat 2: fifaliga (button) (small blind) collected ($11.76)


PokerStars Hand #147179391184:  Hold'em Limit ($3/$6 USD) - 2016/01/17 3:36:47 ET
Table 'Portia' 2-max Seat #1 is the button
Seat 1: vitalik1203 ($40.74 in chips)
Seat 2: fifaliga ($221.18 in chips)
vitalik1203: posts small blind $1
fifaliga: posts big blind $3
*** HOLE CARDS ***
vitalik1203: raises $3 to $6
fifaliga: calls $3
*** FLOP *** [5d Kc 9s]
fifaliga: checks
vitalik1203: bets $3
fifaliga: raises $3 to $6
vitalik1203: calls $3
*** TURN *** [5d Kc 9s] [6h]
fifaliga: bets $6
vitalik1203: calls $6
*** RIVER *** [5d Kc 9s 6h] [Jh]
fifaliga: bets $6
vitalik1203: folds
Uncalled bet ($6) returned to fifaliga
fifaliga collected $35.50 from pot
fifaliga: doesn't show hand
*** SUMMARY ***
Total pot $36 | Rake $0.50
Board [5d Kc 9s 6h Jh]
Seat 1: vitalik1203 (button) (small blind) folded on the River
Seat 2: fifaliga (big blind) collected ($35.50)


PokerStars Hand #147179415473:  Hold'em Limit ($3/$6 USD) - 2016/01/17 3:37:51 ET
Table 'Portia' 2-max Seat #2 is the button
Seat 1: vitalik1203 ($22.50 in chips)
Seat 2: fifaliga ($238.44 in chips)
fifaliga: posts small blind $1
vitalik1203: posts big blind $3
*** HOLE CARDS ***
fifaliga: raises $3 to $6
vitalik1203: raises $3 to $9
fifaliga: calls $3
*** FLOP *** [2s 7h 5s]
vitalik1203: bets $3
fifaliga: calls $3
*** TURN *** [2s 7h 5s] [3c]
vitalik1203: bets $6
fifaliga: raises $6 to $12
vitalik1203: calls $4.50 and is all-in
Uncalled bet ($1.50) returned to fifaliga
*** RIVER *** [2s 7h 5s 3c] [6h]
*** SHOW DOWN ***
vitalik1203: shows [Ac 5h] (a pair of Fives)
fifaliga: shows [As 4c] (a straight, Three to Seven)
fifaliga collected $44.50 from pot
*** SUMMARY ***
Total pot $45 | Rake $0.50
Board [2s 7h 5s 3c 6h]
Seat 1: vitalik1203 (big blind) showed [Ac 5h] and lost with a pair of Fives
Seat 2: fifaliga (button) (small blind) showed [As 4c] and won ($44.50) with a straight, Three to Seven


PokerStars Hand #147180583369:  Hold'em Limit ($3/$6 USD) - 2016/01/17 4:24:39 ET
Table 'Portia' 2-max Seat #1 is the button
Seat 1: Pete81 ($77.50 in chips)
Seat 2: fifaliga ($242.44 in chips)
Pete81: posts small blind $1
fifaliga: posts big blind $3
*** HOLE CARDS ***
Pete81: folds
Uncalled bet ($2) returned to fifaliga
fifaliga collected $2 from pot
fifaliga: doesn't show hand
*** SUMMARY ***
Total pot $2 | Rake $0
Seat 1: Pete81 (button) (small blind) folded before Flop
Seat 2: fifaliga (big blind) collected ($2)


PokerStars Hand #147180581012:  Hold'em Limit ($3/$6 USD) - 2016/01/17 4:24:34 ET
Table 'Portia' 2-max Seat #2 is the button
Seat 1: Pete81 ($80.50 in chips)
Seat 2: fifaliga ($239.44 in chips)
fifaliga: posts small blind $1
Pete81: posts big blind $3
*** HOLE CARDS ***
fifaliga: raises $3 to $6
Pete81: folds
Uncalled bet ($3) returned to fifaliga
fifaliga collected $6 from pot
fifaliga: doesn't show hand
*** SUMMARY ***
Total pot $6 | Rake $0
Seat 1: Pete81 (big blind) folded before Flop
Seat 2: fifaliga (button) (small blind) collected ($6)


PokerStars Hand #147180569419:  Hold'em Limit ($3/$6 USD) - 2016/01/17 4:24:08 ET
Table 'Portia' 2-max Seat #1 is the button
Seat 1: Pete81 ($60 in chips)
Seat 2: fifaliga ($260.44 in chips)
Pete81: posts small blind $1
fifaliga: posts big blind $3
*** HOLE CARDS ***
Pete81: raises $3 to $6
fifaliga: calls $3
*** FLOP *** [Qd 8h Kd]
fifaliga: checks
Pete81: bets $3
fifaliga: raises $3 to $6
Pete81: raises $3 to $9
fifaliga: calls $3
*** TURN *** [Qd 8h Kd] [Qc]
fifaliga: checks
Pete81: bets $6
fifaliga: calls $6
*** RIVER *** [Qd 8h Kd Qc] [6s]
fifaliga: checks
Pete81: bets $6
fifaliga: folds
Uncalled bet ($6) returned to Pete81
Pete81 collected $41.50 from pot
Pete81: doesn't show hand
*** SUMMARY ***
Total pot $42 | Rake $0.50
Board [Qd 8h Kd Qc 6s]
Seat 1: Pete81 (button) (small blind) collected ($41.50)
Seat 2: fifaliga (big blind) folded on the River


PokerStars Hand #147180613966:  Hold'em Limit ($3/$6 USD) - 2016/01/17 4:25:46 ET
Table 'Portia' 2-max Seat #2 is the button
Seat 1: Pete81 ($42.50 in chips)
Seat 2: fifaliga ($276.70 in chips)
fifaliga: posts small blind $1
Pete81: posts big blind $3
*** HOLE CARDS ***
fifaliga: raises $3 to $6
Pete81: folds
Uncalled bet ($3) returned to fifaliga
fifaliga collected $6 from pot
fifaliga: doesn't show hand
*** SUMMARY ***
Total pot $6 | Rake $0
Seat 1: Pete81 (big blind) folded before Flop
Seat 2: fifaliga (button) (small blind) collected ($6)


PokerStars Hand #147180611597:  Hold'em Limit ($3/$6 USD) - 2016/01/17 4:25:41 ET
Table 'Portia' 2-max Seat #1 is the button
Seat 1: Pete81 ($43.50 in chips)
Seat 2: fifaliga ($275.70 in chips)
Pete81: posts small blind $1
fifaliga: posts big blind $3
*** HOLE CARDS ***
Pete81: folds
Uncalled bet ($2) returned to fifaliga
fifaliga collected $2 from pot
fifaliga: doesn't show hand
*** SUMMARY ***
Total pot $2 | Rake $0
Seat 1: Pete81 (button) (small blind) folded before Flop
Seat 2: fifaliga (big blind) collected ($2)


PokerStars Hand #147180605767:  Hold'em Limit ($3/$6 USD) - 2016/01/17 4:25:28 ET
Table 'Portia' 2-max Seat #2 is the button
Seat 1: Pete81 ($49.50 in chips)
Seat 2: fifaliga ($269.94 in chips)
fifaliga: posts small blind $1
Pete81: posts big blind $3
*** HOLE CARDS ***
fifaliga: raises $3 to $6
Pete81: calls $3
*** FLOP *** [Kh 8c Qc]
Pete81: checks
fifaliga: bets $3
Pete81: folds
Uncalled bet ($3) returned to fifaliga
fifaliga collected $11.76 from pot
fifaliga: doesn't show hand
*** SUMMARY ***
Total pot $12 | Rake $0.24
Board [Kh 8c Qc]
Seat 1: Pete81 (big blind) folded on the Flop
Seat 2: fifaliga (button) (small blind) collected ($11.76)


PokerStars Hand #147180603523:  Hold'em Limit ($3/$6 USD) - 2016/01/17 4:25:23 ET
Table 'Portia' 2-max Seat #1 is the button
Seat 1: Pete81 ($50.50 in chips)
Seat 2: fifaliga ($268.94 in chips)
Pete81: posts small blind $1
fifaliga: posts big blind $3
*** HOLE CARDS ***
Pete81: folds
Uncalled bet ($2) returned to fifaliga
fifaliga collected $2 from pot
fifaliga: doesn't show hand
*** SUMMARY ***
Total pot $2 | Rake $0
Seat 1: Pete81 (button) (small blind) folded before Flop
Seat 2: fifaliga (big blind) collected ($2)


PokerStars Hand #147180600739:  Hold'em Limit ($3/$6 USD) - 2016/01/17 4:25:17 ET
Table 'Portia' 2-max Seat #2 is the button
Seat 1: Pete81 ($49.50 in chips)
Seat 2: fifaliga ($269.94 in chips)
fifaliga: posts small blind $1
Pete81: posts big blind $3
*** HOLE CARDS ***
fifaliga: folds
Uncalled bet ($2) returned to Pete81
Pete81 collected $2 from pot
Pete81: doesn't show hand
*** SUMMARY ***
Total pot $2 | Rake $0
Seat 1: Pete81 (big blind) collected ($2)
Seat 2: fifaliga (button) (small blind) folded before Flop


PokerStars Hand #147180597819:  Hold'em Limit ($3/$6 USD) - 2016/01/17 4:25:10 ET
Table 'Portia' 2-max Seat #1 is the button
Seat 1: Pete81 ($46.50 in chips)
Seat 2: fifaliga ($272.94 in chips)
Pete81: posts small blind $1
fifaliga: posts big blind $3
*** HOLE CARDS ***
Pete81: raises $3 to $6
fifaliga: folds
Uncalled bet ($3) returned to Pete81
Pete81 collected $6 from pot
Pete81: doesn't show hand
*** SUMMARY ***
Total pot $6 | Rake $0
Seat 1: Pete81 (button) (small blind) collected ($6)
Seat 2: fifaliga (big blind) folded before Flop


PokerStars Hand #147180586695:  Hold'em Limit ($3/$6 USD) - 2016/01/17 4:24:46 ET
Table 'Portia' 2-max Seat #2 is the button
Seat 1: Pete81 ($76.50 in chips)
Seat 2: fifaliga ($243.44 in chips)
fifaliga: posts small blind $1
Pete81: posts big blind $3
*** HOLE CARDS ***
fifaliga: raises $3 to $6
Pete81: raises $3 to $9
fifaliga: calls $3
*** FLOP *** [Qd 3c 5h]
Pete81: bets $3
fifaliga: calls $3
*** TURN *** [Qd 3c 5h] [8s]
Pete81: bets $6
fifaliga: raises $6 to $12
Pete81: calls $6
*** RIVER *** [Qd 3c 5h 8s] [8c]
Pete81: checks
fifaliga: bets $6
Pete81: calls $6
*** SHOW DOWN ***
fifaliga: shows [8h 3h] (a full house, Eights full of Threes)
Pete81: mucks hand
fifaliga collected $59.50 from pot
*** SUMMARY ***
Total pot $60 | Rake $0.50
Board [Qd 3c 5h 8s 8c]
Seat 1: Pete81 (big blind) mucked
Seat 2: fifaliga (button) (small blind) showed [8h 3h] and won ($59.50) with a full house, Eights full of Threes


