PokerStars Hand #173394758904:  Hold'em Limit ($3/$6 USD) - 2017/07/23 6:31:49 ET
Table 'Porzia' 10-max Seat #6 is the button
Seat 5: pokdokfoktok ($79.97 in chips)
Seat 6: TbIP-TbIP 88 ($114.53 in chips)
TbIP-TbIP 88: posts small blind $1
pokdokfoktok: posts big blind $3
*** HOLE CARDS ***
TbIP-TbIP 88: raises $3 to $6
pokdokfoktok: calls $3
*** FLOP *** [Th 6c Ah]
pokdokfoktok: checks
TbIP-TbIP 88: bets $3
pokdokfoktok: folds
Uncalled bet ($3) returned to TbIP-TbIP 88
TbIP-TbIP 88 collected $11.76 from pot
TbIP-TbIP 88: doesn't show hand
*** SUMMARY ***
Total pot $12 | Rake $0.24
Board [Th 6c Ah]
Seat 5: pokdokfoktok (big blind) folded on the Flop
Seat 6: TbIP-TbIP 88 (button) (small blind) collected ($11.76)


PokerStars Hand #173394752475:  Hold'em Limit ($3/$6 USD) - 2017/07/23 6:31:34 ET
Table 'Porzia' 10-max Seat #6 is the button
Seat 5: pokdokfoktok ($83.97 in chips)
Seat 6: TbIP-TbIP 88 ($110.53 in chips)
TbIP-TbIP 88: posts small blind $1
pokdokfoktok: posts big blind $3
*** HOLE CARDS ***
TbIP-TbIP 88: raises $3 to $6
pokdokfoktok: folds
Uncalled bet ($3) returned to TbIP-TbIP 88
TbIP-TbIP 88 collected $6 from pot
TbIP-TbIP 88: doesn't show hand
*** SUMMARY ***
Total pot $6 | Rake $0
Seat 5: pokdokfoktok (big blind) folded before Flop
Seat 6: TbIP-TbIP 88 (button) (small blind) collected ($6)


PokerStars Hand #173394756362:  Hold'em Limit ($3/$6 USD) - 2017/07/23 6:31:43 ET
Table 'Porzia' 10-max Seat #5 is the button
Seat 5: pokdokfoktok ($80.97 in chips)
Seat 6: TbIP-TbIP 88 ($113.53 in chips)
pokdokfoktok: posts small blind $1
TbIP-TbIP 88: posts big blind $3
*** HOLE CARDS ***
pokdokfoktok: folds
Uncalled bet ($2) returned to TbIP-TbIP 88
TbIP-TbIP 88 collected $2 from pot
TbIP-TbIP 88: doesn't show hand
*** SUMMARY ***
Total pot $2 | Rake $0
Seat 5: pokdokfoktok (button) (small blind) folded before Flop
Seat 6: TbIP-TbIP 88 (big blind) collected ($2)


PokerStars Hand #173394765508:  Hold'em Limit ($3/$6 USD) - 2017/07/23 6:32:04 ET
Table 'Porzia' 10-max Seat #5 is the button
Seat 5: pokdokfoktok ($73.97 in chips)
Seat 6: TbIP-TbIP 88 ($120.29 in chips)
pokdokfoktok: posts small blind $1
TbIP-TbIP 88: posts big blind $3
*** HOLE CARDS ***
pokdokfoktok: raises $3 to $6
TbIP-TbIP 88: calls $3
*** FLOP *** [3s 6d Jh]
TbIP-TbIP 88: checks
pokdokfoktok: bets $3
TbIP-TbIP 88: calls $3
*** TURN *** [3s 6d Jh] [9s]
TbIP-TbIP 88: checks
pokdokfoktok: bets $6
TbIP-TbIP 88: raises $6 to $12
pokdokfoktok: calls $6
*** RIVER *** [3s 6d Jh 9s] [Jc]
TbIP-TbIP 88: bets $6
pokdokfoktok: folds
Uncalled bet ($6) returned to TbIP-TbIP 88
TbIP-TbIP 88 collected $41.50 from pot
TbIP-TbIP 88: doesn't show hand
*** SUMMARY ***
Total pot $42 | Rake $0.50
Board [3s 6d Jh 9s Jc]
Seat 5: pokdokfoktok (button) (small blind) folded on the River
Seat 6: TbIP-TbIP 88 (big blind) collected ($41.50)


PokerStars Hand #173394797536:  Hold'em Limit ($3/$6 USD) - 2017/07/23 6:33:17 ET
Table 'Porzia' 10-max Seat #5 is the button
Seat 5: pokdokfoktok ($53.97 in chips)
Seat 6: TbIP-TbIP 88 ($139.79 in chips)
pokdokfoktok: posts small blind $1
TbIP-TbIP 88: posts big blind $3
*** HOLE CARDS ***
pokdokfoktok: folds
Uncalled bet ($2) returned to TbIP-TbIP 88
TbIP-TbIP 88 collected $2 from pot
TbIP-TbIP 88: doesn't show hand
*** SUMMARY ***
Total pot $2 | Rake $0
Seat 5: pokdokfoktok (button) (small blind) folded before Flop
Seat 6: TbIP-TbIP 88 (big blind) collected ($2)


PokerStars Hand #173394792357:  Hold'em Limit ($3/$6 USD) - 2017/07/23 6:33:06 ET
Table 'Porzia' 10-max Seat #6 is the button
Seat 5: pokdokfoktok ($52.97 in chips)
Seat 6: TbIP-TbIP 88 ($140.79 in chips)
TbIP-TbIP 88: posts small blind $1
pokdokfoktok: posts big blind $3
*** HOLE CARDS ***
TbIP-TbIP 88: folds
Uncalled bet ($2) returned to pokdokfoktok
pokdokfoktok collected $2 from pot
*** SUMMARY ***
Total pot $2 | Rake $0
Seat 5: pokdokfoktok (big blind) collected ($2)
Seat 6: TbIP-TbIP 88 (button) (small blind) folded before Flop


PokerStars Hand #173394799849:  Hold'em Limit ($3/$6 USD) - 2017/07/23 6:33:23 ET
Table 'Porzia' 10-max Seat #6 is the button
Seat 5: pokdokfoktok ($52.97 in chips)
Seat 6: TbIP-TbIP 88 ($140.79 in chips)
TbIP-TbIP 88: posts small blind $1
pokdokfoktok: posts big blind $3
*** HOLE CARDS ***
TbIP-TbIP 88: raises $3 to $6
pokdokfoktok: folds
Uncalled bet ($3) returned to TbIP-TbIP 88
TbIP-TbIP 88 collected $6 from pot
TbIP-TbIP 88: doesn't show hand
*** SUMMARY ***
Total pot $6 | Rake $0
Seat 5: pokdokfoktok (big blind) folded before Flop
Seat 6: TbIP-TbIP 88 (button) (small blind) collected ($6)


PokerStars Hand #173394802787:  Hold'em Limit ($3/$6 USD) - 2017/07/23 6:33:29 ET
Table 'Porzia' 10-max Seat #5 is the button
Seat 5: pokdokfoktok ($49.97 in chips)
Seat 6: TbIP-TbIP 88 ($143.79 in chips)
pokdokfoktok: posts small blind $1
TbIP-TbIP 88: posts big blind $3
*** HOLE CARDS ***
pokdokfoktok: raises $3 to $6
TbIP-TbIP 88: calls $3
*** FLOP *** [6c Kd Qc]
TbIP-TbIP 88: checks
pokdokfoktok: bets $3
TbIP-TbIP 88: folds
Uncalled bet ($3) returned to pokdokfoktok
pokdokfoktok collected $11.76 from pot
*** SUMMARY ***
Total pot $12 | Rake $0.24
Board [6c Kd Qc]
Seat 5: pokdokfoktok (button) (small blind) collected ($11.76)
Seat 6: TbIP-TbIP 88 (big blind) folded on the Flop


PokerStars Hand #173394814008:  Hold'em Limit ($3/$6 USD) - 2017/07/23 6:33:55 ET
Table 'Porzia' 10-max Seat #6 is the button
Seat 5: pokdokfoktok ($55.73 in chips)
Seat 6: TbIP-TbIP 88 ($137.79 in chips)
TbIP-TbIP 88: posts small blind $1
pokdokfoktok: posts big blind $3
*** HOLE CARDS ***
TbIP-TbIP 88: raises $3 to $6
pokdokfoktok: raises $3 to $9
iskambil joins the table at seat #3
TbIP-TbIP 88: calls $3
*** FLOP *** [Ac 7d Qh]
pokdokfoktok: bets $3
TbIP-TbIP 88: calls $3
*** TURN *** [Ac 7d Qh] [Kh]
pokdokfoktok: bets $6
TbIP-TbIP 88: calls $6
*** RIVER *** [Ac 7d Qh Kh] [2h]
pokdokfoktok: bets $6
TbIP-TbIP 88: calls $6
*** SHOW DOWN ***
pokdokfoktok: shows [Ah Td] (a pair of Aces)
TbIP-TbIP 88: mucks hand
pokdokfoktok collected $47.50 from pot
*** SUMMARY ***
Total pot $48 | Rake $0.50
Board [Ac 7d Qh Kh 2h]
Seat 5: pokdokfoktok (big blind) showed [Ah Td] and won ($47.50) with a pair of Aces
Seat 6: TbIP-TbIP 88 (button) (small blind) mucked


PokerStars Hand #173394824305:  Hold'em Limit ($3/$6 USD) - 2017/07/23 6:34:19 ET
Table 'Porzia' 10-max Seat #5 is the button
Seat 5: pokdokfoktok ($79.23 in chips)
Seat 6: TbIP-TbIP 88 ($113.79 in chips)
pokdokfoktok: posts small blind $1
TbIP-TbIP 88: posts big blind $3
*** HOLE CARDS ***
pokdokfoktok: raises $3 to $6
TbIP-TbIP 88: calls $3
*** FLOP *** [2s 9s As]
TbIP-TbIP 88: bets $3
pokdokfoktok: calls $3
*** TURN *** [2s 9s As] [8c]
TbIP-TbIP 88: checks
pokdokfoktok: checks
*** RIVER *** [2s 9s As 8c] [8s]
TbIP-TbIP 88: bets $6
pokdokfoktok: raises $6 to $12
TbIP-TbIP 88: folds
Uncalled bet ($6) returned to pokdokfoktok
pokdokfoktok collected $29.50 from pot
*** SUMMARY ***
Total pot $30 | Rake $0.50
Board [2s 9s As 8c 8s]
Seat 5: pokdokfoktok (button) (small blind) collected ($29.50)
Seat 6: TbIP-TbIP 88 (big blind) folded on the River


PokerStars Hand #173394908158:  Hold'em Limit ($3/$6 USD) - 2017/07/23 6:37:31 ET
Table 'Porzia' 10-max Seat #5 is the button
Seat 5: pokdokfoktok ($110.44 in chips)
Seat 6: TbIP-TbIP 88 ($72 in chips)
pokdokfoktok: posts small blind $1
TbIP-TbIP 88: posts big blind $3
*** HOLE CARDS ***
pokdokfoktok: raises $3 to $6
TbIP-TbIP 88: calls $3
*** FLOP *** [7c Ac 7s]
TbIP-TbIP 88: checks
pokdokfoktok: checks
*** TURN *** [7c Ac 7s] [7d]
TbIP-TbIP 88: checks
pokdokfoktok: bets $6
TbIP-TbIP 88: folds
Uncalled bet ($6) returned to pokdokfoktok
pokdokfoktok collected $11.76 from pot
*** SUMMARY ***
Total pot $12 | Rake $0.24
Board [7c Ac 7s 7d]
Seat 5: pokdokfoktok (button) (small blind) collected ($11.76)
Seat 6: TbIP-TbIP 88 (big blind) folded on the Turn


PokerStars Hand #173394896385:  Hold'em Limit ($3/$6 USD) - 2017/07/23 6:37:04 ET
Table 'Porzia' 10-max Seat #6 is the button
Seat 5: pokdokfoktok ($101.80 in chips)
Seat 6: TbIP-TbIP 88 ($72 in chips)
TbIP-TbIP 88: posts small blind $1
iskambil: is sitting out
pokdokfoktok: posts big blind $3
*** HOLE CARDS ***
TbIP-TbIP 88: raises $3 to $6
pokdokfoktok: calls $3
*** FLOP *** [7d 4c 6c]
pokdokfoktok: checks
TbIP-TbIP 88: bets $3
pokdokfoktok: calls $3
*** TURN *** [7d 4c 6c] [5h]
pokdokfoktok: checks
iskambil leaves the table
TbIP-TbIP 88: checks
*** RIVER *** [7d 4c 6c 5h] [4d]
pokdokfoktok: bets $6
TbIP-TbIP 88: folds
Uncalled bet ($6) returned to pokdokfoktok
pokdokfoktok collected $17.64 from pot
*** SUMMARY ***
Total pot $18 | Rake $0.36
Board [7d 4c 6c 5h 4d]
Seat 5: pokdokfoktok (big blind) collected ($17.64)
Seat 6: TbIP-TbIP 88 (button) (small blind) folded on the River


PokerStars Hand #173394916384:  Hold'em Limit ($3/$6 USD) - 2017/07/23 6:37:49 ET
Table 'Porzia' 10-max Seat #6 is the button
Seat 5: pokdokfoktok ($116.20 in chips)
Seat 6: TbIP-TbIP 88 ($72 in chips)
TbIP-TbIP 88: posts small blind $1
pokdokfoktok: posts big blind $3
*** HOLE CARDS ***
TbIP-TbIP 88: raises $3 to $6
pokdokfoktok: calls $3
*** FLOP *** [5s Qs Jc]
pokdokfoktok: checks
TbIP-TbIP 88: bets $3
pokdokfoktok: calls $3
*** TURN *** [5s Qs Jc] [Ad]
pokdokfoktok: checks
TbIP-TbIP 88: bets $6
pokdokfoktok: calls $6
*** RIVER *** [5s Qs Jc Ad] [9h]
pokdokfoktok: bets $6
TbIP-TbIP 88: folds
Uncalled bet ($6) returned to pokdokfoktok
pokdokfoktok collected $29.50 from pot
*** SUMMARY ***
Total pot $30 | Rake $0.50
Board [5s Qs Jc Ad 9h]
Seat 5: pokdokfoktok (big blind) collected ($29.50)
Seat 6: TbIP-TbIP 88 (button) (small blind) folded on the River


PokerStars Hand #173394927506:  Hold'em Limit ($3/$6 USD) - 2017/07/23 6:38:15 ET
Table 'Porzia' 10-max Seat #5 is the button
Seat 5: pokdokfoktok ($130.70 in chips)
Seat 6: TbIP-TbIP 88 ($72 in chips)
pokdokfoktok: posts small blind $1
TbIP-TbIP 88: posts big blind $3
*** HOLE CARDS ***
pokdokfoktok: calls $2
TbIP-TbIP 88: checks
*** FLOP *** [9d 2c 6c]
TbIP-TbIP 88: bets $3
pokdokfoktok: calls $3
*** TURN *** [9d 2c 6c] [Ts]
TbIP-TbIP 88: checks
pokdokfoktok: bets $6
TbIP-TbIP 88: calls $6
*** RIVER *** [9d 2c 6c Ts] [8c]
TbIP-TbIP 88: bets $6
pokdokfoktok: raises $6 to $12
TbIP-TbIP 88: raises $6 to $18
pokdokfoktok: calls $6
*** SHOW DOWN ***
TbIP-TbIP 88: shows [3c Jc] (a flush, Jack high)
pokdokfoktok: mucks hand
TbIP-TbIP 88 collected $59.50 from pot
*** SUMMARY ***
Total pot $60 | Rake $0.50
Board [9d 2c 6c Ts 8c]
Seat 5: pokdokfoktok (button) (small blind) mucked
Seat 6: TbIP-TbIP 88 (big blind) showed [3c Jc] and won ($59.50) with a flush, Jack high


PokerStars Hand #173394951564:  Hold'em Limit ($3/$6 USD) - 2017/07/23 6:39:09 ET
Table 'Porzia' 10-max Seat #5 is the button
Seat 5: pokdokfoktok ($82.70 in chips)
Seat 6: TbIP-TbIP 88 ($119 in chips)
pokdokfoktok: posts small blind $1
TbIP-TbIP 88: posts big blind $3
*** HOLE CARDS ***
pokdokfoktok: calls $2
TbIP-TbIP 88: checks
*** FLOP *** [9c 7h Ks]
TbIP-TbIP 88: checks
pokdokfoktok: bets $3
TbIP-TbIP 88: calls $3
*** TURN *** [9c 7h Ks] [5h]
TbIP-TbIP 88: bets $6
sim5sim5 joins the table at seat #10
pokdokfoktok: calls $6
*** RIVER *** [9c 7h Ks 5h] [Kd]
TbIP-TbIP 88: bets $6
pokdokfoktok: raises $6 to $12
TbIP-TbIP 88: calls $6
*** SHOW DOWN ***
pokdokfoktok: shows [6s 9h] (two pair, Kings and Nines)
TbIP-TbIP 88: shows [2c Kh] (three of a kind, Kings)
TbIP-TbIP 88 collected $47.50 from pot
*** SUMMARY ***
Total pot $48 | Rake $0.50
Board [9c 7h Ks 5h Kd]
Seat 5: pokdokfoktok (button) (small blind) showed [6s 9h] and lost with two pair, Kings and Nines
Seat 6: TbIP-TbIP 88 (big blind) showed [2c Kh] and won ($47.50) with three of a kind, Kings


PokerStars Hand #173394938356:  Hold'em Limit ($3/$6 USD) - 2017/07/23 6:38:39 ET
Table 'Porzia' 10-max Seat #6 is the button
Seat 5: pokdokfoktok ($100.70 in chips)
Seat 6: TbIP-TbIP 88 ($101.50 in chips)
TbIP-TbIP 88: posts small blind $1
pokdokfoktok: posts big blind $3
*** HOLE CARDS ***
TbIP-TbIP 88: raises $3 to $6
pokdokfoktok: raises $3 to $9
TbIP-TbIP 88: calls $3
*** FLOP *** [Td 6c 2h]
pokdokfoktok: bets $3
TbIP-TbIP 88: calls $3
*** TURN *** [Td 6c 2h] [4d]
pokdokfoktok: checks
TbIP-TbIP 88: bets $6
pokdokfoktok: calls $6
*** RIVER *** [Td 6c 2h 4d] [3h]
pokdokfoktok: checks
TbIP-TbIP 88: checks
*** SHOW DOWN ***
pokdokfoktok: shows [Ks As] (high card Ace)
TbIP-TbIP 88: shows [9d 2d] (a pair of Deuces)
TbIP-TbIP 88 collected $35.50 from pot
*** SUMMARY ***
Total pot $36 | Rake $0.50
Board [Td 6c 2h 4d 3h]
Seat 5: pokdokfoktok (big blind) showed [Ks As] and lost with high card Ace
Seat 6: TbIP-TbIP 88 (button) (small blind) showed [9d 2d] and won ($35.50) with a pair of Deuces


PokerStars Hand #173394982488:  Hold'em Limit ($3/$6 USD) - 2017/07/23 6:40:20 ET
Table 'Porzia' 10-max Seat #5 is the button
Seat 5: pokdokfoktok ($56.70 in chips)
Seat 10: sim5sim5 ($77.64 in chips)
pokdokfoktok: posts small blind $1
TbIP-TbIP 88: is sitting out
sim5sim5: posts big blind $3
*** HOLE CARDS ***
pokdokfoktok: folds
Uncalled bet ($2) returned to sim5sim5
sim5sim5 collected $2 from pot
sim5sim5: doesn't show hand
*** SUMMARY ***
Total pot $2 | Rake $0
Seat 5: pokdokfoktok (button) (small blind) folded before Flop
Seat 10: sim5sim5 (big blind) collected ($2)


PokerStars Hand #173394985420:  Hold'em Limit ($3/$6 USD) - 2017/07/23 6:40:27 ET
Table 'Porzia' 10-max Seat #10 is the button
Seat 5: pokdokfoktok ($55.70 in chips)
Seat 10: sim5sim5 ($78.64 in chips)
sim5sim5: posts small blind $1
pokdokfoktok: posts big blind $3
*** HOLE CARDS ***
sim5sim5: calls $2
pokdokfoktok: checks
*** FLOP *** [5s Qh 5d]
pokdokfoktok: checks
sim5sim5: bets $3
pokdokfoktok: folds
Uncalled bet ($3) returned to sim5sim5
sim5sim5 collected $5.88 from pot
sim5sim5: doesn't show hand
*** SUMMARY ***
Total pot $6 | Rake $0.12
Board [5s Qh 5d]
Seat 5: pokdokfoktok (big blind) folded on the Flop
Seat 10: sim5sim5 (button) (small blind) collected ($5.88)


PokerStars Hand #173395022569:  Hold'em Limit ($3/$6 USD) - 2017/07/23 6:41:51 ET
Table 'Porzia' 10-max Seat #5 is the button
Seat 5: pokdokfoktok ($40.34 in chips)
Seat 10: sim5sim5 ($93.02 in chips)
pokdokfoktok: posts small blind $1
sim5sim5: posts big blind $3
*** HOLE CARDS ***
pokdokfoktok: raises $3 to $6
sim5sim5: folds
Uncalled bet ($3) returned to pokdokfoktok
pokdokfoktok collected $6 from pot
*** SUMMARY ***
Total pot $6 | Rake $0
Seat 5: pokdokfoktok (button) (small blind) collected ($6)
Seat 10: sim5sim5 (big blind) folded before Flop


PokerStars Hand #173395011013:  Hold'em Limit ($3/$6 USD) - 2017/07/23 6:41:25 ET
Table 'Porzia' 10-max Seat #10 is the button
Seat 5: pokdokfoktok ($61.34 in chips)
Seat 10: sim5sim5 ($72.52 in chips)
sim5sim5: posts small blind $1
pokdokfoktok: posts big blind $3
*** HOLE CARDS ***
sim5sim5: raises $3 to $6
pokdokfoktok: calls $3
*** FLOP *** [7c 5h 7s]
pokdokfoktok: checks
sim5sim5: bets $3
pokdokfoktok: calls $3
*** TURN *** [7c 5h 7s] [2c]
pokdokfoktok: bets $6
sim5sim5: calls $6
*** RIVER *** [7c 5h 7s 2c] [5d]
pokdokfoktok: bets $6
sim5sim5: calls $6
*** SHOW DOWN ***
pokdokfoktok: shows [Ks 9d] (two pair, Sevens and Fives)
sim5sim5: shows [Kd Ac] (two pair, Sevens and Fives - Ace kicker)
sim5sim5 collected $41.50 from pot
*** SUMMARY ***
Total pot $42 | Rake $0.50
Board [7c 5h 7s 2c 5d]
Seat 5: pokdokfoktok (big blind) showed [Ks 9d] and lost with two pair, Sevens and Fives
Seat 10: sim5sim5 (button) (small blind) showed [Kd Ac] and won ($41.50) with two pair, Sevens and Fives


PokerStars Hand #173395026096:  Hold'em Limit ($3/$6 USD) - 2017/07/23 6:41:59 ET
Table 'Porzia' 10-max Seat #10 is the button
Seat 5: pokdokfoktok ($43.34 in chips)
Seat 10: sim5sim5 ($90.02 in chips)
sim5sim5: posts small blind $1
pokdokfoktok: posts big blind $3
*** HOLE CARDS ***
sim5sim5: raises $3 to $6
pokdokfoktok: folds
Uncalled bet ($3) returned to sim5sim5
sim5sim5 collected $6 from pot
sim5sim5: doesn't show hand
*** SUMMARY ***
Total pot $6 | Rake $0
Seat 5: pokdokfoktok (big blind) folded before Flop
Seat 10: sim5sim5 (button) (small blind) collected ($6)


PokerStars Hand #173394993693:  Hold'em Limit ($3/$6 USD) - 2017/07/23 6:40:46 ET
Table 'Porzia' 10-max Seat #5 is the button
Seat 5: pokdokfoktok ($52.70 in chips)
Seat 10: sim5sim5 ($81.52 in chips)
pokdokfoktok: posts small blind $1
sim5sim5: posts big blind $3
*** HOLE CARDS ***
pokdokfoktok: raises $3 to $6
sim5sim5: calls $3
*** FLOP *** [Ah 9d 2h]
sim5sim5: checks
pokdokfoktok: bets $3
sim5sim5: calls $3
*** TURN *** [Ah 9d 2h] [4h]
sim5sim5: checks
pokdokfoktok: checks
*** RIVER *** [Ah 9d 2h 4h] [8s]
sim5sim5: checks
pokdokfoktok: checks
*** SHOW DOWN ***
sim5sim5: shows [Tc Kh] (high card Ace)
pokdokfoktok: shows [6h 6s] (a pair of Sixes)
pokdokfoktok collected $17.64 from pot
*** SUMMARY ***
Total pot $18 | Rake $0.36
Board [Ah 9d 2h 4h 8s]
Seat 5: pokdokfoktok (button) (small blind) showed [6h 6s] and won ($17.64) with a pair of Sixes
Seat 10: sim5sim5 (big blind) showed [Tc Kh] and lost with high card Ace


PokerStars Hand #173395046525:  Hold'em Limit ($3/$6 USD) - 2017/07/23 6:42:45 ET
Table 'Porzia' 10-max Seat #10 is the button
Seat 5: pokdokfoktok ($22.34 in chips)
Seat 10: sim5sim5 ($110.52 in chips)
sim5sim5: posts small blind $1
pokdokfoktok: posts big blind $3
*** HOLE CARDS ***
sim5sim5: raises $3 to $6
pokdokfoktok: folds
Uncalled bet ($3) returned to sim5sim5
sim5sim5 collected $6 from pot
sim5sim5: doesn't show hand
*** SUMMARY ***
Total pot $6 | Rake $0
Seat 5: pokdokfoktok (big blind) folded before Flop
Seat 10: sim5sim5 (button) (small blind) collected ($6)


PokerStars Hand #173395050129:  Hold'em Limit ($3/$6 USD) - 2017/07/23 6:42:53 ET
Table 'Porzia' 10-max Seat #5 is the button
Seat 5: pokdokfoktok ($19.34 in chips)
Seat 10: sim5sim5 ($113.52 in chips)
pokdokfoktok: posts small blind $1
sim5sim5: posts big blind $3
*** HOLE CARDS ***
pokdokfoktok: raises $3 to $6
sim5sim5: folds
Uncalled bet ($3) returned to pokdokfoktok
pokdokfoktok collected $6 from pot
*** SUMMARY ***
Total pot $6 | Rake $0
Seat 5: pokdokfoktok (button) (small blind) collected ($6)
Seat 10: sim5sim5 (big blind) folded before Flop


PokerStars Hand #173395053804:  Hold'em Limit ($3/$6 USD) - 2017/07/23 6:43:01 ET
Table 'Porzia' 10-max Seat #10 is the button
Seat 5: pokdokfoktok ($22.34 in chips)
Seat 10: sim5sim5 ($110.52 in chips)
sim5sim5: posts small blind $1
pokdokfoktok: posts big blind $3
*** HOLE CARDS ***
sim5sim5: raises $3 to $6
pokdokfoktok: calls $3
*** FLOP *** [Qc 4s As]
pokdokfoktok: checks
sim5sim5: bets $3
pokdokfoktok: calls $3
*** TURN *** [Qc 4s As] [Qh]
pokdokfoktok: checks
sim5sim5: checks
*** RIVER *** [Qc 4s As Qh] [8s]
pokdokfoktok: checks
sim5sim5: bets $6
pokdokfoktok: calls $6
*** SHOW DOWN ***
sim5sim5: shows [6s Ah] (two pair, Aces and Queens)
pokdokfoktok: shows [3h Ad] (two pair, Aces and Queens)
pokdokfoktok collected $14.75 from pot
sim5sim5 collected $14.75 from pot
*** SUMMARY ***
Total pot $30 | Rake $0.50
Board [Qc 4s As Qh 8s]
Seat 5: pokdokfoktok (big blind) showed [3h Ad] and won ($14.75) with two pair, Aces and Queens
Seat 10: sim5sim5 (button) (small blind) showed [6s Ah] and won ($14.75) with two pair, Aces and Queens


PokerStars Hand #173395068332:  Hold'em Limit ($3/$6 USD) - 2017/07/23 6:43:34 ET
Table 'Porzia' 10-max Seat #5 is the button
Seat 5: pokdokfoktok ($22.09 in chips)
Seat 10: sim5sim5 ($110.27 in chips)
pokdokfoktok: posts small blind $1
sim5sim5: posts big blind $3
*** HOLE CARDS ***
pokdokfoktok: raises $3 to $6
sim5sim5: raises $3 to $9
pokdokfoktok: raises $3 to $12
Betting is capped
sim5sim5: calls $3
*** FLOP *** [Jd 2s 9c]
sim5sim5: bets $3
pokdokfoktok: raises $3 to $6
TbIP-TbIP 88 leaves the table
sim5sim5: raises $3 to $9
pokdokfoktok: raises $1.09 to $10.09 and is all-in
Betting is capped
sim5sim5: calls $1.09
*** TURN *** [Jd 2s 9c] [4c]
*** RIVER *** [Jd 2s 9c 4c] [8s]
*** SHOW DOWN ***
sim5sim5: shows [9s Kh] (a pair of Nines)
pokdokfoktok: shows [9h Kc] (a pair of Nines)
sim5sim5 collected $21.84 from pot
pokdokfoktok collected $21.84 from pot
*** SUMMARY ***
Total pot $44.18 | Rake $0.50
Board [Jd 2s 9c 4c 8s]
Seat 5: pokdokfoktok (button) (small blind) showed [9h Kc] and won ($21.84) with a pair of Nines
Seat 10: sim5sim5 (big blind) showed [9s Kh] and won ($21.84) with a pair of Nines


PokerStars Hand #173395081879:  Hold'em Limit ($3/$6 USD) - 2017/07/23 6:44:04 ET
Table 'Porzia' 10-max Seat #10 is the button
Seat 5: pokdokfoktok ($21.84 in chips)
Seat 10: sim5sim5 ($110.02 in chips)
sim5sim5: posts small blind $1
pokdokfoktok: posts big blind $3
*** HOLE CARDS ***
sim5sim5: raises $3 to $6
pokdokfoktok: folds
Uncalled bet ($3) returned to sim5sim5
sim5sim5 collected $6 from pot
sim5sim5: doesn't show hand
*** SUMMARY ***
Total pot $6 | Rake $0
Seat 5: pokdokfoktok (big blind) folded before Flop
Seat 10: sim5sim5 (button) (small blind) collected ($6)


PokerStars Hand #173395096830:  Hold'em Limit ($3/$6 USD) - 2017/07/23 6:44:38 ET
Table 'Porzia' 10-max Seat #5 is the button
Seat 5: pokdokfoktok ($21.60 in chips)
Seat 10: sim5sim5 ($110.02 in chips)
pokdokfoktok: posts small blind $1
sim5sim5: posts big blind $3
*** HOLE CARDS ***
pokdokfoktok: raises $3 to $6
sim5sim5: raises $3 to $9
pokdokfoktok: raises $3 to $12
Betting is capped
sim5sim5: calls $3
*** FLOP *** [2h 7c Tc]
sim5sim5: bets $3
pokdokfoktok: raises $3 to $6
sim5sim5: raises $3 to $9
pokdokfoktok: raises $0.60 to $9.60 and is all-in
Betting is capped
sim5sim5: calls $0.60
*** TURN *** [2h 7c Tc] [Ad]
*** RIVER *** [2h 7c Tc Ad] [Kd]
*** SHOW DOWN ***
sim5sim5: shows [Jc Qs] (a straight, Ten to Ace)
pokdokfoktok: shows [As Td] (two pair, Aces and Tens)
sim5sim5 collected $42.70 from pot
*** SUMMARY ***
Total pot $43.20 | Rake $0.50
Board [2h 7c Tc Ad Kd]
Seat 5: pokdokfoktok (button) (small blind) showed [As Td] and lost with two pair, Aces and Tens
Seat 10: sim5sim5 (big blind) showed [Jc Qs] and won ($42.70) with a straight, Ten to Ace


PokerStars Hand #173395093904:  Hold'em Limit ($3/$6 USD) - 2017/07/23 6:44:32 ET
Table 'Porzia' 10-max Seat #10 is the button
Seat 5: pokdokfoktok ($24.60 in chips)
Seat 10: sim5sim5 ($107.02 in chips)
sim5sim5: posts small blind $1
pokdokfoktok: posts big blind $3
*** HOLE CARDS ***
sim5sim5: raises $3 to $6
pokdokfoktok: folds
Uncalled bet ($3) returned to sim5sim5
sim5sim5 collected $6 from pot
sim5sim5: doesn't show hand
*** SUMMARY ***
Total pot $6 | Rake $0
Seat 5: pokdokfoktok (big blind) folded before Flop
Seat 10: sim5sim5 (button) (small blind) collected ($6)


PokerStars Hand #173395085659:  Hold'em Limit ($3/$6 USD) - 2017/07/23 6:44:13 ET
Table 'Porzia' 10-max Seat #5 is the button
Seat 5: pokdokfoktok ($18.84 in chips)
Seat 10: sim5sim5 ($113.02 in chips)
pokdokfoktok: posts small blind $1
sim5sim5: posts big blind $3
*** HOLE CARDS ***
pokdokfoktok: raises $3 to $6
sim5sim5: calls $3
*** FLOP *** [Qh 4c 8c]
sim5sim5: checks
pokdokfoktok: checks
*** TURN *** [Qh 4c 8c] [2d]
sim5sim5: checks
pokdokfoktok: checks
*** RIVER *** [Qh 4c 8c 2d] [7s]
sim5sim5: checks
pokdokfoktok: checks
*** SHOW DOWN ***
sim5sim5: shows [6s 9s] (high card Queen)
pokdokfoktok: shows [Ts Ah] (high card Ace)
pokdokfoktok collected $11.76 from pot
*** SUMMARY ***
Total pot $12 | Rake $0.24
Board [Qh 4c 8c 2d 7s]
Seat 5: pokdokfoktok (button) (small blind) showed [Ts Ah] and won ($11.76) with high card Ace
Seat 10: sim5sim5 (big blind) showed [6s 9s] and lost with high card Queen


PokerStars Hand #173395122019:  Hold'em Limit ($3/$6 USD) - 2017/07/23 6:45:35 ET
Table 'Porzia' 10-max Seat #10 is the button
Seat 5: pokdokfoktok ($120 in chips)
Seat 10: sim5sim5 ($131.12 in chips)
sim5sim5: posts small blind $1
pokdokfoktok: posts big blind $3
*** HOLE CARDS ***
sim5sim5: raises $3 to $6
pokdokfoktok: calls $3
*** FLOP *** [2c 4d 6c]
pokdokfoktok: checks
sim5sim5: bets $3
pokdokfoktok: calls $3
*** TURN *** [2c 4d 6c] [4c]
pokdokfoktok: checks
iskambil joins the table at seat #3
sim5sim5: checks
*** RIVER *** [2c 4d 6c 4c] [7c]
pokdokfoktok: bets $6
sim5sim5: calls $6
*** SHOW DOWN ***
pokdokfoktok: shows [8d Ad] (a pair of Fours)
sim5sim5: shows [Qh 9c] (a flush, Nine high)
sim5sim5 collected $29.50 from pot
*** SUMMARY ***
Total pot $30 | Rake $0.50
Board [2c 4d 6c 4c 7c]
Seat 5: pokdokfoktok (big blind) showed [8d Ad] and lost with a pair of Fours
Seat 10: sim5sim5 (button) (small blind) showed [Qh 9c] and won ($29.50) with a flush, Nine high


PokerStars Hand #173395143367:  Hold'em Limit ($3/$6 USD) - 2017/07/23 6:46:23 ET
Table 'Porzia' 10-max Seat #5 is the button
Seat 3: iskambil ($66 in chips)
Seat 5: pokdokfoktok ($105 in chips)
pokdokfoktok: posts small blind $1
iskambil: posts big blind $3
*** HOLE CARDS ***
pokdokfoktok: raises $3 to $6
sim5sim5 joins the table at seat #4
iskambil: folds
Uncalled bet ($3) returned to pokdokfoktok
pokdokfoktok collected $6 from pot
*** SUMMARY ***
Total pot $6 | Rake $0
Seat 3: iskambil (big blind) folded before Flop
Seat 5: pokdokfoktok (button) (small blind) collected ($6)


PokerStars Hand #173395230994:  Hold'em Limit ($3/$6 USD) - 2017/07/23 6:49:41 ET
Table 'Porzia' 10-max Seat #3 is the button
Seat 3: iskambil ($33.75 in chips)
Seat 5: pokdokfoktok ($110.46 in chips)
iskambil: posts small blind $1
pokdokfoktok: posts big blind $3
*** HOLE CARDS ***
iskambil: raises $3 to $6
pokdokfoktok: folds
Uncalled bet ($3) returned to iskambil
iskambil collected $6 from pot
iskambil: doesn't show hand
*** SUMMARY ***
Total pot $6 | Rake $0
Seat 3: iskambil (button) (small blind) collected ($6)
Seat 5: pokdokfoktok (big blind) folded before Flop


PokerStars Hand #173395215378:  Hold'em Limit ($3/$6 USD) - 2017/07/23 6:49:06 ET
Table 'Porzia' 10-max Seat #5 is the button
Seat 3: iskambil ($34 in chips)
Seat 5: pokdokfoktok ($110.71 in chips)
pokdokfoktok: posts small blind $1
vlaprok: is sitting out
iskambil: posts big blind $3
*** HOLE CARDS ***
pokdokfoktok: calls $2
iskambil: checks
*** FLOP *** [2c Jh 2h]
iskambil: checks
pokdokfoktok: checks
*** TURN *** [2c Jh 2h] [9s]
iskambil: bets $6
pokdokfoktok: calls $6
*** RIVER *** [2c Jh 2h 9s] [Qs]
iskambil: checks
pokdokfoktok: bets $6
iskambil: calls $6
*** SHOW DOWN ***
pokdokfoktok: shows [Js 6h] (two pair, Jacks and Deuces)
iskambil: shows [Jd 4d] (two pair, Jacks and Deuces)
iskambil collected $14.75 from pot
pokdokfoktok collected $14.75 from pot
*** SUMMARY ***
Total pot $30 | Rake $0.50
Board [2c Jh 2h 9s Qs]
Seat 3: iskambil (big blind) showed [Jd 4d] and won ($14.75) with two pair, Jacks and Deuces
Seat 5: pokdokfoktok (button) (small blind) showed [Js 6h] and won ($14.75) with two pair, Jacks and Deuces


PokerStars Hand #173395383874:  Hold'em Limit ($3/$6 USD) - 2017/07/23 6:55:27 ET
Table 'Porzia' 10-max Seat #6 is the button
Seat 5: pokdokfoktok ($63.09 in chips)
Seat 6: vlaprok ($148.75 in chips)
vlaprok: posts small blind $1
iskambil: is sitting out
pokdokfoktok: posts big blind $3
*** HOLE CARDS ***
vlaprok: folds
Uncalled bet ($2) returned to pokdokfoktok
pokdokfoktok collected $2 from pot
iskambil leaves the table
*** SUMMARY ***
Total pot $2 | Rake $0
Seat 5: pokdokfoktok (big blind) collected ($2)
Seat 6: vlaprok (button) (small blind) folded before Flop


PokerStars Hand #173395417167:  Hold'em Limit ($3/$6 USD) - 2017/07/23 6:56:54 ET
Table 'Porzia' 10-max Seat #5 is the button
Seat 5: pokdokfoktok ($72.59 in chips)
Seat 6: vlaprok ($138.39 in chips)
pokdokfoktok: posts small blind $1
vlaprok: posts big blind $3
*** HOLE CARDS ***
pokdokfoktok: raises $3 to $6
vlaprok: calls $3
*** FLOP *** [2d Jc Kc]
vlaprok: checks
pokdokfoktok: checks
*** TURN *** [2d Jc Kc] [5s]
vlaprok: bets $6
pokdokfoktok: folds
Uncalled bet ($6) returned to vlaprok
vlaprok collected $11.76 from pot
vlaprok: doesn't show hand
*** SUMMARY ***
Total pot $12 | Rake $0.24
Board [2d Jc Kc 5s]
Seat 5: pokdokfoktok (button) (small blind) folded on the Turn
Seat 6: vlaprok (big blind) collected ($11.76)


PokerStars Hand #173395396616:  Hold'em Limit ($3/$6 USD) - 2017/07/23 6:56:00 ET
Table 'Porzia' 10-max Seat #5 is the button
Seat 5: pokdokfoktok ($64.09 in chips)
Seat 6: vlaprok ($147.75 in chips)
pokdokfoktok: posts small blind $1
vlaprok: posts big blind $3
*** HOLE CARDS ***
pokdokfoktok: raises $3 to $6
vlaprok: raises $3 to $9
pokdokfoktok: calls $3
*** FLOP *** [Ts 9c Ad]
vlaprok: bets $3
pokdokfoktok: calls $3
*** TURN *** [Ts 9c Ad] [5h]
vlaprok: checks
pokdokfoktok: checks
*** RIVER *** [Ts 9c Ad 5h] [2d]
vlaprok: bets $6
pokdokfoktok: calls $6
*** SHOW DOWN ***
vlaprok: shows [Jh Js] (a pair of Jacks)
pokdokfoktok: shows [Ac 3c] (a pair of Aces)
pokdokfoktok collected $35.50 from pot
*** SUMMARY ***
Total pot $36 | Rake $0.50
Board [Ts 9c Ad 5h 2d]
Seat 5: pokdokfoktok (button) (small blind) showed [Ac 3c] and won ($35.50) with a pair of Aces
Seat 6: vlaprok (big blind) showed [Jh Js] and lost with a pair of Jacks


PokerStars Hand #173395415543:  Hold'em Limit ($3/$6 USD) - 2017/07/23 6:56:50 ET
Table 'Porzia' 10-max Seat #6 is the button
Seat 5: pokdokfoktok ($71.59 in chips)
Seat 6: vlaprok ($139.39 in chips)
vlaprok: posts small blind $1
pokdokfoktok: posts big blind $3
*** HOLE CARDS ***
vlaprok: folds
Uncalled bet ($2) returned to pokdokfoktok
pokdokfoktok collected $2 from pot
*** SUMMARY ***
Total pot $2 | Rake $0
Seat 5: pokdokfoktok (big blind) collected ($2)
Seat 6: vlaprok (button) (small blind) folded before Flop


PokerStars Hand #173395413310:  Hold'em Limit ($3/$6 USD) - 2017/07/23 6:56:44 ET
Table 'Porzia' 10-max Seat #5 is the button
Seat 5: pokdokfoktok ($72.59 in chips)
Seat 6: vlaprok ($138.39 in chips)
pokdokfoktok: posts small blind $1
vlaprok: posts big blind $3
*** HOLE CARDS ***
pokdokfoktok: folds
Uncalled bet ($2) returned to vlaprok
vlaprok collected $2 from pot
vlaprok: doesn't show hand
*** SUMMARY ***
Total pot $2 | Rake $0
Seat 5: pokdokfoktok (button) (small blind) folded before Flop
Seat 6: vlaprok (big blind) collected ($2)


PokerStars Hand #173395403990:  Hold'em Limit ($3/$6 USD) - 2017/07/23 6:56:20 ET
Table 'Porzia' 10-max Seat #6 is the button
Seat 5: pokdokfoktok ($81.59 in chips)
Seat 6: vlaprok ($129.75 in chips)
vlaprok: posts small blind $1
pokdokfoktok: posts big blind $3
*** HOLE CARDS ***
vlaprok: raises $3 to $6
pokdokfoktok: calls $3
*** FLOP *** [8d Jh Kh]
pokdokfoktok: checks
vlaprok: bets $3
pokdokfoktok: calls $3
*** TURN *** [8d Jh Kh] [4s]
pokdokfoktok: checks
vlaprok: checks
*** RIVER *** [8d Jh Kh 4s] [8h]
pokdokfoktok: checks
vlaprok: bets $6
pokdokfoktok: folds
Uncalled bet ($6) returned to vlaprok
vlaprok collected $17.64 from pot
vlaprok: doesn't show hand
*** SUMMARY ***
Total pot $18 | Rake $0.36
Board [8d Jh Kh 4s 8h]
Seat 5: pokdokfoktok (big blind) folded on the River
Seat 6: vlaprok (button) (small blind) collected ($17.64)


PokerStars Hand #173395428002:  Hold'em Limit ($3/$6 USD) - 2017/07/23 6:57:22 ET
Table 'Porzia' 10-max Seat #6 is the button
Seat 5: pokdokfoktok ($70.59 in chips)
Seat 6: vlaprok ($140.15 in chips)
vlaprok: posts small blind $1
pokdokfoktok: posts big blind $3
*** HOLE CARDS ***
vlaprok: raises $3 to $6
pokdokfoktok: raises $3 to $9
vlaprok: raises $3 to $12
Betting is capped
pokdokfoktok: calls $3
*** FLOP *** [Th 9h 9d]
pokdokfoktok: checks
vlaprok: bets $3
pokdokfoktok: calls $3
*** TURN *** [Th 9h 9d] [Jd]
pokdokfoktok: checks
vlaprok: bets $6
pokdokfoktok: calls $6
*** RIVER *** [Th 9h 9d Jd] [Ts]
pokdokfoktok: checks
vlaprok: bets $6
pokdokfoktok: calls $6
*** SHOW DOWN ***
vlaprok: shows [Kd Ks] (two pair, Kings and Tens)
pokdokfoktok: mucks hand
vlaprok collected $53.50 from pot
*** SUMMARY ***
Total pot $54 | Rake $0.50
Board [Th 9h 9d Jd Ts]
Seat 5: pokdokfoktok (big blind) mucked
Seat 6: vlaprok (button) (small blind) showed [Kd Ks] and won ($53.50) with two pair, Kings and Tens


PokerStars Hand #173395425216:  Hold'em Limit ($3/$6 USD) - 2017/07/23 6:57:15 ET
Table 'Porzia' 10-max Seat #5 is the button
Seat 5: pokdokfoktok ($67.59 in chips)
Seat 6: vlaprok ($143.15 in chips)
pokdokfoktok: posts small blind $1
vlaprok: posts big blind $3
*** HOLE CARDS ***
pokdokfoktok: raises $3 to $6
vlaprok: folds
Uncalled bet ($3) returned to pokdokfoktok
pokdokfoktok collected $6 from pot
*** SUMMARY ***
Total pot $6 | Rake $0
Seat 5: pokdokfoktok (button) (small blind) collected ($6)
Seat 6: vlaprok (big blind) folded before Flop


PokerStars Hand #173395422947:  Hold'em Limit ($3/$6 USD) - 2017/07/23 6:57:09 ET
Table 'Porzia' 10-max Seat #6 is the button
Seat 5: pokdokfoktok ($66.59 in chips)
Seat 6: vlaprok ($144.15 in chips)
vlaprok: posts small blind $1
pokdokfoktok: posts big blind $3
*** HOLE CARDS ***
vlaprok: folds
Uncalled bet ($2) returned to pokdokfoktok
pokdokfoktok collected $2 from pot
*** SUMMARY ***
Total pot $2 | Rake $0
Seat 5: pokdokfoktok (big blind) collected ($2)
Seat 6: vlaprok (button) (small blind) folded before Flop


PokerStars Hand #173395518213:  Hold'em Limit ($3/$6 USD) - 2017/07/23 7:01:08 ET
Table 'Porzia' 10-max Seat #5 is the button
Seat 5: pokdokfoktok ($42.88 in chips)
Seat 7: masterblstr8 ($148.84 in chips)
pokdokfoktok: posts small blind $1
TbIP-TbIP 88: is sitting out
masterblstr8: posts big blind $3
*** HOLE CARDS ***
pokdokfoktok: raises $3 to $6
masterblstr8: calls $3
*** FLOP *** [9s Ac Js]
masterblstr8: checks
pokdokfoktok: bets $3
masterblstr8: calls $3
*** TURN *** [9s Ac Js] [Jd]
masterblstr8: checks
pokdokfoktok: checks
*** RIVER *** [9s Ac Js Jd] [5s]
masterblstr8: checks
pokdokfoktok: checks
*** SHOW DOWN ***
masterblstr8: shows [Qd Ks] (a pair of Jacks)
pokdokfoktok: mucks hand
masterblstr8 collected $17.64 from pot
*** SUMMARY ***
Total pot $18 | Rake $0.36
Board [9s Ac Js Jd 5s]
Seat 5: pokdokfoktok (button) (small blind) mucked
Seat 7: masterblstr8 (big blind) showed [Qd Ks] and won ($17.64) with a pair of Jacks


PokerStars Hand #173395532700:  Hold'em Limit ($3/$6 USD) - 2017/07/23 7:01:42 ET
Table 'Porzia' 10-max Seat #5 is the button
Seat 5: pokdokfoktok ($30.88 in chips)
Seat 7: masterblstr8 ($160.48 in chips)
pokdokfoktok: posts small blind $1
masterblstr8: posts big blind $3
*** HOLE CARDS ***
pokdokfoktok: raises $3 to $6
masterblstr8: calls $3
*** FLOP *** [8c 6d Kd]
masterblstr8: checks
pokdokfoktok: bets $3
masterblstr8: calls $3
*** TURN *** [8c 6d Kd] [3c]
masterblstr8: checks
pokdokfoktok: checks
*** RIVER *** [8c 6d Kd 3c] [8h]
masterblstr8: checks
pokdokfoktok: bets $6
masterblstr8: folds
Uncalled bet ($6) returned to pokdokfoktok
pokdokfoktok collected $17.64 from pot
*** SUMMARY ***
Total pot $18 | Rake $0.36
Board [8c 6d Kd 3c 8h]
Seat 5: pokdokfoktok (button) (small blind) collected ($17.64)
Seat 7: masterblstr8 (big blind) folded on the River


PokerStars Hand #173395528320:  Hold'em Limit ($3/$6 USD) - 2017/07/23 7:01:32 ET
Table 'Porzia' 10-max Seat #7 is the button
Seat 5: pokdokfoktok ($33.88 in chips)
Seat 7: masterblstr8 ($157.48 in chips)
masterblstr8: posts small blind $1
pokdokfoktok: posts big blind $3
*** HOLE CARDS ***
masterblstr8: raises $3 to $6
pokdokfoktok: folds
Uncalled bet ($3) returned to masterblstr8
TbIP-TbIP 88 leaves the table
masterblstr8 collected $6 from pot
masterblstr8: doesn't show hand
*** SUMMARY ***
Total pot $6 | Rake $0
Seat 5: pokdokfoktok (big blind) folded before Flop
Seat 7: masterblstr8 (button) (small blind) collected ($6)


PokerStars Hand #173395546315:  Hold'em Limit ($3/$6 USD) - 2017/07/23 7:02:13 ET
Table 'Porzia' 10-max Seat #7 is the button
Seat 5: pokdokfoktok ($39.52 in chips)
Seat 7: masterblstr8 ($151.48 in chips)
masterblstr8: posts small blind $1
pokdokfoktok: posts big blind $3
*** HOLE CARDS ***
masterblstr8: raises $3 to $6
pokdokfoktok: calls $3
*** FLOP *** [9h As Ac]
pokdokfoktok: checks
masterblstr8: bets $3
pokdokfoktok: calls $3
*** TURN *** [9h As Ac] [4d]
pokdokfoktok: checks
masterblstr8: checks
*** RIVER *** [9h As Ac 4d] [9d]
pokdokfoktok: bets $6
masterblstr8: calls $6
*** SHOW DOWN ***
pokdokfoktok: shows [Kd Th] (two pair, Aces and Nines)
masterblstr8: mucks hand
pokdokfoktok collected $29.50 from pot
*** SUMMARY ***
Total pot $30 | Rake $0.50
Board [9h As Ac 4d 9d]
Seat 5: pokdokfoktok (big blind) showed [Kd Th] and won ($29.50) with two pair, Aces and Nines
Seat 7: masterblstr8 (button) (small blind) mucked


PokerStars Hand #173395556869:  Hold'em Limit ($3/$6 USD) - 2017/07/23 7:02:36 ET
Table 'Porzia' 10-max Seat #5 is the button
Seat 5: pokdokfoktok ($54.02 in chips)
Seat 7: masterblstr8 ($136.48 in chips)
pokdokfoktok: posts small blind $1
masterblstr8: posts big blind $3
*** HOLE CARDS ***
pokdokfoktok: raises $3 to $6
masterblstr8: calls $3
*** FLOP *** [8d 7s 4h]
masterblstr8: checks
pokdokfoktok: checks
*** TURN *** [8d 7s 4h] [9d]
masterblstr8: checks
pokdokfoktok: bets $6
masterblstr8: calls $6
*** RIVER *** [8d 7s 4h 9d] [2d]
masterblstr8: checks
pokdokfoktok: bets $6
masterblstr8: folds
Uncalled bet ($6) returned to pokdokfoktok
pokdokfoktok collected $23.52 from pot
*** SUMMARY ***
Total pot $24 | Rake $0.48
Board [8d 7s 4h 9d 2d]
Seat 5: pokdokfoktok (button) (small blind) collected ($23.52)
Seat 7: masterblstr8 (big blind) folded on the River


PokerStars Hand #173395584041:  Hold'em Limit ($3/$6 USD) - 2017/07/23 7:03:37 ET
Table 'Porzia' 10-max Seat #5 is the button
Seat 5: pokdokfoktok ($74.18 in chips)
Seat 7: masterblstr8 ($115.48 in chips)
pokdokfoktok: posts small blind $1
masterblstr8: posts big blind $3
*** HOLE CARDS ***
pokdokfoktok: folds
Uncalled bet ($2) returned to masterblstr8
masterblstr8 collected $2 from pot
masterblstr8: doesn't show hand
*** SUMMARY ***
Total pot $2 | Rake $0
Seat 5: pokdokfoktok (button) (small blind) folded before Flop
Seat 7: masterblstr8 (big blind) collected ($2)


PokerStars Hand #173395570438:  Hold'em Limit ($3/$6 USD) - 2017/07/23 7:03:07 ET
Table 'Porzia' 10-max Seat #7 is the button
Seat 5: pokdokfoktok ($65.54 in chips)
Seat 7: masterblstr8 ($124.48 in chips)
masterblstr8: posts small blind $1
pokdokfoktok: posts big blind $3
*** HOLE CARDS ***
masterblstr8: raises $3 to $6
pokdokfoktok: calls $3
*** FLOP *** [Th Jh 4d]
pokdokfoktok: checks
masterblstr8: bets $3
pokdokfoktok: calls $3
*** TURN *** [Th Jh 4d] [9h]
pokdokfoktok: checks
masterblstr8: checks
*** RIVER *** [Th Jh 4d 9h] [4c]
pokdokfoktok: bets $6
masterblstr8: folds
Uncalled bet ($6) returned to pokdokfoktok
pokdokfoktok collected $17.64 from pot
*** SUMMARY ***
Total pot $18 | Rake $0.36
Board [Th Jh 4d 9h 4c]
Seat 5: pokdokfoktok (big blind) collected ($17.64)
Seat 7: masterblstr8 (button) (small blind) folded on the River


PokerStars Hand #173395586304:  Hold'em Limit ($3/$6 USD) - 2017/07/23 7:03:42 ET
Table 'Porzia' 10-max Seat #7 is the button
Seat 5: pokdokfoktok ($73.18 in chips)
Seat 7: masterblstr8 ($116.48 in chips)
masterblstr8: posts small blind $1
pokdokfoktok: posts big blind $3
*** HOLE CARDS ***
masterblstr8: raises $3 to $6
pokdokfoktok: calls $3
*** FLOP *** [8d 2s Ad]
pokdokfoktok: checks
masterblstr8: bets $3
pokdokfoktok: folds
Uncalled bet ($3) returned to masterblstr8
masterblstr8 collected $11.76 from pot
masterblstr8: doesn't show hand
*** SUMMARY ***
Total pot $12 | Rake $0.24
Board [8d 2s Ad]
Seat 5: pokdokfoktok (big blind) folded on the Flop
Seat 7: masterblstr8 (button) (small blind) collected ($11.76)


PokerStars Hand #173395614442:  Hold'em Limit ($3/$6 USD) - 2017/07/23 7:04:44 ET
Table 'Porzia' 10-max Seat #5 is the button
Seat 5: pokdokfoktok ($72.82 in chips)
Seat 7: masterblstr8 ($116.24 in chips)
pokdokfoktok: posts small blind $1
masterblstr8: posts big blind $3
*** HOLE CARDS ***
pokdokfoktok: raises $3 to $6
masterblstr8: calls $3
*** FLOP *** [2d Tc 9d]
masterblstr8: checks
pokdokfoktok: bets $3
masterblstr8: folds
Uncalled bet ($3) returned to pokdokfoktok
pokdokfoktok collected $11.76 from pot
*** SUMMARY ***
Total pot $12 | Rake $0.24
Board [2d Tc 9d]
Seat 5: pokdokfoktok (button) (small blind) collected ($11.76)
Seat 7: masterblstr8 (big blind) folded on the Flop


PokerStars Hand #173395610742:  Hold'em Limit ($3/$6 USD) - 2017/07/23 7:04:35 ET
Table 'Porzia' 10-max Seat #7 is the button
Seat 5: pokdokfoktok ($75.82 in chips)
Seat 7: masterblstr8 ($113.24 in chips)
masterblstr8: posts small blind $1
pokdokfoktok: posts big blind $3
*** HOLE CARDS ***
masterblstr8: raises $3 to $6
pokdokfoktok: folds
Uncalled bet ($3) returned to masterblstr8
masterblstr8 collected $6 from pot
masterblstr8: doesn't show hand
*** SUMMARY ***
Total pot $6 | Rake $0
Seat 5: pokdokfoktok (big blind) folded before Flop
Seat 7: masterblstr8 (button) (small blind) collected ($6)


PokerStars Hand #173395595222:  Hold'em Limit ($3/$6 USD) - 2017/07/23 7:04:01 ET
Table 'Porzia' 10-max Seat #5 is the button
Seat 5: pokdokfoktok ($67.18 in chips)
Seat 7: masterblstr8 ($122.24 in chips)
pokdokfoktok: posts small blind $1
masterblstr8: posts big blind $3
*** HOLE CARDS ***
pokdokfoktok: raises $3 to $6
masterblstr8: calls $3
*** FLOP *** [6s 7h As]
masterblstr8: checks
pokdokfoktok: bets $3
masterblstr8: calls $3
*** TURN *** [6s 7h As] [3h]
masterblstr8: checks
pokdokfoktok: checks
*** RIVER *** [6s 7h As 3h] [4h]
masterblstr8: checks
pokdokfoktok: bets $6
masterblstr8: folds
Uncalled bet ($6) returned to pokdokfoktok
pokdokfoktok collected $17.64 from pot
*** SUMMARY ***
Total pot $18 | Rake $0.36
Board [6s 7h As 3h 4h]
Seat 5: pokdokfoktok (button) (small blind) collected ($17.64)
Seat 7: masterblstr8 (big blind) folded on the River


PokerStars Hand #173395643867:  Hold'em Limit ($3/$6 USD) - 2017/07/23 7:05:48 ET
Table 'Porzia' 10-max Seat #7 is the button
Seat 5: pokdokfoktok ($92.98 in chips)
Seat 7: masterblstr8 ($95.24 in chips)
masterblstr8: posts small blind $1
pokdokfoktok: posts big blind $3
*** HOLE CARDS ***
masterblstr8: raises $3 to $6
pokdokfoktok: folds
Uncalled bet ($3) returned to masterblstr8
masterblstr8 collected $6 from pot
masterblstr8: doesn't show hand
*** SUMMARY ***
Total pot $6 | Rake $0
Seat 5: pokdokfoktok (big blind) folded before Flop
Seat 7: masterblstr8 (button) (small blind) collected ($6)


PokerStars Hand #173395632411:  Hold'em Limit ($3/$6 USD) - 2017/07/23 7:05:23 ET
Table 'Porzia' 10-max Seat #5 is the button
Seat 5: pokdokfoktok ($87.22 in chips)
Seat 7: masterblstr8 ($101.24 in chips)
pokdokfoktok: posts small blind $1
masterblstr8: posts big blind $3
*** HOLE CARDS ***
pokdokfoktok: raises $3 to $6
masterblstr8: calls $3
*** FLOP *** [3d 9s 5s]
masterblstr8: checks
pokdokfoktok: checks
*** TURN *** [3d 9s 5s] [Qh]
masterblstr8: checks
pokdokfoktok: checks
*** RIVER *** [3d 9s 5s Qh] [Kd]
masterblstr8: checks
pokdokfoktok: checks
*** SHOW DOWN ***
masterblstr8: shows [Jd 2d] (high card King)
pokdokfoktok: shows [Jh Ah] (high card Ace)
pokdokfoktok collected $11.76 from pot
*** SUMMARY ***
Total pot $12 | Rake $0.24
Board [3d 9s 5s Qh Kd]
Seat 5: pokdokfoktok (button) (small blind) showed [Jh Ah] and won ($11.76) with high card Ace
Seat 7: masterblstr8 (big blind) showed [Jd 2d] and lost with high card King


PokerStars Hand #173395620694:  Hold'em Limit ($3/$6 USD) - 2017/07/23 7:04:58 ET
Table 'Porzia' 10-max Seat #7 is the button
Seat 5: pokdokfoktok ($78.58 in chips)
Seat 7: masterblstr8 ($110.24 in chips)
masterblstr8: posts small blind $1
pokdokfoktok: posts big blind $3
*** HOLE CARDS ***
masterblstr8: raises $3 to $6
pokdokfoktok: calls $3
*** FLOP *** [Kd 4s 2s]
pokdokfoktok: checks
masterblstr8: bets $3
pokdokfoktok: calls $3
*** TURN *** [Kd 4s 2s] [Td]
pokdokfoktok: checks
masterblstr8: checks
*** RIVER *** [Kd 4s 2s Td] [3c]
pokdokfoktok: checks
masterblstr8: checks
*** SHOW DOWN ***
pokdokfoktok: shows [Kh 9d] (a pair of Kings)
masterblstr8: mucks hand
pokdokfoktok collected $17.64 from pot
*** SUMMARY ***
Total pot $18 | Rake $0.36
Board [Kd 4s 2s Td 3c]
Seat 5: pokdokfoktok (big blind) showed [Kh 9d] and won ($17.64) with a pair of Kings
Seat 7: masterblstr8 (button) (small blind) mucked


PokerStars Hand #173395649248:  Hold'em Limit ($3/$6 USD) - 2017/07/23 7:06:00 ET
Table 'Porzia' 10-max Seat #5 is the button
Seat 5: pokdokfoktok ($89.98 in chips)
Seat 7: masterblstr8 ($98.24 in chips)
pokdokfoktok: posts small blind $1
masterblstr8: posts big blind $3
*** HOLE CARDS ***
pokdokfoktok: raises $3 to $6
masterblstr8: raises $3 to $9
pokdokfoktok: calls $3
*** FLOP *** [4s Th 2c]
masterblstr8: bets $3
pokdokfoktok: calls $3
*** TURN *** [4s Th 2c] [8d]
masterblstr8: bets $6
pokdokfoktok: calls $6
*** RIVER *** [4s Th 2c 8d] [3c]
masterblstr8: bets $6
pokdokfoktok: calls $6
*** SHOW DOWN ***
masterblstr8: shows [Ts Qs] (a pair of Tens)
pokdokfoktok: mucks hand
masterblstr8 collected $47.50 from pot
*** SUMMARY ***
Total pot $48 | Rake $0.50
Board [4s Th 2c 8d 3c]
Seat 5: pokdokfoktok (button) (small blind) mucked
Seat 7: masterblstr8 (big blind) showed [Ts Qs] and won ($47.50) with a pair of Tens


PokerStars Hand #173395675011:  Hold'em Limit ($3/$6 USD) - 2017/07/23 7:06:57 ET
Table 'Porzia' 10-max Seat #5 is the button
Seat 5: pokdokfoktok ($89.48 in chips)
Seat 7: masterblstr8 ($97.74 in chips)
pokdokfoktok: posts small blind $1
masterblstr8: posts big blind $3
*** HOLE CARDS ***
pokdokfoktok: folds
Uncalled bet ($2) returned to masterblstr8
masterblstr8 collected $2 from pot
masterblstr8: doesn't show hand
*** SUMMARY ***
Total pot $2 | Rake $0
Seat 5: pokdokfoktok (button) (small blind) folded before Flop
Seat 7: masterblstr8 (big blind) collected ($2)


PokerStars Hand #173395662938:  Hold'em Limit ($3/$6 USD) - 2017/07/23 7:06:30 ET
Table 'Porzia' 10-max Seat #7 is the button
Seat 5: pokdokfoktok ($65.98 in chips)
Seat 7: masterblstr8 ($121.74 in chips)
masterblstr8: posts small blind $1
pokdokfoktok: posts big blind $3
*** HOLE CARDS ***
masterblstr8: raises $3 to $6
pokdokfoktok: raises $3 to $9
masterblstr8: calls $3
*** FLOP *** [9h 2s 3h]
pokdokfoktok: bets $3
masterblstr8: calls $3
*** TURN *** [9h 2s 3h] [4c]
pokdokfoktok: bets $6
masterblstr8: calls $6
*** RIVER *** [9h 2s 3h 4c] [Kh]
pokdokfoktok: bets $6
masterblstr8: calls $6
*** SHOW DOWN ***
pokdokfoktok: shows [Th Qh] (a flush, King high)
masterblstr8: mucks hand
pokdokfoktok collected $47.50 from pot
*** SUMMARY ***
Total pot $48 | Rake $0.50
Board [9h 2s 3h 4c Kh]
Seat 5: pokdokfoktok (big blind) showed [Th Qh] and won ($47.50) with a flush, King high
Seat 7: masterblstr8 (button) (small blind) mucked


PokerStars Hand #173395699225:  Hold'em Limit ($3/$6 USD) - 2017/07/23 7:07:49 ET
Table 'Porzia' 10-max Seat #5 is the button
Seat 5: pokdokfoktok ($88.12 in chips)
Seat 7: masterblstr8 ($98.50 in chips)
pokdokfoktok: posts small blind $1
masterblstr8: posts big blind $3
*** HOLE CARDS ***
pokdokfoktok: raises $3 to $6
masterblstr8: calls $3
*** FLOP *** [9s 6d 2d]
masterblstr8: checks
pokdokfoktok: checks
*** TURN *** [9s 6d 2d] [6s]
masterblstr8: bets $6
pokdokfoktok: calls $6
*** RIVER *** [9s 6d 2d 6s] [4c]
masterblstr8: bets $6
pokdokfoktok: calls $6
*** SHOW DOWN ***
masterblstr8: shows [4d Kd] (two pair, Sixes and Fours)
pokdokfoktok: mucks hand
masterblstr8 collected $35.50 from pot
*** SUMMARY ***
Total pot $36 | Rake $0.50
Board [9s 6d 2d 6s 4c]
Seat 5: pokdokfoktok (button) (small blind) mucked
Seat 7: masterblstr8 (big blind) showed [4d Kd] and won ($35.50) with two pair, Sixes and Fours


PokerStars Hand #173395678667:  Hold'em Limit ($3/$6 USD) - 2017/07/23 7:07:05 ET
Table 'Porzia' 10-max Seat #7 is the button
Seat 5: pokdokfoktok ($88.48 in chips)
Seat 7: masterblstr8 ($98.74 in chips)
masterblstr8: posts small blind $1
pokdokfoktok: posts big blind $3
*** HOLE CARDS ***
masterblstr8: raises $3 to $6
pokdokfoktok: calls $3
*** FLOP *** [4h 2c 5s]
pokdokfoktok: checks
masterblstr8: bets $3
pokdokfoktok: folds
Uncalled bet ($3) returned to masterblstr8
masterblstr8 collected $11.76 from pot
masterblstr8: doesn't show hand
*** SUMMARY ***
Total pot $12 | Rake $0.24
Board [4h 2c 5s]
Seat 5: pokdokfoktok (big blind) folded on the Flop
Seat 7: masterblstr8 (button) (small blind) collected ($11.76)


PokerStars Hand #173395696265:  Hold'em Limit ($3/$6 USD) - 2017/07/23 7:07:43 ET
Table 'Porzia' 10-max Seat #7 is the button
Seat 5: pokdokfoktok ($91.12 in chips)
Seat 7: masterblstr8 ($95.50 in chips)
masterblstr8: posts small blind $1
pokdokfoktok: posts big blind $3
*** HOLE CARDS ***
masterblstr8: raises $3 to $6
pokdokfoktok: folds
Uncalled bet ($3) returned to masterblstr8
masterblstr8 collected $6 from pot
masterblstr8: doesn't show hand
*** SUMMARY ***
Total pot $6 | Rake $0
Seat 5: pokdokfoktok (big blind) folded before Flop
Seat 7: masterblstr8 (button) (small blind) collected ($6)


PokerStars Hand #173395710489:  Hold'em Limit ($3/$6 USD) - 2017/07/23 7:08:14 ET
Table 'Porzia' 10-max Seat #7 is the button
Seat 5: pokdokfoktok ($70.12 in chips)
Seat 7: masterblstr8 ($116 in chips)
masterblstr8: posts small blind $1
pokdokfoktok: posts big blind $3
*** HOLE CARDS ***
masterblstr8: raises $3 to $6
pokdokfoktok: folds
Uncalled bet ($3) returned to masterblstr8
masterblstr8 collected $6 from pot
masterblstr8: doesn't show hand
*** SUMMARY ***
Total pot $6 | Rake $0
Seat 5: pokdokfoktok (big blind) folded before Flop
Seat 7: masterblstr8 (button) (small blind) collected ($6)


PokerStars Hand #173395731559:  Hold'em Limit ($3/$6 USD) - 2017/07/23 7:08:59 ET
Table 'Porzia' 10-max Seat #5 is the button
Seat 5: pokdokfoktok ($93.62 in chips)
Seat 7: masterblstr8 ($92 in chips)
pokdokfoktok: posts small blind $1
masterblstr8: posts big blind $3
*** HOLE CARDS ***
pokdokfoktok: calls $2
masterblstr8: raises $3 to $6
pokdokfoktok: calls $3
*** FLOP *** [2h 4c 2c]
masterblstr8: bets $3
pokdokfoktok: folds
Uncalled bet ($3) returned to masterblstr8
masterblstr8 collected $11.76 from pot
masterblstr8: doesn't show hand
*** SUMMARY ***
Total pot $12 | Rake $0.24
Board [2h 4c 2c]
Seat 5: pokdokfoktok (button) (small blind) folded on the Flop
Seat 7: masterblstr8 (big blind) collected ($11.76)


PokerStars Hand #173395720668:  Hold'em Limit ($3/$6 USD) - 2017/07/23 7:08:36 ET
Table 'Porzia' 10-max Seat #7 is the button
Seat 5: pokdokfoktok ($70.12 in chips)
Seat 7: masterblstr8 ($116 in chips)
masterblstr8: posts small blind $1
pokdokfoktok: posts big blind $3
*** HOLE CARDS ***
masterblstr8: raises $3 to $6
pokdokfoktok: raises $3 to $9
masterblstr8: calls $3
*** FLOP *** [5c 7c 2s]
pokdokfoktok: bets $3
masterblstr8: calls $3
*** TURN *** [5c 7c 2s] [8d]
pokdokfoktok: bets $6
masterblstr8: calls $6
*** RIVER *** [5c 7c 2s 8d] [3d]
pokdokfoktok: bets $6
masterblstr8: calls $6
*** SHOW DOWN ***
pokdokfoktok: shows [9c 9h] (a pair of Nines)
masterblstr8: mucks hand
pokdokfoktok collected $47.50 from pot
*** SUMMARY ***
Total pot $48 | Rake $0.50
Board [5c 7c 2s 8d 3d]
Seat 5: pokdokfoktok (big blind) showed [9c 9h] and won ($47.50) with a pair of Nines
Seat 7: masterblstr8 (button) (small blind) mucked


PokerStars Hand #173395742235:  Hold'em Limit ($3/$6 USD) - 2017/07/23 7:09:23 ET
Table 'Porzia' 10-max Seat #5 is the button
Seat 5: pokdokfoktok ($84.62 in chips)
Seat 7: masterblstr8 ($100.76 in chips)
pokdokfoktok: posts small blind $1
masterblstr8: posts big blind $3
*** HOLE CARDS ***
pokdokfoktok: raises $3 to $6
masterblstr8: folds
Uncalled bet ($3) returned to pokdokfoktok
pokdokfoktok collected $6 from pot
*** SUMMARY ***
Total pot $6 | Rake $0
Seat 5: pokdokfoktok (button) (small blind) collected ($6)
Seat 7: masterblstr8 (big blind) folded before Flop


PokerStars Hand #173395750805:  Hold'em Limit ($3/$6 USD) - 2017/07/23 7:09:42 ET
Table 'Porzia' 10-max Seat #5 is the button
Seat 5: pokdokfoktok ($84.62 in chips)
Seat 7: masterblstr8 ($100.76 in chips)
pokdokfoktok: posts small blind $1
masterblstr8: posts big blind $3
*** HOLE CARDS ***
pokdokfoktok: raises $3 to $6
masterblstr8: calls $3
*** FLOP *** [5s Jh 2c]
masterblstr8: checks
pokdokfoktok: checks
*** TURN *** [5s Jh 2c] [5c]
masterblstr8: bets $6
pokdokfoktok: folds
Uncalled bet ($6) returned to masterblstr8
masterblstr8 collected $11.76 from pot
masterblstr8: doesn't show hand
*** SUMMARY ***
Total pot $12 | Rake $0.24
Board [5s Jh 2c 5c]
Seat 5: pokdokfoktok (button) (small blind) folded on the Turn
Seat 7: masterblstr8 (big blind) collected ($11.76)


PokerStars Hand #173395758906:  Hold'em Limit ($3/$6 USD) - 2017/07/23 7:09:59 ET
Table 'Porzia' 10-max Seat #7 is the button
Seat 5: pokdokfoktok ($78.62 in chips)
Seat 7: masterblstr8 ($106.52 in chips)
masterblstr8: posts small blind $1
pokdokfoktok: posts big blind $3
*** HOLE CARDS ***
masterblstr8: raises $3 to $6
pokdokfoktok: folds
Uncalled bet ($3) returned to masterblstr8
masterblstr8 collected $6 from pot
masterblstr8: doesn't show hand
*** SUMMARY ***
Total pot $6 | Rake $0
Seat 5: pokdokfoktok (big blind) folded before Flop
Seat 7: masterblstr8 (button) (small blind) collected ($6)


PokerStars Hand #173395738689:  Hold'em Limit ($3/$6 USD) - 2017/07/23 7:09:15 ET
Table 'Porzia' 10-max Seat #7 is the button
Seat 5: pokdokfoktok ($87.62 in chips)
Seat 7: masterblstr8 ($97.76 in chips)
masterblstr8: posts small blind $1
pokdokfoktok: posts big blind $3
*** HOLE CARDS ***
masterblstr8: raises $3 to $6
pokdokfoktok: folds
Uncalled bet ($3) returned to masterblstr8
masterblstr8 collected $6 from pot
masterblstr8: doesn't show hand
*** SUMMARY ***
Total pot $6 | Rake $0
Seat 5: pokdokfoktok (big blind) folded before Flop
Seat 7: masterblstr8 (button) (small blind) collected ($6)


PokerStars Hand #173395746047:  Hold'em Limit ($3/$6 USD) - 2017/07/23 7:09:31 ET
Table 'Porzia' 10-max Seat #7 is the button
Seat 5: pokdokfoktok ($87.62 in chips)
Seat 7: masterblstr8 ($97.76 in chips)
masterblstr8: posts small blind $1
pokdokfoktok: posts big blind $3
*** HOLE CARDS ***
masterblstr8: raises $3 to $6
pokdokfoktok: folds
Uncalled bet ($3) returned to masterblstr8
masterblstr8 collected $6 from pot
masterblstr8: doesn't show hand
*** SUMMARY ***
Total pot $6 | Rake $0
Seat 5: pokdokfoktok (big blind) folded before Flop
Seat 7: masterblstr8 (button) (small blind) collected ($6)


PokerStars Hand #173395771706:  Hold'em Limit ($3/$6 USD) - 2017/07/23 7:10:28 ET
Table 'Porzia' 10-max Seat #7 is the button
Seat 5: pokdokfoktok ($81.38 in chips)
Seat 7: masterblstr8 ($103.52 in chips)
masterblstr8: posts small blind $1
pokdokfoktok: posts big blind $3
*** HOLE CARDS ***
masterblstr8: raises $3 to $6
pokdokfoktok: folds
Uncalled bet ($3) returned to masterblstr8
masterblstr8 collected $6 from pot
masterblstr8: doesn't show hand
*** SUMMARY ***
Total pot $6 | Rake $0
Seat 5: pokdokfoktok (big blind) folded before Flop
Seat 7: masterblstr8 (button) (small blind) collected ($6)


PokerStars Hand #173395762134:  Hold'em Limit ($3/$6 USD) - 2017/07/23 7:10:06 ET
Table 'Porzia' 10-max Seat #5 is the button
Seat 5: pokdokfoktok ($75.62 in chips)
Seat 7: masterblstr8 ($109.52 in chips)
pokdokfoktok: posts small blind $1
masterblstr8: posts big blind $3
*** HOLE CARDS ***
pokdokfoktok: raises $3 to $6
masterblstr8: calls $3
*** FLOP *** [6c Kh 6s]
masterblstr8: checks
pokdokfoktok: checks
*** TURN *** [6c Kh 6s] [3h]
masterblstr8: checks
pokdokfoktok: bets $6
masterblstr8: folds
Uncalled bet ($6) returned to pokdokfoktok
pokdokfoktok collected $11.76 from pot
*** SUMMARY ***
Total pot $12 | Rake $0.24
Board [6c Kh 6s 3h]
Seat 5: pokdokfoktok (button) (small blind) collected ($11.76)
Seat 7: masterblstr8 (big blind) folded on the Turn


PokerStars Hand #173395789759:  Hold'em Limit ($3/$6 USD) - 2017/07/23 7:11:07 ET
Table 'Porzia' 10-max Seat #7 is the button
Seat 5: pokdokfoktok ($92.88 in chips)
Seat 7: masterblstr8 ($91.52 in chips)
masterblstr8: posts small blind $1
pokdokfoktok: posts big blind $3
*** HOLE CARDS ***
masterblstr8: folds
Uncalled bet ($2) returned to pokdokfoktok
pokdokfoktok collected $2 from pot
*** SUMMARY ***
Total pot $2 | Rake $0
Seat 5: pokdokfoktok (big blind) collected ($2)
Seat 7: masterblstr8 (button) (small blind) folded before Flop


PokerStars Hand #173395775836:  Hold'em Limit ($3/$6 USD) - 2017/07/23 7:10:37 ET
Table 'Porzia' 10-max Seat #5 is the button
Seat 5: pokdokfoktok ($78.38 in chips)
Seat 7: masterblstr8 ($106.52 in chips)
pokdokfoktok: posts small blind $1
masterblstr8: posts big blind $3
*** HOLE CARDS ***
pokdokfoktok: raises $3 to $6
masterblstr8: calls $3
*** FLOP *** [Td 4d Ad]
masterblstr8: checks
pokdokfoktok: bets $3
masterblstr8: calls $3
*** TURN *** [Td 4d Ad] [5d]
masterblstr8: checks
pokdokfoktok: checks
*** RIVER *** [Td 4d Ad 5d] [Qd]
masterblstr8: checks
pokdokfoktok: bets $6
masterblstr8: calls $6
*** SHOW DOWN ***
pokdokfoktok: shows [Kh Jd] (a flush, Ace high)
masterblstr8: mucks hand
pokdokfoktok collected $29.50 from pot
*** SUMMARY ***
Total pot $30 | Rake $0.50
Board [Td 4d Ad 5d Qd]
Seat 5: pokdokfoktok (button) (small blind) showed [Kh Jd] and won ($29.50) with a flush, Ace high
Seat 7: masterblstr8 (big blind) mucked


PokerStars Hand #173395792319:  Hold'em Limit ($3/$6 USD) - 2017/07/23 7:11:13 ET
Table 'Porzia' 10-max Seat #5 is the button
Seat 5: pokdokfoktok ($93.88 in chips)
Seat 7: masterblstr8 ($90.52 in chips)
pokdokfoktok: posts small blind $1
masterblstr8: posts big blind $3
*** HOLE CARDS ***
pokdokfoktok: raises $3 to $6
masterblstr8: calls $3
*** FLOP *** [As 5s 8d]
masterblstr8: checks
pokdokfoktok: bets $3
masterblstr8: raises $3 to $6
pokdokfoktok: folds
Uncalled bet ($3) returned to masterblstr8
masterblstr8 collected $17.64 from pot
masterblstr8: doesn't show hand
*** SUMMARY ***
Total pot $18 | Rake $0.36
Board [As 5s 8d]
Seat 5: pokdokfoktok (button) (small blind) folded on the Flop
Seat 7: masterblstr8 (big blind) collected ($17.64)


PokerStars Hand #173395825445:  Hold'em Limit ($3/$6 USD) - 2017/07/23 7:12:26 ET
Table 'Porzia' 10-max Seat #5 is the button
Seat 5: pokdokfoktok ($60.88 in chips)
Seat 7: masterblstr8 ($122.66 in chips)
pokdokfoktok: posts small blind $1
masterblstr8: posts big blind $3
*** HOLE CARDS ***
pokdokfoktok: raises $3 to $6
masterblstr8: calls $3
*** FLOP *** [3s 3h 5s]
masterblstr8: checks
pokdokfoktok: checks
*** TURN *** [3s 3h 5s] [4d]
masterblstr8: bets $6
pokdokfoktok: calls $6
*** RIVER *** [3s 3h 5s 4d] [Tc]
masterblstr8: bets $6
pokdokfoktok: folds
Uncalled bet ($6) returned to masterblstr8
masterblstr8 collected $23.52 from pot
masterblstr8: doesn't show hand
*** SUMMARY ***
Total pot $24 | Rake $0.48
Board [3s 3h 5s 4d Tc]
Seat 5: pokdokfoktok (button) (small blind) folded on the River
Seat 7: masterblstr8 (big blind) collected ($23.52)


PokerStars Hand #173395802293:  Hold'em Limit ($3/$6 USD) - 2017/07/23 7:11:35 ET
Table 'Porzia' 10-max Seat #7 is the button
Seat 5: pokdokfoktok ($84.88 in chips)
Seat 7: masterblstr8 ($99.16 in chips)
masterblstr8: posts small blind $1
pokdokfoktok: posts big blind $3
*** HOLE CARDS ***
masterblstr8: raises $3 to $6
pokdokfoktok: calls $3
*** FLOP *** [3c 8c 9s]
pokdokfoktok: checks
masterblstr8: bets $3
pokdokfoktok: raises $3 to $6
masterblstr8: calls $3
*** TURN *** [3c 8c 9s] [Qd]
pokdokfoktok: checks
masterblstr8: bets $6
pokdokfoktok: calls $6
*** RIVER *** [3c 8c 9s Qd] [2h]
pokdokfoktok: checks
masterblstr8: bets $6
pokdokfoktok: calls $6
*** SHOW DOWN ***
masterblstr8: shows [Td Qc] (a pair of Queens)
pokdokfoktok: mucks hand
masterblstr8 collected $47.50 from pot
*** SUMMARY ***
Total pot $48 | Rake $0.50
Board [3c 8c 9s Qd 2h]
Seat 5: pokdokfoktok (big blind) mucked
Seat 7: masterblstr8 (button) (small blind) showed [Td Qc] and won ($47.50) with a pair of Queens


PokerStars Hand #173395849552:  Hold'em Limit ($3/$6 USD) - 2017/07/23 7:13:19 ET
Table 'Porzia' 10-max Seat #5 is the button
Seat 5: pokdokfoktok ($60.40 in chips)
Seat 7: masterblstr8 ($122.18 in chips)
pokdokfoktok: posts small blind $1
masterblstr8: posts big blind $3
*** HOLE CARDS ***
pokdokfoktok: raises $3 to $6
masterblstr8: folds
Uncalled bet ($3) returned to pokdokfoktok
pokdokfoktok collected $6 from pot
*** SUMMARY ***
Total pot $6 | Rake $0
Seat 5: pokdokfoktok (button) (small blind) collected ($6)
Seat 7: masterblstr8 (big blind) folded before Flop


PokerStars Hand #173395835159:  Hold'em Limit ($3/$6 USD) - 2017/07/23 7:12:47 ET
Table 'Porzia' 10-max Seat #7 is the button
Seat 5: pokdokfoktok ($48.88 in chips)
Seat 7: masterblstr8 ($134.18 in chips)
masterblstr8: posts small blind $1
pokdokfoktok: posts big blind $3
*** HOLE CARDS ***
masterblstr8: raises $3 to $6
pokdokfoktok: raises $3 to $9
masterblstr8: calls $3
*** FLOP *** [As 8c 6h]
pokdokfoktok: bets $3
masterblstr8: calls $3
*** TURN *** [As 8c 6h] [6d]
pokdokfoktok: checks
masterblstr8: checks
*** RIVER *** [As 8c 6h 6d] [Tc]
pokdokfoktok: checks
masterblstr8: checks
*** SHOW DOWN ***
pokdokfoktok: shows [Kc Qc] (a pair of Sixes)
masterblstr8: mucks hand
pokdokfoktok collected $23.52 from pot
*** SUMMARY ***
Total pot $24 | Rake $0.48
Board [As 8c 6h 6d Tc]
Seat 5: pokdokfoktok (big blind) showed [Kc Qc] and won ($23.52) with a pair of Sixes
Seat 7: masterblstr8 (button) (small blind) mucked


PokerStars Hand #173395853685:  Hold'em Limit ($3/$6 USD) - 2017/07/23 7:13:28 ET
Table 'Porzia' 10-max Seat #7 is the button
Seat 5: pokdokfoktok ($63.40 in chips)
Seat 7: masterblstr8 ($119.18 in chips)
masterblstr8: posts small blind $1
pokdokfoktok: posts big blind $3
*** HOLE CARDS ***
masterblstr8: raises $3 to $6
pokdokfoktok: calls $3
*** FLOP *** [As Td 7s]
pokdokfoktok: checks
masterblstr8: bets $3
pokdokfoktok: calls $3
*** TURN *** [As Td 7s] [Th]
pokdokfoktok: bets $6
masterblstr8: calls $6
*** RIVER *** [As Td 7s Th] [4s]
pokdokfoktok: checks
masterblstr8: checks
*** SHOW DOWN ***
pokdokfoktok: shows [Ac Qh] (two pair, Aces and Tens)
masterblstr8: mucks hand
pokdokfoktok collected $29.50 from pot
*** SUMMARY ***
Total pot $30 | Rake $0.50
Board [As Td 7s Th 4s]
Seat 5: pokdokfoktok (big blind) showed [Ac Qh] and won ($29.50) with two pair, Aces and Tens
Seat 7: masterblstr8 (button) (small blind) mucked


PokerStars Hand #173395867435:  Hold'em Limit ($3/$6 USD) - 2017/07/23 7:13:57 ET
Table 'Porzia' 10-max Seat #5 is the button
Seat 5: pokdokfoktok ($77.90 in chips)
Seat 7: masterblstr8 ($104.18 in chips)
pokdokfoktok: posts small blind $1
masterblstr8: posts big blind $3
*** HOLE CARDS ***
pokdokfoktok: raises $3 to $6
masterblstr8: calls $3
*** FLOP *** [9d Qc Kd]
masterblstr8: checks
pokdokfoktok: bets $3
masterblstr8: calls $3
*** TURN *** [9d Qc Kd] [2h]
masterblstr8: checks
pokdokfoktok: bets $6
NewRocker joins the table at seat #4
masterblstr8: calls $6
*** RIVER *** [9d Qc Kd 2h] [4h]
masterblstr8: checks
pokdokfoktok: bets $6
masterblstr8: folds
Uncalled bet ($6) returned to pokdokfoktok
pokdokfoktok collected $29.50 from pot
*** SUMMARY ***
Total pot $30 | Rake $0.50
Board [9d Qc Kd 2h 4h]
Seat 5: pokdokfoktok (button) (small blind) collected ($29.50)
Seat 7: masterblstr8 (big blind) folded on the River


PokerStars Hand #173395987744:  Hold'em Limit ($3/$6 USD) - 2017/07/23 7:18:17 ET
Table 'Porzia' 10-max Seat #5 is the button
Seat 5: pokdokfoktok ($153.23 in chips)
Seat 9: NewRocker ($118.91 in chips)
pokdokfoktok: posts small blind $1
masterblstr8: is sitting out
NewRocker: posts big blind $3
*** HOLE CARDS ***
pokdokfoktok: folds
Uncalled bet ($2) returned to NewRocker
NewRocker collected $2 from pot
NewRocker: doesn't show hand
*** SUMMARY ***
Total pot $2 | Rake $0
Seat 5: pokdokfoktok (button) (small blind) folded before Flop
Seat 9: NewRocker (big blind) collected ($2)


PokerStars Hand #173406046934:  Hold'em Limit ($3/$6 USD) - 2017/07/23 12:03:55 ET
Table 'Porzia' 10-max Seat #5 is the button
Seat 1: DeKirov ($148.64 in chips)
Seat 5: simper11 ($89.50 in chips)
simper11: posts small blind $1
DeKirov: posts big blind $3
*** HOLE CARDS ***
simper11: raises $3 to $6
DeKirov: calls $3
*** FLOP *** [Qs 3d 8d]
DeKirov: checks
simper11: checks
*** TURN *** [Qs 3d 8d] [7c]
DeKirov: checks
simper11: bets $6
DeKirov: folds
Uncalled bet ($6) returned to simper11
simper11 collected $11.76 from pot
simper11: doesn't show hand
*** SUMMARY ***
Total pot $12 | Rake $0.24
Board [Qs 3d 8d 7c]
Seat 1: DeKirov (big blind) folded on the Turn
Seat 5: simper11 (button) (small blind) collected ($11.76)


