PokerStars Hand #174631640317:  Hold'em Limit ($3/$6 USD) - 2017/08/21 18:32:07 ET
Table 'Porzia' 6-max Seat #6 is the button
Seat 1: Zubasa07 ($335.50 in chips)
Seat 6: Rev281 ($66.24 in chips)
Rev281: posts small blind $1
Zubasa07: posts big blind $3
*** HOLE CARDS ***
Rev281: raises $3 to $6
Zubasa07: calls $3
*** FLOP *** [2d 6d 7c]
Zubasa07: checks
Rev281: bets $3
Zubasa07: calls $3
*** TURN *** [2d 6d 7c] [2s]
Zubasa07: checks
Rev281: bets $6
Zubasa07: raises $6 to $12
Rev281: calls $6
*** RIVER *** [2d 6d 7c 2s] [Jc]
Zubasa07: bets $6
Rev281: calls $6
*** SHOW DOWN ***
Zubasa07: shows [Ks 2h] (three of a kind, Deuces)
Rev281: mucks hand
Zubasa07 collected $53.50 from pot
*** SUMMARY ***
Total pot $54 | Rake $0.50
Board [2d 6d 7c 2s Jc]
Seat 1: Zubasa07 (big blind) showed [Ks 2h] and won ($53.50) with three of a kind, Deuces
Seat 6: Rev281 (button) (small blind) mucked


PokerStars Hand #174631752768:  Hold'em Limit ($3/$6 USD) - 2017/08/21 18:35:03 ET
Table 'Porzia' 6-max Seat #2 is the button
Seat 2: ToDaFelt ($101.71 in chips)
Seat 6: Rev281 ($70.58 in chips)
ToDaFelt: posts small blind $1
Rev281: posts big blind $3
*** HOLE CARDS ***
ToDaFelt: raises $3 to $6
Rev281: calls $3
*** FLOP *** [3h 6h Th]
Rev281: checks
ToDaFelt: bets $3
Rev281: calls $3
*** TURN *** [3h 6h Th] [7s]
Rev281: checks
ToDaFelt: checks
*** RIVER *** [3h 6h Th 7s] [2s]
Rev281: checks
ToDaFelt: checks
*** SHOW DOWN ***
Rev281: shows [8d 4h] (high card Ten)
ToDaFelt: shows [3d Kc] (a pair of Threes)
ToDaFelt collected $17.64 from pot
*** SUMMARY ***
Total pot $18 | Rake $0.36
Board [3h 6h Th 7s 2s]
Seat 2: ToDaFelt (button) (small blind) showed [3d Kc] and won ($17.64) with a pair of Threes
Seat 6: Rev281 (big blind) showed [8d 4h] and lost with high card Ten


PokerStars Hand #174631732716:  Hold'em Limit ($3/$6 USD) - 2017/08/21 18:34:32 ET
Table 'Porzia' 6-max Seat #6 is the button
Seat 2: ToDaFelt ($119.71 in chips)
Seat 6: Rev281 ($53.08 in chips)
Rev281: posts small blind $1
Zubasa07: is sitting out
ToDaFelt: posts big blind $3
*** HOLE CARDS ***
Rev281: raises $3 to $6
ToDaFelt: calls $3
*** FLOP *** [As 8d 5d]
ToDaFelt: checks
Rev281: bets $3
ToDaFelt: raises $3 to $6
Rev281: calls $3
*** TURN *** [As 8d 5d] [Kc]
ToDaFelt: checks
Rev281: bets $6
ToDaFelt: calls $6
*** RIVER *** [As 8d 5d Kc] [3h]
ToDaFelt: checks
Rev281: checks
*** SHOW DOWN ***
ToDaFelt: shows [8s 9c] (a pair of Eights)
Rev281: shows [Kh Jh] (a pair of Kings)
Rev281 collected $35.50 from pot
*** SUMMARY ***
Total pot $36 | Rake $0.50
Board [As 8d 5d Kc 3h]
Seat 2: ToDaFelt (big blind) showed [8s 9c] and lost with a pair of Eights
Seat 6: Rev281 (button) (small blind) showed [Kh Jh] and won ($35.50) with a pair of Kings


PokerStars Hand #174631766731:  Hold'em Limit ($3/$6 USD) - 2017/08/21 18:35:25 ET
Table 'Porzia' 6-max Seat #6 is the button
Seat 2: ToDaFelt ($110.35 in chips)
Seat 6: Rev281 ($61.58 in chips)
Rev281: posts small blind $1
ToDaFelt: posts big blind $3
*** HOLE CARDS ***
Rev281: raises $3 to $6
ToDaFelt: calls $3
*** FLOP *** [6d 7d Ad]
ToDaFelt: checks
Rev281: bets $3
ToDaFelt: calls $3
*** TURN *** [6d 7d Ad] [Jh]
ToDaFelt: checks
Rev281: bets $6
ToDaFelt: calls $6
*** RIVER *** [6d 7d Ad Jh] [8h]
ToDaFelt: checks
Rev281: bets $6
ToDaFelt: calls $6
*** SHOW DOWN ***
Rev281: shows [9h 7s] (a pair of Sevens)
ToDaFelt: mucks hand
Rev281 collected $41.50 from pot
*** SUMMARY ***
Total pot $42 | Rake $0.50
Board [6d 7d Ad Jh 8h]
Seat 2: ToDaFelt (big blind) mucked
Seat 6: Rev281 (button) (small blind) showed [9h 7s] and won ($41.50) with a pair of Sevens


PokerStars Hand #174631779231:  Hold'em Limit ($3/$6 USD) - 2017/08/21 18:35:45 ET
Table 'Porzia' 6-max Seat #2 is the button
Seat 2: ToDaFelt ($89.35 in chips)
Seat 6: Rev281 ($82.08 in chips)
ToDaFelt: posts small blind $1
Rev281: posts big blind $3
*** HOLE CARDS ***
ToDaFelt: raises $3 to $6
Rev281: calls $3
*** FLOP *** [4h 8c Qc]
Rev281: checks
ToDaFelt: checks
*** TURN *** [4h 8c Qc] [9d]
Rev281: checks
ToDaFelt: bets $6
Rev281: calls $6
*** RIVER *** [4h 8c Qc 9d] [Qd]
Rev281: checks
ToDaFelt: checks
*** SHOW DOWN ***
Rev281: shows [Ad 5c] (a pair of Queens)
ToDaFelt: mucks hand
Rev281 collected $23.52 from pot
*** SUMMARY ***
Total pot $24 | Rake $0.48
Board [4h 8c Qc 9d Qd]
Seat 2: ToDaFelt (button) (small blind) mucked
Seat 6: Rev281 (big blind) showed [Ad 5c] and won ($23.52) with a pair of Queens


PokerStars Hand #174631793447:  Hold'em Limit ($3/$6 USD) - 2017/08/21 18:36:07 ET
Table 'Porzia' 6-max Seat #6 is the button
Seat 2: ToDaFelt ($77.35 in chips)
Seat 6: Rev281 ($93.60 in chips)
Rev281: posts small blind $1
ToDaFelt: posts big blind $3
*** HOLE CARDS ***
Rev281: raises $3 to $6
ToDaFelt: calls $3
*** FLOP *** [2d 6c Kd]
ToDaFelt: checks
Rev281: bets $3
ToDaFelt: raises $3 to $6
Rev281: raises $3 to $9
ToDaFelt: calls $3
*** TURN *** [2d 6c Kd] [7h]
ToDaFelt: checks
Rev281: bets $6
ToDaFelt: raises $6 to $12
Rev281: folds
Uncalled bet ($6) returned to ToDaFelt
ToDaFelt collected $41.50 from pot
ToDaFelt: doesn't show hand
*** SUMMARY ***
Total pot $42 | Rake $0.50
Board [2d 6c Kd 7h]
Seat 2: ToDaFelt (big blind) collected ($41.50)
Seat 6: Rev281 (button) (small blind) folded on the Turn


PokerStars Hand #174631834068:  Hold'em Limit ($3/$6 USD) - 2017/08/21 18:37:12 ET
Table 'Porzia' 6-max Seat #6 is the button
Seat 2: ToDaFelt ($76.85 in chips)
Seat 6: Rev281 ($93.10 in chips)
Rev281: posts small blind $1
ToDaFelt: posts big blind $3
*** HOLE CARDS ***
Rev281: raises $3 to $6
ToDaFelt: calls $3
*** FLOP *** [7s Qh Kd]
ToDaFelt: checks
Rev281: bets $3
ToDaFelt: calls $3
*** TURN *** [7s Qh Kd] [7c]
ToDaFelt: checks
Rev281: bets $6
ToDaFelt: raises $6 to $12
Rev281: folds
Uncalled bet ($6) returned to ToDaFelt
ToDaFelt collected $29.50 from pot
ToDaFelt: doesn't show hand
*** SUMMARY ***
Total pot $30 | Rake $0.50
Board [7s Qh Kd 7c]
Seat 2: ToDaFelt (big blind) collected ($29.50)
Seat 6: Rev281 (button) (small blind) folded on the Turn


PokerStars Hand #174631813832:  Hold'em Limit ($3/$6 USD) - 2017/08/21 18:36:40 ET
Table 'Porzia' 6-max Seat #2 is the button
Seat 2: ToDaFelt ($97.85 in chips)
Seat 6: Rev281 ($72.60 in chips)
ToDaFelt: posts small blind $1
Rev281: posts big blind $3
*** HOLE CARDS ***
ToDaFelt: raises $3 to $6
Rev281: calls $3
*** FLOP *** [6c Qd Ad]
Rev281: checks
ToDaFelt: bets $3
Rev281: calls $3
*** TURN *** [6c Qd Ad] [5s]
Rev281: bets $6
ToDaFelt: calls $6
*** RIVER *** [6c Qd Ad 5s] [Ah]
Rev281: bets $6
ToDaFelt: calls $6
*** SHOW DOWN ***
Rev281: shows [8d 6s] (two pair, Aces and Sixes)
ToDaFelt: mucks hand
Rev281 collected $41.50 from pot
*** SUMMARY ***
Total pot $42 | Rake $0.50
Board [6c Qd Ad 5s Ah]
Seat 2: ToDaFelt (button) (small blind) mucked
Seat 6: Rev281 (big blind) showed [8d 6s] and won ($41.50) with two pair, Aces and Sixes


PokerStars Hand #174631853400:  Hold'em Limit ($3/$6 USD) - 2017/08/21 18:37:43 ET
Table 'Porzia' 6-max Seat #2 is the button
Seat 2: ToDaFelt ($91.35 in chips)
Seat 6: Rev281 ($78.10 in chips)
ToDaFelt: posts small blind $1
Rev281: posts big blind $3
*** HOLE CARDS ***
ToDaFelt: raises $3 to $6
Rev281: calls $3
*** FLOP *** [Ad 3c 5s]
Rev281: checks
ToDaFelt: bets $3
Rev281: calls $3
*** TURN *** [Ad 3c 5s] [4d]
Rev281: checks
ToDaFelt: checks
*** RIVER *** [Ad 3c 5s 4d] [Ah]
Rev281: checks
ToDaFelt: checks
*** SHOW DOWN ***
Rev281: shows [Jc 9s] (a pair of Aces)
ToDaFelt: shows [6s Qc] (a pair of Aces - Queen kicker)
ToDaFelt collected $17.64 from pot
*** SUMMARY ***
Total pot $18 | Rake $0.36
Board [Ad 3c 5s 4d Ah]
Seat 2: ToDaFelt (button) (small blind) showed [6s Qc] and won ($17.64) with a pair of Aces
Seat 6: Rev281 (big blind) showed [Jc 9s] and lost with a pair of Aces


PokerStars Hand #174631967071:  Hold'em Limit ($3/$6 USD) - 2017/08/21 18:40:44 ET
Table 'Porzia' 6-max Seat #6 is the button
Seat 2: ToDaFelt ($136.28 in chips)
Seat 6: Rev281 ($10.38 in chips)
Rev281: posts small blind $1
ToDaFelt: posts big blind $3
*** HOLE CARDS ***
Rev281: folds
Uncalled bet ($2) returned to ToDaFelt
ToDaFelt collected $2 from pot
ToDaFelt: doesn't show hand
*** SUMMARY ***
Total pot $2 | Rake $0
Seat 2: ToDaFelt (big blind) collected ($2)
Seat 6: Rev281 (button) (small blind) folded before Flop


PokerStars Hand #174631999051:  Hold'em Limit ($3/$6 USD) - 2017/08/21 18:41:36 ET
Table 'Porzia' 6-max Seat #6 is the button
Seat 2: ToDaFelt ($115.90 in chips)
Seat 6: Rev281 ($29.53 in chips)
Rev281: posts small blind $1
ToDaFelt: posts big blind $3
*** HOLE CARDS ***
Rev281: folds
Uncalled bet ($2) returned to ToDaFelt
ToDaFelt collected $2 from pot
ToDaFelt: doesn't show hand
*** SUMMARY ***
Total pot $2 | Rake $0
Seat 2: ToDaFelt (big blind) collected ($2)
Seat 6: Rev281 (button) (small blind) folded before Flop


PokerStars Hand #174631990891:  Hold'em Limit ($3/$6 USD) - 2017/08/21 18:41:22 ET
Table 'Porzia' 6-max Seat #2 is the button
Seat 2: ToDaFelt ($127.90 in chips)
Seat 6: Rev281 ($18.01 in chips)
ToDaFelt: posts small blind $1
Rev281: posts big blind $3
*** HOLE CARDS ***
ToDaFelt: raises $3 to $6
Rev281: raises $3 to $9
ToDaFelt: calls $3
*** FLOP *** [2s 4c Qh]
Rev281: bets $3
ToDaFelt: calls $3
*** TURN *** [2s 4c Qh] [Qc]
Rev281: bets $6
ToDaFelt: folds
Uncalled bet ($6) returned to Rev281
Rev281 collected $23.52 from pot
Rev281: doesn't show hand
*** SUMMARY ***
Total pot $24 | Rake $0.48
Board [2s 4c Qh Qc]
Seat 2: ToDaFelt (button) (small blind) folded on the Turn
Seat 6: Rev281 (big blind) collected ($23.52)


PokerStars Hand #174631981551:  Hold'em Limit ($3/$6 USD) - 2017/08/21 18:41:08 ET
Table 'Porzia' 6-max Seat #6 is the button
Seat 2: ToDaFelt ($137.09 in chips)
Seat 6: Rev281 ($9.19 in chips)
Rev281: posts small blind $1
ToDaFelt: posts big blind $3
*** HOLE CARDS ***
Rev281: raises $3 to $6
ToDaFelt: calls $3
*** FLOP *** [Qh 4c 6s]
ToDaFelt: bets $3
Rev281: raises $0.19 to $3.19 and is all-in
ToDaFelt: calls $0.19
*** TURN *** [Qh 4c 6s] [4s]
*** RIVER *** [Qh 4c 6s 4s] [5h]
*** SHOW DOWN ***
ToDaFelt: shows [2c Kd] (a pair of Fours)
Rev281: shows [3h 2h] (a straight, Deuce to Six)
Rev281 collected $18.01 from pot
*** SUMMARY ***
Total pot $18.38 | Rake $0.37
Board [Qh 4c 6s 4s 5h]
Seat 2: ToDaFelt (big blind) showed [2c Kd] and lost with a pair of Fours
Seat 6: Rev281 (button) (small blind) showed [3h 2h] and won ($18.01) with a straight, Deuce to Six


PokerStars Hand #174631970867:  Hold'em Limit ($3/$6 USD) - 2017/08/21 18:40:50 ET
Table 'Porzia' 6-max Seat #2 is the button
Seat 2: ToDaFelt ($137.28 in chips)
Seat 6: Rev281 ($9.38 in chips)
ToDaFelt: posts small blind $1
Rev281: posts big blind $3
*** HOLE CARDS ***
ToDaFelt: raises $3 to $6
Rev281: calls $3
*** FLOP *** [Qc Ts 2d]
Rev281: bets $3
ToDaFelt: raises $3 to $6
Rev281: calls $0.38 and is all-in
Uncalled bet ($2.62) returned to ToDaFelt
*** TURN *** [Qc Ts 2d] [Js]
*** RIVER *** [Qc Ts 2d Js] [8h]
*** SHOW DOWN ***
Rev281: shows [9c 3h] (a straight, Eight to Queen)
ToDaFelt: shows [Th 9s] (a straight, Eight to Queen)
Rev281 collected $9.19 from pot
ToDaFelt collected $9.19 from pot
*** SUMMARY ***
Total pot $18.76 | Rake $0.38
Board [Qc Ts 2d Js 8h]
Seat 2: ToDaFelt (button) (small blind) showed [Th 9s] and won ($9.19) with a straight, Eight to Queen
Seat 6: Rev281 (big blind) showed [9c 3h] and won ($9.19) with a straight, Eight to Queen


PokerStars Hand #174632002481:  Hold'em Limit ($3/$6 USD) - 2017/08/21 18:41:41 ET
Table 'Porzia' 6-max Seat #2 is the button
Seat 2: ToDaFelt ($116.90 in chips)
Seat 6: Rev281 ($28.53 in chips)
ToDaFelt: posts small blind $1
Rev281: posts big blind $3
*** HOLE CARDS ***
ToDaFelt: raises $3 to $6
Rev281: raises $3 to $9
ToDaFelt: calls $3
*** FLOP *** [4h 2h 8c]
Rev281: checks
ToDaFelt: bets $3
Rev281: raises $3 to $6
ToDaFelt: calls $3
*** TURN *** [4h 2h 8c] [9s]
Rev281: bets $6
ToDaFelt: raises $6 to $12
Rev281: raises $1.53 to $13.53 and is all-in
ToDaFelt: calls $1.53
*** RIVER *** [4h 2h 8c 9s] [Qs]
*** SHOW DOWN ***
Rev281: shows [9h 9c] (three of a kind, Nines)
ToDaFelt: shows [8d 8h] (three of a kind, Eights)
Rev281 collected $56.56 from pot
*** SUMMARY ***
Total pot $57.06 | Rake $0.50
Board [4h 2h 8c 9s Qs]
Seat 2: ToDaFelt (button) (small blind) showed [8d 8h] and lost with three of a kind, Eights
Seat 6: Rev281 (big blind) showed [9h 9c] and won ($56.56) with three of a kind, Nines


PokerStars Hand #174632032365:  Hold'em Limit ($3/$6 USD) - 2017/08/21 18:42:29 ET
Table 'Porzia' 6-max Seat #6 is the button
Seat 2: ToDaFelt ($99.87 in chips)
Seat 6: Rev281 ($44.08 in chips)
Rev281: posts small blind $1
ToDaFelt: posts big blind $3
*** HOLE CARDS ***
Rev281: raises $3 to $6
ToDaFelt: calls $3
*** FLOP *** [8s As 3s]
ToDaFelt: checks
Rev281: bets $3
ToDaFelt: calls $3
*** TURN *** [8s As 3s] [Qs]
ToDaFelt: checks
Rev281: bets $6
ToDaFelt: calls $6
*** RIVER *** [8s As 3s Qs] [7h]
ToDaFelt: checks
Rev281: checks
*** SHOW DOWN ***
ToDaFelt: shows [8c Jc] (a pair of Eights)
Rev281: shows [Ah 5d] (a pair of Aces)
Rev281 collected $29.50 from pot
*** SUMMARY ***
Total pot $30 | Rake $0.50
Board [8s As 3s Qs 7h]
Seat 2: ToDaFelt (big blind) showed [8c Jc] and lost with a pair of Eights
Seat 6: Rev281 (button) (small blind) showed [Ah 5d] and won ($29.50) with a pair of Aces


PokerStars Hand #174632025593:  Hold'em Limit ($3/$6 USD) - 2017/08/21 18:42:18 ET
Table 'Porzia' 6-max Seat #2 is the button
Seat 2: ToDaFelt ($111.87 in chips)
Seat 6: Rev281 ($32.56 in chips)
ToDaFelt: posts small blind $1
Rev281: posts big blind $3
*** HOLE CARDS ***
ToDaFelt: raises $3 to $6
Rev281: raises $3 to $9
ToDaFelt: calls $3
*** FLOP *** [2s 5s Tc]
Rev281: bets $3
ToDaFelt: calls $3
*** TURN *** [2s 5s Tc] [6d]
Rev281: bets $6
ToDaFelt: folds
Uncalled bet ($6) returned to Rev281
Rev281 collected $23.52 from pot
Rev281: doesn't show hand
*** SUMMARY ***
Total pot $24 | Rake $0.48
Board [2s 5s Tc 6d]
Seat 2: ToDaFelt (button) (small blind) folded on the Turn
Seat 6: Rev281 (big blind) collected ($23.52)


PokerStars Hand #174632015506:  Hold'em Limit ($3/$6 USD) - 2017/08/21 18:42:02 ET
Table 'Porzia' 6-max Seat #6 is the button
Seat 2: ToDaFelt ($88.37 in chips)
Seat 6: Rev281 ($56.56 in chips)
Rev281: posts small blind $1
ToDaFelt: posts big blind $3
*** HOLE CARDS ***
Rev281: raises $3 to $6
ToDaFelt: raises $3 to $9
Rev281: calls $3
*** FLOP *** [3s 7c 4s]
ToDaFelt: bets $3
Rev281: calls $3
*** TURN *** [3s 7c 4s] [As]
ToDaFelt: bets $6
Rev281: calls $6
*** RIVER *** [3s 7c 4s As] [7d]
Zubasa07 leaves the table
ToDaFelt: bets $6
Rev281: calls $6
*** SHOW DOWN ***
ToDaFelt: shows [Ah Js] (two pair, Aces and Sevens)
Rev281: mucks hand
ToDaFelt collected $47.50 from pot
*** SUMMARY ***
Total pot $48 | Rake $0.50
Board [3s 7c 4s As 7d]
Seat 2: ToDaFelt (big blind) showed [Ah Js] and won ($47.50) with two pair, Aces and Sevens
Seat 6: Rev281 (button) (small blind) mucked


PokerStars Hand #174632050372:  Hold'em Limit ($3/$6 USD) - 2017/08/21 18:42:58 ET
Table 'Porzia' 6-max Seat #6 is the button
Seat 2: ToDaFelt ($120 in chips)
Seat 6: Rev281 ($79.08 in chips)
Rev281: posts small blind $1
ToDaFelt: posts big blind $3
*** HOLE CARDS ***
Rev281: raises $3 to $6
ToDaFelt: raises $3 to $9
Rev281: calls $3
*** FLOP *** [8h 3h Th]
ToDaFelt: bets $3
Rev281: raises $3 to $6
ToDaFelt: folds
Uncalled bet ($3) returned to Rev281
Rev281 collected $23.52 from pot
Rev281: doesn't show hand
*** SUMMARY ***
Total pot $24 | Rake $0.48
Board [8h 3h Th]
Seat 2: ToDaFelt (big blind) folded on the Flop
Seat 6: Rev281 (button) (small blind) collected ($23.52)


PokerStars Hand #174632041250:  Hold'em Limit ($3/$6 USD) - 2017/08/21 18:42:44 ET
Table 'Porzia' 6-max Seat #2 is the button
Seat 2: ToDaFelt ($84.87 in chips)
Seat 6: Rev281 ($58.58 in chips)
ToDaFelt: posts small blind $1
Rev281: posts big blind $3
*** HOLE CARDS ***
ToDaFelt: raises $3 to $6
Rev281: calls $3
*** FLOP *** [9d Kc 5s]
Rev281: checks
ToDaFelt: bets $3
Rev281: calls $3
*** TURN *** [9d Kc 5s] [2d]
Rev281: checks
ToDaFelt: bets $6
Rev281: calls $6
*** RIVER *** [9d Kc 5s 2d] [Td]
Rev281: checks
ToDaFelt: bets $6
Rev281: calls $6
*** SHOW DOWN ***
ToDaFelt: shows [8c 7s] (high card King)
Rev281: shows [6s 5c] (a pair of Fives)
MaGuill joins the table at seat #3
Rev281 collected $41.50 from pot
*** SUMMARY ***
Total pot $42 | Rake $0.50
Board [9d Kc 5s 2d Td]
Seat 2: ToDaFelt (button) (small blind) showed [8c 7s] and lost with high card King
Seat 6: Rev281 (big blind) showed [6s 5c] and won ($41.50) with a pair of Fives


PokerStars Hand #174632611238:  Hold'em Limit ($3/$6 USD) - 2017/08/21 18:59:14 ET
Table 'Porzia' 6-max Seat #2 is the button
Seat 2: ToDaFelt ($217.59 in chips)
Seat 5: angelomain ($239.01 in chips)
ToDaFelt: posts small blind $1
Zubasa07: is sitting out
angelomain: posts big blind $3
*** HOLE CARDS ***
Zubasa07 leaves the table
ToDaFelt: folds
Uncalled bet ($2) returned to angelomain
angelomain collected $2 from pot
*** SUMMARY ***
Total pot $2 | Rake $0
Seat 2: ToDaFelt (button) (small blind) folded before Flop
Seat 5: angelomain (big blind) collected ($2)


PokerStars Hand #174632623333:  Hold'em Limit ($3/$6 USD) - 2017/08/21 18:59:38 ET
Table 'Porzia' 6-max Seat #2 is the button
Seat 2: ToDaFelt ($217.59 in chips)
Seat 5: angelomain ($239.01 in chips)
ToDaFelt: posts small blind $1
angelomain: posts big blind $3
*** HOLE CARDS ***
ToDaFelt: folds
Uncalled bet ($2) returned to angelomain
angelomain collected $2 from pot
*** SUMMARY ***
Total pot $2 | Rake $0
Seat 2: ToDaFelt (button) (small blind) folded before Flop
Seat 5: angelomain (big blind) collected ($2)


PokerStars Hand #174632613913:  Hold'em Limit ($3/$6 USD) - 2017/08/21 18:59:19 ET
Table 'Porzia' 6-max Seat #5 is the button
Seat 2: ToDaFelt ($216.59 in chips)
Seat 5: angelomain ($240.01 in chips)
angelomain: posts small blind $1
ToDaFelt: posts big blind $3
*** HOLE CARDS ***
angelomain: folds
Uncalled bet ($2) returned to ToDaFelt
ToDaFelt collected $2 from pot
ToDaFelt: doesn't show hand
*** SUMMARY ***
Total pot $2 | Rake $0
Seat 2: ToDaFelt (big blind) collected ($2)
Seat 5: angelomain (button) (small blind) folded before Flop


PokerStars Hand #174632626387:  Hold'em Limit ($3/$6 USD) - 2017/08/21 18:59:44 ET
Table 'Porzia' 6-max Seat #5 is the button
Seat 2: ToDaFelt ($216.59 in chips)
Seat 5: angelomain ($240.01 in chips)
angelomain: posts small blind $1
ToDaFelt: posts big blind $3
*** HOLE CARDS ***
angelomain: folds
Uncalled bet ($2) returned to ToDaFelt
ToDaFelt collected $2 from pot
ToDaFelt: doesn't show hand
*** SUMMARY ***
Total pot $2 | Rake $0
Seat 2: ToDaFelt (big blind) collected ($2)
Seat 5: angelomain (button) (small blind) folded before Flop


PokerStars Hand #174632637783:  Hold'em Limit ($3/$6 USD) - 2017/08/21 19:00:07 ET
Table 'Porzia' 6-max Seat #2 is the button
Seat 2: ToDaFelt ($221.59 in chips)
Seat 5: angelomain ($235.01 in chips)
ToDaFelt: posts small blind $1
angelomain: posts big blind $3
*** HOLE CARDS ***
ToDaFelt: raises $3 to $6
angelomain: calls $3
*** FLOP *** [Js Tc 8d]
angelomain: checks
ToDaFelt: bets $3
angelomain: folds
Uncalled bet ($3) returned to ToDaFelt
ToDaFelt collected $11.76 from pot
ToDaFelt: doesn't show hand
*** SUMMARY ***
Total pot $12 | Rake $0.24
Board [Js Tc 8d]
Seat 2: ToDaFelt (button) (small blind) collected ($11.76)
Seat 5: angelomain (big blind) folded on the Flop


PokerStars Hand #174632634763:  Hold'em Limit ($3/$6 USD) - 2017/08/21 19:00:01 ET
Table 'Porzia' 6-max Seat #5 is the button
Seat 2: ToDaFelt ($220.59 in chips)
Seat 5: angelomain ($236.01 in chips)
angelomain: posts small blind $1
ToDaFelt: posts big blind $3
*** HOLE CARDS ***
angelomain: folds
Uncalled bet ($2) returned to ToDaFelt
ToDaFelt collected $2 from pot
ToDaFelt: doesn't show hand
*** SUMMARY ***
Total pot $2 | Rake $0
Seat 2: ToDaFelt (big blind) collected ($2)
Seat 5: angelomain (button) (small blind) folded before Flop


PokerStars Hand #174632629920:  Hold'em Limit ($3/$6 USD) - 2017/08/21 18:59:52 ET
Table 'Porzia' 6-max Seat #2 is the button
Seat 2: ToDaFelt ($217.59 in chips)
Seat 5: angelomain ($239.01 in chips)
ToDaFelt: posts small blind $1
angelomain: posts big blind $3
*** HOLE CARDS ***
ToDaFelt: raises $3 to $6
angelomain: folds
Uncalled bet ($3) returned to ToDaFelt
ToDaFelt collected $6 from pot
ToDaFelt: doesn't show hand
*** SUMMARY ***
Total pot $6 | Rake $0
Seat 2: ToDaFelt (button) (small blind) collected ($6)
Seat 5: angelomain (big blind) folded before Flop


PokerStars Hand #174632645039:  Hold'em Limit ($3/$6 USD) - 2017/08/21 19:00:21 ET
Table 'Porzia' 6-max Seat #5 is the button
Seat 2: ToDaFelt ($227.35 in chips)
Seat 5: angelomain ($229.01 in chips)
angelomain: posts small blind $1
ToDaFelt: posts big blind $3
*** HOLE CARDS ***
angelomain: raises $3 to $6
ToDaFelt: raises $3 to $9
angelomain: calls $3
*** FLOP *** [Td As Jc]
ToDaFelt: bets $3
angelomain: calls $3
*** TURN *** [Td As Jc] [5c]
ToDaFelt: bets $6
angelomain: calls $6
*** RIVER *** [Td As Jc 5c] [2d]
ToDaFelt: checks
angelomain: bets $6
ToDaFelt: raises $6 to $12
angelomain: folds
Uncalled bet ($6) returned to ToDaFelt
ToDaFelt collected $47.50 from pot
ToDaFelt: doesn't show hand
*** SUMMARY ***
Total pot $48 | Rake $0.50
Board [Td As Jc 5c 2d]
Seat 2: ToDaFelt (big blind) collected ($47.50)
Seat 5: angelomain (button) (small blind) folded on the River


