PokerStars Hand #152907261205:  Hold'em Limit ($3/$6 USD) - 2016/05/05 18:13:06 ET
Table 'Porzia' 6-max Seat #5 is the button
Seat 4: crash19867 ($62 in chips)
Seat 5: Chessnok ($134.53 in chips)
Chessnok: posts small blind $1
Zubasa07: is sitting out
crash19867: posts big blind $3
*** HOLE CARDS ***
Chessnok: raises $3 to $6
crash19867: folds
Uncalled bet ($3) returned to Chessnok
Chessnok collected $6 from pot
Chessnok: doesn't show hand
*** SUMMARY ***
Total pot $6 | Rake $0
Seat 4: crash19867 (big blind) folded before Flop
Seat 5: Chessnok (button) (small blind) collected ($6)


PokerStars Hand #152908317691:  Hold'em Limit ($3/$6 USD) - 2016/05/05 18:36:43 ET
Table 'Porzia' 6-max Seat #3 is the button
Seat 2: JayEm82 ($353.34 in chips)
Seat 3: MissEKAmouse ($120 in chips)
MissEKAmouse: posts small blind $1
Chessnok: is sitting out
JayEm82: posts big blind $3
*** HOLE CARDS ***
MissEKAmouse: folds
Uncalled bet ($2) returned to JayEm82
JayEm82 collected $2 from pot
JayEm82: doesn't show hand
*** SUMMARY ***
Total pot $2 | Rake $0
Seat 2: JayEm82 (big blind) collected ($2)
Seat 3: MissEKAmouse (button) (small blind) folded before Flop


