PokerStars Hand #165714931257:  Hold'em Limit ($3/$6 USD) - 2017/02/05 7:36:57 ET
Table 'Posnania II' 6-max Seat #4 is the button
Seat 3: sim5sim5 ($72 in chips)
Seat 4: An-j92 ($46.88 in chips)
An-j92: posts small blind $1
sim5sim5: posts big blind $3
*** HOLE CARDS ***
An-j92: raises $3 to $6
sim5sim5: calls $3
*** FLOP *** [2s 5s 6s]
sim5sim5: checks
An-j92: checks
*** TURN *** [2s 5s 6s] [Ac]
sim5sim5: checks
An-j92: bets $6
sim5sim5: calls $6
*** RIVER *** [2s 5s 6s Ac] [Ad]
sim5sim5: checks
An-j92: bets $6
sim5sim5: calls $6
*** SHOW DOWN ***
An-j92: shows [9s As] (a flush, Ace high)
sim5sim5: mucks hand
An-j92 collected $35.50 from pot
*** SUMMARY ***
Total pot $36 | Rake $0.50
Board [2s 5s 6s Ac Ad]
Seat 3: sim5sim5 (big blind) mucked
Seat 4: An-j92 (button) (small blind) showed [9s As] and won ($35.50) with a flush, Ace high


PokerStars Hand #165714924784:  Hold'em Limit ($3/$6 USD) - 2017/02/05 7:36:47 ET
Table 'Posnania II' 6-max Seat #3 is the button
Seat 3: sim5sim5 ($72 in chips)
Seat 4: An-j92 ($45.88 in chips)
sim5sim5: posts small blind $1
An-j92: posts big blind $3
*** HOLE CARDS ***
sim5sim5: folds
Uncalled bet ($2) returned to An-j92
An-j92 collected $2 from pot
An-j92: doesn't show hand
*** SUMMARY ***
Total pot $2 | Rake $0
Seat 3: sim5sim5 (button) (small blind) folded before Flop
Seat 4: An-j92 (big blind) collected ($2)


PokerStars Hand #165714971303:  Hold'em Limit ($3/$6 USD) - 2017/02/05 7:37:58 ET
Table 'Posnania II' 6-max Seat #4 is the button
Seat 3: sim5sim5 ($86.50 in chips)
Seat 4: An-j92 ($49.38 in chips)
An-j92: posts small blind $1
sim5sim5: posts big blind $3
*** HOLE CARDS ***
An-j92: folds
Uncalled bet ($2) returned to sim5sim5
sim5sim5 collected $2 from pot
sim5sim5: doesn't show hand
*** SUMMARY ***
Total pot $2 | Rake $0
Seat 3: sim5sim5 (big blind) collected ($2)
Seat 4: An-j92 (button) (small blind) folded before Flop


PokerStars Hand #165714953783:  Hold'em Limit ($3/$6 USD) - 2017/02/05 7:37:31 ET
Table 'Posnania II' 6-max Seat #3 is the button
Seat 3: sim5sim5 ($72 in chips)
Seat 4: An-j92 ($64.38 in chips)
sim5sim5: posts small blind $1
An-j92: posts big blind $3
*** HOLE CARDS ***
sim5sim5: raises $3 to $6
An-j92: calls $3
*** FLOP *** [Ac 6h 2h]
An-j92: checks
sim5sim5: bets $3
An-j92: calls $3
*** TURN *** [Ac 6h 2h] [Ah]
An-j92: checks
sim5sim5: checks
*** RIVER *** [Ac 6h 2h Ah] [4h]
An-j92: checks
sim5sim5: bets $6
An-j92: calls $6
*** SHOW DOWN ***
sim5sim5: shows [Jd Kh] (a flush, Ace high)
An-j92: mucks hand
sim5sim5 collected $29.50 from pot
*** SUMMARY ***
Total pot $30 | Rake $0.50
Board [Ac 6h 2h Ah 4h]
Seat 3: sim5sim5 (button) (small blind) showed [Jd Kh] and won ($29.50) with a flush, Ace high
Seat 4: An-j92 (big blind) mucked


PokerStars Hand #165715012929:  Hold'em Limit ($3/$6 USD) - 2017/02/05 7:39:02 ET
Table 'Posnania II' 6-max Seat #3 is the button
Seat 3: sim5sim5 ($79.76 in chips)
Seat 4: An-j92 ($60.88 in chips)
sim5sim5: posts small blind $1
An-j92: posts big blind $3
*** HOLE CARDS ***
sim5sim5: raises $3 to $6
An-j92: calls $3
*** FLOP *** [4s 8d Kc]
An-j92: checks
sim5sim5: bets $3
An-j92: calls $3
*** TURN *** [4s 8d Kc] [5c]
An-j92: checks
sim5sim5: bets $6
An-j92: folds
Uncalled bet ($6) returned to sim5sim5
sim5sim5 collected $17.64 from pot
sim5sim5: doesn't show hand
*** SUMMARY ***
Total pot $18 | Rake $0.36
Board [4s 8d Kc 5c]
Seat 3: sim5sim5 (button) (small blind) collected ($17.64)
Seat 4: An-j92 (big blind) folded on the Turn


PokerStars Hand #165714994189:  Hold'em Limit ($3/$6 USD) - 2017/02/05 7:38:33 ET
Table 'Posnania II' 6-max Seat #3 is the button
Seat 3: sim5sim5 ($73 in chips)
Seat 4: An-j92 ($67.88 in chips)
sim5sim5: posts small blind $1
An-j92: posts big blind $3
*** HOLE CARDS ***
sim5sim5: raises $3 to $6
An-j92: calls $3
*** FLOP *** [6s 5c 4c]
An-j92: checks
sim5sim5: bets $3
An-j92: folds
Uncalled bet ($3) returned to sim5sim5
sim5sim5 collected $11.76 from pot
sim5sim5: doesn't show hand
*** SUMMARY ***
Total pot $12 | Rake $0.24
Board [6s 5c 4c]
Seat 3: sim5sim5 (button) (small blind) collected ($11.76)
Seat 4: An-j92 (big blind) folded on the Flop


PokerStars Hand #165715004412:  Hold'em Limit ($3/$6 USD) - 2017/02/05 7:38:49 ET
Table 'Posnania II' 6-max Seat #4 is the button
Seat 3: sim5sim5 ($78.76 in chips)
Seat 4: An-j92 ($61.88 in chips)
An-j92: posts small blind $1
sim5sim5: posts big blind $3
*** HOLE CARDS ***
SergioDragon joins the table at seat #2
An-j92: folds
Uncalled bet ($2) returned to sim5sim5
sim5sim5 collected $2 from pot
sim5sim5: doesn't show hand
*** SUMMARY ***
Total pot $2 | Rake $0
Seat 3: sim5sim5 (big blind) collected ($2)
Seat 4: An-j92 (button) (small blind) folded before Flop


PokerStars Hand #165714990990:  Hold'em Limit ($3/$6 USD) - 2017/02/05 7:38:28 ET
Table 'Posnania II' 6-max Seat #4 is the button
Seat 3: sim5sim5 ($72 in chips)
Seat 4: An-j92 ($68.88 in chips)
An-j92: posts small blind $1
sim5sim5: posts big blind $3
*** HOLE CARDS ***
An-j92: folds
Uncalled bet ($2) returned to sim5sim5
sim5sim5 collected $2 from pot
sim5sim5: doesn't show hand
*** SUMMARY ***
Total pot $2 | Rake $0
Seat 3: sim5sim5 (big blind) collected ($2)
Seat 4: An-j92 (button) (small blind) folded before Flop


PokerStars Hand #165714975202:  Hold'em Limit ($3/$6 USD) - 2017/02/05 7:38:04 ET
Table 'Posnania II' 6-max Seat #3 is the button
Seat 3: sim5sim5 ($87.50 in chips)
Seat 4: An-j92 ($48.38 in chips)
sim5sim5: posts small blind $1
An-j92: posts big blind $3
*** HOLE CARDS ***
sim5sim5: raises $3 to $6
An-j92: calls $3
*** FLOP *** [6d Jc Ts]
An-j92: checks
sim5sim5: bets $3
An-j92: calls $3
*** TURN *** [6d Jc Ts] [7c]
An-j92: checks
sim5sim5: bets $6
An-j92: calls $6
*** RIVER *** [6d Jc Ts 7c] [As]
An-j92: checks
sim5sim5: bets $6
An-j92: calls $6
*** SHOW DOWN ***
sim5sim5: shows [8c 8s] (a pair of Eights)
An-j92: shows [5c Jd] (a pair of Jacks)
An-j92 collected $41.50 from pot
*** SUMMARY ***
Total pot $42 | Rake $0.50
Board [6d Jc Ts 7c As]
Seat 3: sim5sim5 (button) (small blind) showed [8c 8s] and lost with a pair of Eights
Seat 4: An-j92 (big blind) showed [5c Jd] and won ($41.50) with a pair of Jacks


PokerStars Hand #165716013906:  Hold'em Limit ($3/$6 USD) - 2017/02/05 8:04:55 ET
Table 'Posnania II' 6-max Seat #4 is the button
Seat 3: sim5sim5 ($148.16 in chips)
Seat 4: emiwarg ($131.10 in chips)
emiwarg: posts small blind $1
sim5sim5: posts big blind $3
*** HOLE CARDS ***
emiwarg: raises $3 to $6
sim5sim5: calls $3
*** FLOP *** [4s Jh 2d]
DePokeraap leaves the table
sim5sim5: checks
emiwarg: bets $3
sim5sim5: raises $3 to $6
emiwarg: calls $3
*** TURN *** [4s Jh 2d] [9s]
lelala joins the table at seat #6
sim5sim5: bets $6
emiwarg: raises $6 to $12
sim5sim5: folds
Uncalled bet ($6) returned to emiwarg
emiwarg collected $35.50 from pot
emiwarg: doesn't show hand
*** SUMMARY ***
Total pot $36 | Rake $0.50
Board [4s Jh 2d 9s]
Seat 3: sim5sim5 (big blind) folded on the Turn
Seat 4: emiwarg (button) (small blind) collected ($35.50)


PokerStars Hand #165716048388:  Hold'em Limit ($3/$6 USD) - 2017/02/05 8:05:45 ET
Table 'Posnania II' 6-max Seat #3 is the button
Seat 3: sim5sim5 ($134.16 in chips)
Seat 6: lelala ($116 in chips)
sim5sim5: posts small blind $1
lelala: posts big blind $3
*** HOLE CARDS ***
sim5sim5: raises $3 to $6
lelala: raises $3 to $9
sim5sim5: calls $3
*** FLOP *** [4h Kh 4d]
lelala: bets $3
sim5sim5: calls $3
*** TURN *** [4h Kh 4d] [7c]
lelala: bets $6
sim5sim5: raises $6 to $12
lelala: raises $6 to $18
sim5sim5: calls $6
*** RIVER *** [4h Kh 4d 7c] [5d]
lelala: bets $6
sim5sim5: raises $6 to $12
lelala: raises $6 to $18
sim5sim5: calls $6
*** SHOW DOWN ***
lelala: shows [Kc Kd] (a full house, Kings full of Fours)
sim5sim5: mucks hand
lelala collected $95.50 from pot
*** SUMMARY ***
Total pot $96 | Rake $0.50
Board [4h Kh 4d 7c 5d]
Seat 3: sim5sim5 (button) (small blind) mucked
Seat 6: lelala (big blind) showed [Kc Kd] and won ($95.50) with a full house, Kings full of Fours


PokerStars Hand #165716044976:  Hold'em Limit ($3/$6 USD) - 2017/02/05 8:05:40 ET
Table 'Posnania II' 6-max Seat #6 is the button
Seat 3: sim5sim5 ($133.16 in chips)
Seat 6: lelala ($117 in chips)
lelala: posts small blind $1
sim5sim5: posts big blind $3
*** HOLE CARDS ***
lelala: folds
Uncalled bet ($2) returned to sim5sim5
sim5sim5 collected $2 from pot
sim5sim5: doesn't show hand
*** SUMMARY ***
Total pot $2 | Rake $0
Seat 3: sim5sim5 (big blind) collected ($2)
Seat 6: lelala (button) (small blind) folded before Flop


PokerStars Hand #165716100324:  Hold'em Limit ($3/$6 USD) - 2017/02/05 8:07:02 ET
Table 'Posnania II' 6-max Seat #6 is the button
Seat 3: sim5sim5 ($108.66 in chips)
Seat 6: lelala ($140.50 in chips)
lelala: posts small blind $1
sim5sim5: posts big blind $3
*** HOLE CARDS ***
lelala: raises $3 to $6
sim5sim5: calls $3
*** FLOP *** [As 2s Jc]
sim5sim5: checks
lelala: bets $3
sim5sim5: calls $3
*** TURN *** [As 2s Jc] [7c]
sim5sim5: checks
lelala: bets $6
sim5sim5: folds
Uncalled bet ($6) returned to lelala
lelala collected $17.64 from pot
*** SUMMARY ***
Total pot $18 | Rake $0.36
Board [As 2s Jc 7c]
Seat 3: sim5sim5 (big blind) folded on the Turn
Seat 6: lelala (button) (small blind) collected ($17.64)


PokerStars Hand #165716096066:  Hold'em Limit ($3/$6 USD) - 2017/02/05 8:06:55 ET
Table 'Posnania II' 6-max Seat #3 is the button
Seat 3: sim5sim5 ($109.66 in chips)
Seat 6: lelala ($139.50 in chips)
sim5sim5: posts small blind $1
lelala: posts big blind $3
*** HOLE CARDS ***
sim5sim5: folds
Uncalled bet ($2) returned to lelala
lelala collected $2 from pot
*** SUMMARY ***
Total pot $2 | Rake $0
Seat 3: sim5sim5 (button) (small blind) folded before Flop
Seat 6: lelala (big blind) collected ($2)


PokerStars Hand #165716077891:  Hold'em Limit ($3/$6 USD) - 2017/02/05 8:06:28 ET
Table 'Posnania II' 6-max Seat #6 is the button
Seat 3: sim5sim5 ($86.16 in chips)
Seat 6: lelala ($163.50 in chips)
lelala: posts small blind $1
sim5sim5: posts big blind $3
*** HOLE CARDS ***
lelala: raises $3 to $6
sim5sim5: calls $3
*** FLOP *** [3h 9d 3d]
sim5sim5: checks
lelala: bets $3
sim5sim5: raises $3 to $6
lelala: calls $3
*** TURN *** [3h 9d 3d] [Jh]
sim5sim5: bets $6
lelala: calls $6
*** RIVER *** [3h 9d 3d Jh] [4s]
sim5sim5: bets $6
lelala: calls $6
*** SHOW DOWN ***
sim5sim5: shows [9c 7s] (two pair, Nines and Threes)
lelala: mucks hand
sim5sim5 collected $47.50 from pot
*** SUMMARY ***
Total pot $48 | Rake $0.50
Board [3h 9d 3d Jh 4s]
Seat 3: sim5sim5 (big blind) showed [9c 7s] and won ($47.50) with two pair, Nines and Threes
Seat 6: lelala (button) (small blind) mucked


PokerStars Hand #165716125277:  Hold'em Limit ($3/$6 USD) - 2017/02/05 8:07:37 ET
Table 'Posnania II' 6-max Seat #6 is the button
Seat 3: sim5sim5 ($90.66 in chips)
Seat 6: lelala ($157.78 in chips)
lelala: posts small blind $1
sim5sim5: posts big blind $3
*** HOLE CARDS ***
lelala: folds
Uncalled bet ($2) returned to sim5sim5
sim5sim5 collected $2 from pot
sim5sim5: doesn't show hand
*** SUMMARY ***
Total pot $2 | Rake $0
Seat 3: sim5sim5 (big blind) collected ($2)
Seat 6: lelala (button) (small blind) folded before Flop


PokerStars Hand #165716133034:  Hold'em Limit ($3/$6 USD) - 2017/02/05 8:07:49 ET
Table 'Posnania II' 6-max Seat #3 is the button
Seat 3: sim5sim5 ($91.66 in chips)
Seat 6: lelala ($156.78 in chips)
sim5sim5: posts small blind $1
lelala: posts big blind $3
*** HOLE CARDS ***
sim5sim5: raises $3 to $6
lelala: calls $3
*** FLOP *** [7h As 9d]
lelala: checks
sim5sim5: bets $3
lelala: folds
Uncalled bet ($3) returned to sim5sim5
sim5sim5 collected $11.76 from pot
sim5sim5: doesn't show hand
*** SUMMARY ***
Total pot $12 | Rake $0.24
Board [7h As 9d]
Seat 3: sim5sim5 (button) (small blind) collected ($11.76)
Seat 6: lelala (big blind) folded on the Flop


PokerStars Hand #165716140064:  Hold'em Limit ($3/$6 USD) - 2017/02/05 8:07:59 ET
Table 'Posnania II' 6-max Seat #6 is the button
Seat 3: sim5sim5 ($97.42 in chips)
Seat 6: lelala ($150.78 in chips)
lelala: posts small blind $1
sim5sim5: posts big blind $3
*** HOLE CARDS ***
lelala: raises $3 to $6
sim5sim5: calls $3
*** FLOP *** [8h 6d 5d]
sim5sim5: checks
lelala: bets $3
sim5sim5: calls $3
*** TURN *** [8h 6d 5d] [7d]
sim5sim5: checks
lelala: bets $6
sim5sim5: raises $6 to $12
lelala: folds
Uncalled bet ($6) returned to sim5sim5
sim5sim5 collected $29.50 from pot
sim5sim5: doesn't show hand
*** SUMMARY ***
Total pot $30 | Rake $0.50
Board [8h 6d 5d 7d]
Seat 3: sim5sim5 (big blind) collected ($29.50)
Seat 6: lelala (button) (small blind) folded on the Turn


PokerStars Hand #165716111626:  Hold'em Limit ($3/$6 USD) - 2017/02/05 8:07:18 ET
Table 'Posnania II' 6-max Seat #3 is the button
Seat 3: sim5sim5 ($99.66 in chips)
Seat 6: lelala ($149.14 in chips)
sim5sim5: posts small blind $1
lelala: posts big blind $3
*** HOLE CARDS ***
sim5sim5: raises $3 to $6
lelala: calls $3
*** FLOP *** [5d As 5h]
lelala: checks
sim5sim5: bets $3
lelala: calls $3
*** TURN *** [5d As 5h] [5c]
lelala: checks
sim5sim5: checks
*** RIVER *** [5d As 5h 5c] [2d]
lelala: bets $6
sim5sim5: folds
Uncalled bet ($6) returned to lelala
lelala collected $17.64 from pot
*** SUMMARY ***
Total pot $18 | Rake $0.36
Board [5d As 5h 5c 2d]
Seat 3: sim5sim5 (button) (small blind) folded on the River
Seat 6: lelala (big blind) collected ($17.64)


PokerStars Hand #165716155195:  Hold'em Limit ($3/$6 USD) - 2017/02/05 8:08:21 ET
Table 'Posnania II' 6-max Seat #3 is the button
Seat 3: sim5sim5 ($111.92 in chips)
Seat 6: lelala ($135.78 in chips)
sim5sim5: posts small blind $1
lelala: posts big blind $3
*** HOLE CARDS ***
sim5sim5: raises $3 to $6
lelala: folds
Uncalled bet ($3) returned to sim5sim5
sim5sim5 collected $6 from pot
sim5sim5: doesn't show hand
*** SUMMARY ***
Total pot $6 | Rake $0
Seat 3: sim5sim5 (button) (small blind) collected ($6)
Seat 6: lelala (big blind) folded before Flop


PokerStars Hand #165716160533:  Hold'em Limit ($3/$6 USD) - 2017/02/05 8:08:29 ET
Table 'Posnania II' 6-max Seat #6 is the button
Seat 3: sim5sim5 ($114.92 in chips)
Seat 6: lelala ($132.78 in chips)
lelala: posts small blind $1
sim5sim5: posts big blind $3
*** HOLE CARDS ***
lelala: raises $3 to $6
sim5sim5: calls $3
*** FLOP *** [7s Kc Ad]
sim5sim5: checks
lelala: bets $3
sim5sim5: folds
Uncalled bet ($3) returned to lelala
lelala collected $11.76 from pot
*** SUMMARY ***
Total pot $12 | Rake $0.24
Board [7s Kc Ad]
Seat 3: sim5sim5 (big blind) folded on the Flop
Seat 6: lelala (button) (small blind) collected ($11.76)


PokerStars Hand #165716170295:  Hold'em Limit ($3/$6 USD) - 2017/02/05 8:08:43 ET
Table 'Posnania II' 6-max Seat #3 is the button
Seat 3: sim5sim5 ($108.92 in chips)
Seat 6: lelala ($138.54 in chips)
sim5sim5: posts small blind $1
lelala: posts big blind $3
*** HOLE CARDS ***
sim5sim5: raises $3 to $6
lelala: raises $3 to $9
sim5sim5: calls $3
*** FLOP *** [5c Qs 5d]
lelala: bets $3
sim5sim5: calls $3
*** TURN *** [5c Qs 5d] [7d]
lelala: bets $6
sim5sim5: raises $6 to $12
lelala: raises $6 to $18
sim5sim5: raises $6 to $24
Betting is capped
lelala: calls $6
*** RIVER *** [5c Qs 5d 7d] [9h]
lelala: bets $6
sim5sim5: raises $6 to $12
lelala: calls $6
*** SHOW DOWN ***
sim5sim5: shows [5s Qh] (a full house, Fives full of Queens)
lelala: mucks hand
sim5sim5 collected $95.50 from pot
*** SUMMARY ***
Total pot $96 | Rake $0.50
Board [5c Qs 5d 7d 9h]
Seat 3: sim5sim5 (button) (small blind) showed [5s Qh] and won ($95.50) with a full house, Fives full of Queens
Seat 6: lelala (big blind) mucked


PokerStars Hand #165716193066:  Hold'em Limit ($3/$6 USD) - 2017/02/05 8:09:16 ET
Table 'Posnania II' 6-max Seat #6 is the button
Seat 3: sim5sim5 ($156.42 in chips)
Seat 6: lelala ($90.54 in chips)
lelala: posts small blind $1
sim5sim5: posts big blind $3
*** HOLE CARDS ***
lelala: raises $3 to $6
sim5sim5: calls $3
*** FLOP *** [Kc Qd Ts]
sim5sim5: checks
lelala: bets $3
sim5sim5: calls $3
*** TURN *** [Kc Qd Ts] [Ks]
sim5sim5: checks
lelala: bets $6
sim5sim5: calls $6
*** RIVER *** [Kc Qd Ts Ks] [Jh]
sim5sim5: checks
lelala: bets $6
sim5sim5: folds
Uncalled bet ($6) returned to lelala
lelala collected $29.50 from pot
*** SUMMARY ***
Total pot $30 | Rake $0.50
Board [Kc Qd Ts Ks Jh]
Seat 3: sim5sim5 (big blind) folded on the River
Seat 6: lelala (button) (small blind) collected ($29.50)


PokerStars Hand #165716214577:  Hold'em Limit ($3/$6 USD) - 2017/02/05 8:09:47 ET
Table 'Posnania II' 6-max Seat #6 is the button
Seat 3: sim5sim5 ($140.42 in chips)
Seat 6: lelala ($106.04 in chips)
lelala: posts small blind $1
sim5sim5: posts big blind $3
*** HOLE CARDS ***
lelala: folds
Uncalled bet ($2) returned to sim5sim5
sim5sim5 collected $2 from pot
sim5sim5: doesn't show hand
*** SUMMARY ***
Total pot $2 | Rake $0
Seat 3: sim5sim5 (big blind) collected ($2)
Seat 6: lelala (button) (small blind) folded before Flop


PokerStars Hand #165716210797:  Hold'em Limit ($3/$6 USD) - 2017/02/05 8:09:42 ET
Table 'Posnania II' 6-max Seat #3 is the button
Seat 3: sim5sim5 ($141.42 in chips)
Seat 6: lelala ($105.04 in chips)
sim5sim5: posts small blind $1
lelala: posts big blind $3
*** HOLE CARDS ***
sim5sim5: folds
Uncalled bet ($2) returned to lelala
lelala collected $2 from pot
*** SUMMARY ***
Total pot $2 | Rake $0
Seat 3: sim5sim5 (button) (small blind) folded before Flop
Seat 6: lelala (big blind) collected ($2)


PokerStars Hand #165716235710:  Hold'em Limit ($3/$6 USD) - 2017/02/05 8:10:18 ET
Table 'Posnania II' 6-max Seat #6 is the button
Seat 3: sim5sim5 ($158.92 in chips)
Seat 6: lelala ($87.04 in chips)
lelala: posts small blind $1
sim5sim5: posts big blind $3
*** HOLE CARDS ***
lelala: raises $3 to $6
sim5sim5: folds
Uncalled bet ($3) returned to lelala
lelala collected $6 from pot
*** SUMMARY ***
Total pot $6 | Rake $0
Seat 3: sim5sim5 (big blind) folded before Flop
Seat 6: lelala (button) (small blind) collected ($6)


PokerStars Hand #165716218039:  Hold'em Limit ($3/$6 USD) - 2017/02/05 8:09:52 ET
Table 'Posnania II' 6-max Seat #3 is the button
Seat 3: sim5sim5 ($141.42 in chips)
Seat 6: lelala ($105.04 in chips)
sim5sim5: posts small blind $1
lelala: posts big blind $3
*** HOLE CARDS ***
sim5sim5: raises $3 to $6
lelala: calls $3
*** FLOP *** [8s 9c 9d]
lelala: checks
sim5sim5: bets $3
lelala: raises $3 to $6
sim5sim5: calls $3
*** TURN *** [8s 9c 9d] [4d]
lelala: bets $6
sim5sim5: raises $6 to $12
lelala: folds
Uncalled bet ($6) returned to sim5sim5
sim5sim5 collected $35.50 from pot
sim5sim5: doesn't show hand
*** SUMMARY ***
Total pot $36 | Rake $0.50
Board [8s 9c 9d 4d]
Seat 3: sim5sim5 (button) (small blind) collected ($35.50)
Seat 6: lelala (big blind) folded on the Turn


PokerStars Hand #165716240801:  Hold'em Limit ($3/$6 USD) - 2017/02/05 8:10:25 ET
Table 'Posnania II' 6-max Seat #3 is the button
Seat 3: sim5sim5 ($155.92 in chips)
Seat 6: lelala ($90.04 in chips)
sim5sim5: posts small blind $1
lelala: posts big blind $3
*** HOLE CARDS ***
sim5sim5: raises $3 to $6
lelala: raises $3 to $9
sim5sim5: calls $3
*** FLOP *** [7d 5h 3d]
lelala: bets $3
sim5sim5: calls $3
*** TURN *** [7d 5h 3d] [7c]
lelala: bets $6
Bakenbaster joins the table at seat #1
sim5sim5: folds
Uncalled bet ($6) returned to lelala
lelala collected $23.52 from pot
*** SUMMARY ***
Total pot $24 | Rake $0.48
Board [7d 5h 3d 7c]
Seat 3: sim5sim5 (button) (small blind) folded on the Turn
Seat 6: lelala (big blind) collected ($23.52)


PokerStars Hand #165717733792:  Hold'em Limit ($3/$6 USD) - 2017/02/05 8:45:08 ET
Table 'Posnania II' 6-max Seat #2 is the button
Seat 1: Bakenbaster ($142.04 in chips)
Seat 2: #fanktanks# ($228.43 in chips)
#fanktanks#: posts small blind $1
Bakenbaster: posts big blind $3
*** HOLE CARDS ***
#fanktanks#: folds
Uncalled bet ($2) returned to Bakenbaster
Bakenbaster collected $2 from pot
Bakenbaster: doesn't show hand
*** SUMMARY ***
Total pot $2 | Rake $0
Seat 1: Bakenbaster (big blind) collected ($2)
Seat 2: #fanktanks# (button) (small blind) folded before Flop


PokerStars Hand #165717738701:  Hold'em Limit ($3/$6 USD) - 2017/02/05 8:45:15 ET
Table 'Posnania II' 6-max Seat #1 is the button
Seat 1: Bakenbaster ($143.04 in chips)
Seat 2: #fanktanks# ($227.43 in chips)
Bakenbaster: posts small blind $1
#fanktanks#: posts big blind $3
*** HOLE CARDS ***
Bakenbaster: raises $3 to $6
#fanktanks#: calls $3
*** FLOP *** [6s 4s Js]
#fanktanks#: checks
Bakenbaster: bets $3
#fanktanks#: calls $3
*** TURN *** [6s 4s Js] [Kc]
#fanktanks#: checks
Bakenbaster: bets $6
#fanktanks#: folds
Uncalled bet ($6) returned to Bakenbaster
Bakenbaster collected $17.64 from pot
Bakenbaster: doesn't show hand
*** SUMMARY ***
Total pot $18 | Rake $0.36
Board [6s 4s Js Kc]
Seat 1: Bakenbaster (button) (small blind) collected ($17.64)
Seat 2: #fanktanks# (big blind) folded on the Turn


PokerStars Hand #165717751990:  Hold'em Limit ($3/$6 USD) - 2017/02/05 8:45:33 ET
Table 'Posnania II' 6-max Seat #2 is the button
Seat 1: Bakenbaster ($151.68 in chips)
Seat 2: #fanktanks# ($218.43 in chips)
#fanktanks#: posts small blind $1
Bakenbaster: posts big blind $3
*** HOLE CARDS ***
#fanktanks#: folds
Uncalled bet ($2) returned to Bakenbaster
Bakenbaster collected $2 from pot
Bakenbaster: doesn't show hand
*** SUMMARY ***
Total pot $2 | Rake $0
Seat 1: Bakenbaster (big blind) collected ($2)
Seat 2: #fanktanks# (button) (small blind) folded before Flop


PokerStars Hand #165717756496:  Hold'em Limit ($3/$6 USD) - 2017/02/05 8:45:39 ET
Table 'Posnania II' 6-max Seat #1 is the button
Seat 1: Bakenbaster ($152.68 in chips)
Seat 2: #fanktanks# ($217.43 in chips)
Bakenbaster: posts small blind $1
#fanktanks#: posts big blind $3
*** HOLE CARDS ***
TbIP-TbIP 88 joins the table at seat #3
Bakenbaster: raises $3 to $6
#fanktanks#: calls $3
*** FLOP *** [Jh 8h 4d]
#fanktanks#: checks
Bakenbaster: bets $3
#fanktanks#: calls $3
*** TURN *** [Jh 8h 4d] [6h]
#fanktanks#: checks
Bakenbaster: bets $6
#fanktanks#: folds
Uncalled bet ($6) returned to Bakenbaster
Bakenbaster collected $17.64 from pot
Bakenbaster: doesn't show hand
*** SUMMARY ***
Total pot $18 | Rake $0.36
Board [Jh 8h 4d 6h]
Seat 1: Bakenbaster (button) (small blind) collected ($17.64)
Seat 2: #fanktanks# (big blind) folded on the Turn


PokerStars Hand #165717874767:  Hold'em Limit ($3/$6 USD) - 2017/02/05 8:48:19 ET
Table 'Posnania II' 6-max Seat #1 is the button
Seat 1: Bakenbaster ($164.71 in chips)
Seat 2: #fanktanks# ($191.62 in chips)
Bakenbaster: posts small blind $1
#fanktanks#: posts big blind $3
*** HOLE CARDS ***
Bakenbaster: folds
Uncalled bet ($2) returned to #fanktanks#
#fanktanks# collected $2 from pot
#fanktanks#: doesn't show hand
*** SUMMARY ***
Total pot $2 | Rake $0
Seat 1: Bakenbaster (button) (small blind) folded before Flop
Seat 2: #fanktanks# (big blind) collected ($2)


PokerStars Hand #165717850637:  Hold'em Limit ($3/$6 USD) - 2017/02/05 8:47:47 ET
Table 'Posnania II' 6-max Seat #2 is the button
Seat 1: Bakenbaster ($141.21 in chips)
Seat 2: #fanktanks# ($215.62 in chips)
#fanktanks#: posts small blind $1
TbIP-TbIP 88: is sitting out
Bakenbaster: posts big blind $3
*** HOLE CARDS ***
#fanktanks#: raises $3 to $6
TbIP-TbIP 88 leaves the table
Bakenbaster: calls $3
*** FLOP *** [Jh Th Qs]
Bakenbaster: checks
#fanktanks#: bets $3
Bakenbaster: raises $3 to $6
#fanktanks#: calls $3
*** TURN *** [Jh Th Qs] [2s]
Bakenbaster: bets $6
#fanktanks#: calls $6
*** RIVER *** [Jh Th Qs 2s] [Ac]
Bakenbaster: checks
#fanktanks#: bets $6
Bakenbaster: calls $6
*** SHOW DOWN ***
#fanktanks#: shows [7h 8h] (high card Ace)
Bakenbaster: shows [Qc 3h] (a pair of Queens)
Bakenbaster collected $47.50 from pot
*** SUMMARY ***
Total pot $48 | Rake $0.50
Board [Jh Th Qs 2s Ac]
Seat 1: Bakenbaster (big blind) showed [Qc 3h] and won ($47.50) with a pair of Queens
Seat 2: #fanktanks# (button) (small blind) showed [7h 8h] and lost with high card Ace


PokerStars Hand #165717878632:  Hold'em Limit ($3/$6 USD) - 2017/02/05 8:48:24 ET
Table 'Posnania II' 6-max Seat #2 is the button
Seat 1: Bakenbaster ($163.71 in chips)
Seat 2: #fanktanks# ($192.62 in chips)
#fanktanks#: posts small blind $1
Bakenbaster: posts big blind $3
*** HOLE CARDS ***
#fanktanks#: raises $3 to $6
Bakenbaster: calls $3
*** FLOP *** [Ac 7h 7d]
Bakenbaster: checks
#fanktanks#: bets $3
Bakenbaster: calls $3
*** TURN *** [Ac 7h 7d] [Qc]
Bakenbaster: checks
#fanktanks#: bets $6
Bakenbaster: calls $6
*** RIVER *** [Ac 7h 7d Qc] [8h]
Bakenbaster: checks
#fanktanks#: checks
*** SHOW DOWN ***
Bakenbaster: shows [Qs 2s] (two pair, Queens and Sevens)
#fanktanks#: mucks hand
Bakenbaster collected $29.50 from pot
*** SUMMARY ***
Total pot $30 | Rake $0.50
Board [Ac 7h 7d Qc 8h]
Seat 1: Bakenbaster (big blind) showed [Qs 2s] and won ($29.50) with two pair, Queens and Sevens
Seat 2: #fanktanks# (button) (small blind) mucked


PokerStars Hand #165717894258:  Hold'em Limit ($3/$6 USD) - 2017/02/05 8:48:45 ET
Table 'Posnania II' 6-max Seat #1 is the button
Seat 1: Bakenbaster ($178.21 in chips)
Seat 2: #fanktanks# ($177.62 in chips)
Bakenbaster: posts small blind $1
#fanktanks#: posts big blind $3
*** HOLE CARDS ***
tamnt10549 joins the table at seat #4
Bakenbaster: raises $3 to $6
#fanktanks#: calls $3
*** FLOP *** [Ad 9h 7c]
#fanktanks#: checks
Bakenbaster: bets $3
#fanktanks#: calls $3
*** TURN *** [Ad 9h 7c] [9c]
#fanktanks#: checks
Bakenbaster: bets $6
#fanktanks#: calls $6
*** RIVER *** [Ad 9h 7c 9c] [Ts]
#fanktanks#: checks
Bakenbaster: bets $6
#fanktanks#: folds
Uncalled bet ($6) returned to Bakenbaster
Bakenbaster collected $29.50 from pot
Bakenbaster: doesn't show hand
*** SUMMARY ***
Total pot $30 | Rake $0.50
Board [Ad 9h 7c 9c Ts]
Seat 1: Bakenbaster (button) (small blind) collected ($29.50)
Seat 2: #fanktanks# (big blind) folded on the River


PokerStars Hand #165721056456:  Hold'em Limit ($3/$6 USD) - 2017/02/05 9:56:02 ET
Table 'Posnania II' 6-max Seat #2 is the button
Seat 2: #fanktanks# ($242.02 in chips)
Seat 4: Koraseg ($94 in chips)
#fanktanks#: posts small blind $1
Koraseg: posts big blind $3
*** HOLE CARDS ***
#fanktanks#: raises $3 to $6
Koraseg: calls $3
*** FLOP *** [8s 4c Tc]
Koraseg: checks
#fanktanks#: checks
*** TURN *** [8s 4c Tc] [8c]
Koraseg: checks
#fanktanks#: checks
*** RIVER *** [8s 4c Tc 8c] [9c]
Koraseg: checks
#fanktanks#: checks
*** SHOW DOWN ***
Koraseg: shows [Qd 6s] (a pair of Eights)
#fanktanks#: shows [As 5d] (a pair of Eights - Ace kicker)
#fanktanks# collected $11.76 from pot
*** SUMMARY ***
Total pot $12 | Rake $0.24
Board [8s 4c Tc 8c 9c]
Seat 2: #fanktanks# (button) (small blind) showed [As 5d] and won ($11.76) with a pair of Eights
Seat 4: Koraseg (big blind) showed [Qd 6s] and lost with a pair of Eights


PokerStars Hand #165721066417:  Hold'em Limit ($3/$6 USD) - 2017/02/05 9:56:16 ET
Table 'Posnania II' 6-max Seat #4 is the button
Seat 2: #fanktanks# ($247.78 in chips)
Seat 4: Koraseg ($88 in chips)
Koraseg: posts small blind $1
#fanktanks#: posts big blind $3
*** HOLE CARDS ***
Koraseg: raises $3 to $6
#fanktanks#: calls $3
*** FLOP *** [Ts Qc Tc]
#fanktanks#: checks
Koraseg: bets $3
#fanktanks#: raises $3 to $6
Koraseg: folds
Uncalled bet ($3) returned to #fanktanks#
#fanktanks# collected $17.64 from pot
#fanktanks#: doesn't show hand
*** SUMMARY ***
Total pot $18 | Rake $0.36
Board [Ts Qc Tc]
Seat 2: #fanktanks# (big blind) collected ($17.64)
Seat 4: Koraseg (button) (small blind) folded on the Flop


PokerStars Hand #165721040220:  Hold'em Limit ($3/$6 USD) - 2017/02/05 9:55:38 ET
Table 'Posnania II' 6-max Seat #4 is the button
Seat 2: #fanktanks# ($230.50 in chips)
Seat 4: Koraseg ($106 in chips)
Koraseg: posts small blind $1
Bakenbaster: is sitting out
#fanktanks#: posts big blind $3
*** HOLE CARDS ***
Koraseg: raises $3 to $6
Bakenbaster leaves the table
#fanktanks#: calls $3
*** FLOP *** [6d 5h Ac]
#fanktanks#: checks
Koraseg: bets $3
#fanktanks#: raises $3 to $6
Koraseg: calls $3
*** TURN *** [6d 5h Ac] [9h]
#fanktanks#: checks
Koraseg: checks
*** RIVER *** [6d 5h Ac 9h] [2c]
#fanktanks#: checks
Koraseg: checks
*** SHOW DOWN ***
#fanktanks#: shows [9c 7h] (a pair of Nines)
Koraseg: mucks hand
#fanktanks# collected $23.52 from pot
*** SUMMARY ***
Total pot $24 | Rake $0.48
Board [6d 5h Ac 9h 2c]
Seat 2: #fanktanks# (big blind) showed [9c 7h] and won ($23.52) with a pair of Nines
Seat 4: Koraseg (button) (small blind) mucked


PokerStars Hand #165721089867:  Hold'em Limit ($3/$6 USD) - 2017/02/05 9:56:50 ET
Table 'Posnania II' 6-max Seat #4 is the button
Seat 2: #fanktanks# ($247.42 in chips)
Seat 4: Koraseg ($87.64 in chips)
Koraseg: posts small blind $1
#fanktanks#: posts big blind $3
*** HOLE CARDS ***
Koraseg: raises $3 to $6
#fanktanks#: calls $3
*** FLOP *** [Jc 3h 7s]
#fanktanks#: checks
Koraseg: bets $3
#fanktanks#: calls $3
*** TURN *** [Jc 3h 7s] [Kc]
#fanktanks#: checks
Koraseg: bets $6
#fanktanks#: raises $6 to $12
Koraseg: raises $6 to $18
#fanktanks#: calls $6
*** RIVER *** [Jc 3h 7s Kc] [Tc]
#fanktanks#: checks
Koraseg: bets $6
#fanktanks#: calls $6
*** SHOW DOWN ***
Koraseg: shows [Ks Jd] (two pair, Kings and Jacks)
#fanktanks#: mucks hand
Koraseg collected $65.50 from pot
*** SUMMARY ***
Total pot $66 | Rake $0.50
Board [Jc 3h 7s Kc Tc]
Seat 2: #fanktanks# (big blind) mucked
Seat 4: Koraseg (button) (small blind) showed [Ks Jd] and won ($65.50) with two pair, Kings and Jacks


PokerStars Hand #165721074491:  Hold'em Limit ($3/$6 USD) - 2017/02/05 9:56:28 ET
Table 'Posnania II' 6-max Seat #2 is the button
Seat 2: #fanktanks# ($256.42 in chips)
Seat 4: Koraseg ($79 in chips)
#fanktanks#: posts small blind $1
Koraseg: posts big blind $3
*** HOLE CARDS ***
#fanktanks#: raises $3 to $6
Koraseg: calls $3
*** FLOP *** [Kh As 7c]
Koraseg: checks
#fanktanks#: bets $3
Koraseg: calls $3
*** TURN *** [Kh As 7c] [Td]
Koraseg: checks
#fanktanks#: checks
*** RIVER *** [Kh As 7c Td] [5h]
Koraseg: checks
#fanktanks#: checks
*** SHOW DOWN ***
Koraseg: shows [6d 7d] (a pair of Sevens)
#fanktanks#: mucks hand
Koraseg collected $17.64 from pot
*** SUMMARY ***
Total pot $18 | Rake $0.36
Board [Kh As 7c Td 5h]
Seat 2: #fanktanks# (button) (small blind) mucked
Seat 4: Koraseg (big blind) showed [6d 7d] and won ($17.64) with a pair of Sevens


PokerStars Hand #165721114470:  Hold'em Limit ($3/$6 USD) - 2017/02/05 9:57:26 ET
Table 'Posnania II' 6-max Seat #2 is the button
Seat 2: #fanktanks# ($218.42 in chips)
Seat 4: Koraseg ($116.14 in chips)
#fanktanks#: posts small blind $1
Koraseg: posts big blind $3
*** HOLE CARDS ***
#fanktanks#: raises $3 to $6
Koraseg: calls $3
*** FLOP *** [3h 8s 3d]
Koraseg: checks
#fanktanks#: bets $3
Koraseg: raises $3 to $6
#fanktanks#: calls $3
*** TURN *** [3h 8s 3d] [Js]
Koraseg: bets $6
#fanktanks#: raises $6 to $12
Koraseg: calls $6
*** RIVER *** [3h 8s 3d Js] [7s]
Koraseg: checks
#fanktanks#: bets $6
Koraseg: folds
Uncalled bet ($6) returned to #fanktanks#
#fanktanks# collected $47.50 from pot
#fanktanks#: doesn't show hand
*** SUMMARY ***
Total pot $48 | Rake $0.50
Board [3h 8s 3d Js 7s]
Seat 2: #fanktanks# (button) (small blind) collected ($47.50)
Seat 4: Koraseg (big blind) folded on the River


PokerStars Hand #165721110601:  Hold'em Limit ($3/$6 USD) - 2017/02/05 9:57:20 ET
Table 'Posnania II' 6-max Seat #4 is the button
Seat 2: #fanktanks# ($217.42 in chips)
Seat 4: Koraseg ($117.14 in chips)
Koraseg: posts small blind $1
#fanktanks#: posts big blind $3
*** HOLE CARDS ***
Koraseg: folds
Uncalled bet ($2) returned to #fanktanks#
#fanktanks# collected $2 from pot
#fanktanks#: doesn't show hand
*** SUMMARY ***
Total pot $2 | Rake $0
Seat 2: #fanktanks# (big blind) collected ($2)
Seat 4: Koraseg (button) (small blind) folded before Flop


PokerStars Hand #165721106706:  Hold'em Limit ($3/$6 USD) - 2017/02/05 9:57:14 ET
Table 'Posnania II' 6-max Seat #2 is the button
Seat 2: #fanktanks# ($214.42 in chips)
Seat 4: Koraseg ($120.14 in chips)
#fanktanks#: posts small blind $1
Koraseg: posts big blind $3
*** HOLE CARDS ***
#fanktanks#: raises $3 to $6
Koraseg: folds
Uncalled bet ($3) returned to #fanktanks#
#fanktanks# collected $6 from pot
#fanktanks#: doesn't show hand
*** SUMMARY ***
Total pot $6 | Rake $0
Seat 2: #fanktanks# (button) (small blind) collected ($6)
Seat 4: Koraseg (big blind) folded before Flop


PokerStars Hand #165721129383:  Hold'em Limit ($3/$6 USD) - 2017/02/05 9:57:47 ET
Table 'Posnania II' 6-max Seat #4 is the button
Seat 2: #fanktanks# ($241.92 in chips)
Seat 4: Koraseg ($92.14 in chips)
Koraseg: posts small blind $1
#fanktanks#: posts big blind $3
*** HOLE CARDS ***
Koraseg: raises $3 to $6
#fanktanks#: raises $3 to $9
Koraseg: calls $3
*** FLOP *** [8s 7c Th]
#fanktanks#: bets $3
Koraseg: calls $3
*** TURN *** [8s 7c Th] [9s]
#fanktanks#: bets $6
Koraseg: calls $6
*** RIVER *** [8s 7c Th 9s] [8c]
#fanktanks#: bets $6
Koraseg: folds
Uncalled bet ($6) returned to #fanktanks#
#fanktanks# collected $35.50 from pot
#fanktanks#: doesn't show hand
*** SUMMARY ***
Total pot $36 | Rake $0.50
Board [8s 7c Th 9s 8c]
Seat 2: #fanktanks# (big blind) collected ($35.50)
Seat 4: Koraseg (button) (small blind) folded on the River


PokerStars Hand #165721143446:  Hold'em Limit ($3/$6 USD) - 2017/02/05 9:58:08 ET
Table 'Posnania II' 6-max Seat #2 is the button
Seat 2: #fanktanks# ($259.42 in chips)
Seat 4: Koraseg ($74.14 in chips)
#fanktanks#: posts small blind $1
Koraseg: posts big blind $3
*** HOLE CARDS ***
#fanktanks#: raises $3 to $6
Koraseg: calls $3
*** FLOP *** [Ts Jd 6d]
Koraseg: checks
#fanktanks#: checks
*** TURN *** [Ts Jd 6d] [8h]
Koraseg: bets $6
#fanktanks#: folds
Uncalled bet ($6) returned to Koraseg
Koraseg collected $11.76 from pot
Koraseg: doesn't show hand
*** SUMMARY ***
Total pot $12 | Rake $0.24
Board [Ts Jd 6d 8h]
Seat 2: #fanktanks# (button) (small blind) folded on the Turn
Seat 4: Koraseg (big blind) collected ($11.76)


PokerStars Hand #165721159375:  Hold'em Limit ($3/$6 USD) - 2017/02/05 9:58:31 ET
Table 'Posnania II' 6-max Seat #2 is the button
Seat 2: #fanktanks# ($254.42 in chips)
Seat 4: Koraseg ($78.90 in chips)
#fanktanks#: posts small blind $1
Koraseg: posts big blind $3
*** HOLE CARDS ***
#fanktanks#: raises $3 to $6
Koraseg: calls $3
*** FLOP *** [9s Td 2d]
Koraseg: checks
#fanktanks#: bets $3
Koraseg: folds
Uncalled bet ($3) returned to #fanktanks#
#fanktanks# collected $11.76 from pot
#fanktanks#: doesn't show hand
*** SUMMARY ***
Total pot $12 | Rake $0.24
Board [9s Td 2d]
Seat 2: #fanktanks# (button) (small blind) collected ($11.76)
Seat 4: Koraseg (big blind) folded on the Flop


PokerStars Hand #165721155843:  Hold'em Limit ($3/$6 USD) - 2017/02/05 9:58:26 ET
Table 'Posnania II' 6-max Seat #4 is the button
Seat 2: #fanktanks# ($253.42 in chips)
Seat 4: Koraseg ($79.90 in chips)
Koraseg: posts small blind $1
#fanktanks#: posts big blind $3
*** HOLE CARDS ***
Koraseg: folds
Uncalled bet ($2) returned to #fanktanks#
#fanktanks# collected $2 from pot
#fanktanks#: doesn't show hand
*** SUMMARY ***
Total pot $2 | Rake $0
Seat 2: #fanktanks# (big blind) collected ($2)
Seat 4: Koraseg (button) (small blind) folded before Flop


PokerStars Hand #165721188868:  Hold'em Limit ($3/$6 USD) - 2017/02/05 9:59:13 ET
Table 'Posnania II' 6-max Seat #4 is the button
Seat 2: #fanktanks# ($227.18 in chips)
Seat 4: Koraseg ($105.16 in chips)
Koraseg: posts small blind $1
#fanktanks#: posts big blind $3
*** HOLE CARDS ***
Koraseg: raises $3 to $6
#fanktanks#: folds
Uncalled bet ($3) returned to Koraseg
Koraseg collected $6 from pot
Koraseg: doesn't show hand
*** SUMMARY ***
Total pot $6 | Rake $0
Seat 2: #fanktanks# (big blind) folded before Flop
Seat 4: Koraseg (button) (small blind) collected ($6)


PokerStars Hand #165721175754:  Hold'em Limit ($3/$6 USD) - 2017/02/05 9:58:55 ET
Table 'Posnania II' 6-max Seat #2 is the button
Seat 2: #fanktanks# ($254.18 in chips)
Seat 4: Koraseg ($78.66 in chips)
#fanktanks#: posts small blind $1
Koraseg: posts big blind $3
*** HOLE CARDS ***
#fanktanks#: raises $3 to $6
Koraseg: calls $3
*** FLOP *** [3h 8s 7d]
Koraseg: checks
#fanktanks#: bets $3
Koraseg: calls $3
*** TURN *** [3h 8s 7d] [Jc]
Koraseg: checks
#fanktanks#: bets $6
Koraseg: raises $6 to $12
#fanktanks#: calls $6
*** RIVER *** [3h 8s 7d Jc] [8d]
Koraseg: bets $6
#fanktanks#: calls $6
*** SHOW DOWN ***
Koraseg: shows [Tc Jd] (two pair, Jacks and Eights)
#fanktanks#: mucks hand
Koraseg collected $53.50 from pot
*** SUMMARY ***
Total pot $54 | Rake $0.50
Board [3h 8s 7d Jc 8d]
Seat 2: #fanktanks# (button) (small blind) mucked
Seat 4: Koraseg (big blind) showed [Tc Jd] and won ($53.50) with two pair, Jacks and Eights


PokerStars Hand #165721197055:  Hold'em Limit ($3/$6 USD) - 2017/02/05 9:59:25 ET
Table 'Posnania II' 6-max Seat #4 is the button
Seat 2: #fanktanks# ($223.18 in chips)
Seat 4: Koraseg ($109.16 in chips)
Koraseg: posts small blind $1
#fanktanks#: posts big blind $3
*** HOLE CARDS ***
Koraseg: raises $3 to $6
#fanktanks#: calls $3
*** FLOP *** [4h 4d 9s]
#fanktanks#: checks
Koraseg: bets $3
#fanktanks#: calls $3
*** TURN *** [4h 4d 9s] [3h]
#fanktanks#: checks
Koraseg: bets $6
#fanktanks#: folds
Uncalled bet ($6) returned to Koraseg
Koraseg collected $17.64 from pot
Koraseg: doesn't show hand
*** SUMMARY ***
Total pot $18 | Rake $0.36
Board [4h 4d 9s 3h]
Seat 2: #fanktanks# (big blind) folded on the Turn
Seat 4: Koraseg (button) (small blind) collected ($17.64)


PokerStars Hand #165721166988:  Hold'em Limit ($3/$6 USD) - 2017/02/05 9:58:42 ET
Table 'Posnania II' 6-max Seat #4 is the button
Seat 2: #fanktanks# ($260.18 in chips)
Seat 4: Koraseg ($72.90 in chips)
Koraseg: posts small blind $1
#fanktanks#: posts big blind $3
*** HOLE CARDS ***
Koraseg: raises $3 to $6
#fanktanks#: calls $3
*** FLOP *** [9d 2s Th]
HAL9QQQ leaves the table
#fanktanks#: checks
Koraseg: bets $3
#fanktanks#: folds
Uncalled bet ($3) returned to Koraseg
Koraseg collected $11.76 from pot
Koraseg: doesn't show hand
*** SUMMARY ***
Total pot $12 | Rake $0.24
Board [9d 2s Th]
Seat 2: #fanktanks# (big blind) folded on the Flop
Seat 4: Koraseg (button) (small blind) collected ($11.76)


PokerStars Hand #165721193076:  Hold'em Limit ($3/$6 USD) - 2017/02/05 9:59:19 ET
Table 'Posnania II' 6-max Seat #2 is the button
Seat 2: #fanktanks# ($224.18 in chips)
Seat 4: Koraseg ($108.16 in chips)
#fanktanks#: posts small blind $1
Koraseg: posts big blind $3
*** HOLE CARDS ***
#fanktanks#: folds
Uncalled bet ($2) returned to Koraseg
Koraseg collected $2 from pot
Koraseg: doesn't show hand
*** SUMMARY ***
Total pot $2 | Rake $0
Seat 2: #fanktanks# (button) (small blind) folded before Flop
Seat 4: Koraseg (big blind) collected ($2)


PokerStars Hand #165721238948:  Hold'em Limit ($3/$6 USD) - 2017/02/05 10:00:24 ET
Table 'Posnania II' 6-max Seat #4 is the button
Seat 2: #fanktanks# ($194.94 in chips)
Seat 4: Koraseg ($136.30 in chips)
Koraseg: posts small blind $1
#fanktanks#: posts big blind $3
*** HOLE CARDS ***
Koraseg: raises $3 to $6
#fanktanks#: calls $3
*** FLOP *** [2d Ah 5c]
#fanktanks#: checks
Koraseg: bets $3
#fanktanks#: folds
Uncalled bet ($3) returned to Koraseg
Koraseg collected $11.76 from pot
Koraseg: doesn't show hand
*** SUMMARY ***
Total pot $12 | Rake $0.24
Board [2d Ah 5c]
Seat 2: #fanktanks# (big blind) folded on the Flop
Seat 4: Koraseg (button) (small blind) collected ($11.76)


PokerStars Hand #165721208911:  Hold'em Limit ($3/$6 USD) - 2017/02/05 9:59:42 ET
Table 'Posnania II' 6-max Seat #2 is the button
Seat 2: #fanktanks# ($214.18 in chips)
Seat 4: Koraseg ($117.80 in chips)
#fanktanks#: posts small blind $1
Koraseg: posts big blind $3
*** HOLE CARDS ***
#fanktanks#: raises $3 to $6
Koraseg: calls $3
*** FLOP *** [7d Ks 5h]
Koraseg: checks
#fanktanks#: bets $3
Koraseg: folds
Uncalled bet ($3) returned to #fanktanks#
#fanktanks# collected $11.76 from pot
#fanktanks#: doesn't show hand
*** SUMMARY ***
Total pot $12 | Rake $0.24
Board [7d Ks 5h]
Seat 2: #fanktanks# (button) (small blind) collected ($11.76)
Seat 4: Koraseg (big blind) folded on the Flop


PokerStars Hand #165721215089:  Hold'em Limit ($3/$6 USD) - 2017/02/05 9:59:51 ET
Table 'Posnania II' 6-max Seat #4 is the button
Seat 2: #fanktanks# ($219.94 in chips)
Seat 4: Koraseg ($111.80 in chips)
Koraseg: posts small blind $1
#fanktanks#: posts big blind $3
*** HOLE CARDS ***
Koraseg: raises $3 to $6
#fanktanks#: calls $3
*** FLOP *** [7h 9s 2c]
#fanktanks#: checks
Koraseg: bets $3
#fanktanks#: raises $3 to $6
Koraseg: calls $3
*** TURN *** [7h 9s 2c] [Qd]
#fanktanks#: bets $6
Koraseg: calls $6
*** RIVER *** [7h 9s 2c Qd] [3h]
#fanktanks#: bets $6
Koraseg: calls $6
*** SHOW DOWN ***
#fanktanks#: shows [Js 7d] (a pair of Sevens)
Koraseg: shows [9c Th] (a pair of Nines)
Koraseg collected $47.50 from pot
*** SUMMARY ***
Total pot $48 | Rake $0.50
Board [7h 9s 2c Qd 3h]
Seat 2: #fanktanks# (big blind) showed [Js 7d] and lost with a pair of Sevens
Seat 4: Koraseg (button) (small blind) showed [9c Th] and won ($47.50) with a pair of Nines


PokerStars Hand #165721234674:  Hold'em Limit ($3/$6 USD) - 2017/02/05 10:00:19 ET
Table 'Posnania II' 6-max Seat #2 is the button
Seat 2: #fanktanks# ($195.94 in chips)
Seat 4: Koraseg ($135.30 in chips)
#fanktanks#: posts small blind $1
Koraseg: posts big blind $3
*** HOLE CARDS ***
#fanktanks#: folds
Uncalled bet ($2) returned to Koraseg
Koraseg collected $2 from pot
Koraseg: doesn't show hand
*** SUMMARY ***
Total pot $2 | Rake $0
Seat 2: #fanktanks# (button) (small blind) folded before Flop
Seat 4: Koraseg (big blind) collected ($2)


PokerStars Hand #165721246204:  Hold'em Limit ($3/$6 USD) - 2017/02/05 10:00:34 ET
Table 'Posnania II' 6-max Seat #2 is the button
Seat 2: #fanktanks# ($188.94 in chips)
Seat 4: Koraseg ($142.06 in chips)
#fanktanks#: posts small blind $1
Koraseg: posts big blind $3
*** HOLE CARDS ***
#fanktanks#: raises $3 to $6
Koraseg: calls $3
*** FLOP *** [Jc Ks 7c]
Koraseg: checks
#fanktanks#: bets $3
Koraseg: raises $3 to $6
#fanktanks#: calls $3
*** TURN *** [Jc Ks 7c] [8c]
Koraseg: bets $6
#fanktanks#: calls $6
*** RIVER *** [Jc Ks 7c 8c] [6c]
Koraseg: checks
#fanktanks#: bets $6
Koraseg: calls $6
*** SHOW DOWN ***
#fanktanks#: shows [2d Ac] (a flush, Ace high)
Koraseg: mucks hand
#fanktanks# collected $47.50 from pot
*** SUMMARY ***
Total pot $48 | Rake $0.50
Board [Jc Ks 7c 8c 6c]
Seat 2: #fanktanks# (button) (small blind) showed [2d Ac] and won ($47.50) with a flush, Ace high
Seat 4: Koraseg (big blind) mucked


