PokerStars Hand #166689357297:  Hold'em Limit ($3/$6 USD) - 2017/02/24 5:00:04 ET
Table 'Posnania II' 6-max Seat #3 is the button
Seat 3: Heroo187 ($120 in chips)
Seat 5: Mordnilap ($72 in chips)
MTails has timed out
MTails: is sitting out
Heroo187: posts small blind $1
Mordnilap: posts big blind $3
*** HOLE CARDS ***
grabaz joins the table at seat #6
Heroo187: raises $3 to $6
Mordnilap: folds
Uncalled bet ($3) returned to Heroo187
Heroo187 collected $6 from pot
Heroo187: doesn't show hand
*** SUMMARY ***
Total pot $6 | Rake $0
Seat 3: Heroo187 (button) (small blind) collected ($6)
Seat 5: Mordnilap (big blind) folded before Flop


PokerStars Hand #166689530515:  Hold'em Limit ($3/$6 USD) - 2017/02/24 5:07:21 ET
Table 'Posnania II' 6-max Seat #6 is the button
Seat 5: Mordnilap ($170 in chips)
Seat 6: grabaz ($193.38 in chips)
grabaz: posts small blind $1
Mordnilap: posts big blind $3
*** HOLE CARDS ***
grabaz: raises $3 to $6
Mordnilap: calls $3
*** FLOP *** [Qs 2h 7d]
Mordnilap: checks
grabaz: bets $3
Mordnilap: raises $3 to $6
grabaz: folds
Uncalled bet ($3) returned to Mordnilap
Mordnilap collected $17.64 from pot
Mordnilap: doesn't show hand
*** SUMMARY ***
Total pot $18 | Rake $0.36
Board [Qs 2h 7d]
Seat 5: Mordnilap (big blind) collected ($17.64)
Seat 6: grabaz (button) (small blind) folded on the Flop


