PokerStars Hand #146312279676:  Hold'em Limit ($3/$6 USD) - 2016/01/02 2:40:57 ET
Table 'Posnania' 2-max Seat #2 is the button
Seat 1: permafrost07 ($98.53 in chips)
Seat 2: krossguard ($120 in chips)
krossguard: posts small blind $1
permafrost07: posts big blind $3
*** HOLE CARDS ***
krossguard: raises $3 to $6
permafrost07: calls $3
*** FLOP *** [Jh Kd 9c]
permafrost07: bets $3
krossguard: calls $3
*** TURN *** [Jh Kd 9c] [5c]
permafrost07: checks
krossguard: bets $6
permafrost07: folds
Uncalled bet ($6) returned to krossguard
krossguard collected $17.64 from pot
krossguard: doesn't show hand
*** SUMMARY ***
Total pot $18 | Rake $0.36
Board [Jh Kd 9c 5c]
Seat 1: permafrost07 (big blind) folded on the Turn
Seat 2: krossguard (button) (small blind) collected ($17.64)


PokerStars Hand #146312293922:  Hold'em Limit ($3/$6 USD) - 2016/01/02 2:41:43 ET
Table 'Posnania' 2-max Seat #2 is the button
Seat 1: permafrost07 ($116.03 in chips)
Seat 2: krossguard ($101.64 in chips)
krossguard: posts small blind $1
permafrost07: posts big blind $3
*** HOLE CARDS ***
krossguard: raises $3 to $6
permafrost07: calls $3
*** FLOP *** [8h Qs Jd]
permafrost07: bets $3
krossguard: calls $3
*** TURN *** [8h Qs Jd] [6d]
permafrost07: bets $6
krossguard: raises $6 to $12
permafrost07: calls $6
*** RIVER *** [8h Qs Jd 6d] [7c]
permafrost07: checks
krossguard: checks
*** SHOW DOWN ***
permafrost07: shows [8c 2c] (a pair of Eights)
krossguard: mucks hand
permafrost07 collected $41.50 from pot
*** SUMMARY ***
Total pot $42 | Rake $0.50
Board [8h Qs Jd 6d 7c]
Seat 1: permafrost07 (big blind) showed [8c 2c] and won ($41.50) with a pair of Eights
Seat 2: krossguard (button) (small blind) mucked


PokerStars Hand #146312305690:  Hold'em Limit ($3/$6 USD) - 2016/01/02 2:42:21 ET
Table 'Posnania' 2-max Seat #2 is the button
Seat 1: permafrost07 ($157.03 in chips)
Seat 2: krossguard ($120 in chips)
krossguard: posts small blind $1
permafrost07: posts big blind $3
*** HOLE CARDS ***
krossguard: folds
Uncalled bet ($2) returned to permafrost07
permafrost07 collected $2 from pot
permafrost07: doesn't show hand
*** SUMMARY ***
Total pot $2 | Rake $0
Seat 1: permafrost07 (big blind) collected ($2)
Seat 2: krossguard (button) (small blind) folded before Flop


PokerStars Hand #146312287631:  Hold'em Limit ($3/$6 USD) - 2016/01/02 2:41:23 ET
Table 'Posnania' 2-max Seat #1 is the button
Seat 1: permafrost07 ($89.53 in chips)
Seat 2: krossguard ($128.64 in chips)
permafrost07: posts small blind $1
krossguard: posts big blind $3
*** HOLE CARDS ***
permafrost07: raises $3 to $6
krossguard: raises $3 to $9
permafrost07: raises $3 to $12
Betting is capped
krossguard: calls $3
*** FLOP *** [Kh 5d 4d]
krossguard: checks
permafrost07: bets $3
krossguard: calls $3
*** TURN *** [Kh 5d 4d] [Tc]
krossguard: checks
permafrost07: bets $6
krossguard: calls $6
*** RIVER *** [Kh 5d 4d Tc] [7d]
krossguard: checks
permafrost07: bets $6
krossguard: calls $6
*** SHOW DOWN ***
permafrost07: shows [Td 9d] (a flush, Ten high)
krossguard: mucks hand
permafrost07 collected $53.50 from pot
*** SUMMARY ***
Total pot $54 | Rake $0.50
Board [Kh 5d 4d Tc 7d]
Seat 1: permafrost07 (button) (small blind) showed [Td 9d] and won ($53.50) with a flush, Ten high
Seat 2: krossguard (big blind) mucked


PokerStars Hand #146312307871:  Hold'em Limit ($3/$6 USD) - 2016/01/02 2:42:28 ET
Table 'Posnania' 2-max Seat #1 is the button
Seat 1: permafrost07 ($158.03 in chips)
Seat 2: krossguard ($119 in chips)
permafrost07: posts small blind $1
krossguard: posts big blind $3
*** HOLE CARDS ***
permafrost07: raises $3 to $6
krossguard: calls $3
*** FLOP *** [6c 3d 4h]
krossguard: checks
permafrost07: bets $3
krossguard: raises $3 to $6
permafrost07: calls $3
*** TURN *** [6c 3d 4h] [7h]
krossguard: bets $6
permafrost07: raises $6 to $12
krossguard: calls $6
*** RIVER *** [6c 3d 4h 7h] [4d]
krossguard: checks
permafrost07: checks
*** SHOW DOWN ***
krossguard: shows [Qh 6d] (two pair, Sixes and Fours)
permafrost07: shows [2c 7d] (two pair, Sevens and Fours)
permafrost07 collected $47.50 from pot
*** SUMMARY ***
Total pot $48 | Rake $0.50
Board [6c 3d 4h 7h 4d]
Seat 1: permafrost07 (button) (small blind) showed [2c 7d] and won ($47.50) with two pair, Sevens and Fours
Seat 2: krossguard (big blind) showed [Qh 6d] and lost with two pair, Sixes and Fours


PokerStars Hand #146312319886:  Hold'em Limit ($3/$6 USD) - 2016/01/02 2:43:07 ET
Table 'Posnania' 2-max Seat #1 is the button
Seat 1: permafrost07 ($172.53 in chips)
Seat 2: krossguard ($103.64 in chips)
permafrost07: posts small blind $1
krossguard: posts big blind $3
*** HOLE CARDS ***
permafrost07: folds
Uncalled bet ($2) returned to krossguard
krossguard collected $2 from pot
krossguard: doesn't show hand
*** SUMMARY ***
Total pot $2 | Rake $0
Seat 1: permafrost07 (button) (small blind) folded before Flop
Seat 2: krossguard (big blind) collected ($2)


PokerStars Hand #146312314873:  Hold'em Limit ($3/$6 USD) - 2016/01/02 2:42:51 ET
Table 'Posnania' 2-max Seat #2 is the button
Seat 1: permafrost07 ($181.53 in chips)
Seat 2: krossguard ($95 in chips)
krossguard: posts small blind $1
permafrost07: posts big blind $3
*** HOLE CARDS ***
krossguard: raises $3 to $6
permafrost07: calls $3
*** FLOP *** [7s 8h 9d]
permafrost07: bets $3
krossguard: calls $3
*** TURN *** [7s 8h 9d] [Qs]
permafrost07: checks
krossguard: bets $6
permafrost07: folds
Uncalled bet ($6) returned to krossguard
krossguard collected $17.64 from pot
krossguard: doesn't show hand
*** SUMMARY ***
Total pot $18 | Rake $0.36
Board [7s 8h 9d Qs]
Seat 1: permafrost07 (big blind) folded on the Turn
Seat 2: krossguard (button) (small blind) collected ($17.64)


PokerStars Hand #146312321893:  Hold'em Limit ($3/$6 USD) - 2016/01/02 2:43:13 ET
Table 'Posnania' 2-max Seat #2 is the button
Seat 1: permafrost07 ($171.53 in chips)
Seat 2: krossguard ($104.64 in chips)
krossguard: posts small blind $1
permafrost07: posts big blind $3
*** HOLE CARDS ***
krossguard: raises $3 to $6
permafrost07: raises $3 to $9
krossguard: calls $3
*** FLOP *** [8s Qh 7s]
permafrost07: bets $3
krossguard: calls $3
*** TURN *** [8s Qh 7s] [2s]
permafrost07: bets $6
krossguard: calls $6
*** RIVER *** [8s Qh 7s 2s] [Td]
permafrost07: bets $6
krossguard: calls $6
*** SHOW DOWN ***
permafrost07: shows [Tc 2d] (two pair, Tens and Deuces)
krossguard: mucks hand
permafrost07 collected $47.50 from pot
*** SUMMARY ***
Total pot $48 | Rake $0.50
Board [8s Qh 7s 2s Td]
Seat 1: permafrost07 (big blind) showed [Tc 2d] and won ($47.50) with two pair, Tens and Deuces
Seat 2: krossguard (button) (small blind) mucked


PokerStars Hand #146312335505:  Hold'em Limit ($3/$6 USD) - 2016/01/02 2:43:56 ET
Table 'Posnania' 2-max Seat #1 is the button
Seat 1: permafrost07 ($201.79 in chips)
Seat 2: krossguard ($73.64 in chips)
permafrost07: posts small blind $1
krossguard: posts big blind $3
*** HOLE CARDS ***
permafrost07: raises $3 to $6
krossguard: raises $3 to $9
permafrost07: raises $3 to $12
Betting is capped
krossguard: calls $3
*** FLOP *** [4s Qd 6d]
krossguard: checks
permafrost07: bets $3
krossguard: raises $3 to $6
permafrost07: calls $3
*** TURN *** [4s Qd 6d] [Js]
krossguard: bets $6
permafrost07: calls $6
*** RIVER *** [4s Qd 6d Js] [6s]
krossguard: checks
permafrost07: checks
*** SHOW DOWN ***
krossguard: shows [5s 5h] (two pair, Sixes and Fives)
permafrost07: mucks hand
krossguard collected $47.50 from pot
*** SUMMARY ***
Total pot $48 | Rake $0.50
Board [4s Qd 6d Js 6s]
Seat 1: permafrost07 (button) (small blind) mucked
Seat 2: krossguard (big blind) showed [5s 5h] and won ($47.50) with two pair, Sixes and Fives


PokerStars Hand #146312328234:  Hold'em Limit ($3/$6 USD) - 2016/01/02 2:43:33 ET
Table 'Posnania' 2-max Seat #1 is the button
Seat 1: permafrost07 ($195.03 in chips)
Seat 2: krossguard ($80.64 in chips)
permafrost07: posts small blind $1
krossguard: posts big blind $3
*** HOLE CARDS ***
permafrost07: raises $3 to $6
krossguard: calls $3
*** FLOP *** [6s 5d 2s]
krossguard: checks
permafrost07: checks
*** TURN *** [6s 5d 2s] [2d]
krossguard: checks
permafrost07: checks
*** RIVER *** [6s 5d 2s 2d] [Ac]
krossguard: checks
permafrost07: checks
*** SHOW DOWN ***
krossguard: shows [Kh 8s] (a pair of Deuces)
permafrost07: shows [Kd Jh] (a pair of Deuces - Ace+King+Jack kicker)
permafrost07 collected $11.76 from pot
*** SUMMARY ***
Total pot $12 | Rake $0.24
Board [6s 5d 2s 2d Ac]
Seat 1: permafrost07 (button) (small blind) showed [Kd Jh] and won ($11.76) with a pair of Deuces
Seat 2: krossguard (big blind) showed [Kh 8s] and lost with a pair of Deuces


PokerStars Hand #146312333794:  Hold'em Limit ($3/$6 USD) - 2016/01/02 2:43:51 ET
Table 'Posnania' 2-max Seat #2 is the button
Seat 1: permafrost07 ($200.79 in chips)
Seat 2: krossguard ($74.64 in chips)
krossguard: posts small blind $1
permafrost07: posts big blind $3
*** HOLE CARDS ***
krossguard: folds
Uncalled bet ($2) returned to permafrost07
permafrost07 collected $2 from pot
permafrost07: doesn't show hand
*** SUMMARY ***
Total pot $2 | Rake $0
Seat 1: permafrost07 (big blind) collected ($2)
Seat 2: krossguard (button) (small blind) folded before Flop


PokerStars Hand #146312342507:  Hold'em Limit ($3/$6 USD) - 2016/01/02 2:44:18 ET
Table 'Posnania' 2-max Seat #2 is the button
Seat 1: permafrost07 ($177.79 in chips)
Seat 2: krossguard ($97.14 in chips)
krossguard: posts small blind $1
permafrost07: posts big blind $3
*** HOLE CARDS ***
krossguard: raises $3 to $6
permafrost07: raises $3 to $9
krossguard: calls $3
*** FLOP *** [5c 2s 3c]
permafrost07: checks
krossguard: bets $3
permafrost07: raises $3 to $6
krossguard: calls $3
*** TURN *** [5c 2s 3c] [2d]
permafrost07: bets $6
krossguard: calls $6
*** RIVER *** [5c 2s 3c 2d] [8s]
permafrost07: checks
krossguard: bets $6
permafrost07: calls $6
*** SHOW DOWN ***
krossguard: shows [6s 6d] (two pair, Sixes and Deuces)
permafrost07: mucks hand
krossguard collected $53.50 from pot
*** SUMMARY ***
Total pot $54 | Rake $0.50
Board [5c 2s 3c 2d 8s]
Seat 1: permafrost07 (big blind) mucked
Seat 2: krossguard (button) (small blind) showed [6s 6d] and won ($53.50) with two pair, Sixes and Deuces


PokerStars Hand #146312349897:  Hold'em Limit ($3/$6 USD) - 2016/01/02 2:44:41 ET
Table 'Posnania' 2-max Seat #1 is the button
Seat 1: permafrost07 ($150.79 in chips)
Seat 2: krossguard ($123.64 in chips)
permafrost07: posts small blind $1
krossguard: posts big blind $3
*** HOLE CARDS ***
permafrost07: raises $3 to $6
krossguard: calls $3
*** FLOP *** [Qh 9h 7d]
krossguard: checks
permafrost07: bets $3
krossguard: calls $3
*** TURN *** [Qh 9h 7d] [7s]
krossguard: checks
permafrost07: checks
*** RIVER *** [Qh 9h 7d 7s] [Ks]
krossguard: bets $6
permafrost07: calls $6
*** SHOW DOWN ***
krossguard: shows [Td 7c] (three of a kind, Sevens)
permafrost07: mucks hand
krossguard collected $29.50 from pot
*** SUMMARY ***
Total pot $30 | Rake $0.50
Board [Qh 9h 7d 7s Ks]
Seat 1: permafrost07 (button) (small blind) mucked
Seat 2: krossguard (big blind) showed [Td 7c] and won ($29.50) with three of a kind, Sevens


PokerStars Hand #146312361349:  Hold'em Limit ($3/$6 USD) - 2016/01/02 2:45:17 ET
Table 'Posnania' 2-max Seat #1 is the button
Seat 1: permafrost07 ($144.43 in chips)
Seat 2: krossguard ($129.14 in chips)
permafrost07: posts small blind $1
krossguard: posts big blind $3
*** HOLE CARDS ***
permafrost07: raises $3 to $6
krossguard: folds
Uncalled bet ($3) returned to permafrost07
permafrost07 collected $6 from pot
permafrost07: doesn't show hand
*** SUMMARY ***
Total pot $6 | Rake $0
Seat 1: permafrost07 (button) (small blind) collected ($6)
Seat 2: krossguard (big blind) folded before Flop


PokerStars Hand #146312354914:  Hold'em Limit ($3/$6 USD) - 2016/01/02 2:44:57 ET
Table 'Posnania' 2-max Seat #2 is the button
Seat 1: permafrost07 ($135.79 in chips)
Seat 2: krossguard ($138.14 in chips)
krossguard: posts small blind $1
permafrost07: posts big blind $3
*** HOLE CARDS ***
krossguard: raises $3 to $6
permafrost07: raises $3 to $9
krossguard: calls $3
*** FLOP *** [6s 5h Kd]
permafrost07: bets $3
krossguard: folds
Uncalled bet ($3) returned to permafrost07
permafrost07 collected $17.64 from pot
permafrost07: doesn't show hand
*** SUMMARY ***
Total pot $18 | Rake $0.36
Board [6s 5h Kd]
Seat 1: permafrost07 (big blind) collected ($17.64)
Seat 2: krossguard (button) (small blind) folded on the Flop


PokerStars Hand #146312372831:  Hold'em Limit ($3/$6 USD) - 2016/01/02 2:45:53 ET
Table 'Posnania' 2-max Seat #2 is the button
Seat 1: permafrost07 ($154.19 in chips)
Seat 2: krossguard ($119.14 in chips)
krossguard: posts small blind $1
permafrost07: posts big blind $3
*** HOLE CARDS ***
krossguard: raises $3 to $6
permafrost07: calls $3
*** FLOP *** [5d 6c 5h]
permafrost07: bets $3
krossguard: calls $3
*** TURN *** [5d 6c 5h] [4h]
permafrost07: bets $6
krossguard: calls $6
*** RIVER *** [5d 6c 5h 4h] [7h]
permafrost07: bets $6
krossguard: calls $6
*** SHOW DOWN ***
permafrost07: shows [2d 3h] (a straight, Three to Seven)
krossguard: mucks hand
permafrost07 collected $41.50 from pot
*** SUMMARY ***
Total pot $42 | Rake $0.50
Board [5d 6c 5h 4h 7h]
Seat 1: permafrost07 (big blind) showed [2d 3h] and won ($41.50) with a straight, Three to Seven
Seat 2: krossguard (button) (small blind) mucked


PokerStars Hand #146312378610:  Hold'em Limit ($3/$6 USD) - 2016/01/02 2:46:11 ET
Table 'Posnania' 2-max Seat #1 is the button
Seat 1: permafrost07 ($174.69 in chips)
Seat 2: krossguard ($98.14 in chips)
permafrost07: posts small blind $1
krossguard: posts big blind $3
*** HOLE CARDS ***
permafrost07: raises $3 to $6
krossguard: calls $3
*** FLOP *** [3s Qc 6d]
krossguard: checks
permafrost07: bets $3
krossguard: calls $3
*** TURN *** [3s Qc 6d] [Ad]
krossguard: checks
permafrost07: checks
*** RIVER *** [3s Qc 6d Ad] [4h]
krossguard: checks
permafrost07: bets $6
krossguard: calls $6
*** SHOW DOWN ***
permafrost07: shows [8h Qs] (a pair of Queens)
krossguard: mucks hand
permafrost07 collected $29.50 from pot
*** SUMMARY ***
Total pot $30 | Rake $0.50
Board [3s Qc 6d Ad 4h]
Seat 1: permafrost07 (button) (small blind) showed [8h Qs] and won ($29.50) with a pair of Queens
Seat 2: krossguard (big blind) mucked


PokerStars Hand #146312363972:  Hold'em Limit ($3/$6 USD) - 2016/01/02 2:45:25 ET
Table 'Posnania' 2-max Seat #2 is the button
Seat 1: permafrost07 ($147.43 in chips)
Seat 2: krossguard ($126.14 in chips)
krossguard: posts small blind $1
permafrost07: posts big blind $3
*** HOLE CARDS ***
krossguard: folds
Uncalled bet ($2) returned to permafrost07
permafrost07 collected $2 from pot
permafrost07: doesn't show hand
*** SUMMARY ***
Total pot $2 | Rake $0
Seat 1: permafrost07 (big blind) collected ($2)
Seat 2: krossguard (button) (small blind) folded before Flop


PokerStars Hand #146312367237:  Hold'em Limit ($3/$6 USD) - 2016/01/02 2:45:36 ET
Table 'Posnania' 2-max Seat #1 is the button
Seat 1: permafrost07 ($148.43 in chips)
Seat 2: krossguard ($125.14 in chips)
permafrost07: posts small blind $1
krossguard: posts big blind $3
*** HOLE CARDS ***
permafrost07: raises $3 to $6
krossguard: calls $3
*** FLOP *** [Qd Qc 4s]
krossguard: checks
permafrost07: checks
*** TURN *** [Qd Qc 4s] [3h]
krossguard: checks
permafrost07: checks
*** RIVER *** [Qd Qc 4s 3h] [Qh]
krossguard: checks
permafrost07: checks
*** SHOW DOWN ***
krossguard: shows [Jc 8d] (three of a kind, Queens)
permafrost07: shows [Kd 8s] (three of a kind, Queens - King kicker)
permafrost07 collected $11.76 from pot
*** SUMMARY ***
Total pot $12 | Rake $0.24
Board [Qd Qc 4s 3h Qh]
Seat 1: permafrost07 (button) (small blind) showed [Kd 8s] and won ($11.76) with three of a kind, Queens
Seat 2: krossguard (big blind) showed [Jc 8d] and lost with three of a kind, Queens


PokerStars Hand #146312391861:  Hold'em Limit ($3/$6 USD) - 2016/01/02 2:46:53 ET
Table 'Posnania' 2-max Seat #2 is the button
Seat 1: permafrost07 ($183.19 in chips)
Seat 2: krossguard ($88.78 in chips)
krossguard: posts small blind $1
permafrost07: posts big blind $3
*** HOLE CARDS ***
krossguard: raises $3 to $6
permafrost07: raises $3 to $9
krossguard: calls $3
*** FLOP *** [2s 3s 7s]
permafrost07: bets $3
krossguard: folds
Uncalled bet ($3) returned to permafrost07
permafrost07 collected $17.64 from pot
permafrost07: doesn't show hand
*** SUMMARY ***
Total pot $18 | Rake $0.36
Board [2s 3s 7s]
Seat 1: permafrost07 (big blind) collected ($17.64)
Seat 2: krossguard (button) (small blind) folded on the Flop


PokerStars Hand #146312390052:  Hold'em Limit ($3/$6 USD) - 2016/01/02 2:46:47 ET
Table 'Posnania' 2-max Seat #1 is the button
Seat 1: permafrost07 ($180.19 in chips)
Seat 2: krossguard ($91.78 in chips)
permafrost07: posts small blind $1
krossguard: posts big blind $3
*** HOLE CARDS ***
permafrost07: raises $3 to $6
krossguard: folds
Uncalled bet ($3) returned to permafrost07
permafrost07 collected $6 from pot
permafrost07: doesn't show hand
*** SUMMARY ***
Total pot $6 | Rake $0
Seat 1: permafrost07 (button) (small blind) collected ($6)
Seat 2: krossguard (big blind) folded before Flop


PokerStars Hand #146312384683:  Hold'em Limit ($3/$6 USD) - 2016/01/02 2:46:30 ET
Table 'Posnania' 2-max Seat #2 is the button
Seat 1: permafrost07 ($189.19 in chips)
Seat 2: krossguard ($83.14 in chips)
krossguard: posts small blind $1
permafrost07: posts big blind $3
*** HOLE CARDS ***
krossguard: raises $3 to $6
permafrost07: calls $3
*** FLOP *** [Tc Ts 9d]
permafrost07: bets $3
krossguard: calls $3
*** TURN *** [Tc Ts 9d] [Ad]
permafrost07: checks
krossguard: bets $6
permafrost07: folds
Uncalled bet ($6) returned to krossguard
krossguard collected $17.64 from pot
krossguard: doesn't show hand
*** SUMMARY ***
Total pot $18 | Rake $0.36
Board [Tc Ts 9d Ad]
Seat 1: permafrost07 (big blind) folded on the Turn
Seat 2: krossguard (button) (small blind) collected ($17.64)


PokerStars Hand #146312416794:  Hold'em Limit ($3/$6 USD) - 2016/01/02 2:47:45 ET
Table 'Posnania' 2-max Seat #1 is the button
Seat 1: permafrost07 ($174.83 in chips)
Seat 2: krossguard ($96.28 in chips)
permafrost07: posts small blind $1
krossguard: posts big blind $3
*** HOLE CARDS ***
permafrost07: raises $3 to $6
krossguard: calls $3
*** FLOP *** [4c 5c 5d]
krossguard: checks
permafrost07: checks
*** TURN *** [4c 5c 5d] [7d]
krossguard: bets $6
permafrost07: raises $6 to $12
krossguard: calls $6
*** RIVER *** [4c 5c 5d 7d] [Ks]
krossguard: checks
permafrost07: bets $6
krossguard: calls $6
*** SHOW DOWN ***
permafrost07: shows [7h Js] (two pair, Sevens and Fives)
krossguard: mucks hand
permafrost07 collected $47.50 from pot
*** SUMMARY ***
Total pot $48 | Rake $0.50
Board [4c 5c 5d 7d Ks]
Seat 1: permafrost07 (button) (small blind) showed [7h Js] and won ($47.50) with two pair, Sevens and Fives
Seat 2: krossguard (big blind) mucked


PokerStars Hand #146312413962:  Hold'em Limit ($3/$6 USD) - 2016/01/02 2:47:37 ET
Table 'Posnania' 2-max Seat #2 is the button
Seat 1: permafrost07 ($173.83 in chips)
Seat 2: krossguard ($97.28 in chips)
krossguard: posts small blind $1
permafrost07: posts big blind $3
*** HOLE CARDS ***
krossguard: folds
Uncalled bet ($2) returned to permafrost07
permafrost07 collected $2 from pot
permafrost07: doesn't show hand
*** SUMMARY ***
Total pot $2 | Rake $0
Seat 1: permafrost07 (big blind) collected ($2)
Seat 2: krossguard (button) (small blind) folded before Flop


PokerStars Hand #146312401221:  Hold'em Limit ($3/$6 USD) - 2016/01/02 2:47:09 ET
Table 'Posnania' 2-max Seat #1 is the button
Seat 1: permafrost07 ($191.83 in chips)
Seat 2: krossguard ($79.78 in chips)
permafrost07: posts small blind $1
krossguard: posts big blind $3
*** HOLE CARDS ***
permafrost07: raises $3 to $6
krossguard: raises $3 to $9
permafrost07: calls $3
*** FLOP *** [7d 6d 5c]
krossguard: bets $3
permafrost07: calls $3
*** TURN *** [7d 6d 5c] [Ts]
krossguard: bets $6
permafrost07: calls $6
*** RIVER *** [7d 6d 5c Ts] [7s]
krossguard: bets $6
permafrost07: folds
Uncalled bet ($6) returned to krossguard
krossguard collected $35.50 from pot
krossguard: doesn't show hand
*** SUMMARY ***
Total pot $36 | Rake $0.50
Board [7d 6d 5c Ts 7s]
Seat 1: permafrost07 (button) (small blind) folded on the River
Seat 2: krossguard (big blind) collected ($35.50)


PokerStars Hand #146312441415:  Hold'em Limit ($3/$6 USD) - 2016/01/02 2:49:01 ET
Table 'Posnania' 2-max Seat #2 is the button
Seat 1: permafrost07 ($233.59 in chips)
Seat 2: krossguard ($114 in chips)
krossguard: posts small blind $1
permafrost07: posts big blind $3
*** HOLE CARDS ***
krossguard: raises $3 to $6
permafrost07: raises $3 to $9
krossguard: calls $3
*** FLOP *** [2s 9s 4s]
permafrost07: bets $3
krossguard: calls $3
*** TURN *** [2s 9s 4s] [Qh]
permafrost07: checks
krossguard: bets $6
permafrost07: calls $6
*** RIVER *** [2s 9s 4s Qh] [3h]
permafrost07: checks
krossguard: bets $6
permafrost07: calls $6
*** SHOW DOWN ***
krossguard: shows [5d 6s] (a straight, Deuce to Six)
permafrost07: mucks hand
krossguard collected $47.50 from pot
*** SUMMARY ***
Total pot $48 | Rake $0.50
Board [2s 9s 4s Qh 3h]
Seat 1: permafrost07 (big blind) mucked
Seat 2: krossguard (button) (small blind) showed [5d 6s] and won ($47.50) with a straight, Deuce to Six


PokerStars Hand #146312434509:  Hold'em Limit ($3/$6 USD) - 2016/01/02 2:48:40 ET
Table 'Posnania' 2-max Seat #1 is the button
Seat 1: permafrost07 ($227.83 in chips)
Seat 2: krossguard ($120 in chips)
permafrost07: posts small blind $1
krossguard: posts big blind $3
*** HOLE CARDS ***
permafrost07: raises $3 to $6
krossguard: calls $3
*** FLOP *** [9c 2s 4h]
krossguard: checks
permafrost07: bets $3
krossguard: folds
Uncalled bet ($3) returned to permafrost07
permafrost07 collected $11.76 from pot
permafrost07: doesn't show hand
*** SUMMARY ***
Total pot $12 | Rake $0.24
Board [9c 2s 4h]
Seat 1: permafrost07 (button) (small blind) collected ($11.76)
Seat 2: krossguard (big blind) folded on the Flop


PokerStars Hand #146312449478:  Hold'em Limit ($3/$6 USD) - 2016/01/02 2:49:26 ET
Table 'Posnania' 2-max Seat #1 is the button
Seat 1: permafrost07 ($209.59 in chips)
Seat 2: krossguard ($137.50 in chips)
permafrost07: posts small blind $1
krossguard: posts big blind $3
*** HOLE CARDS ***
permafrost07: raises $3 to $6
krossguard: raises $3 to $9
permafrost07: raises $3 to $12
Betting is capped
krossguard: calls $3
*** FLOP *** [Kc 3h 7d]
krossguard: checks
permafrost07: checks
*** TURN *** [Kc 3h 7d] [Jc]
krossguard: checks
permafrost07: checks
*** RIVER *** [Kc 3h 7d Jc] [8d]
krossguard: checks
permafrost07: bets $6
krossguard: calls $6
*** SHOW DOWN ***
permafrost07: shows [9d 2h] (high card King)
krossguard: shows [As Th] (high card Ace)
krossguard collected $35.50 from pot
*** SUMMARY ***
Total pot $36 | Rake $0.50
Board [Kc 3h 7d Jc 8d]
Seat 1: permafrost07 (button) (small blind) showed [9d 2h] and lost with high card King
Seat 2: krossguard (big blind) showed [As Th] and won ($35.50) with high card Ace


PokerStars Hand #146312457490:  Hold'em Limit ($3/$6 USD) - 2016/01/02 2:49:51 ET
Table 'Posnania' 2-max Seat #2 is the button
Seat 1: permafrost07 ($191.59 in chips)
Seat 2: krossguard ($155 in chips)
krossguard: posts small blind $1
permafrost07: posts big blind $3
*** HOLE CARDS ***
krossguard: folds
Uncalled bet ($2) returned to permafrost07
permafrost07 collected $2 from pot
permafrost07: doesn't show hand
*** SUMMARY ***
Total pot $2 | Rake $0
Seat 1: permafrost07 (big blind) collected ($2)
Seat 2: krossguard (button) (small blind) folded before Flop


PokerStars Hand #146312459935:  Hold'em Limit ($3/$6 USD) - 2016/01/02 2:49:59 ET
Table 'Posnania' 2-max Seat #1 is the button
Seat 1: permafrost07 ($192.59 in chips)
Seat 2: krossguard ($154 in chips)
permafrost07: posts small blind $1
krossguard: posts big blind $3
*** HOLE CARDS ***
permafrost07: calls $2
krossguard: checks
*** FLOP *** [3s Td 9s]
krossguard: checks
permafrost07: bets $3
krossguard: folds
Uncalled bet ($3) returned to permafrost07
permafrost07 collected $5.88 from pot
permafrost07: doesn't show hand
*** SUMMARY ***
Total pot $6 | Rake $0.12
Board [3s Td 9s]
Seat 1: permafrost07 (button) (small blind) collected ($5.88)
Seat 2: krossguard (big blind) folded on the Flop


PokerStars Hand #146312467764:  Hold'em Limit ($3/$6 USD) - 2016/01/02 2:50:23 ET
Table 'Posnania' 2-max Seat #2 is the button
Seat 1: permafrost07 ($195.47 in chips)
Seat 2: krossguard ($151 in chips)
krossguard: posts small blind $1
permafrost07: posts big blind $3
*** HOLE CARDS ***
krossguard: raises $3 to $6
permafrost07: calls $3
*** FLOP *** [9s Kc 2d]
permafrost07: bets $3
krossguard: calls $3
*** TURN *** [9s Kc 2d] [5d]
permafrost07: bets $6
krossguard: raises $6 to $12
permafrost07: raises $6 to $18
krossguard: calls $6
*** RIVER *** [9s Kc 2d 5d] [8s]
permafrost07: checks
krossguard: bets $6
permafrost07: calls $6
*** SHOW DOWN ***
krossguard: shows [Kd Jd] (a pair of Kings)
permafrost07: mucks hand
krossguard collected $65.50 from pot
*** SUMMARY ***
Total pot $66 | Rake $0.50
Board [9s Kc 2d 5d 8s]
Seat 1: permafrost07 (big blind) mucked
Seat 2: krossguard (button) (small blind) showed [Kd Jd] and won ($65.50) with a pair of Kings


PokerStars Hand #146312475645:  Hold'em Limit ($3/$6 USD) - 2016/01/02 2:50:48 ET
Table 'Posnania' 2-max Seat #1 is the button
Seat 1: permafrost07 ($162.47 in chips)
Seat 2: krossguard ($183.50 in chips)
permafrost07: posts small blind $1
krossguard: posts big blind $3
*** HOLE CARDS ***
permafrost07: raises $3 to $6
krossguard: calls $3
*** FLOP *** [6d Qs Kh]
krossguard: checks
permafrost07: checks
*** TURN *** [6d Qs Kh] [2c]
krossguard: bets $6
permafrost07: raises $6 to $12
krossguard: raises $6 to $18
permafrost07: calls $6
*** RIVER *** [6d Qs Kh 2c] [4c]
krossguard: checks
permafrost07: bets $6
krossguard: folds
Uncalled bet ($6) returned to permafrost07
permafrost07 collected $47.50 from pot
permafrost07: doesn't show hand
*** SUMMARY ***
Total pot $48 | Rake $0.50
Board [6d Qs Kh 2c 4c]
Seat 1: permafrost07 (button) (small blind) collected ($47.50)
Seat 2: krossguard (big blind) folded on the River


PokerStars Hand #146312496996:  Hold'em Limit ($3/$6 USD) - 2016/01/02 2:51:54 ET
Table 'Posnania' 2-max Seat #2 is the button
Seat 1: permafrost07 ($241.97 in chips)
Seat 2: krossguard ($102.50 in chips)
krossguard: posts small blind $1
permafrost07: posts big blind $3
*** HOLE CARDS ***
krossguard: raises $3 to $6
permafrost07: raises $3 to $9
krossguard: calls $3
*** FLOP *** [Ah Ac 4s]
permafrost07: bets $3
krossguard: raises $3 to $6
permafrost07: calls $3
*** TURN *** [Ah Ac 4s] [2c]
permafrost07: checks
krossguard: bets $6
permafrost07: calls $6
*** RIVER *** [Ah Ac 4s 2c] [Js]
permafrost07: checks
krossguard: bets $6
permafrost07: calls $6
*** SHOW DOWN ***
krossguard: shows [4d 8s] (two pair, Aces and Fours)
permafrost07: shows [Th 4h] (two pair, Aces and Fours)
permafrost07 collected $26.75 from pot
krossguard collected $26.75 from pot
*** SUMMARY ***
Total pot $54 | Rake $0.50
Board [Ah Ac 4s 2c Js]
Seat 1: permafrost07 (big blind) showed [Th 4h] and won ($26.75) with two pair, Aces and Fours
Seat 2: krossguard (button) (small blind) showed [4d 8s] and won ($26.75) with two pair, Aces and Fours


PokerStars Hand #146312491150:  Hold'em Limit ($3/$6 USD) - 2016/01/02 2:51:36 ET
Table 'Posnania' 2-max Seat #1 is the button
Seat 1: permafrost07 ($218.47 in chips)
Seat 2: krossguard ($126.50 in chips)
permafrost07: posts small blind $1
krossguard: posts big blind $3
*** HOLE CARDS ***
permafrost07: raises $3 to $6
krossguard: calls $3
*** FLOP *** [4c 7s 6h]
krossguard: bets $3
permafrost07: raises $3 to $6
krossguard: calls $3
*** TURN *** [4c 7s 6h] [Kh]
krossguard: checks
permafrost07: checks
*** RIVER *** [4c 7s 6h Kh] [3h]
krossguard: bets $6
permafrost07: raises $6 to $12
krossguard: calls $6
*** SHOW DOWN ***
permafrost07: shows [6c 3d] (two pair, Sixes and Threes)
krossguard: mucks hand
permafrost07 collected $47.50 from pot
*** SUMMARY ***
Total pot $48 | Rake $0.50
Board [4c 7s 6h Kh 3h]
Seat 1: permafrost07 (button) (small blind) showed [6c 3d] and won ($47.50) with two pair, Sixes and Threes
Seat 2: krossguard (big blind) mucked


PokerStars Hand #146312511646:  Hold'em Limit ($3/$6 USD) - 2016/01/02 2:52:40 ET
Table 'Posnania' 2-max Seat #2 is the button
Seat 1: permafrost07 ($232.72 in chips)
Seat 2: krossguard ($110.89 in chips)
krossguard: posts small blind $1
permafrost07: posts big blind $3
*** HOLE CARDS ***
krossguard: raises $3 to $6
permafrost07: calls $3
*** FLOP *** [5s Th 7s]
permafrost07: checks
krossguard: bets $3
permafrost07: folds
Uncalled bet ($3) returned to krossguard
krossguard collected $11.76 from pot
krossguard: doesn't show hand
*** SUMMARY ***
Total pot $12 | Rake $0.24
Board [5s Th 7s]
Seat 1: permafrost07 (big blind) folded on the Flop
Seat 2: krossguard (button) (small blind) collected ($11.76)


PokerStars Hand #146312515292:  Hold'em Limit ($3/$6 USD) - 2016/01/02 2:52:51 ET
Table 'Posnania' 2-max Seat #1 is the button
Seat 1: permafrost07 ($226.72 in chips)
Seat 2: krossguard ($116.65 in chips)
permafrost07: posts small blind $1
krossguard: posts big blind $3
*** HOLE CARDS ***
permafrost07: raises $3 to $6
krossguard: calls $3
*** FLOP *** [2d Qh 8s]
krossguard: checks
permafrost07: checks
*** TURN *** [2d Qh 8s] [6c]
krossguard: bets $6
permafrost07: calls $6
*** RIVER *** [2d Qh 8s 6c] [6s]
krossguard: bets $6
permafrost07: folds
Uncalled bet ($6) returned to krossguard
krossguard collected $23.52 from pot
krossguard: doesn't show hand
*** SUMMARY ***
Total pot $24 | Rake $0.48
Board [2d Qh 8s 6c 6s]
Seat 1: permafrost07 (button) (small blind) folded on the River
Seat 2: krossguard (big blind) collected ($23.52)


PokerStars Hand #146312505237:  Hold'em Limit ($3/$6 USD) - 2016/01/02 2:52:20 ET
Table 'Posnania' 2-max Seat #1 is the button
Seat 1: permafrost07 ($241.72 in chips)
Seat 2: krossguard ($102.25 in chips)
permafrost07: posts small blind $1
krossguard: posts big blind $3
*** HOLE CARDS ***
permafrost07: raises $3 to $6
krossguard: calls $3
*** FLOP *** [3d Js Jc]
krossguard: checks
permafrost07: bets $3
krossguard: calls $3
*** TURN *** [3d Js Jc] [7h]
krossguard: checks
permafrost07: checks
*** RIVER *** [3d Js Jc 7h] [3s]
krossguard: checks
permafrost07: checks
*** SHOW DOWN ***
krossguard: shows [6c Qh] (two pair, Jacks and Threes)
permafrost07: mucks hand
krossguard collected $17.64 from pot
*** SUMMARY ***
Total pot $18 | Rake $0.36
Board [3d Js Jc 7h 3s]
Seat 1: permafrost07 (button) (small blind) mucked
Seat 2: krossguard (big blind) showed [6c Qh] and won ($17.64) with two pair, Jacks and Threes


PokerStars Hand #146312521202:  Hold'em Limit ($3/$6 USD) - 2016/01/02 2:53:09 ET
Table 'Posnania' 2-max Seat #2 is the button
Seat 1: permafrost07 ($214.72 in chips)
Seat 2: krossguard ($128.17 in chips)
krossguard: posts small blind $1
permafrost07: posts big blind $3
*** HOLE CARDS ***
krossguard: raises $3 to $6
permafrost07: calls $3
*** FLOP *** [Kh Qc 7c]
permafrost07: bets $3
krossguard: calls $3
*** TURN *** [Kh Qc 7c] [6s]
permafrost07: bets $6
krossguard: calls $6
*** RIVER *** [Kh Qc 7c 6s] [7s]
permafrost07: bets $6
krossguard: raises $6 to $12
permafrost07: calls $6
*** SHOW DOWN ***
krossguard: shows [8h 9c] (a pair of Sevens)
permafrost07: shows [Qs Jh] (two pair, Queens and Sevens)
permafrost07 collected $53.50 from pot
*** SUMMARY ***
Total pot $54 | Rake $0.50
Board [Kh Qc 7c 6s 7s]
Seat 1: permafrost07 (big blind) showed [Qs Jh] and won ($53.50) with two pair, Queens and Sevens
Seat 2: krossguard (button) (small blind) showed [8h 9c] and lost with a pair of Sevens


PokerStars Hand #146312530510:  Hold'em Limit ($3/$6 USD) - 2016/01/02 2:53:38 ET
Table 'Posnania' 2-max Seat #2 is the button
Seat 1: permafrost07 ($244.22 in chips)
Seat 2: krossguard ($98.17 in chips)
krossguard: posts small blind $1
permafrost07: posts big blind $3
*** HOLE CARDS ***
krossguard: raises $3 to $6
permafrost07: calls $3
*** FLOP *** [4d Td Qs]
permafrost07: bets $3
krossguard: raises $3 to $6
permafrost07: raises $3 to $9
krossguard: calls $3
*** TURN *** [4d Td Qs] [Ac]
permafrost07: checks
krossguard: bets $6
permafrost07: calls $6
*** RIVER *** [4d Td Qs Ac] [7c]
permafrost07: checks
krossguard: checks
*** SHOW DOWN ***
permafrost07: shows [Th 6c] (a pair of Tens)
krossguard: mucks hand
permafrost07 collected $41.50 from pot
*** SUMMARY ***
Total pot $42 | Rake $0.50
Board [4d Td Qs Ac 7c]
Seat 1: permafrost07 (big blind) showed [Th 6c] and won ($41.50) with a pair of Tens
Seat 2: krossguard (button) (small blind) mucked


PokerStars Hand #146312537638:  Hold'em Limit ($3/$6 USD) - 2016/01/02 2:54:00 ET
Table 'Posnania' 2-max Seat #1 is the button
Seat 1: permafrost07 ($264.72 in chips)
Seat 2: krossguard ($77.17 in chips)
permafrost07: posts small blind $1
krossguard: posts big blind $3
*** HOLE CARDS ***
permafrost07: raises $3 to $6
krossguard: calls $3
*** FLOP *** [As Tc Qd]
krossguard: checks
permafrost07: checks
*** TURN *** [As Tc Qd] [3d]
krossguard: bets $6
permafrost07: calls $6
*** RIVER *** [As Tc Qd 3d] [Kh]
krossguard: bets $6
permafrost07: calls $6
*** SHOW DOWN ***
krossguard: shows [2d 8d] (high card Ace)
permafrost07: shows [2c Qc] (a pair of Queens)
permafrost07 collected $35.50 from pot
*** SUMMARY ***
Total pot $36 | Rake $0.50
Board [As Tc Qd 3d Kh]
Seat 1: permafrost07 (button) (small blind) showed [2c Qc] and won ($35.50) with a pair of Queens
Seat 2: krossguard (big blind) showed [2d 8d] and lost with high card Ace


PokerStars Hand #146312528162:  Hold'em Limit ($3/$6 USD) - 2016/01/02 2:53:30 ET
Table 'Posnania' 2-max Seat #1 is the button
Seat 1: permafrost07 ($241.22 in chips)
Seat 2: krossguard ($101.17 in chips)
permafrost07: posts small blind $1
krossguard: posts big blind $3
*** HOLE CARDS ***
permafrost07: raises $3 to $6
krossguard: folds
Uncalled bet ($3) returned to permafrost07
permafrost07 collected $6 from pot
permafrost07: doesn't show hand
*** SUMMARY ***
Total pot $6 | Rake $0
Seat 1: permafrost07 (button) (small blind) collected ($6)
Seat 2: krossguard (big blind) folded before Flop


PokerStars Hand #146312542989:  Hold'em Limit ($3/$6 USD) - 2016/01/02 2:54:16 ET
Table 'Posnania' 2-max Seat #2 is the button
Seat 1: permafrost07 ($282.22 in chips)
Seat 2: krossguard ($120 in chips)
krossguard: posts small blind $1
permafrost07: posts big blind $3
*** HOLE CARDS ***
krossguard: raises $3 to $6
permafrost07: calls $3
*** FLOP *** [Qd 9c 6c]
permafrost07: bets $3
krossguard: calls $3
*** TURN *** [Qd 9c 6c] [6h]
permafrost07: checks
krossguard: bets $6
permafrost07: folds
Uncalled bet ($6) returned to krossguard
krossguard collected $17.64 from pot
krossguard: doesn't show hand
*** SUMMARY ***
Total pot $18 | Rake $0.36
Board [Qd 9c 6c 6h]
Seat 1: permafrost07 (big blind) folded on the Turn
Seat 2: krossguard (button) (small blind) collected ($17.64)


PokerStars Hand #146312553298:  Hold'em Limit ($3/$6 USD) - 2016/01/02 2:54:48 ET
Table 'Posnania' 2-max Seat #2 is the button
Seat 1: permafrost07 ($278.98 in chips)
Seat 2: krossguard ($122.64 in chips)
krossguard: posts small blind $1
permafrost07: posts big blind $3
*** HOLE CARDS ***
krossguard: raises $3 to $6
permafrost07: calls $3
*** FLOP *** [2d 4s 2s]
permafrost07: bets $3
krossguard: calls $3
*** TURN *** [2d 4s 2s] [Ah]
permafrost07: checks
krossguard: bets $6
permafrost07: calls $6
*** RIVER *** [2d 4s 2s Ah] [9h]
permafrost07: checks
krossguard: checks
*** SHOW DOWN ***
permafrost07: shows [3s Jh] (a pair of Deuces)
krossguard: shows [Qh Kh] (a pair of Deuces - Ace+King kicker)
krossguard collected $29.50 from pot
*** SUMMARY ***
Total pot $30 | Rake $0.50
Board [2d 4s 2s Ah 9h]
Seat 1: permafrost07 (big blind) showed [3s Jh] and lost with a pair of Deuces
Seat 2: krossguard (button) (small blind) showed [Qh Kh] and won ($29.50) with a pair of Deuces


PokerStars Hand #146312548163:  Hold'em Limit ($3/$6 USD) - 2016/01/02 2:54:32 ET
Table 'Posnania' 2-max Seat #1 is the button
Seat 1: permafrost07 ($273.22 in chips)
Seat 2: krossguard ($128.64 in chips)
permafrost07: posts small blind $1
krossguard: posts big blind $3
*** HOLE CARDS ***
permafrost07: raises $3 to $6
krossguard: calls $3
*** FLOP *** [Ks Tc As]
krossguard: checks
permafrost07: checks
*** TURN *** [Ks Tc As] [4h]
krossguard: checks
permafrost07: checks
*** RIVER *** [Ks Tc As 4h] [Qh]
krossguard: checks
permafrost07: checks
*** SHOW DOWN ***
krossguard: shows [3d 6h] (high card Ace)
permafrost07: shows [8s 9c] (high card Ace - King+Queen+Ten+Nine kicker)
permafrost07 collected $11.76 from pot
*** SUMMARY ***
Total pot $12 | Rake $0.24
Board [Ks Tc As 4h Qh]
Seat 1: permafrost07 (button) (small blind) showed [8s 9c] and won ($11.76) with high card Ace
Seat 2: krossguard (big blind) showed [3d 6h] and lost with high card Ace


PokerStars Hand #146312558976:  Hold'em Limit ($3/$6 USD) - 2016/01/02 2:55:05 ET
Table 'Posnania' 2-max Seat #1 is the button
Seat 1: permafrost07 ($263.98 in chips)
Seat 2: krossguard ($137.14 in chips)
permafrost07: posts small blind $1
krossguard: posts big blind $3
*** HOLE CARDS ***
permafrost07: folds
Uncalled bet ($2) returned to krossguard
krossguard collected $2 from pot
krossguard: doesn't show hand
*** SUMMARY ***
Total pot $2 | Rake $0
Seat 1: permafrost07 (button) (small blind) folded before Flop
Seat 2: krossguard (big blind) collected ($2)


PokerStars Hand #146312561056:  Hold'em Limit ($3/$6 USD) - 2016/01/02 2:55:12 ET
Table 'Posnania' 2-max Seat #2 is the button
Seat 1: permafrost07 ($262.98 in chips)
Seat 2: krossguard ($138.14 in chips)
krossguard: posts small blind $1
permafrost07: posts big blind $3
*** HOLE CARDS ***
krossguard: raises $3 to $6
permafrost07: calls $3
*** FLOP *** [2h 9s Td]
permafrost07: checks
krossguard: checks
*** TURN *** [2h 9s Td] [7d]
permafrost07: checks
krossguard: checks
*** RIVER *** [2h 9s Td 7d] [Ah]
permafrost07: checks
krossguard said, "brb"
krossguard: checks
*** SHOW DOWN ***
permafrost07: shows [3h 4s] (high card Ace)
krossguard: shows [6h Ks] (high card Ace - King kicker)
krossguard collected $11.76 from pot
*** SUMMARY ***
Total pot $12 | Rake $0.24
Board [2h 9s Td 7d Ah]
Seat 1: permafrost07 (big blind) showed [3h 4s] and lost with high card Ace
Seat 2: krossguard (button) (small blind) showed [6h Ks] and won ($11.76) with high card Ace


