PokerStars Hand #168579556293:  Hold'em Limit ($3/$6 USD) - 2017/04/04 15:59:19 ET
Table 'Postrema' 6-max Seat #6 is the button
Seat 3: Boxer-Carlo ($120 in chips)
Seat 6: ToDaFelt ($120 in chips)
ToDaFelt: posts small blind $1
Boxer-Carlo: posts big blind $3
*** HOLE CARDS ***
vestimokrec joins the table at seat #4
ToDaFelt: raises $3 to $6
Boxer-Carlo: folds
Uncalled bet ($3) returned to ToDaFelt
ToDaFelt collected $6 from pot
ToDaFelt: doesn't show hand
*** SUMMARY ***
Total pot $6 | Rake $0
Seat 3: Boxer-Carlo (big blind) folded before Flop
Seat 6: ToDaFelt (button) (small blind) collected ($6)


PokerStars Hand #168585825412:  Hold'em Limit ($3/$6 USD) - 2017/04/04 18:00:54 ET
Table 'Postrema' 6-max Seat #5 is the button
Seat 1: DreamerLight ($30 in chips)
Seat 5: FTotti333 ($417.61 in chips)
FTotti333: posts small blind $1
DreamerLight: posts big blind $3
*** HOLE CARDS ***
FTotti333: folds
Uncalled bet ($2) returned to DreamerLight
DreamerLight collected $2 from pot
DreamerLight: doesn't show hand
*** SUMMARY ***
Total pot $2 | Rake $0
Seat 1: DreamerLight (big blind) collected ($2)
Seat 5: FTotti333 (button) (small blind) folded before Flop


PokerStars Hand #168586287742:  Hold'em Limit ($3/$6 USD) - 2017/04/04 18:10:50 ET
Table 'Postrema' 6-max Seat #4 is the button
Seat 2: sienvan ($18 in chips)
Seat 4: Actionni13 ($161.52 in chips)
Actionni13: posts small blind $1
sienvan: posts big blind $3
*** HOLE CARDS ***
Actionni13: raises $3 to $6
sienvan: folds
Uncalled bet ($3) returned to Actionni13
Actionni13 collected $6 from pot
Actionni13: doesn't show hand
*** SUMMARY ***
Total pot $6 | Rake $0
Seat 2: sienvan (big blind) folded before Flop
Seat 4: Actionni13 (button) (small blind) collected ($6)


PokerStars Hand #168586265221:  Hold'em Limit ($3/$6 USD) - 2017/04/04 18:10:20 ET
Table 'Postrema' 6-max Seat #2 is the button
Seat 2: sienvan ($30 in chips)
Seat 4: Actionni13 ($150 in chips)
sienvan: posts small blind $1
Actionni13: posts big blind $3
*** HOLE CARDS ***
sienvan: raises $3 to $6
Actionni13: raises $3 to $9
sienvan: calls $3
*** FLOP *** [8h 5d 3h]
Actionni13: bets $3
sienvan: calls $3
*** TURN *** [8h 5d 3h] [Th]
Actionni13: checks
sienvan: checks
*** RIVER *** [8h 5d 3h Th] [8c]
Actionni13: bets $6
sienvan: folds
Uncalled bet ($6) returned to Actionni13
Actionni13 collected $23.52 from pot
*** SUMMARY ***
Total pot $24 | Rake $0.48
Board [8h 5d 3h Th 8c]
Seat 2: sienvan (button) (small blind) folded on the River
Seat 4: Actionni13 (big blind) collected ($23.52)


PokerStars Hand #168586291669:  Hold'em Limit ($3/$6 USD) - 2017/04/04 18:10:55 ET
Table 'Postrema' 6-max Seat #2 is the button
Seat 2: sienvan ($15 in chips)
Seat 4: Actionni13 ($164.52 in chips)
sienvan: posts small blind $1
Actionni13: posts big blind $3
*** HOLE CARDS ***
sienvan: folds
Uncalled bet ($2) returned to Actionni13
Actionni13 collected $2 from pot
*** SUMMARY ***
Total pot $2 | Rake $0
Seat 2: sienvan (button) (small blind) folded before Flop
Seat 4: Actionni13 (big blind) collected ($2)


PokerStars Hand #168586295329:  Hold'em Limit ($3/$6 USD) - 2017/04/04 18:10:59 ET
Table 'Postrema' 6-max Seat #4 is the button
Seat 2: sienvan ($14 in chips)
Seat 4: Actionni13 ($165.52 in chips)
Actionni13: posts small blind $1
sienvan: posts big blind $3
*** HOLE CARDS ***
Actionni13: raises $3 to $6
sienvan: raises $3 to $9
Actionni13: calls $3
*** FLOP *** [5h 2s Qc]
sienvan: bets $3
Actionni13: calls $3
*** TURN *** [5h 2s Qc] [6s]
sienvan: bets $2 and is all-in
Actionni13: calls $2
*** RIVER *** [5h 2s Qc 6s] [As]
*** SHOW DOWN ***
sienvan: shows [Ac 7d] (a pair of Aces)
Actionni13: shows [Qd Js] (a pair of Queens)
sienvan collected $27.50 from pot
*** SUMMARY ***
Total pot $28 | Rake $0.50
Board [5h 2s Qc 6s As]
Seat 2: sienvan (big blind) showed [Ac 7d] and won ($27.50) with a pair of Aces
Seat 4: Actionni13 (button) (small blind) showed [Qd Js] and lost with a pair of Queens


PokerStars Hand #168586308351:  Hold'em Limit ($3/$6 USD) - 2017/04/04 18:11:16 ET
Table 'Postrema' 6-max Seat #2 is the button
Seat 2: sienvan ($27.50 in chips)
Seat 4: Actionni13 ($151.52 in chips)
sienvan: posts small blind $1
Actionni13: posts big blind $3
*** HOLE CARDS ***
sienvan: calls $2
ToDaFelt joins the table at seat #3
Actionni13: raises $3 to $6
sienvan: calls $3
*** FLOP *** [7s 7c Kd]
Actionni13: bets $3
sienvan: folds
Uncalled bet ($3) returned to Actionni13
Actionni13 collected $11.76 from pot
Actionni13: doesn't show hand
*** SUMMARY ***
Total pot $12 | Rake $0.24
Board [7s 7c Kd]
Seat 2: sienvan (button) (small blind) folded on the Flop
Seat 4: Actionni13 (big blind) collected ($11.76)


PokerStars Hand #168587319436:  Hold'em Limit ($3/$6 USD) - 2017/04/04 18:33:55 ET
Table 'Postrema' 6-max Seat #1 is the button
Seat 1: DreamerLight ($31 in chips)
Seat 2: FTotti333 ($259 in chips)
DreamerLight: posts small blind $1
FTotti333: posts big blind $3
*** HOLE CARDS ***
DreamerLight: folds
Uncalled bet ($2) returned to FTotti333
ToDaFelt joins the table at seat #3
FTotti333 collected $2 from pot
FTotti333: doesn't show hand
*** SUMMARY ***
Total pot $2 | Rake $0
Seat 1: DreamerLight (button) (small blind) folded before Flop
Seat 2: FTotti333 (big blind) collected ($2)


PokerStars Hand #168587304676:  Hold'em Limit ($3/$6 USD) - 2017/04/04 18:33:34 ET
Table 'Postrema' 6-max Seat #2 is the button
Seat 1: DreamerLight ($30 in chips)
Seat 2: FTotti333 ($260 in chips)
FTotti333: posts small blind $1
DreamerLight: posts big blind $3
*** HOLE CARDS ***
FTotti333: folds
Uncalled bet ($2) returned to DreamerLight
DreamerLight collected $2 from pot
DreamerLight: doesn't show hand
*** SUMMARY ***
Total pot $2 | Rake $0
Seat 1: DreamerLight (big blind) collected ($2)
Seat 2: FTotti333 (button) (small blind) folded before Flop


PokerStars Hand #168587445511:  Hold'em Limit ($3/$6 USD) - 2017/04/04 18:36:52 ET
Table 'Postrema' 6-max Seat #1 is the button
Seat 1: DreamerLight ($28.02 in chips)
Seat 3: ToDaFelt ($87 in chips)
DreamerLight: posts small blind $1
FTotti333: is sitting out
ToDaFelt: posts big blind $3
*** HOLE CARDS ***
DreamerLight: folds
Uncalled bet ($2) returned to ToDaFelt
ToDaFelt collected $2 from pot
ToDaFelt: doesn't show hand
*** SUMMARY ***
Total pot $2 | Rake $0
Seat 1: DreamerLight (button) (small blind) folded before Flop
Seat 3: ToDaFelt (big blind) collected ($2)


PokerStars Hand #168587449253:  Hold'em Limit ($3/$6 USD) - 2017/04/04 18:36:57 ET
Table 'Postrema' 6-max Seat #3 is the button
Seat 1: DreamerLight ($27.02 in chips)
Seat 3: ToDaFelt ($88 in chips)
ToDaFelt: posts small blind $1
DreamerLight: posts big blind $3
*** HOLE CARDS ***
rascal_319 joins the table at seat #4
ToDaFelt: raises $3 to $6
DreamerLight: folds
Uncalled bet ($3) returned to ToDaFelt
ToDaFelt collected $6 from pot
ToDaFelt: doesn't show hand
*** SUMMARY ***
Total pot $6 | Rake $0
Seat 1: DreamerLight (big blind) folded before Flop
Seat 3: ToDaFelt (button) (small blind) collected ($6)


PokerStars Hand #168587459234:  Hold'em Limit ($3/$6 USD) - 2017/04/04 18:37:11 ET
Table 'Postrema' 6-max Seat #1 is the button
Seat 1: DreamerLight ($24.02 in chips)
Seat 3: ToDaFelt ($91 in chips)
DreamerLight: posts small blind $1
ToDaFelt: posts big blind $3
*** HOLE CARDS ***
DreamerLight: calls $2
ToDaFelt: raises $3 to $6
DreamerLight: calls $3
*** FLOP *** [Ks 2d 7h]
ToDaFelt: bets $3
DreamerLight: raises $3 to $6
ToDaFelt: calls $3
*** TURN *** [Ks 2d 7h] [5d]
ToDaFelt: checks
DreamerLight: bets $6
ToDaFelt: raises $6 to $12
DreamerLight: raises $0.02 to $12.02 and is all-in
ToDaFelt: calls $0.02
*** RIVER *** [Ks 2d 7h 5d] [2h]
*** SHOW DOWN ***
ToDaFelt: shows [7c Ad] (two pair, Sevens and Deuces)
DreamerLight: shows [6d Ts] (a pair of Deuces)
ToDaFelt collected $47.54 from pot
*** SUMMARY ***
Total pot $48.04 | Rake $0.50
Board [Ks 2d 7h 5d 2h]
Seat 1: DreamerLight (button) (small blind) showed [6d Ts] and lost with a pair of Deuces
Seat 3: ToDaFelt (big blind) showed [7c Ad] and won ($47.54) with two pair, Sevens and Deuces


