PokerStars Hand #144407986419:  Hold'em Limit ($3/$6 USD) - 2015/11/26 9:16:50 ET
Table 'Potomac' 2-max Seat #2 is the button
Seat 1: ct-650 ($188 in chips)
Seat 2: PrayFTR ($40.12 in chips)
PrayFTR: posts small blind $1
ct-650: posts big blind $3
*** HOLE CARDS ***
PrayFTR: raises $3 to $6
ct-650: calls $3
*** FLOP *** [8h Jh Kh]
ct-650: checks
PrayFTR: bets $3
ct-650: calls $3
*** TURN *** [8h Jh Kh] [8c]
ct-650: checks
PrayFTR: checks
*** RIVER *** [8h Jh Kh 8c] [4c]
ct-650: bets $6
PrayFTR: calls $6
*** SHOW DOWN ***
ct-650: shows [Jc Ts] (two pair, Jacks and Eights)
PrayFTR: mucks hand
ct-650 collected $29.50 from pot
*** SUMMARY ***
Total pot $30 | Rake $0.50
Board [8h Jh Kh 8c 4c]
Seat 1: ct-650 (big blind) showed [Jc Ts] and won ($29.50) with two pair, Jacks and Eights
Seat 2: PrayFTR (button) (small blind) mucked


PokerStars Hand #144408000082:  Hold'em Limit ($3/$6 USD) - 2015/11/26 9:17:12 ET
Table 'Potomac' 2-max Seat #1 is the button
Seat 1: ct-650 ($202.50 in chips)
Seat 2: PrayFTR ($25.12 in chips)
ct-650: posts small blind $1
PrayFTR: posts big blind $3
*** HOLE CARDS ***
ct-650: raises $3 to $6
PrayFTR: calls $3
*** FLOP *** [5s 4h Kh]
PrayFTR: checks
ct-650: bets $3
PrayFTR: folds
Uncalled bet ($3) returned to ct-650
ct-650 collected $11.76 from pot
*** SUMMARY ***
Total pot $12 | Rake $0.24
Board [5s 4h Kh]
Seat 1: ct-650 (button) (small blind) collected ($11.76)
Seat 2: PrayFTR (big blind) folded on the Flop


PokerStars Hand #144408016516:  Hold'em Limit ($3/$6 USD) - 2015/11/26 9:17:39 ET
Table 'Potomac' 2-max Seat #1 is the button
Seat 1: ct-650 ($219.78 in chips)
Seat 2: PrayFTR ($7.12 in chips)
ct-650: posts small blind $1
PrayFTR: posts big blind $3
*** HOLE CARDS ***
ct-650: raises $3 to $6
PrayFTR: raises $1.12 to $7.12 and is all-in
ct-650: calls $1.12
*** FLOP *** [9d Ac Ad]
*** TURN *** [9d Ac Ad] [Jh]
*** RIVER *** [9d Ac Ad Jh] [Kc]
*** SHOW DOWN ***
PrayFTR: shows [4d 4c] (two pair, Aces and Fours)
ct-650: shows [Qd Qs] (two pair, Aces and Queens)
ct-650 collected $13.96 from pot
*** SUMMARY ***
Total pot $14.24 | Rake $0.28
Board [9d Ac Ad Jh Kc]
Seat 1: ct-650 (button) (small blind) showed [Qd Qs] and won ($13.96) with two pair, Aces and Queens
Seat 2: PrayFTR (big blind) showed [4d 4c] and lost with two pair, Aces and Fours


PokerStars Hand #144408007731:  Hold'em Limit ($3/$6 USD) - 2015/11/26 9:17:24 ET
Table 'Potomac' 2-max Seat #2 is the button
Seat 1: ct-650 ($208.26 in chips)
Seat 2: PrayFTR ($19.12 in chips)
PrayFTR: posts small blind $1
ct-650: posts big blind $3
*** HOLE CARDS ***
PrayFTR: raises $3 to $6
ct-650: calls $3
*** FLOP *** [6d 9s 3h]
ct-650: checks
PrayFTR: bets $3
ct-650: raises $3 to $6
PrayFTR: calls $3
*** TURN *** [6d 9s 3h] [9h]
ct-650: bets $6
PrayFTR: folds
Uncalled bet ($6) returned to ct-650
ct-650 collected $23.52 from pot
*** SUMMARY ***
Total pot $24 | Rake $0.48
Board [6d 9s 3h 9h]
Seat 1: ct-650 (big blind) collected ($23.52)
Seat 2: PrayFTR (button) (small blind) folded on the Turn


PokerStars Hand #144408060387:  Hold'em Limit ($3/$6 USD) - 2015/11/26 9:18:50 ET
Table 'Potomac' 2-max Seat #2 is the button
Seat 1: ct-650 ($226.62 in chips)
Seat 2: PrayFTR ($75.16 in chips)
PrayFTR: posts small blind $1
ct-650: posts big blind $3
*** HOLE CARDS ***
PrayFTR: raises $3 to $6
ct-650: raises $3 to $9
PrayFTR: raises $3 to $12
Betting is capped
ct-650: calls $3
*** FLOP *** [6c 8h 8c]
ct-650: checks
PrayFTR: bets $3
ct-650: calls $3
*** TURN *** [6c 8h 8c] [4h]
ct-650: checks
PrayFTR: bets $6
ct-650: calls $6
*** RIVER *** [6c 8h 8c 4h] [8d]
ct-650: checks
PrayFTR: checks
*** SHOW DOWN ***
ct-650: shows [Kh As] (three of a kind, Eights)
PrayFTR: mucks hand
ct-650 collected $41.50 from pot
*** SUMMARY ***
Total pot $42 | Rake $0.50
Board [6c 8h 8c 4h 8d]
Seat 1: ct-650 (big blind) showed [Kh As] and won ($41.50) with three of a kind, Eights
Seat 2: PrayFTR (button) (small blind) mucked


PokerStars Hand #144408073965:  Hold'em Limit ($3/$6 USD) - 2015/11/26 9:19:12 ET
Table 'Potomac' 2-max Seat #1 is the button
Seat 1: ct-650 ($247.12 in chips)
Seat 2: PrayFTR ($54.16 in chips)
ct-650: posts small blind $1
PrayFTR: posts big blind $3
*** HOLE CARDS ***
ct-650: raises $3 to $6
PrayFTR: folds
Uncalled bet ($3) returned to ct-650
ct-650 collected $6 from pot
*** SUMMARY ***
Total pot $6 | Rake $0
Seat 1: ct-650 (button) (small blind) collected ($6)
Seat 2: PrayFTR (big blind) folded before Flop


PokerStars Hand #144408078529:  Hold'em Limit ($3/$6 USD) - 2015/11/26 9:19:19 ET
Table 'Potomac' 2-max Seat #2 is the button
Seat 1: ct-650 ($250.12 in chips)
Seat 2: PrayFTR ($51.16 in chips)
PrayFTR: posts small blind $1
ct-650: posts big blind $3
*** HOLE CARDS ***
PrayFTR: raises $3 to $6
ct-650: calls $3
*** FLOP *** [Jd 5d 2c]
ct-650: bets $3
PrayFTR: calls $3
*** TURN *** [Jd 5d 2c] [Kh]
ct-650: bets $6
PrayFTR: raises $6 to $12
ct-650: raises $6 to $18
PrayFTR: calls $6
*** RIVER *** [Jd 5d 2c Kh] [9d]
ct-650: bets $6
PrayFTR: calls $6
*** SHOW DOWN ***
ct-650: shows [Kd 6d] (a flush, King high)
PrayFTR: mucks hand
ct-650 collected $65.50 from pot
*** SUMMARY ***
Total pot $66 | Rake $0.50
Board [Jd 5d 2c Kh 9d]
Seat 1: ct-650 (big blind) showed [Kd 6d] and won ($65.50) with a flush, King high
Seat 2: PrayFTR (button) (small blind) mucked


PokerStars Hand #144408107119:  Hold'em Limit ($3/$6 USD) - 2015/11/26 9:20:05 ET
Table 'Potomac' 2-max Seat #1 is the button
Seat 1: ct-650 ($262.46 in chips)
Seat 2: PrayFTR ($37.82 in chips)
ct-650: posts small blind $1
PrayFTR: posts big blind $3
*** HOLE CARDS ***
ct-650: folds
Uncalled bet ($2) returned to PrayFTR
PrayFTR collected $2 from pot
PrayFTR: doesn't show hand
*** SUMMARY ***
Total pot $2 | Rake $0
Seat 1: ct-650 (button) (small blind) folded before Flop
Seat 2: PrayFTR (big blind) collected ($2)


PokerStars Hand #144408092018:  Hold'em Limit ($3/$6 USD) - 2015/11/26 9:19:41 ET
Table 'Potomac' 2-max Seat #2 is the button
Seat 1: ct-650 ($281.62 in chips)
Seat 2: PrayFTR ($19.16 in chips)
PrayFTR: posts small blind $1
ct-650: posts big blind $3
*** HOLE CARDS ***
PrayFTR: raises $3 to $6
ct-650: calls $3
*** FLOP *** [Js Jd 7c]
ct-650: checks
PrayFTR: bets $3
ct-650: calls $3
*** TURN *** [Js Jd 7c] [Kd]
ct-650: checks
PrayFTR: bets $6
ct-650: raises $6 to $12
PrayFTR: calls $4.16 and is all-in
Uncalled bet ($1.84) returned to ct-650
*** RIVER *** [Js Jd 7c Kd] [5h]
*** SHOW DOWN ***
ct-650: shows [5s Ah] (two pair, Jacks and Fives)
PrayFTR: shows [2d 7s] (two pair, Jacks and Sevens)
PrayFTR collected $37.82 from pot
*** SUMMARY ***
Total pot $38.32 | Rake $0.50
Board [Js Jd 7c Kd 5h]
Seat 1: ct-650 (big blind) showed [5s Ah] and lost with two pair, Jacks and Fives
Seat 2: PrayFTR (button) (small blind) showed [2d 7s] and won ($37.82) with two pair, Jacks and Sevens


PokerStars Hand #144408131072:  Hold'em Limit ($3/$6 USD) - 2015/11/26 9:20:44 ET
Table 'Potomac' 2-max Seat #2 is the button
Seat 1: ct-650 ($258.14 in chips)
Seat 2: PrayFTR ($41.14 in chips)
PrayFTR: posts small blind $1
ct-650: posts big blind $3
*** HOLE CARDS ***
PrayFTR: raises $3 to $6
ct-650: calls $3
*** FLOP *** [Qh 3h Ad]
ct-650: checks
PrayFTR: bets $3
ct-650: calls $3
*** TURN *** [Qh 3h Ad] [Th]
ct-650: checks
PrayFTR: checks
*** RIVER *** [Qh 3h Ad Th] [2h]
ct-650: checks
PrayFTR: bets $6
ct-650: folds
Uncalled bet ($6) returned to PrayFTR
PrayFTR collected $17.64 from pot
PrayFTR: doesn't show hand
*** SUMMARY ***
Total pot $18 | Rake $0.36
Board [Qh 3h Ad Th 2h]
Seat 1: ct-650 (big blind) folded on the River
Seat 2: PrayFTR (button) (small blind) collected ($17.64)


PokerStars Hand #144408141035:  Hold'em Limit ($3/$6 USD) - 2015/11/26 9:21:00 ET
Table 'Potomac' 2-max Seat #1 is the button
Seat 1: ct-650 ($249.14 in chips)
Seat 2: PrayFTR ($49.78 in chips)
ct-650: posts small blind $1
PrayFTR: posts big blind $3
*** HOLE CARDS ***
ct-650: raises $3 to $6
PrayFTR: calls $3
*** FLOP *** [8s 9s Ah]
PrayFTR: checks
ct-650: bets $3
PrayFTR: raises $3 to $6
ct-650: folds
Uncalled bet ($3) returned to PrayFTR
PrayFTR collected $17.64 from pot
PrayFTR: doesn't show hand
*** SUMMARY ***
Total pot $18 | Rake $0.36
Board [8s 9s Ah]
Seat 1: ct-650 (button) (small blind) folded on the Flop
Seat 2: PrayFTR (big blind) collected ($17.64)


PokerStars Hand #144408109738:  Hold'em Limit ($3/$6 USD) - 2015/11/26 9:20:09 ET
Table 'Potomac' 2-max Seat #2 is the button
Seat 1: ct-650 ($261.46 in chips)
Seat 2: PrayFTR ($38.82 in chips)
PrayFTR: posts small blind $1
ct-650: posts big blind $3
*** HOLE CARDS ***
PrayFTR: raises $3 to $6
ct-650: calls $3
*** FLOP *** [Td 6h 7h]
ct-650: checks
PrayFTR: bets $3
ct-650: raises $3 to $6
PrayFTR: calls $3
*** TURN *** [Td 6h 7h] [4s]
ct-650: bets $6
PrayFTR: calls $6
*** RIVER *** [Td 6h 7h 4s] [3d]
ct-650: bets $6
PrayFTR: folds
Uncalled bet ($6) returned to ct-650
ct-650 collected $35.50 from pot
*** SUMMARY ***
Total pot $36 | Rake $0.50
Board [Td 6h 7h 4s 3d]
Seat 1: ct-650 (big blind) collected ($35.50)
Seat 2: PrayFTR (button) (small blind) folded on the River


PokerStars Hand #144408119413:  Hold'em Limit ($3/$6 USD) - 2015/11/26 9:20:25 ET
Table 'Potomac' 2-max Seat #1 is the button
Seat 1: ct-650 ($278.96 in chips)
Seat 2: PrayFTR ($20.82 in chips)
ct-650: posts small blind $1
PrayFTR: posts big blind $3
*** HOLE CARDS ***
ct-650: raises $3 to $6
PrayFTR: raises $3 to $9
ct-650: calls $3
*** FLOP *** [5d 4s 6c]
PrayFTR: bets $3
ct-650: calls $3
*** TURN *** [5d 4s 6c] [9s]
PrayFTR: bets $6
ct-650: raises $6 to $12
PrayFTR: calls $2.82 and is all-in
Uncalled bet ($3.18) returned to ct-650
*** RIVER *** [5d 4s 6c 9s] [7d]
*** SHOW DOWN ***
PrayFTR: shows [Jc 9h] (a pair of Nines)
ct-650: shows [Jh 4c] (a pair of Fours)
PrayFTR collected $41.14 from pot
*** SUMMARY ***
Total pot $41.64 | Rake $0.50
Board [5d 4s 6c 9s 7d]
Seat 1: ct-650 (button) (small blind) showed [Jh 4c] and lost with a pair of Fours
Seat 2: PrayFTR (big blind) showed [Jc 9h] and won ($41.14) with a pair of Nines


PokerStars Hand #144408147904:  Hold'em Limit ($3/$6 USD) - 2015/11/26 9:21:11 ET
Table 'Potomac' 2-max Seat #2 is the button
Seat 1: ct-650 ($240.14 in chips)
Seat 2: PrayFTR ($58.42 in chips)
PrayFTR: posts small blind $1
ct-650: posts big blind $3
*** HOLE CARDS ***
PrayFTR: raises $3 to $6
ct-650: raises $3 to $9
PrayFTR: raises $3 to $12
Betting is capped
ct-650: calls $3
*** FLOP *** [9h 3d 5c]
ct-650: bets $3
PrayFTR: raises $3 to $6
ct-650: raises $3 to $9
PrayFTR: calls $3
*** TURN *** [9h 3d 5c] [7h]
ct-650: bets $6
PrayFTR: calls $6
*** RIVER *** [9h 3d 5c 7h] [9d]
ct-650: bets $6
PrayFTR: calls $6
*** SHOW DOWN ***
ct-650: shows [Qd Qh] (two pair, Queens and Nines)
PrayFTR: mucks hand
ct-650 collected $65.50 from pot
*** SUMMARY ***
Total pot $66 | Rake $0.50
Board [9h 3d 5c 7h 9d]
Seat 1: ct-650 (big blind) showed [Qd Qh] and won ($65.50) with two pair, Queens and Nines
Seat 2: PrayFTR (button) (small blind) mucked


PokerStars Hand #144408163629:  Hold'em Limit ($3/$6 USD) - 2015/11/26 9:21:36 ET
Table 'Potomac' 2-max Seat #2 is the button
Seat 1: ct-650 ($266.64 in chips)
Seat 2: PrayFTR ($31.18 in chips)
PrayFTR: posts small blind $1
ct-650: posts big blind $3
*** HOLE CARDS ***
PrayFTR: raises $3 to $6
ct-650: calls $3
*** FLOP *** [6h 8d 4c]
ct-650: checks
PrayFTR: bets $3
ct-650: raises $3 to $6
PrayFTR: calls $3
*** TURN *** [6h 8d 4c] [9h]
ct-650: bets $6
PrayFTR: raises $6 to $12
ct-650: folds
Uncalled bet ($6) returned to PrayFTR
PrayFTR collected $35.50 from pot
PrayFTR: doesn't show hand
*** SUMMARY ***
Total pot $36 | Rake $0.50
Board [6h 8d 4c 9h]
Seat 1: ct-650 (big blind) folded on the Turn
Seat 2: PrayFTR (button) (small blind) collected ($35.50)


PokerStars Hand #144408173420:  Hold'em Limit ($3/$6 USD) - 2015/11/26 9:21:52 ET
Table 'Potomac' 2-max Seat #1 is the button
Seat 1: ct-650 ($248.64 in chips)
Seat 2: PrayFTR ($48.68 in chips)
ct-650: posts small blind $1
PrayFTR: posts big blind $3
*** HOLE CARDS ***
ct-650: raises $3 to $6
PrayFTR: raises $3 to $9
ct-650: calls $3
*** FLOP *** [Ks 7d 8h]
PrayFTR: bets $3
ct-650: calls $3
*** TURN *** [Ks 7d 8h] [4d]
PrayFTR: bets $6
ct-650: folds
Uncalled bet ($6) returned to PrayFTR
PrayFTR collected $23.52 from pot
PrayFTR: doesn't show hand
*** SUMMARY ***
Total pot $24 | Rake $0.48
Board [Ks 7d 8h 4d]
Seat 1: ct-650 (button) (small blind) folded on the Turn
Seat 2: PrayFTR (big blind) collected ($23.52)


PokerStars Hand #144408182634:  Hold'em Limit ($3/$6 USD) - 2015/11/26 9:22:06 ET
Table 'Potomac' 2-max Seat #2 is the button
Seat 1: ct-650 ($236.64 in chips)
Seat 2: PrayFTR ($60.20 in chips)
PrayFTR: posts small blind $1
ct-650: posts big blind $3
*** HOLE CARDS ***
PrayFTR: raises $3 to $6
ct-650: calls $3
*** FLOP *** [7s 6c 7c]
ct-650: checks
PrayFTR: bets $3
ct-650: calls $3
*** TURN *** [7s 6c 7c] [9c]
ct-650: checks
PrayFTR: checks
*** RIVER *** [7s 6c 7c 9c] [9h]
ct-650: checks
PrayFTR: checks
*** SHOW DOWN ***
ct-650: shows [8d Qs] (two pair, Nines and Sevens)
PrayFTR: mucks hand
ct-650 collected $17.64 from pot
*** SUMMARY ***
Total pot $18 | Rake $0.36
Board [7s 6c 7c 9c 9h]
Seat 1: ct-650 (big blind) showed [8d Qs] and won ($17.64) with two pair, Nines and Sevens
Seat 2: PrayFTR (button) (small blind) mucked


PokerStars Hand #144408156817:  Hold'em Limit ($3/$6 USD) - 2015/11/26 9:21:25 ET
Table 'Potomac' 2-max Seat #1 is the button
Seat 1: ct-650 ($272.64 in chips)
Seat 2: PrayFTR ($25.42 in chips)
ct-650: posts small blind $1
PrayFTR: posts big blind $3
*** HOLE CARDS ***
ct-650: raises $3 to $6
PrayFTR: calls $3
*** FLOP *** [5c 4c 3s]
PrayFTR: checks
ct-650: checks
*** TURN *** [5c 4c 3s] [Td]
PrayFTR: bets $6
ct-650: folds
Uncalled bet ($6) returned to PrayFTR
PrayFTR collected $11.76 from pot
PrayFTR: doesn't show hand
*** SUMMARY ***
Total pot $12 | Rake $0.24
Board [5c 4c 3s Td]
Seat 1: ct-650 (button) (small blind) folded on the Turn
Seat 2: PrayFTR (big blind) collected ($11.76)


PokerStars Hand #144408217226:  Hold'em Limit ($3/$6 USD) - 2015/11/26 9:23:02 ET
Table 'Potomac' 2-max Seat #2 is the button
Seat 1: ct-650 ($245.04 in chips)
Seat 2: PrayFTR ($50.84 in chips)
PrayFTR: posts small blind $1
ct-650: posts big blind $3
*** HOLE CARDS ***
PrayFTR: raises $3 to $6
ct-650: folds
Uncalled bet ($3) returned to PrayFTR
PrayFTR collected $6 from pot
PrayFTR: doesn't show hand
*** SUMMARY ***
Total pot $6 | Rake $0
Seat 1: ct-650 (big blind) folded before Flop
Seat 2: PrayFTR (button) (small blind) collected ($6)


PokerStars Hand #144408198992:  Hold'em Limit ($3/$6 USD) - 2015/11/26 9:22:33 ET
Table 'Potomac' 2-max Seat #1 is the button
Seat 1: ct-650 ($245.28 in chips)
Seat 2: PrayFTR ($51.20 in chips)
ct-650: posts small blind $1
PrayFTR: posts big blind $3
*** HOLE CARDS ***
ct-650: raises $3 to $6
PrayFTR: folds
Uncalled bet ($3) returned to ct-650
ct-650 collected $6 from pot
*** SUMMARY ***
Total pot $6 | Rake $0
Seat 1: ct-650 (button) (small blind) collected ($6)
Seat 2: PrayFTR (big blind) folded before Flop


PokerStars Hand #144408202279:  Hold'em Limit ($3/$6 USD) - 2015/11/26 9:22:38 ET
Table 'Potomac' 2-max Seat #2 is the button
Seat 1: ct-650 ($248.28 in chips)
Seat 2: PrayFTR ($48.20 in chips)
PrayFTR: posts small blind $1
ct-650: posts big blind $3
*** HOLE CARDS ***
PrayFTR: raises $3 to $6
ct-650: calls $3
*** FLOP *** [Qd 4d 7s]
ct-650: checks
PrayFTR: bets $3
ct-650: calls $3
*** TURN *** [Qd 4d 7s] [5s]
ct-650: checks
PrayFTR: checks
*** RIVER *** [Qd 4d 7s 5s] [Jh]
ct-650: checks
PrayFTR: checks
*** SHOW DOWN ***
ct-650: shows [3s Kd] (high card King)
PrayFTR: shows [4c As] (a pair of Fours)
PrayFTR collected $17.64 from pot
*** SUMMARY ***
Total pot $18 | Rake $0.36
Board [Qd 4d 7s 5s Jh]
Seat 1: ct-650 (big blind) showed [3s Kd] and lost with high card King
Seat 2: PrayFTR (button) (small blind) showed [4c As] and won ($17.64) with a pair of Fours


PokerStars Hand #144408212263:  Hold'em Limit ($3/$6 USD) - 2015/11/26 9:22:54 ET
Table 'Potomac' 2-max Seat #1 is the button
Seat 1: ct-650 ($239.28 in chips)
Seat 2: PrayFTR ($56.84 in chips)
ct-650: posts small blind $1
PrayFTR: posts big blind $3
*** HOLE CARDS ***
ct-650: raises $3 to $6
PrayFTR: calls $3
*** FLOP *** [Qh 5c 5d]
PrayFTR: checks
ct-650: bets $3
PrayFTR: folds
Uncalled bet ($3) returned to ct-650
ct-650 collected $11.76 from pot
*** SUMMARY ***
Total pot $12 | Rake $0.24
Board [Qh 5c 5d]
Seat 1: ct-650 (button) (small blind) collected ($11.76)
Seat 2: PrayFTR (big blind) folded on the Flop


PokerStars Hand #144408196066:  Hold'em Limit ($3/$6 USD) - 2015/11/26 9:22:28 ET
Table 'Potomac' 2-max Seat #2 is the button
Seat 1: ct-650 ($244.28 in chips)
Seat 2: PrayFTR ($52.20 in chips)
PrayFTR: posts small blind $1
ct-650: posts big blind $3
*** HOLE CARDS ***
PrayFTR: folds
Uncalled bet ($2) returned to ct-650
ct-650 collected $2 from pot
*** SUMMARY ***
Total pot $2 | Rake $0
Seat 1: ct-650 (big blind) collected ($2)
Seat 2: PrayFTR (button) (small blind) folded before Flop


PokerStars Hand #144408192251:  Hold'em Limit ($3/$6 USD) - 2015/11/26 9:22:22 ET
Table 'Potomac' 2-max Seat #1 is the button
Seat 1: ct-650 ($245.28 in chips)
Seat 2: PrayFTR ($51.20 in chips)
ct-650: posts small blind $1
PrayFTR: posts big blind $3
*** HOLE CARDS ***
ct-650: folds
Uncalled bet ($2) returned to PrayFTR
PrayFTR collected $2 from pot
PrayFTR: doesn't show hand
*** SUMMARY ***
Total pot $2 | Rake $0
Seat 1: ct-650 (button) (small blind) folded before Flop
Seat 2: PrayFTR (big blind) collected ($2)


PokerStars Hand #144408246229:  Hold'em Limit ($3/$6 USD) - 2015/11/26 9:23:49 ET
Table 'Potomac' 2-max Seat #1 is the button
Seat 1: ct-650 ($272.54 in chips)
Seat 2: PrayFTR ($22.84 in chips)
ct-650: posts small blind $1
PrayFTR: posts big blind $3
*** HOLE CARDS ***
ct-650: folds
Uncalled bet ($2) returned to PrayFTR
PrayFTR collected $2 from pot
PrayFTR: doesn't show hand
*** SUMMARY ***
Total pot $2 | Rake $0
Seat 1: ct-650 (button) (small blind) folded before Flop
Seat 2: PrayFTR (big blind) collected ($2)


PokerStars Hand #144408241798:  Hold'em Limit ($3/$6 USD) - 2015/11/26 9:23:42 ET
Table 'Potomac' 2-max Seat #2 is the button
Seat 1: ct-650 ($275.54 in chips)
Seat 2: PrayFTR ($19.84 in chips)
PrayFTR: posts small blind $1
ct-650: posts big blind $3
*** HOLE CARDS ***
PrayFTR: raises $3 to $6
ct-650: folds
Uncalled bet ($3) returned to PrayFTR
PrayFTR collected $6 from pot
PrayFTR: doesn't show hand
*** SUMMARY ***
Total pot $6 | Rake $0
Seat 1: ct-650 (big blind) folded before Flop
Seat 2: PrayFTR (button) (small blind) collected ($6)


PokerStars Hand #144408223524:  Hold'em Limit ($3/$6 USD) - 2015/11/26 9:23:12 ET
Table 'Potomac' 2-max Seat #2 is the button
Seat 1: ct-650 ($241.04 in chips)
Seat 2: PrayFTR ($54.84 in chips)
PrayFTR: posts small blind $1
ct-650: posts big blind $3
*** HOLE CARDS ***
PrayFTR: raises $3 to $6
ct-650: calls $3
*** FLOP *** [7c Tc 2h]
ct-650: checks
PrayFTR: bets $3
ct-650: raises $3 to $6
PrayFTR: calls $3
*** TURN *** [7c Tc 2h] [9c]
ct-650: bets $6
PrayFTR: raises $6 to $12
ct-650: raises $6 to $18
PrayFTR: raises $6 to $24
Betting is capped
ct-650: calls $6
*** RIVER *** [7c Tc 2h 9c] [Ks]
ct-650: bets $6
PrayFTR: folds
Uncalled bet ($6) returned to ct-650
ct-650 collected $71.50 from pot
*** SUMMARY ***
Total pot $72 | Rake $0.50
Board [7c Tc 2h 9c Ks]
Seat 1: ct-650 (big blind) collected ($71.50)
Seat 2: PrayFTR (button) (small blind) folded on the River


PokerStars Hand #144408248858:  Hold'em Limit ($3/$6 USD) - 2015/11/26 9:23:53 ET
Table 'Potomac' 2-max Seat #2 is the button
Seat 1: ct-650 ($271.54 in chips)
Seat 2: PrayFTR ($23.84 in chips)
PrayFTR: posts small blind $1
ct-650: posts big blind $3
*** HOLE CARDS ***
PrayFTR: raises $3 to $6
ct-650: raises $3 to $9
PrayFTR: calls $3
*** FLOP *** [2c Qc Kh]
ct-650: checks
PrayFTR: bets $3
ct-650: calls $3
*** TURN *** [2c Qc Kh] [Tc]
ct-650: bets $6
PrayFTR: raises $5.84 to $11.84 and is all-in
ct-650: calls $5.84
*** RIVER *** [2c Qc Kh Tc] [8c]
*** SHOW DOWN ***
ct-650: shows [Td Ac] (a flush, Ace high)
PrayFTR: shows [2d Qd] (two pair, Queens and Deuces)
ct-650 collected $47.18 from pot
*** SUMMARY ***
Total pot $47.68 | Rake $0.50
Board [2c Qc Kh Tc 8c]
Seat 1: ct-650 (big blind) showed [Td Ac] and won ($47.18) with a flush, Ace high
Seat 2: PrayFTR (button) (small blind) showed [2d Qd] and lost with two pair, Queens and Deuces


PokerStars Hand #144408329609:  Hold'em Limit ($3/$6 USD) - 2015/11/26 9:26:04 ET
Table 'Potomac' 2-max Seat #2 is the button
Seat 1: ct-650 ($257.88 in chips)
Seat 2: PrayFTR ($146.18 in chips)
PrayFTR: posts small blind $1
ct-650: posts big blind $3
*** HOLE CARDS ***
PrayFTR: raises $3 to $6
ct-650: folds
Uncalled bet ($3) returned to PrayFTR
PrayFTR collected $6 from pot
PrayFTR: doesn't show hand
*** SUMMARY ***
Total pot $6 | Rake $0
Seat 1: ct-650 (big blind) folded before Flop
Seat 2: PrayFTR (button) (small blind) collected ($6)


PokerStars Hand #144408308645:  Hold'em Limit ($3/$6 USD) - 2015/11/26 9:25:30 ET
Table 'Potomac' 2-max Seat #2 is the button
Seat 1: ct-650 ($288.88 in chips)
Seat 2: PrayFTR ($115.68 in chips)
PrayFTR: posts small blind $1
ct-650: posts big blind $3
*** HOLE CARDS ***
PrayFTR: raises $3 to $6
ct-650: calls $3
*** FLOP *** [6s Ah Jh]
ct-650: checks
PrayFTR: bets $3
ct-650: raises $3 to $6
PrayFTR: raises $3 to $9
ct-650: raises $3 to $12
Betting is capped
PrayFTR: calls $3
*** TURN *** [6s Ah Jh] [5c]
ct-650: bets $6
PrayFTR: calls $6
*** RIVER *** [6s Ah Jh 5c] [6h]
ct-650: bets $6
PrayFTR: raises $6 to $12
ct-650: folds
Uncalled bet ($6) returned to PrayFTR
PrayFTR collected $59.50 from pot
PrayFTR: doesn't show hand
*** SUMMARY ***
Total pot $60 | Rake $0.50
Board [6s Ah Jh 5c 6h]
Seat 1: ct-650 (big blind) folded on the River
Seat 2: PrayFTR (button) (small blind) collected ($59.50)


PokerStars Hand #144408296391:  Hold'em Limit ($3/$6 USD) - 2015/11/26 9:25:10 ET
Table 'Potomac' 2-max Seat #1 is the button
Seat 1: ct-650 ($294.88 in chips)
Seat 2: PrayFTR ($109.92 in chips)
ct-650: posts small blind $1
PrayFTR: posts big blind $3
*** HOLE CARDS ***
ct-650: raises $3 to $6
PrayFTR: calls $3
*** FLOP *** [Kc Kd 3d]
PrayFTR: checks
ct-650: checks
*** TURN *** [Kc Kd 3d] [Jh]
PrayFTR: bets $6
ct-650: folds
Uncalled bet ($6) returned to PrayFTR
PrayFTR collected $11.76 from pot
PrayFTR: doesn't show hand
*** SUMMARY ***
Total pot $12 | Rake $0.24
Board [Kc Kd 3d Jh]
Seat 1: ct-650 (button) (small blind) folded on the Turn
Seat 2: PrayFTR (big blind) collected ($11.76)


PokerStars Hand #144408351044:  Hold'em Limit ($3/$6 USD) - 2015/11/26 9:26:39 ET
Table 'Potomac' 2-max Seat #2 is the button
Seat 1: ct-650 ($242.88 in chips)
Seat 2: PrayFTR ($160.70 in chips)
PrayFTR: posts small blind $1
ct-650: posts big blind $3
*** HOLE CARDS ***
PrayFTR: raises $3 to $6
ct-650: calls $3
*** FLOP *** [3d Ah 4h]
ct-650: checks
PrayFTR: checks
*** TURN *** [3d Ah 4h] [Kh]
ct-650: bets $6
PrayFTR: folds
Uncalled bet ($6) returned to ct-650
ct-650 collected $11.76 from pot
*** SUMMARY ***
Total pot $12 | Rake $0.24
Board [3d Ah 4h Kh]
Seat 1: ct-650 (big blind) collected ($11.76)
Seat 2: PrayFTR (button) (small blind) folded on the Turn


PokerStars Hand #144408358206:  Hold'em Limit ($3/$6 USD) - 2015/11/26 9:26:50 ET
Table 'Potomac' 2-max Seat #1 is the button
Seat 1: ct-650 ($248.64 in chips)
Seat 2: PrayFTR ($154.70 in chips)
ct-650: posts small blind $1
PrayFTR: posts big blind $3
*** HOLE CARDS ***
ct-650: raises $3 to $6
PrayFTR: calls $3
*** FLOP *** [6c 3s Qs]
PrayFTR: checks
ct-650: bets $3
PrayFTR: raises $3 to $6
ct-650: calls $3
*** TURN *** [6c 3s Qs] [5s]
PrayFTR: bets $6
ct-650: calls $6
*** RIVER *** [6c 3s Qs 5s] [Ad]
PrayFTR: bets $6
ct-650: calls $6
*** SHOW DOWN ***
PrayFTR: shows [8s Qc] (a pair of Queens)
ct-650: shows [9h Qd] (a pair of Queens - Ace+Nine kicker)
ct-650 collected $47.50 from pot
*** SUMMARY ***
Total pot $48 | Rake $0.50
Board [6c 3s Qs 5s Ad]
Seat 1: ct-650 (button) (small blind) showed [9h Qd] and won ($47.50) with a pair of Queens
Seat 2: PrayFTR (big blind) showed [8s Qc] and lost with a pair of Queens


PokerStars Hand #144408366367:  Hold'em Limit ($3/$6 USD) - 2015/11/26 9:27:03 ET
Table 'Potomac' 2-max Seat #2 is the button
Seat 1: ct-650 ($272.14 in chips)
Seat 2: PrayFTR ($130.70 in chips)
PrayFTR: posts small blind $1
ct-650: posts big blind $3
*** HOLE CARDS ***
PrayFTR: raises $3 to $6
ct-650: calls $3
*** FLOP *** [Jc 4c Qs]
ct-650: checks
PrayFTR: bets $3
ct-650: calls $3
*** TURN *** [Jc 4c Qs] [7h]
ct-650: checks
PrayFTR: bets $6
ct-650: folds
Uncalled bet ($6) returned to PrayFTR
PrayFTR collected $17.64 from pot
PrayFTR: doesn't show hand
*** SUMMARY ***
Total pot $18 | Rake $0.36
Board [Jc 4c Qs 7h]
Seat 1: ct-650 (big blind) folded on the Turn
Seat 2: PrayFTR (button) (small blind) collected ($17.64)


PokerStars Hand #144408373763:  Hold'em Limit ($3/$6 USD) - 2015/11/26 9:27:15 ET
Table 'Potomac' 2-max Seat #1 is the button
Seat 1: ct-650 ($263.14 in chips)
Seat 2: PrayFTR ($139.34 in chips)
ct-650: posts small blind $1
PrayFTR: posts big blind $3
*** HOLE CARDS ***
ct-650: raises $3 to $6
PrayFTR: folds
Uncalled bet ($3) returned to ct-650
ct-650 collected $6 from pot
*** SUMMARY ***
Total pot $6 | Rake $0
Seat 1: ct-650 (button) (small blind) collected ($6)
Seat 2: PrayFTR (big blind) folded before Flop


PokerStars Hand #144408337306:  Hold'em Limit ($3/$6 USD) - 2015/11/26 9:26:16 ET
Table 'Potomac' 2-max Seat #1 is the button
Seat 1: ct-650 ($254.88 in chips)
Seat 2: PrayFTR ($149.18 in chips)
ct-650: posts small blind $1
PrayFTR: posts big blind $3
*** HOLE CARDS ***
ct-650: raises $3 to $6
PrayFTR: calls $3
*** FLOP *** [Ad Kc 9d]
PrayFTR: checks
ct-650: bets $3
PrayFTR: raises $3 to $6
ct-650: calls $3
*** TURN *** [Ad Kc 9d] [8h]
PrayFTR: checks
ct-650: checks
*** RIVER *** [Ad Kc 9d 8h] [2s]
PrayFTR: checks
ct-650: checks
*** SHOW DOWN ***
PrayFTR: shows [Td 9h] (a pair of Nines)
ct-650: mucks hand
PrayFTR collected $23.52 from pot
*** SUMMARY ***
Total pot $24 | Rake $0.48
Board [Ad Kc 9d 8h 2s]
Seat 1: ct-650 (button) (small blind) mucked
Seat 2: PrayFTR (big blind) showed [Td 9h] and won ($23.52) with a pair of Nines


PokerStars Hand #144408403320:  Hold'em Limit ($3/$6 USD) - 2015/11/26 9:28:03 ET
Table 'Potomac' 2-max Seat #2 is the button
Seat 1: ct-650 ($268.64 in chips)
Seat 2: PrayFTR ($132.62 in chips)
PrayFTR: posts small blind $1
ct-650: posts big blind $3
*** HOLE CARDS ***
PrayFTR: raises $3 to $6
ct-650: calls $3
*** FLOP *** [Ah 8d 5d]
ct-650: checks
PrayFTR: bets $3
ct-650: folds
Uncalled bet ($3) returned to PrayFTR
PrayFTR collected $11.76 from pot
PrayFTR: doesn't show hand
*** SUMMARY ***
Total pot $12 | Rake $0.24
Board [Ah 8d 5d]
Seat 1: ct-650 (big blind) folded on the Flop
Seat 2: PrayFTR (button) (small blind) collected ($11.76)


PokerStars Hand #144408409066:  Hold'em Limit ($3/$6 USD) - 2015/11/26 9:28:12 ET
Table 'Potomac' 2-max Seat #1 is the button
Seat 1: ct-650 ($262.64 in chips)
Seat 2: PrayFTR ($138.38 in chips)
ct-650: posts small blind $1
PrayFTR: posts big blind $3
*** HOLE CARDS ***
ct-650: raises $3 to $6
PrayFTR: raises $3 to $9
ct-650: calls $3
*** FLOP *** [7d 3s 2h]
PrayFTR: bets $3
ct-650: calls $3
*** TURN *** [7d 3s 2h] [Qd]
PrayFTR: bets $6
ct-650: folds
Uncalled bet ($6) returned to PrayFTR
PrayFTR collected $23.52 from pot
PrayFTR: doesn't show hand
*** SUMMARY ***
Total pot $24 | Rake $0.48
Board [7d 3s 2h Qd]
Seat 1: ct-650 (button) (small blind) folded on the Turn
Seat 2: PrayFTR (big blind) collected ($23.52)


PokerStars Hand #144408377531:  Hold'em Limit ($3/$6 USD) - 2015/11/26 9:27:21 ET
Table 'Potomac' 2-max Seat #2 is the button
Seat 1: ct-650 ($266.14 in chips)
Seat 2: PrayFTR ($136.34 in chips)
PrayFTR: posts small blind $1
ct-650: posts big blind $3
*** HOLE CARDS ***
PrayFTR: raises $3 to $6
ct-650: raises $3 to $9
PrayFTR: raises $3 to $12
Betting is capped
ct-650: calls $3
*** FLOP *** [Ad 4c 4h]
ct-650: checks
PrayFTR: bets $3
ct-650: raises $3 to $6
PrayFTR: calls $3
*** TURN *** [Ad 4c 4h] [Qd]
ct-650: bets $6
PrayFTR: calls $6
*** RIVER *** [Ad 4c 4h Qd] [Tc]
ct-650: bets $6
PrayFTR: folds
Uncalled bet ($6) returned to ct-650
ct-650 collected $47.50 from pot
*** SUMMARY ***
Total pot $48 | Rake $0.50
Board [Ad 4c 4h Qd Tc]
Seat 1: ct-650 (big blind) collected ($47.50)
Seat 2: PrayFTR (button) (small blind) folded on the River


PokerStars Hand #144408386748:  Hold'em Limit ($3/$6 USD) - 2015/11/26 9:27:36 ET
Table 'Potomac' 2-max Seat #1 is the button
Seat 1: ct-650 ($289.64 in chips)
Seat 2: PrayFTR ($112.34 in chips)
ct-650: posts small blind $1
PrayFTR: posts big blind $3
*** HOLE CARDS ***
ct-650: raises $3 to $6
PrayFTR: raises $3 to $9
ct-650: calls $3
*** FLOP *** [Ts Js 8d]
PrayFTR: bets $3
ct-650: folds
Uncalled bet ($3) returned to PrayFTR
PrayFTR collected $17.64 from pot
PrayFTR: doesn't show hand
*** SUMMARY ***
Total pot $18 | Rake $0.36
Board [Ts Js 8d]
Seat 1: ct-650 (button) (small blind) folded on the Flop
Seat 2: PrayFTR (big blind) collected ($17.64)


PokerStars Hand #144408393121:  Hold'em Limit ($3/$6 USD) - 2015/11/26 9:27:46 ET
Table 'Potomac' 2-max Seat #2 is the button
Seat 1: ct-650 ($280.64 in chips)
Seat 2: PrayFTR ($120.98 in chips)
PrayFTR: posts small blind $1
ct-650: posts big blind $3
*** HOLE CARDS ***
PrayFTR: raises $3 to $6
ct-650: folds
Uncalled bet ($3) returned to PrayFTR
PrayFTR collected $6 from pot
PrayFTR: doesn't show hand
*** SUMMARY ***
Total pot $6 | Rake $0
Seat 1: ct-650 (big blind) folded before Flop
Seat 2: PrayFTR (button) (small blind) collected ($6)


PokerStars Hand #144408396768:  Hold'em Limit ($3/$6 USD) - 2015/11/26 9:27:52 ET
Table 'Potomac' 2-max Seat #1 is the button
Seat 1: ct-650 ($277.64 in chips)
Seat 2: PrayFTR ($123.98 in chips)
ct-650: posts small blind $1
PrayFTR: posts big blind $3
*** HOLE CARDS ***
ct-650: raises $3 to $6
PrayFTR: calls $3
*** FLOP *** [Kh 9c 4s]
PrayFTR: checks
ct-650: bets $3
PrayFTR: raises $3 to $6
ct-650: folds
Uncalled bet ($3) returned to PrayFTR
PrayFTR collected $17.64 from pot
PrayFTR: doesn't show hand
*** SUMMARY ***
Total pot $18 | Rake $0.36
Board [Kh 9c 4s]
Seat 1: ct-650 (button) (small blind) folded on the Flop
Seat 2: PrayFTR (big blind) collected ($17.64)


PokerStars Hand #144408431950:  Hold'em Limit ($3/$6 USD) - 2015/11/26 9:28:49 ET
Table 'Potomac' 2-max Seat #2 is the button
Seat 1: ct-650 ($271.14 in chips)
Seat 2: PrayFTR ($128.90 in chips)
PrayFTR: posts small blind $1
ct-650: posts big blind $3
*** HOLE CARDS ***
PrayFTR: raises $3 to $6
ct-650: calls $3
*** FLOP *** [Ah Jc Qc]
ct-650: bets $3
PrayFTR: raises $3 to $6
ct-650: calls $3
*** TURN *** [Ah Jc Qc] [Qd]
ct-650: checks
PrayFTR: checks
*** RIVER *** [Ah Jc Qc Qd] [Jh]
ct-650: bets $6
PrayFTR: folds
Uncalled bet ($6) returned to ct-650
ct-650 collected $23.52 from pot
*** SUMMARY ***
Total pot $24 | Rake $0.48
Board [Ah Jc Qc Qd Jh]
Seat 1: ct-650 (big blind) collected ($23.52)
Seat 2: PrayFTR (button) (small blind) folded on the River


PokerStars Hand #144408443851:  Hold'em Limit ($3/$6 USD) - 2015/11/26 9:29:09 ET
Table 'Potomac' 2-max Seat #1 is the button
Seat 1: ct-650 ($282.66 in chips)
Seat 2: PrayFTR ($116.90 in chips)
ct-650: posts small blind $1
PrayFTR: posts big blind $3
*** HOLE CARDS ***
ct-650: folds
Uncalled bet ($2) returned to PrayFTR
PrayFTR collected $2 from pot
PrayFTR: doesn't show hand
*** SUMMARY ***
Total pot $2 | Rake $0
Seat 1: ct-650 (button) (small blind) folded before Flop
Seat 2: PrayFTR (big blind) collected ($2)


PokerStars Hand #144408417545:  Hold'em Limit ($3/$6 USD) - 2015/11/26 9:28:26 ET
Table 'Potomac' 2-max Seat #2 is the button
Seat 1: ct-650 ($250.64 in chips)
Seat 2: PrayFTR ($149.90 in chips)
PrayFTR: posts small blind $1
ct-650: posts big blind $3
*** HOLE CARDS ***
PrayFTR: raises $3 to $6
ct-650: calls $3
*** FLOP *** [6d Ac 2s]
ct-650: checks
PrayFTR: bets $3
ct-650: raises $3 to $6
PrayFTR: calls $3
*** TURN *** [6d Ac 2s] [Jd]
ct-650: bets $6
PrayFTR: calls $6
*** RIVER *** [6d Ac 2s Jd] [3s]
ct-650: checks
PrayFTR: checks
*** SHOW DOWN ***
ct-650: shows [6s Qh] (a pair of Sixes)
PrayFTR: mucks hand
ct-650 collected $35.50 from pot
*** SUMMARY ***
Total pot $36 | Rake $0.50
Board [6d Ac 2s Jd 3s]
Seat 1: ct-650 (big blind) showed [6s Qh] and won ($35.50) with a pair of Sixes
Seat 2: PrayFTR (button) (small blind) mucked


PokerStars Hand #144408428141:  Hold'em Limit ($3/$6 USD) - 2015/11/26 9:28:43 ET
Table 'Potomac' 2-max Seat #1 is the button
Seat 1: ct-650 ($268.14 in chips)
Seat 2: PrayFTR ($131.90 in chips)
ct-650: posts small blind $1
PrayFTR: posts big blind $3
*** HOLE CARDS ***
ct-650: raises $3 to $6
PrayFTR: folds
Uncalled bet ($3) returned to ct-650
ct-650 collected $6 from pot
*** SUMMARY ***
Total pot $6 | Rake $0
Seat 1: ct-650 (button) (small blind) collected ($6)
Seat 2: PrayFTR (big blind) folded before Flop


PokerStars Hand #144408455475:  Hold'em Limit ($3/$6 USD) - 2015/11/26 9:29:28 ET
Table 'Potomac' 2-max Seat #1 is the button
Seat 1: ct-650 ($278.66 in chips)
Seat 2: PrayFTR ($120.90 in chips)
ct-650: posts small blind $1
PrayFTR: posts big blind $3
*** HOLE CARDS ***
ct-650: raises $3 to $6
PrayFTR: calls $3
*** FLOP *** [6h Tc Td]
PrayFTR: checks
ct-650: bets $3
PrayFTR: raises $3 to $6
ct-650: calls $3
*** TURN *** [6h Tc Td] [Ac]
PrayFTR: bets $6
ct-650: calls $6
*** RIVER *** [6h Tc Td Ac] [7h]
PrayFTR: bets $6
ct-650: raises $6 to $12
PrayFTR: folds
Uncalled bet ($6) returned to ct-650
ct-650 collected $47.50 from pot
*** SUMMARY ***
Total pot $48 | Rake $0.50
Board [6h Tc Td Ac 7h]
Seat 1: ct-650 (button) (small blind) collected ($47.50)
Seat 2: PrayFTR (big blind) folded on the River


PokerStars Hand #144408475484:  Hold'em Limit ($3/$6 USD) - 2015/11/26 9:30:00 ET
Table 'Potomac' 2-max Seat #1 is the button
Seat 1: ct-650 ($293.16 in chips)
Seat 2: PrayFTR ($105.54 in chips)
ct-650: posts small blind $1
PrayFTR: posts big blind $3
*** HOLE CARDS ***
ct-650: raises $3 to $6
PrayFTR: raises $3 to $9
ct-650: calls $3
*** FLOP *** [5c Kh 4c]
PrayFTR: bets $3
ct-650: calls $3
*** TURN *** [5c Kh 4c] [Td]
PrayFTR: bets $6
ct-650: calls $6
*** RIVER *** [5c Kh 4c Td] [7h]
PrayFTR: bets $6
ct-650: calls $6
*** SHOW DOWN ***
PrayFTR: shows [Ac Qs] (high card Ace)
ct-650: shows [5h Jd] (a pair of Fives)
ct-650 collected $47.50 from pot
*** SUMMARY ***
Total pot $48 | Rake $0.50
Board [5c Kh 4c Td 7h]
Seat 1: ct-650 (button) (small blind) showed [5h Jd] and won ($47.50) with a pair of Fives
Seat 2: PrayFTR (big blind) showed [Ac Qs] and lost with high card Ace


PokerStars Hand #144408450964:  Hold'em Limit ($3/$6 USD) - 2015/11/26 9:29:20 ET
Table 'Potomac' 2-max Seat #2 is the button
Seat 1: ct-650 ($281.66 in chips)
Seat 2: PrayFTR ($117.90 in chips)
PrayFTR: posts small blind $1
ct-650: posts big blind $3
*** HOLE CARDS ***
PrayFTR: raises $3 to $6
ct-650: folds
Uncalled bet ($3) returned to PrayFTR
PrayFTR collected $6 from pot
PrayFTR: doesn't show hand
*** SUMMARY ***
Total pot $6 | Rake $0
Seat 1: ct-650 (big blind) folded before Flop
Seat 2: PrayFTR (button) (small blind) collected ($6)


PokerStars Hand #144408467536:  Hold'em Limit ($3/$6 USD) - 2015/11/26 9:29:48 ET
Table 'Potomac' 2-max Seat #2 is the button
Seat 1: ct-650 ($302.16 in chips)
Seat 2: PrayFTR ($96.90 in chips)
PrayFTR: posts small blind $1
ct-650: posts big blind $3
*** HOLE CARDS ***
PrayFTR: raises $3 to $6
ct-650: calls $3
*** FLOP *** [2h 4s 7c]
ct-650: checks
PrayFTR: bets $3
ct-650: calls $3
*** TURN *** [2h 4s 7c] [Ts]
ct-650: checks
PrayFTR: checks
*** RIVER *** [2h 4s 7c Ts] [9s]
ct-650: checks
PrayFTR: checks
*** SHOW DOWN ***
ct-650: shows [As 8c] (high card Ace)
PrayFTR: shows [8d 4h] (a pair of Fours)
PrayFTR collected $17.64 from pot
*** SUMMARY ***
Total pot $18 | Rake $0.36
Board [2h 4s 7c Ts 9s]
Seat 1: ct-650 (big blind) showed [As 8c] and lost with high card Ace
Seat 2: PrayFTR (button) (small blind) showed [8d 4h] and won ($17.64) with a pair of Fours


PokerStars Hand #144408483661:  Hold'em Limit ($3/$6 USD) - 2015/11/26 9:30:14 ET
Table 'Potomac' 2-max Seat #2 is the button
Seat 1: ct-650 ($316.66 in chips)
Seat 2: PrayFTR ($81.54 in chips)
PrayFTR: posts small blind $1
ct-650: posts big blind $3
*** HOLE CARDS ***
PrayFTR: raises $3 to $6
ct-650: calls $3
*** FLOP *** [7s Ks 9d]
ct-650: checks
PrayFTR: bets $3
ct-650: calls $3
*** TURN *** [7s Ks 9d] [8h]
ct-650: checks
PrayFTR: checks
*** RIVER *** [7s Ks 9d 8h] [3s]
ct-650: checks
PrayFTR: checks
*** SHOW DOWN ***
ct-650: shows [Ah 6c] (high card Ace)
PrayFTR: shows [2h 2s] (a pair of Deuces)
PrayFTR collected $17.64 from pot
*** SUMMARY ***
Total pot $18 | Rake $0.36
Board [7s Ks 9d 8h 3s]
Seat 1: ct-650 (big blind) showed [Ah 6c] and lost with high card Ace
Seat 2: PrayFTR (button) (small blind) showed [2h 2s] and won ($17.64) with a pair of Deuces


PokerStars Hand #144408497371:  Hold'em Limit ($3/$6 USD) - 2015/11/26 9:30:36 ET
Table 'Potomac' 2-max Seat #1 is the button
Seat 1: ct-650 ($307.66 in chips)
Seat 2: PrayFTR ($90.18 in chips)
ct-650: posts small blind $1
PrayFTR: posts big blind $3
*** HOLE CARDS ***
ct-650: raises $3 to $6
PrayFTR: folds
Uncalled bet ($3) returned to ct-650
ct-650 collected $6 from pot
*** SUMMARY ***
Total pot $6 | Rake $0
Seat 1: ct-650 (button) (small blind) collected ($6)
Seat 2: PrayFTR (big blind) folded before Flop


PokerStars Hand #144408517102:  Hold'em Limit ($3/$6 USD) - 2015/11/26 9:31:08 ET
Table 'Potomac' 2-max Seat #2 is the button
Seat 1: ct-650 ($334.16 in chips)
Seat 2: PrayFTR ($62.82 in chips)
PrayFTR: posts small blind $1
ct-650: posts big blind $3
*** HOLE CARDS ***
PrayFTR: raises $3 to $6
ct-650: calls $3
*** FLOP *** [Th Tc 6h]
ct-650: checks
PrayFTR: bets $3
ct-650: raises $3 to $6
PrayFTR: raises $3 to $9
ct-650: raises $3 to $12
Betting is capped
PrayFTR: folds
Uncalled bet ($3) returned to ct-650
ct-650 collected $29.50 from pot
*** SUMMARY ***
Total pot $30 | Rake $0.50
Board [Th Tc 6h]
Seat 1: ct-650 (big blind) collected ($29.50)
Seat 2: PrayFTR (button) (small blind) folded on the Flop


PokerStars Hand #144408501034:  Hold'em Limit ($3/$6 USD) - 2015/11/26 9:30:42 ET
Table 'Potomac' 2-max Seat #2 is the button
Seat 1: ct-650 ($310.66 in chips)
Seat 2: PrayFTR ($87.18 in chips)
PrayFTR: posts small blind $1
ct-650: posts big blind $3
*** HOLE CARDS ***
PrayFTR: raises $3 to $6
ct-650: raises $3 to $9
PrayFTR: raises $3 to $12
Betting is capped
ct-650: calls $3
*** FLOP *** [3c Td 8s]
ct-650: bets $3
PrayFTR: raises $3 to $6
ct-650: raises $3 to $9
PrayFTR: calls $3
*** TURN *** [3c Td 8s] [Jc]
ct-650: bets $6
PrayFTR: calls $6
*** RIVER *** [3c Td 8s Jc] [Ah]
ct-650: bets $6
PrayFTR: calls $6
*** SHOW DOWN ***
ct-650: shows [Kh Kd] (a pair of Kings)
PrayFTR: mucks hand
ct-650 collected $65.50 from pot
*** SUMMARY ***
Total pot $66 | Rake $0.50
Board [3c Td 8s Jc Ah]
Seat 1: ct-650 (big blind) showed [Kh Kd] and won ($65.50) with a pair of Kings
Seat 2: PrayFTR (button) (small blind) mucked


PokerStars Hand #144408511445:  Hold'em Limit ($3/$6 USD) - 2015/11/26 9:30:59 ET
Table 'Potomac' 2-max Seat #1 is the button
Seat 1: ct-650 ($343.16 in chips)
Seat 2: PrayFTR ($54.18 in chips)
ct-650: posts small blind $1
PrayFTR: posts big blind $3
*** HOLE CARDS ***
ct-650: raises $3 to $6
PrayFTR: calls $3
*** FLOP *** [Ac Qh Ah]
PrayFTR: checks
ct-650: bets $3
PrayFTR: raises $3 to $6
ct-650: folds
Uncalled bet ($3) returned to PrayFTR
PrayFTR collected $17.64 from pot
PrayFTR: doesn't show hand
*** SUMMARY ***
Total pot $18 | Rake $0.36
Board [Ac Qh Ah]
Seat 1: ct-650 (button) (small blind) folded on the Flop
Seat 2: PrayFTR (big blind) collected ($17.64)


PokerStars Hand #144408494557:  Hold'em Limit ($3/$6 USD) - 2015/11/26 9:30:31 ET
Table 'Potomac' 2-max Seat #2 is the button
Seat 1: ct-650 ($310.66 in chips)
Seat 2: PrayFTR ($87.18 in chips)
PrayFTR: posts small blind $1
ct-650: posts big blind $3
*** HOLE CARDS ***
PrayFTR: raises $3 to $6
ct-650: folds
Uncalled bet ($3) returned to PrayFTR
PrayFTR collected $6 from pot
PrayFTR: doesn't show hand
*** SUMMARY ***
Total pot $6 | Rake $0
Seat 1: ct-650 (big blind) folded before Flop
Seat 2: PrayFTR (button) (small blind) collected ($6)


PokerStars Hand #144408490962:  Hold'em Limit ($3/$6 USD) - 2015/11/26 9:30:26 ET
Table 'Potomac' 2-max Seat #1 is the button
Seat 1: ct-650 ($307.66 in chips)
Seat 2: PrayFTR ($90.18 in chips)
ct-650: posts small blind $1
PrayFTR: posts big blind $3
*** HOLE CARDS ***
ct-650: raises $3 to $6
PrayFTR: folds
Uncalled bet ($3) returned to ct-650
ct-650 collected $6 from pot
*** SUMMARY ***
Total pot $6 | Rake $0
Seat 1: ct-650 (button) (small blind) collected ($6)
Seat 2: PrayFTR (big blind) folded before Flop


PokerStars Hand #144408538356:  Hold'em Limit ($3/$6 USD) - 2015/11/26 9:31:43 ET
Table 'Potomac' 2-max Seat #1 is the button
Seat 1: ct-650 ($327.66 in chips)
Seat 2: PrayFTR ($67.98 in chips)
ct-650: posts small blind $1
PrayFTR: posts big blind $3
*** HOLE CARDS ***
ct-650: folds
Uncalled bet ($2) returned to PrayFTR
PrayFTR collected $2 from pot
PrayFTR: doesn't show hand
*** SUMMARY ***
Total pot $2 | Rake $0
Seat 1: ct-650 (button) (small blind) folded before Flop
Seat 2: PrayFTR (big blind) collected ($2)


PokerStars Hand #144408530494:  Hold'em Limit ($3/$6 USD) - 2015/11/26 9:31:30 ET
Table 'Potomac' 2-max Seat #2 is the button
Seat 1: ct-650 ($336.66 in chips)
Seat 2: PrayFTR ($59.34 in chips)
PrayFTR: posts small blind $1
ct-650: posts big blind $3
*** HOLE CARDS ***
PrayFTR: raises $3 to $6
ct-650: calls $3
*** FLOP *** [Tc 9h Ts]
ct-650: checks
PrayFTR: bets $3
ct-650: calls $3
*** TURN *** [Tc 9h Ts] [Qd]
ct-650: checks
PrayFTR: bets $6
ct-650: folds
Uncalled bet ($6) returned to PrayFTR
PrayFTR collected $17.64 from pot
PrayFTR: doesn't show hand
*** SUMMARY ***
Total pot $18 | Rake $0.36
Board [Tc 9h Ts Qd]
Seat 1: ct-650 (big blind) folded on the Turn
Seat 2: PrayFTR (button) (small blind) collected ($17.64)


PokerStars Hand #144408524675:  Hold'em Limit ($3/$6 USD) - 2015/11/26 9:31:21 ET
Table 'Potomac' 2-max Seat #1 is the button
Seat 1: ct-650 ($348.66 in chips)
Seat 2: PrayFTR ($47.82 in chips)
ct-650: posts small blind $1
PrayFTR: posts big blind $3
*** HOLE CARDS ***
ct-650: raises $3 to $6
PrayFTR: raises $3 to $9
ct-650: calls $3
*** FLOP *** [4d Jd 6s]
PrayFTR: bets $3
ct-650: calls $3
*** TURN *** [4d Jd 6s] [6c]
PrayFTR: bets $6
ct-650: folds
Uncalled bet ($6) returned to PrayFTR
PrayFTR collected $23.52 from pot
PrayFTR: doesn't show hand
*** SUMMARY ***
Total pot $24 | Rake $0.48
Board [4d Jd 6s 6c]
Seat 1: ct-650 (button) (small blind) folded on the Turn
Seat 2: PrayFTR (big blind) collected ($23.52)


PokerStars Hand #144408556758:  Hold'em Limit ($3/$6 USD) - 2015/11/26 9:32:13 ET
Table 'Potomac' 2-max Seat #2 is the button
Seat 1: ct-650 ($335.16 in chips)
Seat 2: PrayFTR ($59.50 in chips)
PrayFTR: posts small blind $1
ct-650: posts big blind $3
*** HOLE CARDS ***
PrayFTR: raises $3 to $6
ct-650: calls $3
*** FLOP *** [6d 7c 3s]
ct-650: checks
PrayFTR: bets $3
ct-650: raises $3 to $6
PrayFTR: calls $3
*** TURN *** [6d 7c 3s] [3h]
ct-650: bets $6
PrayFTR: folds
Uncalled bet ($6) returned to ct-650
ct-650 collected $23.52 from pot
*** SUMMARY ***
Total pot $24 | Rake $0.48
Board [6d 7c 3s 3h]
Seat 1: ct-650 (big blind) collected ($23.52)
Seat 2: PrayFTR (button) (small blind) folded on the Turn


PokerStars Hand #144408541056:  Hold'em Limit ($3/$6 USD) - 2015/11/26 9:31:47 ET
Table 'Potomac' 2-max Seat #2 is the button
Seat 1: ct-650 ($326.66 in chips)
Seat 2: PrayFTR ($68.98 in chips)
PrayFTR: posts small blind $1
ct-650: posts big blind $3
*** HOLE CARDS ***
PrayFTR: raises $3 to $6
ct-650: calls $3
*** FLOP *** [Ks Th Qs]
ct-650: checks
PrayFTR: bets $3
ct-650: calls $3
*** TURN *** [Ks Th Qs] [As]
ct-650: checks
PrayFTR: bets $6
ct-650: calls $6
*** RIVER *** [Ks Th Qs As] [Qc]
ct-650: bets $6
PrayFTR: calls $6
*** SHOW DOWN ***
ct-650: shows [6d Jd] (a straight, Ten to Ace)
PrayFTR: mucks hand
ct-650 collected $41.50 from pot
*** SUMMARY ***
Total pot $42 | Rake $0.50
Board [Ks Th Qs As Qc]
Seat 1: ct-650 (big blind) showed [6d Jd] and won ($41.50) with a straight, Ten to Ace
Seat 2: PrayFTR (button) (small blind) mucked


PokerStars Hand #144408550120:  Hold'em Limit ($3/$6 USD) - 2015/11/26 9:32:02 ET
Table 'Potomac' 2-max Seat #1 is the button
Seat 1: ct-650 ($347.16 in chips)
Seat 2: PrayFTR ($47.98 in chips)
ct-650: posts small blind $1
PrayFTR: posts big blind $3
*** HOLE CARDS ***
ct-650: raises $3 to $6
PrayFTR: raises $3 to $9
ct-650: calls $3
*** FLOP *** [Kh 6d Kc]
PrayFTR: bets $3
ct-650: calls $3
*** TURN *** [Kh 6d Kc] [2c]
PrayFTR: bets $6
ct-650: folds
Uncalled bet ($6) returned to PrayFTR
PrayFTR collected $23.52 from pot
PrayFTR: doesn't show hand
*** SUMMARY ***
Total pot $24 | Rake $0.48
Board [Kh 6d Kc 2c]
Seat 1: ct-650 (button) (small blind) folded on the Turn
Seat 2: PrayFTR (big blind) collected ($23.52)


PokerStars Hand #144408563112:  Hold'em Limit ($3/$6 USD) - 2015/11/26 9:32:23 ET
Table 'Potomac' 2-max Seat #1 is the button
Seat 1: ct-650 ($346.68 in chips)
Seat 2: PrayFTR ($47.50 in chips)
ct-650: posts small blind $1
PrayFTR: posts big blind $3
*** HOLE CARDS ***
ct-650: folds
Uncalled bet ($2) returned to PrayFTR
PrayFTR collected $2 from pot
PrayFTR: doesn't show hand
*** SUMMARY ***
Total pot $2 | Rake $0
Seat 1: ct-650 (button) (small blind) folded before Flop
Seat 2: PrayFTR (big blind) collected ($2)


PokerStars Hand #144408581030:  Hold'em Limit ($3/$6 USD) - 2015/11/26 9:32:52 ET
Table 'Potomac' 2-max Seat #1 is the button
Seat 1: ct-650 ($387.18 in chips)
Seat 2: PrayFTR ($6.50 in chips)
ct-650: posts small blind $1
PrayFTR: posts big blind $3
*** HOLE CARDS ***
ct-650: raises $3 to $6
PrayFTR: raises $0.50 to $6.50 and is all-in
ct-650: calls $0.50
*** FLOP *** [4d 3s Jh]
*** TURN *** [4d 3s Jh] [2c]
*** RIVER *** [4d 3s Jh 2c] [Kh]
*** SHOW DOWN ***
PrayFTR: shows [6c 7d] (high card King)
ct-650: shows [Qh 3c] (a pair of Threes)
ct-650 collected $12.74 from pot
*** SUMMARY ***
Total pot $13 | Rake $0.26
Board [4d 3s Jh 2c Kh]
Seat 1: ct-650 (button) (small blind) showed [Qh 3c] and won ($12.74) with a pair of Threes
Seat 2: PrayFTR (big blind) showed [6c 7d] and lost with high card King


