PokerStars Hand #158541773780:  Hold'em Limit ($3/$6 USD) - 2016/09/13 6:20:14 ET
Table 'Potomac II' 6-max Seat #1 is the button
Seat 1: ABATAPP ($111.25 in chips)
Seat 2: jackRizzar ($240 in chips)
ABATAPP: posts small blind $1
jackRizzar: posts big blind $3
*** HOLE CARDS ***
ABATAPP: raises $3 to $6
jackRizzar: calls $3
*** FLOP *** [Jc Ah 6s]
jackRizzar: checks
ABATAPP: bets $3
jackRizzar: raises $3 to $6
ABATAPP: raises $3 to $9
jackRizzar: calls $3
*** TURN *** [Jc Ah 6s] [Kd]
jackRizzar: checks
ABATAPP: bets $6
jackRizzar: calls $6
*** RIVER *** [Jc Ah 6s Kd] [8d]
jackRizzar: checks
ABATAPP: bets $6
jackRizzar: calls $6
*** SHOW DOWN ***
ABATAPP: shows [Jh 8h] (two pair, Jacks and Eights)
jackRizzar: mucks hand
ABATAPP collected $53.50 from pot
*** SUMMARY ***
Total pot $54 | Rake $0.50
Board [Jc Ah 6s Kd 8d]
Seat 1: ABATAPP (button) (small blind) showed [Jh 8h] and won ($53.50) with two pair, Jacks and Eights
Seat 2: jackRizzar (big blind) mucked


PokerStars Hand #158541760551:  Hold'em Limit ($3/$6 USD) - 2016/09/13 6:19:40 ET
Table 'Potomac II' 6-max Seat #2 is the button
Seat 1: ABATAPP ($102.61 in chips)
Seat 2: jackRizzar ($97.41 in chips)
jackRizzar: posts small blind $1
Mordnilap: is sitting out
TTBN: is sitting out
ABATAPP: posts big blind $3
*** HOLE CARDS ***
jackRizzar: raises $3 to $6
ABATAPP: calls $3
*** FLOP *** [3d As Th]
TTBN leaves the table
ABATAPP: checks
hairy1961 joins the table at seat #3
jackRizzar: bets $3
Mordnilap leaves the table
ABATAPP: calls $3
*** TURN *** [3d As Th] [3c]
ABATAPP: checks
jackRizzar: checks
*** RIVER *** [3d As Th 3c] [8c]
ABATAPP: bets $6
jackRizzar: folds
Uncalled bet ($6) returned to ABATAPP
ABATAPP collected $17.64 from pot
ABATAPP: doesn't show hand
*** SUMMARY ***
Total pot $18 | Rake $0.36
Board [3d As Th 3c 8c]
Seat 1: ABATAPP (big blind) collected ($17.64)
Seat 2: jackRizzar (button) (small blind) folded on the River


PokerStars Hand #158541835221:  Hold'em Limit ($3/$6 USD) - 2016/09/13 6:22:48 ET
Table 'Potomac II' 6-max Seat #2 is the button
Seat 1: ABATAPP ($112.75 in chips)
Seat 2: jackRizzar ($197.53 in chips)
jackRizzar: posts small blind $1
hairy1961: is sitting out
ABATAPP: posts big blind $3
*** HOLE CARDS ***
jackRizzar: raises $3 to $6
ABATAPP: calls $3
*** FLOP *** [8h 3c 4c]
hairy1961 leaves the table
ABATAPP: checks
jackRizzar: bets $3
ABATAPP: calls $3
*** TURN *** [8h 3c 4c] [5h]
ABATAPP: checks
jackRizzar: bets $6
ABATAPP: calls $6
*** RIVER *** [8h 3c 4c 5h] [Th]
ABATAPP: checks
jackRizzar: bets $6
ABATAPP: folds
Uncalled bet ($6) returned to jackRizzar
jackRizzar collected $29.50 from pot
*** SUMMARY ***
Total pot $30 | Rake $0.50
Board [8h 3c 4c 5h Th]
Seat 1: ABATAPP (big blind) folded on the River
Seat 2: jackRizzar (button) (small blind) collected ($29.50)


