PokerStars Hand #152567017715:  Hold'em Limit ($3/$6 USD) - 2016/04/28 12:25:01 ET
Table 'Potomac II' 6-max Seat #2 is the button
Seat 1: Zubasa07 ($526.50 in chips)
Seat 2: anebodil ($93 in chips)
anebodil: posts small blind $1
Zubasa07: posts big blind $3
*** HOLE CARDS ***
anebodil: raises $3 to $6
Zubasa07: calls $3
*** FLOP *** [6c 2c 9d]
Zubasa07: checks
anebodil: bets $3
Zubasa07: raises $3 to $6
anebodil: calls $3
*** TURN *** [6c 2c 9d] [5s]
Zubasa07: bets $6
anebodil: calls $6
*** RIVER *** [6c 2c 9d 5s] [4h]
Zubasa07: bets $6
anebodil: calls $6
*** SHOW DOWN ***
Zubasa07: shows [Jh 6d] (a pair of Sixes)
anebodil: mucks hand
Zubasa07 collected $47.50 from pot
*** SUMMARY ***
Total pot $48 | Rake $0.50
Board [6c 2c 9d 5s 4h]
Seat 1: Zubasa07 (big blind) showed [Jh 6d] and won ($47.50) with a pair of Sixes
Seat 2: anebodil (button) (small blind) mucked


PokerStars Hand #152567068588:  Hold'em Limit ($3/$6 USD) - 2016/04/28 12:26:10 ET
Table 'Potomac II' 6-max Seat #2 is the button
Seat 1: Zubasa07 ($570.50 in chips)
Seat 2: anebodil ($48 in chips)
anebodil: posts small blind $1
Zubasa07: posts big blind $3
*** HOLE CARDS ***
anebodil: raises $3 to $6
Zubasa07: calls $3
*** FLOP *** [5c 3h Qd]
Zubasa07: checks
anebodil: bets $3
Zubasa07: calls $3
*** TURN *** [5c 3h Qd] [9s]
Zubasa07: checks
anebodil: bets $6
Zubasa07: calls $6
*** RIVER *** [5c 3h Qd 9s] [7s]
Zubasa07: checks
anebodil: checks
*** SHOW DOWN ***
Zubasa07: shows [4h Ad] (high card Ace)
anebodil: shows [As 5h] (a pair of Fives)
anebodil collected $29.50 from pot
*** SUMMARY ***
Total pot $30 | Rake $0.50
Board [5c 3h Qd 9s 7s]
Seat 1: Zubasa07 (big blind) showed [4h Ad] and lost with high card Ace
Seat 2: anebodil (button) (small blind) showed [As 5h] and won ($29.50) with a pair of Fives


PokerStars Hand #152567049189:  Hold'em Limit ($3/$6 USD) - 2016/04/28 12:25:44 ET
Table 'Potomac II' 6-max Seat #1 is the button
Seat 1: Zubasa07 ($550 in chips)
Seat 2: anebodil ($69 in chips)
Zubasa07: posts small blind $1
anebodil: posts big blind $3
*** HOLE CARDS ***
Zubasa07: raises $3 to $6
anebodil: calls $3
*** FLOP *** [8c Kc 6d]
anebodil: bets $3
Zubasa07: calls $3
*** TURN *** [8c Kc 6d] [9h]
anebodil: bets $6
Zubasa07: calls $6
*** RIVER *** [8c Kc 6d 9h] [2s]
anebodil: bets $6
Zubasa07: calls $6
*** SHOW DOWN ***
anebodil: shows [Qd Ts] (high card King)
Zubasa07: shows [8s 5s] (a pair of Eights)
Zubasa07 collected $41.50 from pot
*** SUMMARY ***
Total pot $42 | Rake $0.50
Board [8c Kc 6d 9h 2s]
Seat 1: Zubasa07 (button) (small blind) showed [8s 5s] and won ($41.50) with a pair of Eights
Seat 2: anebodil (big blind) showed [Qd Ts] and lost with high card King


PokerStars Hand #152567122133:  Hold'em Limit ($3/$6 USD) - 2016/04/28 12:27:23 ET
Table 'Potomac II' 6-max Seat #2 is the button
Seat 1: Zubasa07 ($534.50 in chips)
Seat 2: anebodil ($83 in chips)
anebodil: posts small blind $1
Zubasa07: posts big blind $3
*** HOLE CARDS ***
anebodil: raises $3 to $6
Zubasa07: calls $3
*** FLOP *** [Tc 3c 4h]
Zubasa07: checks
anebodil: checks
*** TURN *** [Tc 3c 4h] [8s]
Zubasa07: bets $6
anebodil: folds
Uncalled bet ($6) returned to Zubasa07
Zubasa07 collected $11.76 from pot
Zubasa07: doesn't show hand
*** SUMMARY ***
Total pot $12 | Rake $0.24
Board [Tc 3c 4h 8s]
Seat 1: Zubasa07 (big blind) collected ($11.76)
Seat 2: anebodil (button) (small blind) folded on the Turn


PokerStars Hand #152567103746:  Hold'em Limit ($3/$6 USD) - 2016/04/28 12:26:58 ET
Table 'Potomac II' 6-max Seat #1 is the button
Seat 1: Zubasa07 ($555.50 in chips)
Seat 2: anebodil ($62.50 in chips)
Zubasa07: posts small blind $1
anebodil: posts big blind $3
*** HOLE CARDS ***
Zubasa07: raises $3 to $6
anebodil: calls $3
*** FLOP *** [9d Kd 8s]
anebodil: bets $3
Zubasa07: calls $3
*** TURN *** [9d Kd 8s] [5d]
anebodil: bets $6
Zubasa07: calls $6
*** RIVER *** [9d Kd 8s 5d] [6d]
anebodil: bets $6
Zubasa07: calls $6
*** SHOW DOWN ***
anebodil: shows [8d Ks] (a flush, King high)
Zubasa07: mucks hand
anebodil collected $41.50 from pot
*** SUMMARY ***
Total pot $42 | Rake $0.50
Board [9d Kd 8s 5d 6d]
Seat 1: Zubasa07 (button) (small blind) mucked
Seat 2: anebodil (big blind) showed [8d Ks] and won ($41.50) with a flush, King high


PokerStars Hand #152567167208:  Hold'em Limit ($3/$6 USD) - 2016/04/28 12:28:24 ET
Table 'Potomac II' 6-max Seat #2 is the button
Seat 1: Zubasa07 ($560.76 in chips)
Seat 2: anebodil ($56 in chips)
anebodil: posts small blind $1
Zubasa07: posts big blind $3
*** HOLE CARDS ***
anebodil: raises $3 to $6
Zubasa07: folds
Uncalled bet ($3) returned to anebodil
anebodil collected $6 from pot
anebodil: doesn't show hand
*** SUMMARY ***
Total pot $6 | Rake $0
Seat 1: Zubasa07 (big blind) folded before Flop
Seat 2: anebodil (button) (small blind) collected ($6)


PokerStars Hand #152567134069:  Hold'em Limit ($3/$6 USD) - 2016/04/28 12:27:39 ET
Table 'Potomac II' 6-max Seat #1 is the button
Seat 1: Zubasa07 ($540.26 in chips)
Seat 2: anebodil ($77 in chips)
Zubasa07: posts small blind $1
anebodil: posts big blind $3
*** HOLE CARDS ***
Zubasa07: raises $3 to $6
anebodil: calls $3
*** FLOP *** [Kh 5h 4c]
anebodil: bets $3
Zubasa07: calls $3
*** TURN *** [Kh 5h 4c] [Td]
anebodil: bets $6
Zubasa07: calls $6
*** RIVER *** [Kh 5h 4c Td] [5d]
anebodil: bets $6
Zubasa07: calls $6
*** SHOW DOWN ***
anebodil: shows [9d 6s] (a pair of Fives)
Zubasa07: shows [Jc Ah] (a pair of Fives - Ace kicker)
Zubasa07 collected $41.50 from pot
*** SUMMARY ***
Total pot $42 | Rake $0.50
Board [Kh 5h 4c Td 5d]
Seat 1: Zubasa07 (button) (small blind) showed [Jc Ah] and won ($41.50) with a pair of Fives
Seat 2: anebodil (big blind) showed [9d 6s] and lost with a pair of Fives


PokerStars Hand #152567228667:  Hold'em Limit ($3/$6 USD) - 2016/04/28 12:29:47 ET
Table 'Potomac II' 6-max Seat #2 is the button
Seat 1: Zubasa07 ($554.40 in chips)
Seat 2: anebodil ($61.52 in chips)
anebodil: posts small blind $1
Zubasa07: posts big blind $3
*** HOLE CARDS ***
anebodil: folds
Uncalled bet ($2) returned to Zubasa07
Zubasa07 collected $2 from pot
Zubasa07: doesn't show hand
*** SUMMARY ***
Total pot $2 | Rake $0
Seat 1: Zubasa07 (big blind) collected ($2)
Seat 2: anebodil (button) (small blind) folded before Flop


PokerStars Hand #152567219689:  Hold'em Limit ($3/$6 USD) - 2016/04/28 12:29:35 ET
Table 'Potomac II' 6-max Seat #1 is the button
Seat 1: Zubasa07 ($548.64 in chips)
Seat 2: anebodil ($67.52 in chips)
Zubasa07: posts small blind $1
anebodil: posts big blind $3
*** HOLE CARDS ***
Zubasa07: raises $3 to $6
anebodil: calls $3
*** FLOP *** [Kd 2d 8s]
anebodil: checks
Zubasa07: bets $3
anebodil: folds
Uncalled bet ($3) returned to Zubasa07
Zubasa07 collected $11.76 from pot
Zubasa07: doesn't show hand
*** SUMMARY ***
Total pot $12 | Rake $0.24
Board [Kd 2d 8s]
Seat 1: Zubasa07 (button) (small blind) collected ($11.76)
Seat 2: anebodil (big blind) folded on the Flop


PokerStars Hand #152567201329:  Hold'em Limit ($3/$6 USD) - 2016/04/28 12:29:10 ET
Table 'Potomac II' 6-max Seat #2 is the button
Seat 1: Zubasa07 ($548.76 in chips)
Seat 2: anebodil ($67.64 in chips)
anebodil: posts small blind $1
Zubasa07: posts big blind $3
*** HOLE CARDS ***
anebodil: calls $2
Zubasa07: checks
*** FLOP *** [7s Jc 8h]
Zubasa07: bets $3
anebodil: calls $3
*** TURN *** [7s Jc 8h] [Th]
Zubasa07: checks
anebodil: checks
*** RIVER *** [7s Jc 8h Th] [9s]
Zubasa07: checks
anebodil: checks
*** SHOW DOWN ***
Zubasa07: shows [8d 5s] (a straight, Seven to Jack)
anebodil: shows [8s Ks] (a straight, Seven to Jack)
Zubasa07 collected $5.88 from pot
anebodil collected $5.88 from pot
*** SUMMARY ***
Total pot $12 | Rake $0.24
Board [7s Jc 8h Th 9s]
Seat 1: Zubasa07 (big blind) showed [8d 5s] and won ($5.88) with a straight, Seven to Jack
Seat 2: anebodil (button) (small blind) showed [8s Ks] and won ($5.88) with a straight, Seven to Jack


PokerStars Hand #152567175857:  Hold'em Limit ($3/$6 USD) - 2016/04/28 12:28:36 ET
Table 'Potomac II' 6-max Seat #1 is the button
Seat 1: Zubasa07 ($557.76 in chips)
Seat 2: anebodil ($59 in chips)
Zubasa07: posts small blind $1
anebodil: posts big blind $3
*** HOLE CARDS ***
Zubasa07: raises $3 to $6
anebodil: calls $3
*** FLOP *** [Jc 4c Jd]
anebodil: checks
Zubasa07: bets $3
anebodil: calls $3
*** TURN *** [Jc 4c Jd] [Qs]
anebodil: bets $6
Zubasa07: folds
Uncalled bet ($6) returned to anebodil
anebodil collected $17.64 from pot
anebodil: doesn't show hand
*** SUMMARY ***
Total pot $18 | Rake $0.36
Board [Jc 4c Jd Qs]
Seat 1: Zubasa07 (button) (small blind) folded on the Turn
Seat 2: anebodil (big blind) collected ($17.64)


PokerStars Hand #152567232563:  Hold'em Limit ($3/$6 USD) - 2016/04/28 12:29:53 ET
Table 'Potomac II' 6-max Seat #1 is the button
Seat 1: Zubasa07 ($555.40 in chips)
Seat 2: anebodil ($60.52 in chips)
Zubasa07: posts small blind $1
anebodil: posts big blind $3
*** HOLE CARDS ***
Zubasa07: raises $3 to $6
anebodil: calls $3
*** FLOP *** [9d 8c As]
anebodil: bets $3
Zubasa07: raises $3 to $6
anebodil: calls $3
*** TURN *** [9d 8c As] [Ad]
anebodil: checks
Zubasa07: checks
*** RIVER *** [9d 8c As Ad] [4d]
anebodil: bets $6
Zubasa07: folds
Uncalled bet ($6) returned to anebodil
anebodil collected $23.52 from pot
anebodil: doesn't show hand
*** SUMMARY ***
Total pot $24 | Rake $0.48
Board [9d 8c As Ad 4d]
Seat 1: Zubasa07 (button) (small blind) folded on the River
Seat 2: anebodil (big blind) collected ($23.52)


PokerStars Hand #152567282602:  Hold'em Limit ($3/$6 USD) - 2016/04/28 12:31:00 ET
Table 'Potomac II' 6-max Seat #1 is the button
Seat 1: Zubasa07 ($549.16 in chips)
Seat 2: anebodil ($66.04 in chips)
Zubasa07: posts small blind $1
anebodil: posts big blind $3
*** HOLE CARDS ***
Zubasa07: raises $3 to $6
anebodil: calls $3
*** FLOP *** [8c 5d As]
anebodil: checks
Zubasa07: bets $3
anebodil: folds
Uncalled bet ($3) returned to Zubasa07
Zubasa07 collected $11.76 from pot
Zubasa07: doesn't show hand
*** SUMMARY ***
Total pot $12 | Rake $0.24
Board [8c 5d As]
Seat 1: Zubasa07 (button) (small blind) collected ($11.76)
Seat 2: anebodil (big blind) folded on the Flop


PokerStars Hand #152567266990:  Hold'em Limit ($3/$6 USD) - 2016/04/28 12:30:39 ET
Table 'Potomac II' 6-max Seat #2 is the button
Seat 1: Zubasa07 ($543.40 in chips)
Seat 2: anebodil ($72.04 in chips)
anebodil: posts small blind $1
Zubasa07: posts big blind $3
*** HOLE CARDS ***
anebodil: calls $2
Zubasa07: checks
*** FLOP *** [5d 8h 3c]
Zubasa07: bets $3
anebodil: calls $3
*** TURN *** [5d 8h 3c] [Th]
Zubasa07: bets $6
anebodil: folds
Uncalled bet ($6) returned to Zubasa07
Zubasa07 collected $11.76 from pot
Zubasa07: doesn't show hand
*** SUMMARY ***
Total pot $12 | Rake $0.24
Board [5d 8h 3c Th]
Seat 1: Zubasa07 (big blind) collected ($11.76)
Seat 2: anebodil (button) (small blind) folded on the Turn


PokerStars Hand #152567327972:  Hold'em Limit ($3/$6 USD) - 2016/04/28 12:32:00 ET
Table 'Potomac II' 6-max Seat #1 is the button
Seat 1: Zubasa07 ($536.92 in chips)
Seat 2: anebodil ($77.54 in chips)
Zubasa07: posts small blind $1
anebodil: posts big blind $3
*** HOLE CARDS ***
Zubasa07: raises $3 to $6
anebodil: calls $3
*** FLOP *** [3d 8d 9c]
anebodil: checks
Zubasa07: bets $3
anebodil: calls $3
*** TURN *** [3d 8d 9c] [2c]
anebodil: checks
TheU10 joins the table at seat #3
Zubasa07: checks
*** RIVER *** [3d 8d 9c 2c] [4c]
anebodil: checks
Zubasa07: bets $6
anebodil: folds
Uncalled bet ($6) returned to Zubasa07
Zubasa07 collected $17.64 from pot
Zubasa07: doesn't show hand
*** SUMMARY ***
Total pot $18 | Rake $0.36
Board [3d 8d 9c 2c 4c]
Seat 1: Zubasa07 (button) (small blind) collected ($17.64)
Seat 2: anebodil (big blind) folded on the River


PokerStars Hand #152567292576:  Hold'em Limit ($3/$6 USD) - 2016/04/28 12:31:13 ET
Table 'Potomac II' 6-max Seat #2 is the button
Seat 1: Zubasa07 ($554.92 in chips)
Seat 2: anebodil ($60.04 in chips)
anebodil: posts small blind $1
Zubasa07: posts big blind $3
*** HOLE CARDS ***
anebodil: raises $3 to $6
Zubasa07: calls $3
*** FLOP *** [6s 4c Tc]
Zubasa07: checks
anebodil: checks
*** TURN *** [6s 4c Tc] [6d]
parnishka11 joins the table at seat #6
Zubasa07: checks
anebodil: bets $6
Zubasa07: calls $6
*** RIVER *** [6s 4c Tc 6d] [Qc]
Zubasa07: checks
anebodil: bets $6
Zubasa07: calls $6
*** SHOW DOWN ***
anebodil: shows [Ks Qd] (two pair, Queens and Sixes)
Zubasa07: mucks hand
anebodil collected $35.50 from pot
*** SUMMARY ***
Total pot $36 | Rake $0.50
Board [6s 4c Tc 6d Qc]
Seat 1: Zubasa07 (big blind) mucked
Seat 2: anebodil (button) (small blind) showed [Ks Qd] and won ($35.50) with two pair, Queens and Sixes


PokerStars Hand #152569066232:  Hold'em Limit ($3/$6 USD) - 2016/04/28 13:10:01 ET
Table 'Potomac II' 6-max Seat #6 is the button
Seat 4: conanboy ($147.61 in chips)
Seat 6: Chessnok ($126.65 in chips)
pepponni will be allowed to play after the button
Chessnok: posts small blind $1
Zubasa07: is sitting out
TheU10: is sitting out
conanboy: posts big blind $3
*** HOLE CARDS ***
Chessnok: raises $3 to $6
conanboy: calls $3
*** FLOP *** [Kh 4c Jh]
conanboy: checks
Chessnok: bets $3
conanboy: raises $3 to $6
Zubasa07 leaves the table
Chessnok: calls $3
*** TURN *** [Kh 4c Jh] [As]
conanboy: checks
Chessnok: bets $6
conanboy: calls $6
*** RIVER *** [Kh 4c Jh As] [Js]
conanboy: checks
Chessnok: bets $6
conanboy: calls $6
*** SHOW DOWN ***
Chessnok: shows [2h Ks] (two pair, Kings and Jacks)
conanboy: shows [Kd 5s] (two pair, Kings and Jacks)
conanboy collected $23.75 from pot
Chessnok collected $23.75 from pot
*** SUMMARY ***
Total pot $48 | Rake $0.50
Board [Kh 4c Jh As Js]
Seat 4: conanboy (big blind) showed [Kd 5s] and won ($23.75) with two pair, Kings and Jacks
Seat 6: Chessnok (button) (small blind) showed [2h Ks] and won ($23.75) with two pair, Kings and Jacks


PokerStars Hand #152580976146:  Hold'em Limit ($3/$6 USD) - 2016/04/28 16:56:52 ET
Table 'Potomac II' 6-max Seat #3 is the button
Seat 3: Mr10P ($120.14 in chips)
Seat 5: hubschi ($122.91 in chips)
Mr10P: posts small blind $1
hubschi: posts big blind $3
*** HOLE CARDS ***
Mr10P: raises $3 to $6
hubschi: calls $3
*** FLOP *** [7c Kh 3s]
hubschi: checks
Mr10P: bets $3
hubschi: folds
Uncalled bet ($3) returned to Mr10P
Mr10P collected $11.76 from pot
Mr10P: doesn't show hand
*** SUMMARY ***
Total pot $12 | Rake $0.24
Board [7c Kh 3s]
Seat 3: Mr10P (button) (small blind) collected ($11.76)
Seat 5: hubschi (big blind) folded on the Flop


PokerStars Hand #152580972562:  Hold'em Limit ($3/$6 USD) - 2016/04/28 16:56:47 ET
Table 'Potomac II' 6-max Seat #5 is the button
Seat 3: Mr10P ($119.14 in chips)
Seat 5: hubschi ($123.91 in chips)
hubschi: posts small blind $1
derdex: is sitting out
Mr10P: posts big blind $3
*** HOLE CARDS ***
derdex leaves the table
hubschi: folds
Uncalled bet ($2) returned to Mr10P
Mr10P collected $2 from pot
Mr10P: doesn't show hand
*** SUMMARY ***
Total pot $2 | Rake $0
Seat 3: Mr10P (big blind) collected ($2)
Seat 5: hubschi (button) (small blind) folded before Flop


PokerStars Hand #152581027641:  Hold'em Limit ($3/$6 USD) - 2016/04/28 16:58:06 ET
Table 'Potomac II' 6-max Seat #5 is the button
Seat 3: Mr10P ($103.40 in chips)
Seat 5: hubschi ($137.91 in chips)
hubschi: posts small blind $1
Mr10P: posts big blind $3
*** HOLE CARDS ***
hubschi: folds
Uncalled bet ($2) returned to Mr10P
Mr10P collected $2 from pot
Mr10P: doesn't show hand
*** SUMMARY ***
Total pot $2 | Rake $0
Seat 3: Mr10P (big blind) collected ($2)
Seat 5: hubschi (button) (small blind) folded before Flop


PokerStars Hand #152581024213:  Hold'em Limit ($3/$6 USD) - 2016/04/28 16:58:01 ET
Table 'Potomac II' 6-max Seat #3 is the button
Seat 3: Mr10P ($104.40 in chips)
Seat 5: hubschi ($136.91 in chips)
Mr10P: posts small blind $1
hubschi: posts big blind $3
*** HOLE CARDS ***
Mr10P: folds
Uncalled bet ($2) returned to hubschi
hubschi collected $2 from pot
hubschi: doesn't show hand
*** SUMMARY ***
Total pot $2 | Rake $0
Seat 3: Mr10P (button) (small blind) folded before Flop
Seat 5: hubschi (big blind) collected ($2)


PokerStars Hand #152581009862:  Hold'em Limit ($3/$6 USD) - 2016/04/28 16:57:40 ET
Table 'Potomac II' 6-max Seat #5 is the button
Seat 3: Mr10P ($122.40 in chips)
Seat 5: hubschi ($119.41 in chips)
hubschi: posts small blind $1
Mr10P: posts big blind $3
*** HOLE CARDS ***
hubschi: raises $3 to $6
Mr10P: raises $3 to $9
hubschi: calls $3
*** FLOP *** [Tc 3c 5c]
Mr10P: bets $3
hubschi: calls $3
*** TURN *** [Tc 3c 5c] [2c]
Mr10P: bets $6
hubschi: calls $6
*** RIVER *** [Tc 3c 5c 2c] [3s]
Mr10P: checks
hubschi: checks
*** SHOW DOWN ***
Mr10P: shows [9d Ah] (a pair of Threes)
hubschi: shows [8s 7c] (a flush, Ten high)
hubschi collected $35.50 from pot
*** SUMMARY ***
Total pot $36 | Rake $0.50
Board [Tc 3c 5c 2c 3s]
Seat 3: Mr10P (big blind) showed [9d Ah] and lost with a pair of Threes
Seat 5: hubschi (button) (small blind) showed [8s 7c] and won ($35.50) with a flush, Ten high


PokerStars Hand #152580998124:  Hold'em Limit ($3/$6 USD) - 2016/04/28 16:57:23 ET
Table 'Potomac II' 6-max Seat #3 is the button
Seat 3: Mr10P ($107.90 in chips)
Seat 5: hubschi ($134.41 in chips)
Mr10P: posts small blind $1
hubschi: posts big blind $3
*** HOLE CARDS ***
Mr10P: raises $3 to $6
hubschi: calls $3
*** FLOP *** [8c 4h Td]
hubschi: checks
Mr10P: bets $3
hubschi: calls $3
*** TURN *** [8c 4h Td] [7h]
hubschi: checks
Mr10P: bets $6
hubschi: calls $6
*** RIVER *** [8c 4h Td 7h] [Ah]
hubschi: checks
Mr10P: bets $6
hubschi: folds
Uncalled bet ($6) returned to Mr10P
Mr10P collected $29.50 from pot
Mr10P: doesn't show hand
*** SUMMARY ***
Total pot $30 | Rake $0.50
Board [8c 4h Td 7h Ah]
Seat 3: Mr10P (button) (small blind) collected ($29.50)
Seat 5: hubschi (big blind) folded on the River


PokerStars Hand #152580984325:  Hold'em Limit ($3/$6 USD) - 2016/04/28 16:57:04 ET
Table 'Potomac II' 6-max Seat #5 is the button
Seat 3: Mr10P ($125.90 in chips)
Seat 5: hubschi ($116.91 in chips)
hubschi: posts small blind $1
Mr10P: posts big blind $3
*** HOLE CARDS ***
hubschi: raises $3 to $6
Mr10P: raises $3 to $9
hubschi: calls $3
*** FLOP *** [3d 8c 4c]
Mr10P: bets $3
hubschi: calls $3
*** TURN *** [3d 8c 4c] [Ts]
Mr10P: bets $6
hubschi: calls $6
*** RIVER *** [3d 8c 4c Ts] [8s]
Mr10P: checks
hubschi: checks
*** SHOW DOWN ***
Mr10P: shows [Jd Kc] (a pair of Eights)
hubschi: shows [5h 3h] (two pair, Eights and Threes)
hubschi collected $35.50 from pot
*** SUMMARY ***
Total pot $36 | Rake $0.50
Board [3d 8c 4c Ts 8s]
Seat 3: Mr10P (big blind) showed [Jd Kc] and lost with a pair of Eights
Seat 5: hubschi (button) (small blind) showed [5h 3h] and won ($35.50) with two pair, Eights and Threes


PokerStars Hand #152581070399:  Hold'em Limit ($3/$6 USD) - 2016/04/28 16:59:04 ET
Table 'Potomac II' 6-max Seat #5 is the button
Seat 3: Mr10P ($95.04 in chips)
Seat 5: hubschi ($145.19 in chips)
hubschi: posts small blind $1
Mr10P: posts big blind $3
*** HOLE CARDS ***
hubschi: folds
Uncalled bet ($2) returned to Mr10P
Mr10P collected $2 from pot
Mr10P: doesn't show hand
*** SUMMARY ***
Total pot $2 | Rake $0
Seat 3: Mr10P (big blind) collected ($2)
Seat 5: hubschi (button) (small blind) folded before Flop


PokerStars Hand #152581059374:  Hold'em Limit ($3/$6 USD) - 2016/04/28 16:58:48 ET
Table 'Potomac II' 6-max Seat #3 is the button
Seat 3: Mr10P ($104.04 in chips)
Seat 5: hubschi ($136.55 in chips)
Mr10P: posts small blind $1
hubschi: posts big blind $3
*** HOLE CARDS ***
Mr10P: raises $3 to $6
hubschi: calls $3
*** FLOP *** [Qh Ah 8h]
hubschi: checks
Mr10P: bets $3
hubschi: calls $3
*** TURN *** [Qh Ah 8h] [5s]
hubschi: checks
Mr10P: checks
*** RIVER *** [Qh Ah 8h 5s] [2c]
hubschi: checks
Mr10P: checks
*** SHOW DOWN ***
hubschi: shows [8c 7c] (a pair of Eights)
Mr10P: mucks hand
hubschi collected $17.64 from pot
*** SUMMARY ***
Total pot $18 | Rake $0.36
Board [Qh Ah 8h 5s 2c]
Seat 3: Mr10P (button) (small blind) mucked
Seat 5: hubschi (big blind) showed [8c 7c] and won ($17.64) with a pair of Eights


PokerStars Hand #152581055502:  Hold'em Limit ($3/$6 USD) - 2016/04/28 16:58:42 ET
Table 'Potomac II' 6-max Seat #5 is the button
Seat 3: Mr10P ($103.04 in chips)
Seat 5: hubschi ($137.55 in chips)
hubschi: posts small blind $1
Mr10P: posts big blind $3
*** HOLE CARDS ***
hubschi: folds
Uncalled bet ($2) returned to Mr10P
Mr10P collected $2 from pot
Mr10P: doesn't show hand
*** SUMMARY ***
Total pot $2 | Rake $0
Seat 3: Mr10P (big blind) collected ($2)
Seat 5: hubschi (button) (small blind) folded before Flop


PokerStars Hand #152581043420:  Hold'em Limit ($3/$6 USD) - 2016/04/28 16:58:29 ET
Table 'Potomac II' 6-max Seat #3 is the button
Seat 3: Mr10P ($94.40 in chips)
Seat 5: hubschi ($146.55 in chips)
Mr10P: posts small blind $1
hubschi: posts big blind $3
*** HOLE CARDS ***
Mr10P: raises $3 to $6
hubschi: calls $3
*** FLOP *** [6h 3s 3d]
hubschi: checks
Mr10P: bets $3
hubschi: calls $3
*** TURN *** [6h 3s 3d] [Ah]
hubschi: checks
Mr10P: bets $6
hubschi: folds
Uncalled bet ($6) returned to Mr10P
Mr10P collected $17.64 from pot
Mr10P: doesn't show hand
*** SUMMARY ***
Total pot $18 | Rake $0.36
Board [6h 3s 3d Ah]
Seat 3: Mr10P (button) (small blind) collected ($17.64)
Seat 5: hubschi (big blind) folded on the Turn


PokerStars Hand #152581034070:  Hold'em Limit ($3/$6 USD) - 2016/04/28 16:58:15 ET
Table 'Potomac II' 6-max Seat #5 is the button
Seat 3: Mr10P ($103.40 in chips)
Seat 5: hubschi ($137.91 in chips)
hubschi: posts small blind $1
Mr10P: posts big blind $3
*** HOLE CARDS ***
hubschi: raises $3 to $6
Mr10P: calls $3
*** FLOP *** [5c Qs Jd]
Mr10P: checks
hubschi: bets $3
Mr10P: calls $3
*** TURN *** [5c Qs Jd] [Ac]
Mr10P: checks
hubschi: bets $6
Mr10P: folds
Uncalled bet ($6) returned to hubschi
hubschi collected $17.64 from pot
hubschi: doesn't show hand
*** SUMMARY ***
Total pot $18 | Rake $0.36
Board [5c Qs Jd Ac]
Seat 3: Mr10P (big blind) folded on the Turn
Seat 5: hubschi (button) (small blind) collected ($17.64)


PokerStars Hand #152581030796:  Hold'em Limit ($3/$6 USD) - 2016/04/28 16:58:10 ET
Table 'Potomac II' 6-max Seat #3 is the button
Seat 3: Mr10P ($104.40 in chips)
Seat 5: hubschi ($136.91 in chips)
Mr10P: posts small blind $1
hubschi: posts big blind $3
*** HOLE CARDS ***
Mr10P: folds
Uncalled bet ($2) returned to hubschi
hubschi collected $2 from pot
hubschi: doesn't show hand
*** SUMMARY ***
Total pot $2 | Rake $0
Seat 3: Mr10P (button) (small blind) folded before Flop
Seat 5: hubschi (big blind) collected ($2)


PokerStars Hand #152581111700:  Hold'em Limit ($3/$6 USD) - 2016/04/28 17:00:02 ET
Table 'Potomac II' 6-max Seat #3 is the button
Seat 3: Mr10P ($83.80 in chips)
Seat 5: hubschi ($155.45 in chips)
Mr10P: posts small blind $1
hubschi: posts big blind $3
*** HOLE CARDS ***
Mr10P: folds
Uncalled bet ($2) returned to hubschi
hubschi collected $2 from pot
hubschi: doesn't show hand
*** SUMMARY ***
Total pot $2 | Rake $0
Seat 3: Mr10P (button) (small blind) folded before Flop
Seat 5: hubschi (big blind) collected ($2)


PokerStars Hand #152581100613:  Hold'em Limit ($3/$6 USD) - 2016/04/28 16:59:47 ET
Table 'Potomac II' 6-max Seat #5 is the button
Seat 3: Mr10P ($78.04 in chips)
Seat 5: hubschi ($161.45 in chips)
hubschi: posts small blind $1
Mr10P: posts big blind $3
*** HOLE CARDS ***
hubschi: raises $3 to $6
Mr10P: calls $3
*** FLOP *** [Qh Jd 2h]
Mr10P: checks
hubschi: checks
*** TURN *** [Qh Jd 2h] [Ts]
Mr10P: bets $6
hubschi: folds
Uncalled bet ($6) returned to Mr10P
Mr10P collected $11.76 from pot
Mr10P: doesn't show hand
*** SUMMARY ***
Total pot $12 | Rake $0.24
Board [Qh Jd 2h Ts]
Seat 3: Mr10P (big blind) collected ($11.76)
Seat 5: hubschi (button) (small blind) folded on the Turn


PokerStars Hand #152581096543:  Hold'em Limit ($3/$6 USD) - 2016/04/28 16:59:41 ET
Table 'Potomac II' 6-max Seat #3 is the button
Seat 3: Mr10P ($75.04 in chips)
Seat 5: hubschi ($164.45 in chips)
Mr10P: posts small blind $1
hubschi: posts big blind $3
*** HOLE CARDS ***
Mr10P: raises $3 to $6
hubschi: folds
Uncalled bet ($3) returned to Mr10P
Mr10P collected $6 from pot
Mr10P: doesn't show hand
*** SUMMARY ***
Total pot $6 | Rake $0
Seat 3: Mr10P (button) (small blind) collected ($6)
Seat 5: hubschi (big blind) folded before Flop


PokerStars Hand #152581086549:  Hold'em Limit ($3/$6 USD) - 2016/04/28 16:59:27 ET
Table 'Potomac II' 6-max Seat #5 is the button
Seat 3: Mr10P ($81.04 in chips)
Seat 5: hubschi ($158.69 in chips)
hubschi: posts small blind $1
Mr10P: posts big blind $3
*** HOLE CARDS ***
hubschi: calls $2
Mr10P: checks
*** FLOP *** [8h 6c 5d]
Mr10P: checks
hubschi: bets $3
Mr10P: calls $3
*** TURN *** [8h 6c 5d] [Kh]
Mr10P: checks
hubschi: bets $6
Mr10P: folds
Uncalled bet ($6) returned to hubschi
hubschi collected $11.76 from pot
hubschi: doesn't show hand
*** SUMMARY ***
Total pot $12 | Rake $0.24
Board [8h 6c 5d Kh]
Seat 3: Mr10P (big blind) folded on the Turn
Seat 5: hubschi (button) (small blind) collected ($11.76)


PokerStars Hand #152581074453:  Hold'em Limit ($3/$6 USD) - 2016/04/28 16:59:10 ET
Table 'Potomac II' 6-max Seat #3 is the button
Seat 3: Mr10P ($96.04 in chips)
Seat 5: hubschi ($144.19 in chips)
Mr10P: posts small blind $1
hubschi: posts big blind $3
*** HOLE CARDS ***
Mr10P: raises $3 to $6
hubschi: calls $3
*** FLOP *** [8c Ac 6c]
hubschi: checks
Mr10P: bets $3
hubschi: calls $3
*** TURN *** [8c Ac 6c] [Td]
hubschi: checks
Mr10P: bets $6
hubschi: raises $6 to $12
Mr10P: folds
Uncalled bet ($6) returned to hubschi
hubschi collected $29.50 from pot
hubschi: doesn't show hand
*** SUMMARY ***
Total pot $30 | Rake $0.50
Board [8c Ac 6c Td]
Seat 3: Mr10P (button) (small blind) folded on the Turn
Seat 5: hubschi (big blind) collected ($29.50)


PokerStars Hand #152581114811:  Hold'em Limit ($3/$6 USD) - 2016/04/28 17:00:07 ET
Table 'Potomac II' 6-max Seat #5 is the button
Seat 3: Mr10P ($82.80 in chips)
Seat 5: hubschi ($156.45 in chips)
hubschi: posts small blind $1
Mr10P: posts big blind $3
*** HOLE CARDS ***
msanyi joins the table at seat #4
hubschi: raises $3 to $6
Mr10P: folds
Uncalled bet ($3) returned to hubschi
hubschi collected $6 from pot
hubschi: doesn't show hand
*** SUMMARY ***
Total pot $6 | Rake $0
Seat 3: Mr10P (big blind) folded before Flop
Seat 5: hubschi (button) (small blind) collected ($6)


PokerStars Hand #152581264211:  Hold'em Limit ($3/$6 USD) - 2016/04/28 17:03:07 ET
Table 'Potomac II' 6-max Seat #3 is the button
Seat 3: Mr10P ($78.30 in chips)
Seat 5: hubschi ($134.14 in chips)
Mr10P: posts small blind $1
hubschi: posts big blind $3
*** HOLE CARDS ***
Mr10P: folds
Uncalled bet ($2) returned to hubschi
hubschi collected $2 from pot
hubschi: doesn't show hand
*** SUMMARY ***
Total pot $2 | Rake $0
Seat 3: Mr10P (button) (small blind) folded before Flop
Seat 5: hubschi (big blind) collected ($2)


PokerStars Hand #152581247631:  Hold'em Limit ($3/$6 USD) - 2016/04/28 17:02:48 ET
Table 'Potomac II' 6-max Seat #5 is the button
Seat 3: Mr10P ($48.80 in chips)
Seat 5: hubschi ($164.14 in chips)
hubschi: posts small blind $1
ValeryRon: is sitting out
Mr10P: posts big blind $3
*** HOLE CARDS ***
ValeryRon leaves the table
hubschi: raises $3 to $6
Mr10P: calls $3
*** FLOP *** [4h 7h 3c]
Mr10P: checks
hubschi: checks
*** TURN *** [4h 7h 3c] [Qs]
Mr10P: bets $6
hubschi: raises $6 to $12
Mr10P: raises $6 to $18
hubschi: calls $6
*** RIVER *** [4h 7h 3c Qs] [Jh]
Mr10P: bets $6
hubschi: calls $6
*** SHOW DOWN ***
Mr10P: shows [3d Qh] (two pair, Queens and Threes)
hubschi: mucks hand
Mr10P collected $59.50 from pot
*** SUMMARY ***
Total pot $60 | Rake $0.50
Board [4h 7h 3c Qs Jh]
Seat 3: Mr10P (big blind) showed [3d Qh] and won ($59.50) with two pair, Queens and Threes
Seat 5: hubschi (button) (small blind) mucked


PokerStars Hand #152581282792:  Hold'em Limit ($3/$6 USD) - 2016/04/28 17:03:27 ET
Table 'Potomac II' 6-max Seat #3 is the button
Seat 3: Mr10P ($83.06 in chips)
Seat 5: hubschi ($129.14 in chips)
Mr10P: posts small blind $1
hubschi: posts big blind $3
*** HOLE CARDS ***
Mr10P: raises $3 to $6
hubschi: folds
Uncalled bet ($3) returned to Mr10P
Mr10P collected $6 from pot
Mr10P: doesn't show hand
*** SUMMARY ***
Total pot $6 | Rake $0
Seat 3: Mr10P (button) (small blind) collected ($6)
Seat 5: hubschi (big blind) folded before Flop


PokerStars Hand #152581268338:  Hold'em Limit ($3/$6 USD) - 2016/04/28 17:03:11 ET
Table 'Potomac II' 6-max Seat #5 is the button
Seat 3: Mr10P ($77.30 in chips)
Seat 5: hubschi ($135.14 in chips)
hubschi: posts small blind $1
Mr10P: posts big blind $3
*** HOLE CARDS ***
hubschi: raises $3 to $6
Mr10P: calls $3
*** FLOP *** [6c Kc 9s]
voloda boris joins the table at seat #6
Mr10P: checks
hubschi: checks
*** TURN *** [6c Kc 9s] [3c]
ValeryRon joins the table at seat #1
Mr10P: checks
hubschi: checks
*** RIVER *** [6c Kc 9s 3c] [Jd]
Mr10P: bets $6
hubschi: folds
Uncalled bet ($6) returned to Mr10P
Mr10P collected $11.76 from pot
Mr10P: doesn't show hand
*** SUMMARY ***
Total pot $12 | Rake $0.24
Board [6c Kc 9s 3c Jd]
Seat 3: Mr10P (big blind) collected ($11.76)
Seat 5: hubschi (button) (small blind) folded on the River


PokerStars Hand #152582659481:  Hold'em Limit ($3/$6 USD) - 2016/04/28 17:29:31 ET
Table 'Potomac II' 6-max Seat #4 is the button
Seat 3: Mr10P ($176.72 in chips)
Seat 4: golas 1 ($652.37 in chips)
golas 1: posts small blind $1
Velbor107: is sitting out
Mr10P: posts big blind $3
*** HOLE CARDS ***
Velbor107 leaves the table
golas 1: folds
Uncalled bet ($2) returned to Mr10P
Mr10P collected $2 from pot
Mr10P: doesn't show hand
*** SUMMARY ***
Total pot $2 | Rake $0
Seat 3: Mr10P (big blind) collected ($2)
Seat 4: golas 1 (button) (small blind) folded before Flop


