PokerStars Hand #157505562012:  Hold'em Limit ($3/$6 USD) - 2016/08/20 6:34:24 ET
Table 'Potomac II' 6-max Seat #1 is the button
Seat 1: jiajia88 ($33.93 in chips)
Seat 4: VolkovDmitri ($125.76 in chips)
jiajia88: posts small blind $1
VolkovDmitri: posts big blind $3
*** HOLE CARDS ***
jiajia88: calls $2
VolkovDmitri: raises $3 to $6
jiajia88: calls $3
*** FLOP *** [6d 2h Ad]
VolkovDmitri: bets $3
jiajia88: folds
Uncalled bet ($3) returned to VolkovDmitri
VolkovDmitri collected $11.76 from pot
VolkovDmitri: doesn't show hand
*** SUMMARY ***
Total pot $12 | Rake $0.24
Board [6d 2h Ad]
Seat 1: jiajia88 (button) (small blind) folded on the Flop
Seat 4: VolkovDmitri (big blind) collected ($11.76)


PokerStars Hand #157505546967:  Hold'em Limit ($3/$6 USD) - 2016/08/20 6:33:46 ET
Table 'Potomac II' 6-max Seat #4 is the button
Seat 1: jiajia88 ($39.93 in chips)
Seat 4: VolkovDmitri ($120 in chips)
VolkovDmitri: posts small blind $1
jiajia88: posts big blind $3
*** HOLE CARDS ***
VolkovDmitri: raises $3 to $6
jiajia88: calls $3
*** FLOP *** [6s Kd 5d]
jiajia88: checks
VolkovDmitri: bets $3
jiajia88: folds
Uncalled bet ($3) returned to VolkovDmitri
VolkovDmitri collected $11.76 from pot
VolkovDmitri: doesn't show hand
*** SUMMARY ***
Total pot $12 | Rake $0.24
Board [6s Kd 5d]
Seat 1: jiajia88 (big blind) folded on the Flop
Seat 4: VolkovDmitri (button) (small blind) collected ($11.76)


PokerStars Hand #157505596578:  Hold'em Limit ($3/$6 USD) - 2016/08/20 6:35:50 ET
Table 'Potomac II' 6-max Seat #4 is the button
Seat 1: jiajia88 ($104.28 in chips)
Seat 4: VolkovDmitri ($158.79 in chips)
VolkovDmitri: posts small blind $1
jiajia88: posts big blind $3
*** HOLE CARDS ***
VolkovDmitri: raises $3 to $6
jiajia88: calls $3
*** FLOP *** [Kh Td Js]
jiajia88: checks
VolkovDmitri: bets $3
jiajia88: calls $3
*** TURN *** [Kh Td Js] [9d]
jiajia88: checks
VolkovDmitri: bets $6
jiajia88: folds
Uncalled bet ($6) returned to VolkovDmitri
VolkovDmitri collected $17.64 from pot
VolkovDmitri: doesn't show hand
*** SUMMARY ***
Total pot $18 | Rake $0.36
Board [Kh Td Js 9d]
Seat 1: jiajia88 (big blind) folded on the Turn
Seat 4: VolkovDmitri (button) (small blind) collected ($17.64)


PokerStars Hand #157505588167:  Hold'em Limit ($3/$6 USD) - 2016/08/20 6:35:29 ET
Table 'Potomac II' 6-max Seat #1 is the button
Seat 1: jiajia88 ($3.93 in chips)
Seat 4: VolkovDmitri ($155.02 in chips)
jiajia88: posts small blind $1
VolkovDmitri: posts big blind $3
*** HOLE CARDS ***
jiajia88: raises $0.93 to $3.93 and is all-in
VolkovDmitri: calls $0.93
*** FLOP *** [Qh 4d 7d]
*** TURN *** [Qh 4d 7d] [3s]
*** RIVER *** [Qh 4d 7d 3s] [5c]
*** SHOW DOWN ***
VolkovDmitri: shows [Th 3h] (a pair of Threes)
jiajia88: shows [Jc Ad] (high card Ace)
VolkovDmitri collected $7.70 from pot
*** SUMMARY ***
Total pot $7.86 | Rake $0.16
Board [Qh 4d 7d 3s 5c]
Seat 1: jiajia88 (button) (small blind) showed [Jc Ad] and lost with high card Ace
Seat 4: VolkovDmitri (big blind) showed [Th 3h] and won ($7.70) with a pair of Threes


PokerStars Hand #157505570385:  Hold'em Limit ($3/$6 USD) - 2016/08/20 6:34:45 ET
Table 'Potomac II' 6-max Seat #4 is the button
Seat 1: jiajia88 ($27.93 in chips)
Seat 4: VolkovDmitri ($131.52 in chips)
VolkovDmitri: posts small blind $1
jiajia88: posts big blind $3
*** HOLE CARDS ***
VolkovDmitri: raises $3 to $6
jiajia88: calls $3
*** FLOP *** [5d 3d Td]
jiajia88: checks
VolkovDmitri: bets $3
jiajia88: raises $3 to $6
VolkovDmitri: calls $3
*** TURN *** [5d 3d Td] [Th]
jiajia88: bets $6
VolkovDmitri: calls $6
*** RIVER *** [5d 3d Td Th] [7h]
jiajia88: bets $6
VolkovDmitri: calls $6
*** SHOW DOWN ***
jiajia88: shows [6s Jd] (a pair of Tens)
VolkovDmitri: shows [5h 9d] (two pair, Tens and Fives)
VolkovDmitri collected $47.50 from pot
*** SUMMARY ***
Total pot $48 | Rake $0.50
Board [5d 3d Td Th 7h]
Seat 1: jiajia88 (big blind) showed [6s Jd] and lost with a pair of Tens
Seat 4: VolkovDmitri (button) (small blind) showed [5h 9d] and won ($47.50) with two pair, Tens and Fives


PokerStars Hand #157505605509:  Hold'em Limit ($3/$6 USD) - 2016/08/20 6:36:12 ET
Table 'Potomac II' 6-max Seat #1 is the button
Seat 1: jiajia88 ($95.28 in chips)
Seat 4: VolkovDmitri ($167.43 in chips)
jiajia88: posts small blind $1
VolkovDmitri: posts big blind $3
*** HOLE CARDS ***
jiajia88: calls $2
VolkovDmitri: raises $3 to $6
jiajia88: calls $3
*** FLOP *** [Qd 9h 5d]
jiajia88 is disconnected
VolkovDmitri: bets $3
jiajia88 has timed out while disconnected
jiajia88: folds
Uncalled bet ($3) returned to VolkovDmitri
VolkovDmitri collected $11.76 from pot
VolkovDmitri: doesn't show hand
*** SUMMARY ***
Total pot $12 | Rake $0.24
Board [Qd 9h 5d]
Seat 1: jiajia88 (button) (small blind) folded on the Flop
Seat 4: VolkovDmitri (big blind) collected ($11.76)


