PokerStars Hand #155172693259:  Hold'em Limit ($3/$6 USD) - 2016/06/25 6:36:15 ET
Table 'Potomac II' 10-max Seat #5 is the button
Seat 5: simper11 ($121 in chips)
Seat 6: maksikavs ($122.73 in chips)
simper11: posts small blind $1
maksikavs: posts big blind $3
*** HOLE CARDS ***
simper11: raises $3 to $6
maksikavs: folds
Uncalled bet ($3) returned to simper11
simper11 collected $6 from pot
simper11: doesn't show hand
*** SUMMARY ***
Total pot $6 | Rake $0
Seat 5: simper11 (button) (small blind) collected ($6)
Seat 6: maksikavs (big blind) folded before Flop


PokerStars Hand #155172690989:  Hold'em Limit ($3/$6 USD) - 2016/06/25 6:36:09 ET
Table 'Potomac II' 10-max Seat #6 is the button
Seat 5: simper11 ($120 in chips)
Seat 6: maksikavs ($123.73 in chips)
maksikavs: posts small blind $1
simper11: posts big blind $3
*** HOLE CARDS ***
maksikavs: folds
Uncalled bet ($2) returned to simper11
simper11 collected $2 from pot
simper11: doesn't show hand
*** SUMMARY ***
Total pot $2 | Rake $0
Seat 5: simper11 (big blind) collected ($2)
Seat 6: maksikavs (button) (small blind) folded before Flop


PokerStars Hand #155172685513:  Hold'em Limit ($3/$6 USD) - 2016/06/25 6:35:56 ET
Table 'Potomac II' 10-max Seat #5 is the button
Seat 5: simper11 ($120 in chips)
Seat 6: maksikavs ($115.09 in chips)
simper11: posts small blind $1
maksikavs: posts big blind $3
*** HOLE CARDS ***
simper11: raises $3 to $6
maksikavs: calls $3
*** FLOP *** [9c Ts 2h]
maksikavs: checks
simper11: bets $3
maksikavs: calls $3
*** TURN *** [9c Ts 2h] [Qc]
maksikavs: checks
simper11: checks
*** RIVER *** [9c Ts 2h Qc] [2d]
maksikavs: bets $6
simper11: folds
Uncalled bet ($6) returned to maksikavs
maksikavs collected $17.64 from pot
maksikavs: doesn't show hand
*** SUMMARY ***
Total pot $18 | Rake $0.36
Board [9c Ts 2h Qc 2d]
Seat 5: simper11 (button) (small blind) folded on the River
Seat 6: maksikavs (big blind) collected ($17.64)


PokerStars Hand #155172679765:  Hold'em Limit ($3/$6 USD) - 2016/06/25 6:35:42 ET
Table 'Potomac II' 10-max Seat #6 is the button
Seat 5: simper11 ($120 in chips)
Seat 6: maksikavs ($97.59 in chips)
maksikavs: posts small blind $1
simper11: posts big blind $3
*** HOLE CARDS ***
maksikavs: raises $3 to $6
simper11: calls $3
*** FLOP *** [8s Kh As]
simper11: checks
maksikavs: bets $3
simper11: raises $3 to $6
maksikavs: calls $3
*** TURN *** [8s Kh As] [8h]
simper11: bets $6
maksikavs: calls $6
*** RIVER *** [8s Kh As 8h] [3d]
simper11: checks
maksikavs: checks
*** SHOW DOWN ***
simper11: shows [9c Th] (a pair of Eights)
maksikavs: shows [Kd Qh] (two pair, Kings and Eights)
maksikavs collected $35.50 from pot
*** SUMMARY ***
Total pot $36 | Rake $0.50
Board [8s Kh As 8h 3d]
Seat 5: simper11 (big blind) showed [9c Th] and lost with a pair of Eights
Seat 6: maksikavs (button) (small blind) showed [Kd Qh] and won ($35.50) with two pair, Kings and Eights


PokerStars Hand #155172719521:  Hold'em Limit ($3/$6 USD) - 2016/06/25 6:37:21 ET
Table 'Potomac II' 10-max Seat #5 is the button
Seat 5: simper11 ($136.50 in chips)
Seat 6: maksikavs ($122.99 in chips)
simper11: posts small blind $1
maksikavs: posts big blind $3
*** HOLE CARDS ***
simper11: raises $3 to $6
maksikavs: raises $3 to $9
simper11: calls $3
*** FLOP *** [Qc 2s 9h]
maksikavs: bets $3
simper11: folds
Uncalled bet ($3) returned to maksikavs
maksikavs collected $17.64 from pot
maksikavs: doesn't show hand
*** SUMMARY ***
Total pot $18 | Rake $0.36
Board [Qc 2s 9h]
Seat 5: simper11 (button) (small blind) folded on the Flop
Seat 6: maksikavs (big blind) collected ($17.64)


PokerStars Hand #155172717450:  Hold'em Limit ($3/$6 USD) - 2016/06/25 6:37:16 ET
Table 'Potomac II' 10-max Seat #6 is the button
Seat 5: simper11 ($135.50 in chips)
Seat 6: maksikavs ($123.99 in chips)
maksikavs: posts small blind $1
simper11: posts big blind $3
*** HOLE CARDS ***
maksikavs: folds
Uncalled bet ($2) returned to simper11
simper11 collected $2 from pot
simper11: doesn't show hand
*** SUMMARY ***
Total pot $2 | Rake $0
Seat 5: simper11 (big blind) collected ($2)
Seat 6: maksikavs (button) (small blind) folded before Flop


PokerStars Hand #155172712830:  Hold'em Limit ($3/$6 USD) - 2016/06/25 6:37:04 ET
Table 'Potomac II' 10-max Seat #5 is the button
Seat 5: simper11 ($141.50 in chips)
Seat 6: maksikavs ($118.23 in chips)
simper11: posts small blind $1
maksikavs: posts big blind $3
*** HOLE CARDS ***
simper11: raises $3 to $6
maksikavs: calls $3
*** FLOP *** [6s 4h Qs]
maksikavs: checks
simper11: checks
*** TURN *** [6s 4h Qs] [Tc]
maksikavs: bets $6
simper11: folds
Uncalled bet ($6) returned to maksikavs
maksikavs collected $11.76 from pot
maksikavs: doesn't show hand
*** SUMMARY ***
Total pot $12 | Rake $0.24
Board [6s 4h Qs Tc]
Seat 5: simper11 (button) (small blind) folded on the Turn
Seat 6: maksikavs (big blind) collected ($11.76)


PokerStars Hand #155172710750:  Hold'em Limit ($3/$6 USD) - 2016/06/25 6:36:59 ET
Table 'Potomac II' 10-max Seat #6 is the button
Seat 5: simper11 ($140.50 in chips)
Seat 6: maksikavs ($119.23 in chips)
maksikavs: posts small blind $1
simper11: posts big blind $3
*** HOLE CARDS ***
maksikavs: folds
Uncalled bet ($2) returned to simper11
simper11 collected $2 from pot
simper11: doesn't show hand
*** SUMMARY ***
Total pot $2 | Rake $0
Seat 5: simper11 (big blind) collected ($2)
Seat 6: maksikavs (button) (small blind) folded before Flop


PokerStars Hand #155172704481:  Hold'em Limit ($3/$6 USD) - 2016/06/25 6:36:43 ET
Table 'Potomac II' 10-max Seat #5 is the button
Seat 5: simper11 ($120 in chips)
Seat 6: maksikavs ($140.23 in chips)
simper11: posts small blind $1
maksikavs: posts big blind $3
*** HOLE CARDS ***
simper11: raises $3 to $6
maksikavs: calls $3
*** FLOP *** [Jc 5s 2s]
maksikavs: checks
simper11: bets $3
maksikavs: calls $3
*** TURN *** [Jc 5s 2s] [7s]
maksikavs: checks
simper11: bets $6
maksikavs: calls $6
*** RIVER *** [Jc 5s 2s 7s] [4h]
maksikavs: checks
simper11: bets $6
maksikavs: calls $6
*** SHOW DOWN ***
simper11: shows [Jh 8h] (a pair of Jacks)
maksikavs: mucks hand
simper11 collected $41.50 from pot
*** SUMMARY ***
Total pot $42 | Rake $0.50
Board [Jc 5s 2s 7s 4h]
Seat 5: simper11 (button) (small blind) showed [Jh 8h] and won ($41.50) with a pair of Jacks
Seat 6: maksikavs (big blind) mucked


PokerStars Hand #155172698144:  Hold'em Limit ($3/$6 USD) - 2016/06/25 6:36:28 ET
Table 'Potomac II' 10-max Seat #6 is the button
Seat 5: simper11 ($124 in chips)
Seat 6: maksikavs ($119.73 in chips)
maksikavs: posts small blind $1
simper11: posts big blind $3
*** HOLE CARDS ***
maksikavs: raises $3 to $6
simper11: calls $3
*** FLOP *** [Jd Js 8d]
simper11: checks
maksikavs: bets $3
simper11: calls $3
*** TURN *** [Jd Js 8d] [7d]
simper11: checks
maksikavs: bets $6
simper11: calls $6
*** RIVER *** [Jd Js 8d 7d] [6s]
simper11: checks
maksikavs: bets $6
simper11: calls $6
*** SHOW DOWN ***
maksikavs: shows [6d Ad] (a flush, Ace high)
simper11: mucks hand
maksikavs collected $41.50 from pot
*** SUMMARY ***
Total pot $42 | Rake $0.50
Board [Jd Js 8d 7d 6s]
Seat 5: simper11 (big blind) mucked
Seat 6: maksikavs (button) (small blind) showed [6d Ad] and won ($41.50) with a flush, Ace high


PokerStars Hand #155172723070:  Hold'em Limit ($3/$6 USD) - 2016/06/25 6:37:30 ET
Table 'Potomac II' 10-max Seat #6 is the button
Seat 5: simper11 ($127.50 in chips)
Seat 6: maksikavs ($131.63 in chips)
maksikavs: posts small blind $1
simper11: posts big blind $3
*** HOLE CARDS ***
maksikavs: raises $3 to $6
simper11: calls $3
*** FLOP *** [7d 3d 5h]
simper11: checks
maksikavs: checks
*** TURN *** [7d 3d 5h] [Tc]
simper11: bets $6
maksikavs: calls $6
*** RIVER *** [7d 3d 5h Tc] [4h]
simper11: bets $6
maksikavs: folds
Uncalled bet ($6) returned to simper11
simper11 collected $23.52 from pot
simper11: doesn't show hand
*** SUMMARY ***
Total pot $24 | Rake $0.48
Board [7d 3d 5h Tc 4h]
Seat 5: simper11 (big blind) collected ($23.52)
Seat 6: maksikavs (button) (small blind) folded on the River


PokerStars Hand #155172727933:  Hold'em Limit ($3/$6 USD) - 2016/06/25 6:37:42 ET
Table 'Potomac II' 10-max Seat #5 is the button
Seat 5: simper11 ($139.02 in chips)
Seat 6: maksikavs ($119.63 in chips)
simper11: posts small blind $1
maksikavs: posts big blind $3
*** HOLE CARDS ***
simper11: raises $3 to $6
maksikavs: raises $3 to $9
simper11: calls $3
*** FLOP *** [3c Ks Jh]
maksikavs: bets $3
simper11: calls $3
*** TURN *** [3c Ks Jh] [Tc]
maksikavs: bets $6
simper11: raises $6 to $12
maksikavs: calls $6
*** RIVER *** [3c Ks Jh Tc] [Kh]
maksikavs: checks
simper11: bets $6
maksikavs: folds
Uncalled bet ($6) returned to simper11
simper11 collected $47.50 from pot
simper11: doesn't show hand
*** SUMMARY ***
Total pot $48 | Rake $0.50
Board [3c Ks Jh Tc Kh]
Seat 5: simper11 (button) (small blind) collected ($47.50)
Seat 6: maksikavs (big blind) folded on the River


PokerStars Hand #155172815060:  Hold'em Limit ($3/$6 USD) - 2016/06/25 6:41:20 ET
Table 'Potomac II' 10-max Seat #6 is the button
Seat 5: simper11 ($187.05 in chips)
Seat 6: maksikavs ($66.78 in chips)
maksikavs: posts small blind $1
simper11: posts big blind $3
*** HOLE CARDS ***
maksikavs: raises $3 to $6
simper11: calls $3
*** FLOP *** [Ks 8d 4h]
simper11: checks
maksikavs: bets $3
simper11: folds
Uncalled bet ($3) returned to maksikavs
maksikavs collected $11.76 from pot
maksikavs: doesn't show hand
*** SUMMARY ***
Total pot $12 | Rake $0.24
Board [Ks 8d 4h]
Seat 5: simper11 (big blind) folded on the Flop
Seat 6: maksikavs (button) (small blind) collected ($11.76)


PokerStars Hand #155172809291:  Hold'em Limit ($3/$6 USD) - 2016/06/25 6:41:06 ET
Table 'Potomac II' 10-max Seat #5 is the button
Seat 5: simper11 ($163.55 in chips)
Seat 6: maksikavs ($90.78 in chips)
simper11: posts small blind $1
maksikavs: posts big blind $3
*** HOLE CARDS ***
simper11: raises $3 to $6
maksikavs: raises $3 to $9
simper11: calls $3
*** FLOP *** [Ts 3h Qh]
maksikavs: bets $3
simper11: calls $3
*** TURN *** [Ts 3h Qh] [Ah]
maksikavs: bets $6
simper11: calls $6
*** RIVER *** [Ts 3h Qh Ah] [5c]
maksikavs: bets $6
simper11: calls $6
*** SHOW DOWN ***
maksikavs: shows [9c Tc] (a pair of Tens)
simper11: shows [8c Ad] (a pair of Aces)
simper11 collected $47.50 from pot
*** SUMMARY ***
Total pot $48 | Rake $0.50
Board [Ts 3h Qh Ah 5c]
Seat 5: simper11 (button) (small blind) showed [8c Ad] and won ($47.50) with a pair of Aces
Seat 6: maksikavs (big blind) showed [9c Tc] and lost with a pair of Tens


PokerStars Hand #155172802747:  Hold'em Limit ($3/$6 USD) - 2016/06/25 6:40:50 ET
Table 'Potomac II' 10-max Seat #6 is the button
Seat 5: simper11 ($163.80 in chips)
Seat 6: maksikavs ($91.03 in chips)
maksikavs: posts small blind $1
simper11: posts big blind $3
*** HOLE CARDS ***
maksikavs: raises $3 to $6
simper11: calls $3
*** FLOP *** [9h 5s Qc]
simper11: checks
maksikavs: bets $3
simper11: raises $3 to $6
maksikavs: calls $3
*** TURN *** [9h 5s Qc] [6c]
simper11: bets $6
maksikavs: calls $6
*** RIVER *** [9h 5s Qc 6c] [8d]
simper11: bets $6
maksikavs: raises $6 to $12
simper11: calls $6
*** SHOW DOWN ***
maksikavs: shows [7h 6h] (a straight, Five to Nine)
simper11: shows [Qd 7c] (a straight, Five to Nine)
simper11 collected $29.75 from pot
maksikavs collected $29.75 from pot
*** SUMMARY ***
Total pot $60 | Rake $0.50
Board [9h 5s Qc 6c 8d]
Seat 5: simper11 (big blind) showed [Qd 7c] and won ($29.75) with a straight, Five to Nine
Seat 6: maksikavs (button) (small blind) showed [7h 6h] and won ($29.75) with a straight, Five to Nine


PokerStars Hand #155172793228:  Hold'em Limit ($3/$6 USD) - 2016/06/25 6:40:26 ET
Table 'Potomac II' 10-max Seat #5 is the button
Seat 5: simper11 ($143.30 in chips)
Seat 6: maksikavs ($112.03 in chips)
simper11: posts small blind $1
maksikavs: posts big blind $3
*** HOLE CARDS ***
simper11: raises $3 to $6
maksikavs: calls $3
*** FLOP *** [Kc 7h 9s]
maksikavs: checks
simper11: bets $3
maksikavs: calls $3
*** TURN *** [Kc 7h 9s] [3s]
maksikavs: checks
simper11: bets $6
maksikavs: calls $6
*** RIVER *** [Kc 7h 9s 3s] [Qc]
maksikavs: checks
simper11: bets $6
maksikavs: calls $6
*** SHOW DOWN ***
simper11: shows [6s Kd] (a pair of Kings)
maksikavs: mucks hand
simper11 collected $41.50 from pot
*** SUMMARY ***
Total pot $42 | Rake $0.50
Board [Kc 7h 9s 3s Qc]
Seat 5: simper11 (button) (small blind) showed [6s Kd] and won ($41.50) with a pair of Kings
Seat 6: maksikavs (big blind) mucked


PokerStars Hand #155172791091:  Hold'em Limit ($3/$6 USD) - 2016/06/25 6:40:20 ET
Table 'Potomac II' 10-max Seat #6 is the button
Seat 5: simper11 ($142.30 in chips)
Seat 6: maksikavs ($113.03 in chips)
maksikavs: posts small blind $1
simper11: posts big blind $3
*** HOLE CARDS ***
maksikavs: folds
Uncalled bet ($2) returned to simper11
simper11 said, "lol"
simper11 collected $2 from pot
simper11: doesn't show hand
*** SUMMARY ***
Total pot $2 | Rake $0
Seat 5: simper11 (big blind) collected ($2)
Seat 6: maksikavs (button) (small blind) folded before Flop


PokerStars Hand #155172784918:  Hold'em Limit ($3/$6 USD) - 2016/06/25 6:40:05 ET
Table 'Potomac II' 10-max Seat #5 is the button
Seat 5: simper11 ($172.30 in chips)
Seat 6: maksikavs ($83.53 in chips)
simper11: posts small blind $1
maksikavs: posts big blind $3
*** HOLE CARDS ***
simper11: raises $3 to $6
maksikavs: raises $3 to $9
simper11: calls $3
*** FLOP *** [7c 3h Js]
maksikavs: bets $3
simper11: calls $3
*** TURN *** [7c 3h Js] [5c]
maksikavs: bets $6
simper11: raises $6 to $12
maksikavs: calls $6
*** RIVER *** [7c 3h Js 5c] [Jh]
maksikavs: checks
simper11: bets $6
maksikavs: calls $6
*** SHOW DOWN ***
simper11: shows [8d 6h] (a pair of Jacks)
maksikavs: shows [Qd Ks] (a pair of Jacks - King kicker)
maksikavs collected $59.50 from pot
*** SUMMARY ***
Total pot $60 | Rake $0.50
Board [7c 3h Js 5c Jh]
Seat 5: simper11 (button) (small blind) showed [8d 6h] and lost with a pair of Jacks
Seat 6: maksikavs (big blind) showed [Qd Ks] and won ($59.50) with a pair of Jacks


PokerStars Hand #155172781028:  Hold'em Limit ($3/$6 USD) - 2016/06/25 6:39:55 ET
Table 'Potomac II' 10-max Seat #6 is the button
Seat 5: simper11 ($178.30 in chips)
Seat 6: maksikavs ($77.77 in chips)
maksikavs: posts small blind $1
simper11: posts big blind $3
*** HOLE CARDS ***
maksikavs: raises $3 to $6
simper11: calls $3
*** FLOP *** [Kc 8s 2c]
simper11: checks
maksikavs: bets $3
simper11: folds
Uncalled bet ($3) returned to maksikavs
maksikavs collected $11.76 from pot
maksikavs: doesn't show hand
*** SUMMARY ***
Total pot $12 | Rake $0.24
Board [Kc 8s 2c]
Seat 5: simper11 (big blind) folded on the Flop
Seat 6: maksikavs (button) (small blind) collected ($11.76)


PokerStars Hand #155172771061:  Hold'em Limit ($3/$6 USD) - 2016/06/25 6:39:30 ET
Table 'Potomac II' 10-max Seat #5 is the button
Seat 5: simper11 ($169.66 in chips)
Seat 6: maksikavs ($86.77 in chips)
simper11: posts small blind $1
maksikavs: posts big blind $3
*** HOLE CARDS ***
simper11: raises $3 to $6
maksikavs: calls $3
*** FLOP *** [Kh 8d 2c]
maksikavs: checks
simper11: bets $3
maksikavs: calls $3
*** TURN *** [Kh 8d 2c] [6s]
maksikavs: checks
simper11: checks
*** RIVER *** [Kh 8d 2c 6s] [Td]
maksikavs: checks
simper11: bets $6
maksikavs: folds
Uncalled bet ($6) returned to simper11
simper11 collected $17.64 from pot
simper11: doesn't show hand
*** SUMMARY ***
Total pot $18 | Rake $0.36
Board [Kh 8d 2c 6s Td]
Seat 5: simper11 (button) (small blind) collected ($17.64)
Seat 6: maksikavs (big blind) folded on the River


PokerStars Hand #155172818534:  Hold'em Limit ($3/$6 USD) - 2016/06/25 6:41:29 ET
Table 'Potomac II' 10-max Seat #5 is the button
Seat 5: simper11 ($181.05 in chips)
Seat 6: maksikavs ($72.54 in chips)
simper11: posts small blind $1
maksikavs: posts big blind $3
*** HOLE CARDS ***
simper11: folds
Uncalled bet ($2) returned to maksikavs
maksikavs collected $2 from pot
maksikavs: doesn't show hand
*** SUMMARY ***
Total pot $2 | Rake $0
Seat 5: simper11 (button) (small blind) folded before Flop
Seat 6: maksikavs (big blind) collected ($2)


PokerStars Hand #155172851521:  Hold'em Limit ($3/$6 USD) - 2016/06/25 6:42:51 ET
Table 'Potomac II' 10-max Seat #5 is the button
Seat 5: simper11 ($165.31 in chips)
Seat 6: maksikavs ($86.30 in chips)
simper11: posts small blind $1
maksikavs: posts big blind $3
*** HOLE CARDS ***
simper11: raises $3 to $6
maksikavs: raises $3 to $9
simper11: calls $3
*** FLOP *** [8c Tc 3c]
maksikavs: bets $3
simper11: calls $3
*** TURN *** [8c Tc 3c] [Jc]
maksikavs: checks
simper11: checks
*** RIVER *** [8c Tc 3c Jc] [7d]
maksikavs: bets $6
simper11: folds
Uncalled bet ($6) returned to maksikavs
maksikavs collected $23.52 from pot
maksikavs: doesn't show hand
*** SUMMARY ***
Total pot $24 | Rake $0.48
Board [8c Tc 3c Jc 7d]
Seat 5: simper11 (button) (small blind) folded on the River
Seat 6: maksikavs (big blind) collected ($23.52)


PokerStars Hand #155172858311:  Hold'em Limit ($3/$6 USD) - 2016/06/25 6:43:08 ET
Table 'Potomac II' 10-max Seat #6 is the button
Seat 5: simper11 ($153.31 in chips)
Seat 6: maksikavs ($97.82 in chips)
maksikavs: posts small blind $1
simper11: posts big blind $3
*** HOLE CARDS ***
maksikavs: folds
Uncalled bet ($2) returned to simper11
simper11 collected $2 from pot
simper11: doesn't show hand
*** SUMMARY ***
Total pot $2 | Rake $0
Seat 5: simper11 (big blind) collected ($2)
Seat 6: maksikavs (button) (small blind) folded before Flop


PokerStars Hand #155172860232:  Hold'em Limit ($3/$6 USD) - 2016/06/25 6:43:13 ET
Table 'Potomac II' 10-max Seat #5 is the button
Seat 5: simper11 ($154.31 in chips)
Seat 6: maksikavs ($96.82 in chips)
simper11: posts small blind $1
maksikavs: posts big blind $3
*** HOLE CARDS ***
simper11: raises $3 to $6
maksikavs: calls $3
*** FLOP *** [8s 7h Kh]
maksikavs: checks
simper11: bets $3
maksikavs: calls $3
*** TURN *** [8s 7h Kh] [7s]
maksikavs: checks
simper11: checks
*** RIVER *** [8s 7h Kh 7s] [5h]
maksikavs: bets $6
simper11: calls $6
*** SHOW DOWN ***
maksikavs: shows [Td 5c] (two pair, Sevens and Fives)
simper11: shows [3c Ks] (two pair, Kings and Sevens)
simper11 collected $29.50 from pot
*** SUMMARY ***
Total pot $30 | Rake $0.50
Board [8s 7h Kh 7s 5h]
Seat 5: simper11 (button) (small blind) showed [3c Ks] and won ($29.50) with two pair, Kings and Sevens
Seat 6: maksikavs (big blind) showed [Td 5c] and lost with two pair, Sevens and Fives


PokerStars Hand #155172866160:  Hold'em Limit ($3/$6 USD) - 2016/06/25 6:43:27 ET
Table 'Potomac II' 10-max Seat #6 is the button
Seat 5: simper11 ($168.81 in chips)
Seat 6: maksikavs ($81.82 in chips)
maksikavs: posts small blind $1
simper11: posts big blind $3
*** HOLE CARDS ***
maksikavs: raises $3 to $6
simper11: calls $3
*** FLOP *** [8d Qc Jh]
simper11: checks
maksikavs: checks
*** TURN *** [8d Qc Jh] [Jd]
simper11: bets $6
maksikavs: calls $6
*** RIVER *** [8d Qc Jh Jd] [5h]
simper11: bets $6
maksikavs: calls $6
*** SHOW DOWN ***
simper11: shows [8s 5d] (two pair, Jacks and Eights)
maksikavs: mucks hand
simper11 collected $35.50 from pot
*** SUMMARY ***
Total pot $36 | Rake $0.50
Board [8d Qc Jh Jd 5h]
Seat 5: simper11 (big blind) showed [8s 5d] and won ($35.50) with two pair, Jacks and Eights
Seat 6: maksikavs (button) (small blind) mucked


PokerStars Hand #155172873148:  Hold'em Limit ($3/$6 USD) - 2016/06/25 6:43:44 ET
Table 'Potomac II' 10-max Seat #6 is the button
Seat 5: simper11 ($185.31 in chips)
Seat 6: maksikavs ($64.82 in chips)
maksikavs: posts small blind $1
simper11: posts big blind $3
*** HOLE CARDS ***
maksikavs: raises $3 to $6
simper11: folds
Uncalled bet ($3) returned to maksikavs
maksikavs collected $6 from pot
maksikavs: doesn't show hand
*** SUMMARY ***
Total pot $6 | Rake $0
Seat 5: simper11 (big blind) folded before Flop
Seat 6: maksikavs (button) (small blind) collected ($6)


PokerStars Hand #155172871239:  Hold'em Limit ($3/$6 USD) - 2016/06/25 6:43:40 ET
Table 'Potomac II' 10-max Seat #5 is the button
Seat 5: simper11 ($186.31 in chips)
Seat 6: maksikavs ($63.82 in chips)
simper11: posts small blind $1
maksikavs: posts big blind $3
*** HOLE CARDS ***
simper11: folds
Uncalled bet ($2) returned to maksikavs
maksikavs collected $2 from pot
maksikavs: doesn't show hand
*** SUMMARY ***
Total pot $2 | Rake $0
Seat 5: simper11 (button) (small blind) folded before Flop
Seat 6: maksikavs (big blind) collected ($2)


PokerStars Hand #155172877031:  Hold'em Limit ($3/$6 USD) - 2016/06/25 6:43:54 ET
Table 'Potomac II' 10-max Seat #6 is the button
Seat 5: simper11 ($181.31 in chips)
Seat 6: maksikavs ($68.82 in chips)
maksikavs: posts small blind $1
simper11: posts big blind $3
*** HOLE CARDS ***
maksikavs: raises $3 to $6
simper11: folds
Uncalled bet ($3) returned to maksikavs
maksikavs collected $6 from pot
maksikavs: doesn't show hand
*** SUMMARY ***
Total pot $6 | Rake $0
Seat 5: simper11 (big blind) folded before Flop
Seat 6: maksikavs (button) (small blind) collected ($6)


PokerStars Hand #155172875181:  Hold'em Limit ($3/$6 USD) - 2016/06/25 6:43:49 ET
Table 'Potomac II' 10-max Seat #5 is the button
Seat 5: simper11 ($182.31 in chips)
Seat 6: maksikavs ($67.82 in chips)
simper11: posts small blind $1
maksikavs: posts big blind $3
*** HOLE CARDS ***
simper11: folds
Uncalled bet ($2) returned to maksikavs
maksikavs collected $2 from pot
maksikavs: doesn't show hand
*** SUMMARY ***
Total pot $2 | Rake $0
Seat 5: simper11 (button) (small blind) folded before Flop
Seat 6: maksikavs (big blind) collected ($2)


PokerStars Hand #155172879447:  Hold'em Limit ($3/$6 USD) - 2016/06/25 6:44:00 ET
Table 'Potomac II' 10-max Seat #5 is the button
Seat 5: simper11 ($178.31 in chips)
Seat 6: maksikavs ($71.82 in chips)
simper11: posts small blind $1
maksikavs: posts big blind $3
*** HOLE CARDS ***
simper11: raises $3 to $6
maksikavs: calls $3
*** FLOP *** [2d 8h Js]
maksikavs: checks
simper11: bets $3
maksikavs: calls $3
*** TURN *** [2d 8h Js] [Td]
maksikavs: checks
simper11: bets $6
maksikavs: raises $6 to $12
simper11: folds
Uncalled bet ($6) returned to maksikavs
maksikavs collected $29.50 from pot
maksikavs: doesn't show hand
*** SUMMARY ***
Total pot $30 | Rake $0.50
Board [2d 8h Js Td]
Seat 5: simper11 (button) (small blind) folded on the Turn
Seat 6: maksikavs (big blind) collected ($29.50)


PokerStars Hand #155172884286:  Hold'em Limit ($3/$6 USD) - 2016/06/25 6:44:12 ET
Table 'Potomac II' 10-max Seat #6 is the button
Seat 5: simper11 ($163.31 in chips)
Seat 6: maksikavs ($86.32 in chips)
maksikavs: posts small blind $1
simper11: posts big blind $3
*** HOLE CARDS ***
maksikavs: raises $3 to $6
simper11: folds
Uncalled bet ($3) returned to maksikavs
maksikavs collected $6 from pot
maksikavs: doesn't show hand
*** SUMMARY ***
Total pot $6 | Rake $0
Seat 5: simper11 (big blind) folded before Flop
Seat 6: maksikavs (button) (small blind) collected ($6)


PokerStars Hand #155172825559:  Hold'em Limit ($3/$6 USD) - 2016/06/25 6:41:47 ET
Table 'Potomac II' 10-max Seat #5 is the button
Seat 5: simper11 ($185.81 in chips)
Seat 6: maksikavs ($67.54 in chips)
simper11: posts small blind $1
maksikavs: posts big blind $3
*** HOLE CARDS ***
simper11: raises $3 to $6
maksikavs: folds
Uncalled bet ($3) returned to simper11
simper11 collected $6 from pot
simper11: doesn't show hand
*** SUMMARY ***
Total pot $6 | Rake $0
Seat 5: simper11 (button) (small blind) collected ($6)
Seat 6: maksikavs (big blind) folded before Flop


PokerStars Hand #155172820457:  Hold'em Limit ($3/$6 USD) - 2016/06/25 6:41:34 ET
Table 'Potomac II' 10-max Seat #6 is the button
Seat 5: simper11 ($180.05 in chips)
Seat 6: maksikavs ($73.54 in chips)
maksikavs: posts small blind $1
simper11: posts big blind $3
*** HOLE CARDS ***
maksikavs: raises $3 to $6
simper11: calls $3
*** FLOP *** [9s Qc 3s]
simper11: checks
maksikavs: checks
*** TURN *** [9s Qc 3s] [2c]
simper11: checks
maksikavs: checks
*** RIVER *** [9s Qc 3s 2c] [8c]
simper11: bets $6
maksikavs: folds
Uncalled bet ($6) returned to simper11
simper11 collected $11.76 from pot
simper11: doesn't show hand
*** SUMMARY ***
Total pot $12 | Rake $0.24
Board [9s Qc 3s 2c 8c]
Seat 5: simper11 (big blind) collected ($11.76)
Seat 6: maksikavs (button) (small blind) folded on the River


PokerStars Hand #155172827956:  Hold'em Limit ($3/$6 USD) - 2016/06/25 6:41:53 ET
Table 'Potomac II' 10-max Seat #6 is the button
Seat 5: simper11 ($188.81 in chips)
Seat 6: maksikavs ($64.54 in chips)
maksikavs: posts small blind $1
simper11: posts big blind $3
*** HOLE CARDS ***
maksikavs: raises $3 to $6
simper11: calls $3
*** FLOP *** [Ah 9h 3d]
simper11: checks
maksikavs: bets $3
simper11: folds
Uncalled bet ($3) returned to maksikavs
maksikavs collected $11.76 from pot
maksikavs: doesn't show hand
*** SUMMARY ***
Total pot $12 | Rake $0.24
Board [Ah 9h 3d]
Seat 5: simper11 (big blind) folded on the Flop
Seat 6: maksikavs (button) (small blind) collected ($11.76)


PokerStars Hand #155172836997:  Hold'em Limit ($3/$6 USD) - 2016/06/25 6:42:15 ET
Table 'Potomac II' 10-max Seat #6 is the button
Seat 5: simper11 ($167.81 in chips)
Seat 6: maksikavs ($84.80 in chips)
maksikavs: posts small blind $1
simper11: posts big blind $3
*** HOLE CARDS ***
maksikavs: folds
Uncalled bet ($2) returned to simper11
simper11 collected $2 from pot
simper11: doesn't show hand
*** SUMMARY ***
Total pot $2 | Rake $0
Seat 5: simper11 (big blind) collected ($2)
Seat 6: maksikavs (button) (small blind) folded before Flop


PokerStars Hand #155172831491:  Hold'em Limit ($3/$6 USD) - 2016/06/25 6:42:01 ET
Table 'Potomac II' 10-max Seat #5 is the button
Seat 5: simper11 ($182.81 in chips)
Seat 6: maksikavs ($70.30 in chips)
simper11: posts small blind $1
maksikavs: posts big blind $3
*** HOLE CARDS ***
simper11: raises $3 to $6
maksikavs: calls $3
*** FLOP *** [9s Kc Qs]
maksikavs: checks
simper11: bets $3
maksikavs: calls $3
*** TURN *** [9s Kc Qs] [8c]
maksikavs: checks
simper11: checks
*** RIVER *** [9s Kc Qs 8c] [3d]
maksikavs: bets $6
simper11: calls $6
*** SHOW DOWN ***
maksikavs: shows [Ks 3h] (two pair, Kings and Threes)
simper11: mucks hand
maksikavs collected $29.50 from pot
*** SUMMARY ***
Total pot $30 | Rake $0.50
Board [9s Kc Qs 8c 3d]
Seat 5: simper11 (button) (small blind) mucked
Seat 6: maksikavs (big blind) showed [Ks 3h] and won ($29.50) with two pair, Kings and Threes


