PokerStars Hand #149306356890:  Hold'em Limit ($3/$6 USD) - 2016/02/23 16:27:34 ET
Table 'Praecipua' 6-max Seat #1 is the button
Seat 1: Fibonachy ($108.52 in chips)
Seat 4: AzureCaper ($82.26 in chips)
Fibonachy: posts small blind $1
AzureCaper: posts big blind $3
*** HOLE CARDS ***
Fibonachy: raises $3 to $6
AzureCaper: folds
Uncalled bet ($3) returned to Fibonachy
Fibonachy collected $6 from pot
Fibonachy: doesn't show hand
*** SUMMARY ***
Total pot $6 | Rake $0
Seat 1: Fibonachy (button) (small blind) collected ($6)
Seat 4: AzureCaper (big blind) folded before Flop


PokerStars Hand #149306350127:  Hold'em Limit ($3/$6 USD) - 2016/02/23 16:27:25 ET
Table 'Praecipua' 6-max Seat #4 is the button
Seat 1: Fibonachy ($107.52 in chips)
Seat 4: AzureCaper ($83.26 in chips)
AzureCaper: posts small blind $1
Fibonachy: posts big blind $3
*** HOLE CARDS ***
AzureCaper: folds
Uncalled bet ($2) returned to Fibonachy
Fibonachy collected $2 from pot
Fibonachy: doesn't show hand
*** SUMMARY ***
Total pot $2 | Rake $0
Seat 1: Fibonachy (big blind) collected ($2)
Seat 4: AzureCaper (button) (small blind) folded before Flop


PokerStars Hand #149306339085:  Hold'em Limit ($3/$6 USD) - 2016/02/23 16:27:09 ET
Table 'Praecipua' 6-max Seat #1 is the button
Seat 1: Fibonachy ($113.52 in chips)
Seat 4: AzureCaper ($77.50 in chips)
Fibonachy: posts small blind $1
AzureCaper: posts big blind $3
*** HOLE CARDS ***
Fibonachy: raises $3 to $6
AzureCaper: calls $3
*** FLOP *** [3c 7c 5s]
AzureCaper: checks
Fibonachy: checks
*** TURN *** [3c 7c 5s] [4h]
AzureCaper: bets $6
Fibonachy: folds
Uncalled bet ($6) returned to AzureCaper
AzureCaper collected $11.76 from pot
AzureCaper: doesn't show hand
*** SUMMARY ***
Total pot $12 | Rake $0.24
Board [3c 7c 5s 4h]
Seat 1: Fibonachy (button) (small blind) folded on the Turn
Seat 4: AzureCaper (big blind) collected ($11.76)


PokerStars Hand #149306400642:  Hold'em Limit ($3/$6 USD) - 2016/02/23 16:28:37 ET
Table 'Praecipua' 6-max Seat #4 is the button
Seat 1: Fibonachy ($96.16 in chips)
Seat 4: AzureCaper ($93.76 in chips)
AzureCaper: posts small blind $1
Fibonachy: posts big blind $3
*** HOLE CARDS ***
AzureCaper: folds
Uncalled bet ($2) returned to Fibonachy
Fibonachy collected $2 from pot
Fibonachy: doesn't show hand
*** SUMMARY ***
Total pot $2 | Rake $0
Seat 1: Fibonachy (big blind) collected ($2)
Seat 4: AzureCaper (button) (small blind) folded before Flop


PokerStars Hand #149306397160:  Hold'em Limit ($3/$6 USD) - 2016/02/23 16:28:32 ET
Table 'Praecipua' 6-max Seat #1 is the button
Seat 1: Fibonachy ($97.16 in chips)
Seat 4: AzureCaper ($92.76 in chips)
Fibonachy: posts small blind $1
AzureCaper: posts big blind $3
*** HOLE CARDS ***
Fibonachy: folds
Uncalled bet ($2) returned to AzureCaper
AzureCaper collected $2 from pot
AzureCaper: doesn't show hand
*** SUMMARY ***
Total pot $2 | Rake $0
Seat 1: Fibonachy (button) (small blind) folded before Flop
Seat 4: AzureCaper (big blind) collected ($2)


PokerStars Hand #149306393977:  Hold'em Limit ($3/$6 USD) - 2016/02/23 16:28:27 ET
Table 'Praecipua' 6-max Seat #4 is the button
Seat 1: Fibonachy ($96.16 in chips)
Seat 4: AzureCaper ($93.76 in chips)
AzureCaper: posts small blind $1
Fibonachy: posts big blind $3
*** HOLE CARDS ***
AzureCaper: folds
Uncalled bet ($2) returned to Fibonachy
Fibonachy collected $2 from pot
Fibonachy: doesn't show hand
*** SUMMARY ***
Total pot $2 | Rake $0
Seat 1: Fibonachy (big blind) collected ($2)
Seat 4: AzureCaper (button) (small blind) folded before Flop


PokerStars Hand #149306379500:  Hold'em Limit ($3/$6 USD) - 2016/02/23 16:28:07 ET
Table 'Praecipua' 6-max Seat #1 is the button
Seat 1: Fibonachy ($87.52 in chips)
Seat 4: AzureCaper ($102.76 in chips)
Fibonachy: posts small blind $1
AzureCaper: posts big blind $3
*** HOLE CARDS ***
Fibonachy: raises $3 to $6
AzureCaper: calls $3
*** FLOP *** [Qs Js Kd]
AzureCaper: checks
Fibonachy: bets $3
AzureCaper: calls $3
*** TURN *** [Qs Js Kd] [5d]
AzureCaper: checks
Fibonachy: checks
*** RIVER *** [Qs Js Kd 5d] [Ts]
AzureCaper: checks
Fibonachy: bets $6
AzureCaper: folds
Uncalled bet ($6) returned to Fibonachy
Fibonachy collected $17.64 from pot
Fibonachy: doesn't show hand
*** SUMMARY ***
Total pot $18 | Rake $0.36
Board [Qs Js Kd 5d Ts]
Seat 1: Fibonachy (button) (small blind) collected ($17.64)
Seat 4: AzureCaper (big blind) folded on the River


PokerStars Hand #149306366318:  Hold'em Limit ($3/$6 USD) - 2016/02/23 16:27:48 ET
Table 'Praecipua' 6-max Seat #4 is the button
Seat 1: Fibonachy ($111.52 in chips)
Seat 4: AzureCaper ($79.26 in chips)
AzureCaper: posts small blind $1
Fibonachy: posts big blind $3
*** HOLE CARDS ***
AzureCaper: raises $3 to $6
Fibonachy: calls $3
*** FLOP *** [2s 5c 5h]
Fibonachy: checks
AzureCaper: bets $3
Fibonachy: raises $3 to $6
AzureCaper: calls $3
*** TURN *** [2s 5c 5h] [Tc]
Fibonachy: bets $6
AzureCaper: calls $6
*** RIVER *** [2s 5c 5h Tc] [6s]
Fibonachy: bets $6
AzureCaper: calls $6
*** SHOW DOWN ***
Fibonachy: shows [Kd 3c] (a pair of Fives)
AzureCaper: shows [Ts 4s] (two pair, Tens and Fives)
AzureCaper collected $47.50 from pot
*** SUMMARY ***
Total pot $48 | Rake $0.50
Board [2s 5c 5h Tc 6s]
Seat 1: Fibonachy (big blind) showed [Kd 3c] and lost with a pair of Fives
Seat 4: AzureCaper (button) (small blind) showed [Ts 4s] and won ($47.50) with two pair, Tens and Fives


PokerStars Hand #149306439420:  Hold'em Limit ($3/$6 USD) - 2016/02/23 16:29:33 ET
Table 'Praecipua' 6-max Seat #1 is the button
Seat 1: Fibonachy ($87.80 in chips)
Seat 4: AzureCaper ($101.02 in chips)
Fibonachy: posts small blind $1
AzureCaper: posts big blind $3
*** HOLE CARDS ***
Fibonachy: raises $3 to $6
AzureCaper: calls $3
*** FLOP *** [Th 6c 7c]
AzureCaper: bets $3
Fibonachy: calls $3
*** TURN *** [Th 6c 7c] [4d]
AzureCaper: bets $6
Fibonachy: calls $6
*** RIVER *** [Th 6c 7c 4d] [Qd]
AzureCaper: bets $6
Fibonachy: folds
Uncalled bet ($6) returned to AzureCaper
AzureCaper collected $29.50 from pot
AzureCaper: doesn't show hand
*** SUMMARY ***
Total pot $30 | Rake $0.50
Board [Th 6c 7c 4d Qd]
Seat 1: Fibonachy (button) (small blind) folded on the River
Seat 4: AzureCaper (big blind) collected ($29.50)


PokerStars Hand #149306426645:  Hold'em Limit ($3/$6 USD) - 2016/02/23 16:29:14 ET
Table 'Praecipua' 6-max Seat #4 is the button
Seat 1: Fibonachy ($102.80 in chips)
Seat 4: AzureCaper ($86.52 in chips)
AzureCaper: posts small blind $1
Fibonachy: posts big blind $3
*** HOLE CARDS ***
AzureCaper: raises $3 to $6
Fibonachy: calls $3
*** FLOP *** [3s 6c 3c]
Fibonachy: checks
AzureCaper: bets $3
Fibonachy: calls $3
*** TURN *** [3s 6c 3c] [Qc]
Fibonachy: checks
AzureCaper: bets $6
Fibonachy: calls $6
*** RIVER *** [3s 6c 3c Qc] [2d]
Fibonachy: checks
AzureCaper: checks
*** SHOW DOWN ***
Fibonachy: shows [Kc 7d] (a pair of Threes)
AzureCaper: shows [Kd 8s] (a pair of Threes - King+Queen+Eight kicker)
AzureCaper collected $29.50 from pot
*** SUMMARY ***
Total pot $30 | Rake $0.50
Board [3s 6c 3c Qc 2d]
Seat 1: Fibonachy (big blind) showed [Kc 7d] and lost with a pair of Threes
Seat 4: AzureCaper (button) (small blind) showed [Kd 8s] and won ($29.50) with a pair of Threes


PokerStars Hand #149306419597:  Hold'em Limit ($3/$6 USD) - 2016/02/23 16:29:04 ET
Table 'Praecipua' 6-max Seat #1 is the button
Seat 1: Fibonachy ($99.80 in chips)
Seat 4: AzureCaper ($89.52 in chips)
Fibonachy: posts small blind $1
AzureCaper: posts big blind $3
*** HOLE CARDS ***
Fibonachy: raises $3 to $6
AzureCaper: folds
Uncalled bet ($3) returned to Fibonachy
Fibonachy collected $6 from pot
Fibonachy: doesn't show hand
*** SUMMARY ***
Total pot $6 | Rake $0
Seat 1: Fibonachy (button) (small blind) collected ($6)
Seat 4: AzureCaper (big blind) folded before Flop


PokerStars Hand #149306413194:  Hold'em Limit ($3/$6 USD) - 2016/02/23 16:28:55 ET
Table 'Praecipua' 6-max Seat #4 is the button
Seat 1: Fibonachy ($105.80 in chips)
Seat 4: AzureCaper ($83.76 in chips)
AzureCaper: posts small blind $1
Fibonachy: posts big blind $3
*** HOLE CARDS ***
AzureCaper: raises $3 to $6
Fibonachy: calls $3
*** FLOP *** [5c Qh Qd]
Fibonachy: checks
AzureCaper: bets $3
Fibonachy: folds
Uncalled bet ($3) returned to AzureCaper
AzureCaper collected $11.76 from pot
AzureCaper: doesn't show hand
*** SUMMARY ***
Total pot $12 | Rake $0.24
Board [5c Qh Qd]
Seat 1: Fibonachy (big blind) folded on the Flop
Seat 4: AzureCaper (button) (small blind) collected ($11.76)


PokerStars Hand #149306403726:  Hold'em Limit ($3/$6 USD) - 2016/02/23 16:28:41 ET
Table 'Praecipua' 6-max Seat #1 is the button
Seat 1: Fibonachy ($97.16 in chips)
Seat 4: AzureCaper ($92.76 in chips)
Fibonachy: posts small blind $1
AzureCaper: posts big blind $3
*** HOLE CARDS ***
Fibonachy: raises $3 to $6
AzureCaper: calls $3
*** FLOP *** [Qc Jh 4c]
AzureCaper: checks
Fibonachy: bets $3
AzureCaper: calls $3
*** TURN *** [Qc Jh 4c] [Ah]
AzureCaper: checks
Fibonachy: checks
*** RIVER *** [Qc Jh 4c Ah] [3s]
AzureCaper: checks
Fibonachy: bets $6
AzureCaper: folds
Uncalled bet ($6) returned to Fibonachy
Fibonachy collected $17.64 from pot
Fibonachy: doesn't show hand
*** SUMMARY ***
Total pot $18 | Rake $0.36
Board [Qc Jh 4c Ah 3s]
Seat 1: Fibonachy (button) (small blind) collected ($17.64)
Seat 4: AzureCaper (big blind) folded on the River


PokerStars Hand #149306491418:  Hold'em Limit ($3/$6 USD) - 2016/02/23 16:30:48 ET
Table 'Praecipua' 6-max Seat #4 is the button
Seat 1: Fibonachy ($43.80 in chips)
Seat 4: AzureCaper ($143.78 in chips)
AzureCaper: posts small blind $1
Fibonachy: posts big blind $3
*** HOLE CARDS ***
AzureCaper: folds
Uncalled bet ($2) returned to Fibonachy
Fibonachy collected $2 from pot
Fibonachy: doesn't show hand
*** SUMMARY ***
Total pot $2 | Rake $0
Seat 1: Fibonachy (big blind) collected ($2)
Seat 4: AzureCaper (button) (small blind) folded before Flop


PokerStars Hand #149306472062:  Hold'em Limit ($3/$6 USD) - 2016/02/23 16:30:19 ET
Table 'Praecipua' 6-max Seat #1 is the button
Seat 1: Fibonachy ($70.80 in chips)
Seat 4: AzureCaper ($117.28 in chips)
Fibonachy: posts small blind $1
AzureCaper: posts big blind $3
*** HOLE CARDS ***
Fibonachy: raises $3 to $6
AzureCaper: calls $3
*** FLOP *** [Tc 4d 5s]
AzureCaper: checks
Fibonachy: bets $3
AzureCaper: calls $3
*** TURN *** [Tc 4d 5s] [Ad]
AzureCaper: checks
Fibonachy: bets $6
AzureCaper: calls $6
*** RIVER *** [Tc 4d 5s Ad] [8d]
AzureCaper: checks
Fibonachy: bets $6
AzureCaper: raises $6 to $12
Fibonachy: calls $6
*** SHOW DOWN ***
AzureCaper: shows [Jd Kd] (a flush, Ace high)
Fibonachy: mucks hand
AzureCaper collected $53.50 from pot
*** SUMMARY ***
Total pot $54 | Rake $0.50
Board [Tc 4d 5s Ad 8d]
Seat 1: Fibonachy (button) (small blind) mucked
Seat 4: AzureCaper (big blind) showed [Jd Kd] and won ($53.50) with a flush, Ace high


PokerStars Hand #149306468743:  Hold'em Limit ($3/$6 USD) - 2016/02/23 16:30:15 ET
Table 'Praecipua' 6-max Seat #4 is the button
Seat 1: Fibonachy ($69.80 in chips)
Seat 4: AzureCaper ($118.28 in chips)
AzureCaper: posts small blind $1
Fibonachy: posts big blind $3
*** HOLE CARDS ***
AzureCaper: folds
Uncalled bet ($2) returned to Fibonachy
Fibonachy collected $2 from pot
Fibonachy: doesn't show hand
*** SUMMARY ***
Total pot $2 | Rake $0
Seat 1: Fibonachy (big blind) collected ($2)
Seat 4: AzureCaper (button) (small blind) folded before Flop


PokerStars Hand #149306464255:  Hold'em Limit ($3/$6 USD) - 2016/02/23 16:30:08 ET
Table 'Praecipua' 6-max Seat #1 is the button
Seat 1: Fibonachy ($66.80 in chips)
Seat 4: AzureCaper ($121.28 in chips)
Fibonachy: posts small blind $1
AzureCaper: posts big blind $3
*** HOLE CARDS ***
Fibonachy: raises $3 to $6
AzureCaper: folds
Uncalled bet ($3) returned to Fibonachy
Fibonachy collected $6 from pot
Fibonachy: doesn't show hand
*** SUMMARY ***
Total pot $6 | Rake $0
Seat 1: Fibonachy (button) (small blind) collected ($6)
Seat 4: AzureCaper (big blind) folded before Flop


PokerStars Hand #149306460607:  Hold'em Limit ($3/$6 USD) - 2016/02/23 16:30:03 ET
Table 'Praecipua' 6-max Seat #4 is the button
Seat 1: Fibonachy ($65.80 in chips)
Seat 4: AzureCaper ($122.28 in chips)
AzureCaper: posts small blind $1
Fibonachy: posts big blind $3
*** HOLE CARDS ***
AzureCaper: folds
Uncalled bet ($2) returned to Fibonachy
Fibonachy collected $2 from pot
Fibonachy: doesn't show hand
*** SUMMARY ***
Total pot $2 | Rake $0
Seat 1: Fibonachy (big blind) collected ($2)
Seat 4: AzureCaper (button) (small blind) folded before Flop


PokerStars Hand #149306457337:  Hold'em Limit ($3/$6 USD) - 2016/02/23 16:29:59 ET
Table 'Praecipua' 6-max Seat #1 is the button
Seat 1: Fibonachy ($66.80 in chips)
Seat 4: AzureCaper ($121.28 in chips)
Fibonachy: posts small blind $1
AzureCaper: posts big blind $3
*** HOLE CARDS ***
Fibonachy: folds
Uncalled bet ($2) returned to AzureCaper
AzureCaper collected $2 from pot
AzureCaper: doesn't show hand
*** SUMMARY ***
Total pot $2 | Rake $0
Seat 1: Fibonachy (button) (small blind) folded before Flop
Seat 4: AzureCaper (big blind) collected ($2)


PokerStars Hand #149306451181:  Hold'em Limit ($3/$6 USD) - 2016/02/23 16:29:50 ET
Table 'Praecipua' 6-max Seat #4 is the button
Seat 1: Fibonachy ($72.80 in chips)
Seat 4: AzureCaper ($115.52 in chips)
AzureCaper: posts small blind $1
Fibonachy: posts big blind $3
*** HOLE CARDS ***
AzureCaper: raises $3 to $6
Fibonachy: calls $3
*** FLOP *** [9c 6h Qh]
Fibonachy: checks
AzureCaper: bets $3
Fibonachy: folds
Uncalled bet ($3) returned to AzureCaper
AzureCaper collected $11.76 from pot
AzureCaper: doesn't show hand
*** SUMMARY ***
Total pot $12 | Rake $0.24
Board [9c 6h Qh]
Seat 1: Fibonachy (big blind) folded on the Flop
Seat 4: AzureCaper (button) (small blind) collected ($11.76)


PokerStars Hand #149306521812:  Hold'em Limit ($3/$6 USD) - 2016/02/23 16:31:32 ET
Table 'Praecipua' 6-max Seat #1 is the button
Seat 1: Fibonachy ($28.80 in chips)
Seat 4: AzureCaper ($158.30 in chips)
Fibonachy: posts small blind $1
AzureCaper: posts big blind $3
*** HOLE CARDS ***
Fibonachy: raises $3 to $6
AzureCaper: calls $3
*** FLOP *** [Kd Jd Qh]
AzureCaper: checks
Fibonachy: checks
*** TURN *** [Kd Jd Qh] [2c]
AzureCaper: checks
Fibonachy: checks
*** RIVER *** [Kd Jd Qh 2c] [9h]
AzureCaper: checks
Fibonachy: bets $6
AzureCaper: folds
Uncalled bet ($6) returned to Fibonachy
Fibonachy collected $11.76 from pot
Fibonachy: doesn't show hand
*** SUMMARY ***
Total pot $12 | Rake $0.24
Board [Kd Jd Qh 2c 9h]
Seat 1: Fibonachy (button) (small blind) collected ($11.76)
Seat 4: AzureCaper (big blind) folded on the River


PokerStars Hand #149306511305:  Hold'em Limit ($3/$6 USD) - 2016/02/23 16:31:16 ET
Table 'Praecipua' 6-max Seat #4 is the button
Seat 1: Fibonachy ($34.80 in chips)
Seat 4: AzureCaper ($152.54 in chips)
AzureCaper: posts small blind $1
Fibonachy: posts big blind $3
*** HOLE CARDS ***
AzureCaper: raises $3 to $6
Fibonachy: calls $3
*** FLOP *** [Js 7s Jd]
Fibonachy: checks
AzureCaper: bets $3
Fibonachy: folds
Uncalled bet ($3) returned to AzureCaper
AzureCaper collected $11.76 from pot
AzureCaper: doesn't show hand
*** SUMMARY ***
Total pot $12 | Rake $0.24
Board [Js 7s Jd]
Seat 1: Fibonachy (big blind) folded on the Flop
Seat 4: AzureCaper (button) (small blind) collected ($11.76)


PokerStars Hand #149306508024:  Hold'em Limit ($3/$6 USD) - 2016/02/23 16:31:12 ET
Table 'Praecipua' 6-max Seat #1 is the button
Seat 1: Fibonachy ($35.80 in chips)
Seat 4: AzureCaper ($151.54 in chips)
Fibonachy: posts small blind $1
AzureCaper: posts big blind $3
*** HOLE CARDS ***
Fibonachy: folds
Uncalled bet ($2) returned to AzureCaper
AzureCaper collected $2 from pot
AzureCaper: doesn't show hand
*** SUMMARY ***
Total pot $2 | Rake $0
Seat 1: Fibonachy (button) (small blind) folded before Flop
Seat 4: AzureCaper (big blind) collected ($2)


PokerStars Hand #149306502289:  Hold'em Limit ($3/$6 USD) - 2016/02/23 16:31:03 ET
Table 'Praecipua' 6-max Seat #4 is the button
Seat 1: Fibonachy ($38.80 in chips)
Seat 4: AzureCaper ($148.54 in chips)
AzureCaper: posts small blind $1
Fibonachy: posts big blind $3
*** HOLE CARDS ***
AzureCaper: raises $3 to $6
Fibonachy: folds
Uncalled bet ($3) returned to AzureCaper
AzureCaper collected $6 from pot
AzureCaper: doesn't show hand
*** SUMMARY ***
Total pot $6 | Rake $0
Seat 1: Fibonachy (big blind) folded before Flop
Seat 4: AzureCaper (button) (small blind) collected ($6)


PokerStars Hand #149306494517:  Hold'em Limit ($3/$6 USD) - 2016/02/23 16:30:52 ET
Table 'Praecipua' 6-max Seat #1 is the button
Seat 1: Fibonachy ($44.80 in chips)
Seat 4: AzureCaper ($142.78 in chips)
Fibonachy: posts small blind $1
AzureCaper: posts big blind $3
*** HOLE CARDS ***
Fibonachy: raises $3 to $6
AzureCaper: calls $3
*** FLOP *** [3h 5d Qd]
AzureCaper: checks
Fibonachy: checks
*** TURN *** [3h 5d Qd] [5s]
AzureCaper: bets $6
Fibonachy: folds
Uncalled bet ($6) returned to AzureCaper
AzureCaper collected $11.76 from pot
AzureCaper: doesn't show hand
*** SUMMARY ***
Total pot $12 | Rake $0.24
Board [3h 5d Qd 5s]
Seat 1: Fibonachy (button) (small blind) folded on the Turn
Seat 4: AzureCaper (big blind) collected ($11.76)


PokerStars Hand #149306556671:  Hold'em Limit ($3/$6 USD) - 2016/02/23 16:32:23 ET
Table 'Praecipua' 6-max Seat #4 is the button
Seat 1: Fibonachy ($34.56 in chips)
Seat 4: AzureCaper ($152.30 in chips)
AzureCaper: posts small blind $1
Fibonachy: posts big blind $3
*** HOLE CARDS ***
AzureCaper: raises $3 to $6
Fibonachy: calls $3
*** FLOP *** [3d Ts Td]
Fibonachy: checks
AzureCaper: bets $3
Fibonachy: calls $3
*** TURN *** [3d Ts Td] [Jh]
Fibonachy: checks
AzureCaper: bets $6
Fibonachy: raises $6 to $12
AzureCaper: raises $6 to $18
Fibonachy: raises $6 to $24
Betting is capped
AzureCaper: calls $6
*** RIVER *** [3d Ts Td Jh] [2h]
Fibonachy: bets $1.56 and is all-in
AzureCaper: calls $1.56
*** SHOW DOWN ***
Fibonachy: shows [Th 6h] (three of a kind, Tens)
AzureCaper: shows [Ad Tc] (three of a kind, Tens - Ace kicker)
AzureCaper collected $68.62 from pot
*** SUMMARY ***
Total pot $69.12 | Rake $0.50
Board [3d Ts Td Jh 2h]
Seat 1: Fibonachy (big blind) showed [Th 6h] and lost with three of a kind, Tens
Seat 4: AzureCaper (button) (small blind) showed [Ad Tc] and won ($68.62) with three of a kind, Tens


PokerStars Hand #149306553028:  Hold'em Limit ($3/$6 USD) - 2016/02/23 16:32:17 ET
Table 'Praecipua' 6-max Seat #1 is the button
Seat 1: Fibonachy ($35.56 in chips)
Seat 4: AzureCaper ($151.30 in chips)
Fibonachy: posts small blind $1
AzureCaper: posts big blind $3
*** HOLE CARDS ***
Fibonachy: folds
Uncalled bet ($2) returned to AzureCaper
AzureCaper collected $2 from pot
AzureCaper: doesn't show hand
*** SUMMARY ***
Total pot $2 | Rake $0
Seat 1: Fibonachy (button) (small blind) folded before Flop
Seat 4: AzureCaper (big blind) collected ($2)


PokerStars Hand #149306549803:  Hold'em Limit ($3/$6 USD) - 2016/02/23 16:32:13 ET
Table 'Praecipua' 6-max Seat #4 is the button
Seat 1: Fibonachy ($34.56 in chips)
Seat 4: AzureCaper ($152.30 in chips)
AzureCaper: posts small blind $1
Fibonachy: posts big blind $3
*** HOLE CARDS ***
AzureCaper: folds
Uncalled bet ($2) returned to Fibonachy
Fibonachy collected $2 from pot
Fibonachy: doesn't show hand
*** SUMMARY ***
Total pot $2 | Rake $0
Seat 1: Fibonachy (big blind) collected ($2)
Seat 4: AzureCaper (button) (small blind) folded before Flop


PokerStars Hand #149306546437:  Hold'em Limit ($3/$6 USD) - 2016/02/23 16:32:08 ET
Table 'Praecipua' 6-max Seat #1 is the button
Seat 1: Fibonachy ($35.56 in chips)
Seat 4: AzureCaper ($151.30 in chips)
Fibonachy: posts small blind $1
AzureCaper: posts big blind $3
*** HOLE CARDS ***
Fibonachy: folds
Uncalled bet ($2) returned to AzureCaper
AzureCaper collected $2 from pot
AzureCaper: doesn't show hand
*** SUMMARY ***
Total pot $2 | Rake $0
Seat 1: Fibonachy (button) (small blind) folded before Flop
Seat 4: AzureCaper (big blind) collected ($2)


PokerStars Hand #149306541476:  Hold'em Limit ($3/$6 USD) - 2016/02/23 16:32:01 ET
Table 'Praecipua' 6-max Seat #4 is the button
Seat 1: Fibonachy ($38.56 in chips)
Seat 4: AzureCaper ($148.30 in chips)
AzureCaper: posts small blind $1
Fibonachy: posts big blind $3
*** HOLE CARDS ***
AzureCaper: raises $3 to $6
Fibonachy: folds
Uncalled bet ($3) returned to AzureCaper
AzureCaper collected $6 from pot
AzureCaper: doesn't show hand
*** SUMMARY ***
Total pot $6 | Rake $0
Seat 1: Fibonachy (big blind) folded before Flop
Seat 4: AzureCaper (button) (small blind) collected ($6)


PokerStars Hand #149306537202:  Hold'em Limit ($3/$6 USD) - 2016/02/23 16:31:54 ET
Table 'Praecipua' 6-max Seat #1 is the button
Seat 1: Fibonachy ($35.56 in chips)
Seat 4: AzureCaper ($151.30 in chips)
Fibonachy: posts small blind $1
AzureCaper: posts big blind $3
*** HOLE CARDS ***
Fibonachy: raises $3 to $6
AzureCaper: folds
Uncalled bet ($3) returned to Fibonachy
Fibonachy collected $6 from pot
Fibonachy: doesn't show hand
*** SUMMARY ***
Total pot $6 | Rake $0
Seat 1: Fibonachy (button) (small blind) collected ($6)
Seat 4: AzureCaper (big blind) folded before Flop


PokerStars Hand #149306532513:  Hold'em Limit ($3/$6 USD) - 2016/02/23 16:31:47 ET
Table 'Praecipua' 6-max Seat #4 is the button
Seat 1: Fibonachy ($34.56 in chips)
Seat 4: AzureCaper ($152.30 in chips)
AzureCaper: posts small blind $1
Fibonachy: posts big blind $3
*** HOLE CARDS ***
AzureCaper: folds
Uncalled bet ($2) returned to Fibonachy
Fibonachy collected $2 from pot
Fibonachy: doesn't show hand
*** SUMMARY ***
Total pot $2 | Rake $0
Seat 1: Fibonachy (big blind) collected ($2)
Seat 4: AzureCaper (button) (small blind) folded before Flop


PokerStars Hand #149308890463:  Hold'em Limit ($3/$6 USD) - 2016/02/23 17:29:01 ET
Table 'Praecipua' 6-max Seat #4 is the button
Seat 2: lixinlan1989 ($44 in chips)
Seat 4: Herisons_11 ($205.76 in chips)
Herisons_11: posts small blind $1
lixinlan1989: posts big blind $3
*** HOLE CARDS ***
Herisons_11: raises $3 to $6
lixinlan1989: calls $3
*** FLOP *** [7d 8h Ah]
lixinlan1989: checks
Herisons_11: bets $3
lixinlan1989: calls $3
*** TURN *** [7d 8h Ah] [Ks]
lixinlan1989: checks
Herisons_11: bets $6
lixinlan1989: folds
Uncalled bet ($6) returned to Herisons_11
Herisons_11 collected $17.64 from pot
Herisons_11: doesn't show hand
*** SUMMARY ***
Total pot $18 | Rake $0.36
Board [7d 8h Ah Ks]
Seat 2: lixinlan1989 (big blind) folded on the Turn
Seat 4: Herisons_11 (button) (small blind) collected ($17.64)


PokerStars Hand #149308929341:  Hold'em Limit ($3/$6 USD) - 2016/02/23 17:29:54 ET
Table 'Praecipua' 6-max Seat #2 is the button
Seat 2: lixinlan1989 ($61.02 in chips)
Seat 4: Herisons_11 ($187.40 in chips)
lixinlan1989: posts small blind $1
Herisons_11: posts big blind $3
*** HOLE CARDS ***
lixinlan1989: calls $2
Herisons_11: checks
*** FLOP *** [7d 2s 9h]
Herisons_11: checks
lixinlan1989: checks
*** TURN *** [7d 2s 9h] [Kc]
Herisons_11: bets $6
lixinlan1989: raises $6 to $12
Herisons_11: folds
Uncalled bet ($6) returned to lixinlan1989
lixinlan1989 collected $17.64 from pot
lixinlan1989: doesn't show hand
*** SUMMARY ***
Total pot $18 | Rake $0.36
Board [7d 2s 9h Kc]
Seat 2: lixinlan1989 (button) (small blind) collected ($17.64)
Seat 4: Herisons_11 (big blind) folded on the Turn


PokerStars Hand #149308917744:  Hold'em Limit ($3/$6 USD) - 2016/02/23 17:29:39 ET
Table 'Praecipua' 6-max Seat #4 is the button
Seat 2: lixinlan1989 ($49.50 in chips)
Seat 4: Herisons_11 ($199.40 in chips)
Herisons_11: posts small blind $1
lixinlan1989: posts big blind $3
*** HOLE CARDS ***
Herisons_11: raises $3 to $6
lixinlan1989: calls $3
*** FLOP *** [5s 7h 2h]
lixinlan1989: checks
Herisons_11: bets $3
lixinlan1989: raises $3 to $6
Herisons_11: calls $3
*** TURN *** [5s 7h 2h] [Ks]
lixinlan1989: bets $6
Herisons_11: folds
Uncalled bet ($6) returned to lixinlan1989
lixinlan1989 collected $23.52 from pot
lixinlan1989: doesn't show hand
*** SUMMARY ***
Total pot $24 | Rake $0.48
Board [5s 7h 2h Ks]
Seat 2: lixinlan1989 (big blind) collected ($23.52)
Seat 4: Herisons_11 (button) (small blind) folded on the Turn


PokerStars Hand #149308901005:  Hold'em Limit ($3/$6 USD) - 2016/02/23 17:29:16 ET
Table 'Praecipua' 6-max Seat #2 is the button
Seat 2: lixinlan1989 ($35 in chips)
Seat 4: Herisons_11 ($214.40 in chips)
lixinlan1989: posts small blind $1
Herisons_11: posts big blind $3
*** HOLE CARDS ***
lixinlan1989: raises $3 to $6
Herisons_11: calls $3
*** FLOP *** [5d 4s 2s]
Herisons_11: checks
lixinlan1989: bets $3
Herisons_11: calls $3
*** TURN *** [5d 4s 2s] [Ad]
Herisons_11: checks
lixinlan1989: checks
*** RIVER *** [5d 4s 2s Ad] [6h]
Herisons_11: checks
lixinlan1989: bets $6
Herisons_11: calls $6
*** SHOW DOWN ***
lixinlan1989: shows [8c 7c] (a straight, Four to Eight)
Herisons_11: mucks hand
lixinlan1989 collected $29.50 from pot
*** SUMMARY ***
Total pot $30 | Rake $0.50
Board [5d 4s 2s Ad 6h]
Seat 2: lixinlan1989 (button) (small blind) showed [8c 7c] and won ($29.50) with a straight, Four to Eight
Seat 4: Herisons_11 (big blind) mucked


PokerStars Hand #149308944610:  Hold'em Limit ($3/$6 USD) - 2016/02/23 17:30:15 ET
Table 'Praecipua' 6-max Seat #4 is the button
Seat 2: lixinlan1989 ($69.66 in chips)
Seat 4: Herisons_11 ($178.40 in chips)
Herisons_11: posts small blind $1
lixinlan1989: posts big blind $3
*** HOLE CARDS ***
Herisons_11: folds
Uncalled bet ($2) returned to lixinlan1989
lixinlan1989 collected $2 from pot
lixinlan1989 leaves the table
*** SUMMARY ***
Total pot $2 | Rake $0
Seat 2: lixinlan1989 (big blind) collected ($2)
Seat 4: Herisons_11 (button) (small blind) folded before Flop


PokerStars Hand #149309056560:  Hold'em Limit ($3/$6 USD) - 2016/02/23 17:32:44 ET
Table 'Praecipua' 6-max Seat #6 is the button
Seat 3: ogdealer ($35 in chips)
Seat 6: anetkaapro ($72 in chips)
anetkaapro: posts small blind $1
ogdealer: posts big blind $3
*** HOLE CARDS ***
anetkaapro: raises $3 to $6
ogdealer: folds
Uncalled bet ($3) returned to anetkaapro
anetkaapro collected $6 from pot
anetkaapro: doesn't show hand
*** SUMMARY ***
Total pot $6 | Rake $0
Seat 3: ogdealer (big blind) folded before Flop
Seat 6: anetkaapro (button) (small blind) collected ($6)


PokerStars Hand #149309065831:  Hold'em Limit ($3/$6 USD) - 2016/02/23 17:32:56 ET
Table 'Praecipua' 6-max Seat #3 is the button
Seat 3: ogdealer ($32 in chips)
Seat 6: anetkaapro ($75 in chips)
ogdealer: posts small blind $1
anetkaapro: posts big blind $3
*** HOLE CARDS ***
ogdealer: raises $3 to $6
anetkaapro: calls $3
*** FLOP *** [8s 4c 5d]
anetkaapro: checks
ogdealer: bets $3
anetkaapro: calls $3
*** TURN *** [8s 4c 5d] [Qd]
anetkaapro: checks
ogdealer: checks
*** RIVER *** [8s 4c 5d Qd] [Jh]
anetkaapro: bets $6
ogdealer: folds
Uncalled bet ($6) returned to anetkaapro
anetkaapro collected $17.64 from pot
anetkaapro: doesn't show hand
*** SUMMARY ***
Total pot $18 | Rake $0.36
Board [8s 4c 5d Qd Jh]
Seat 3: ogdealer (button) (small blind) folded on the River
Seat 6: anetkaapro (big blind) collected ($17.64)


PokerStars Hand #149309105398:  Hold'em Limit ($3/$6 USD) - 2016/02/23 17:33:45 ET
Table 'Praecipua' 6-max Seat #6 is the button
Seat 3: ogdealer ($23 in chips)
Seat 6: anetkaapro ($83.64 in chips)
anetkaapro: posts small blind $1
ogdealer: posts big blind $3
*** HOLE CARDS ***
robertass84 joins the table at seat #2
anetkaapro: folds
Uncalled bet ($2) returned to ogdealer
ogdealer collected $2 from pot
ogdealer: doesn't show hand
*** SUMMARY ***
Total pot $2 | Rake $0
Seat 3: ogdealer (big blind) collected ($2)
Seat 6: anetkaapro (button) (small blind) folded before Flop


PokerStars Hand #149309120140:  Hold'em Limit ($3/$6 USD) - 2016/02/23 17:34:03 ET
Table 'Praecipua' 6-max Seat #2 is the button
Seat 2: robertass84 ($58.98 in chips)
Seat 6: anetkaapro ($82.64 in chips)
robertass84: posts small blind $1
anetkaapro: posts big blind $3
*** HOLE CARDS ***
robertass84: folds
Uncalled bet ($2) returned to anetkaapro
anetkaapro collected $2 from pot
anetkaapro: doesn't show hand
*** SUMMARY ***
Total pot $2 | Rake $0
Seat 2: robertass84 (button) (small blind) folded before Flop
Seat 6: anetkaapro (big blind) collected ($2)


PokerStars Hand #149309116212:  Hold'em Limit ($3/$6 USD) - 2016/02/23 17:33:58 ET
Table 'Praecipua' 6-max Seat #6 is the button
Seat 2: robertass84 ($57.98 in chips)
Seat 6: anetkaapro ($83.64 in chips)
anetkaapro: posts small blind $1
robertass84: posts big blind $3
*** HOLE CARDS ***
anetkaapro: folds
Uncalled bet ($2) returned to robertass84
robertass84 collected $2 from pot
robertass84: doesn't show hand
*** SUMMARY ***
Total pot $2 | Rake $0
Seat 2: robertass84 (big blind) collected ($2)
Seat 6: anetkaapro (button) (small blind) folded before Flop


PokerStars Hand #149309111004:  Hold'em Limit ($3/$6 USD) - 2016/02/23 17:33:52 ET
Table 'Praecipua' 6-max Seat #3 is the button
Seat 3: ogdealer ($24 in chips)
Seat 6: anetkaapro ($82.64 in chips)
ogdealer: posts small blind $1
anetkaapro: posts big blind $3
*** HOLE CARDS ***
ogdealer: folds
Uncalled bet ($2) returned to anetkaapro
ogdealer leaves the table
anetkaapro collected $2 from pot
anetkaapro: doesn't show hand
*** SUMMARY ***
Total pot $2 | Rake $0
Seat 3: ogdealer (button) (small blind) folded before Flop
Seat 6: anetkaapro (big blind) collected ($2)


PokerStars Hand #149309128113:  Hold'em Limit ($3/$6 USD) - 2016/02/23 17:34:13 ET
Table 'Praecipua' 6-max Seat #2 is the button
Seat 2: robertass84 ($54.98 in chips)
Seat 6: anetkaapro ($86.64 in chips)
robertass84: posts small blind $1
anetkaapro: posts big blind $3
*** HOLE CARDS ***
robertass84: folds
Uncalled bet ($2) returned to anetkaapro
anetkaapro collected $2 from pot
anetkaapro: doesn't show hand
*** SUMMARY ***
Total pot $2 | Rake $0
Seat 2: robertass84 (button) (small blind) folded before Flop
Seat 6: anetkaapro (big blind) collected ($2)


PokerStars Hand #149309123838:  Hold'em Limit ($3/$6 USD) - 2016/02/23 17:34:08 ET
Table 'Praecipua' 6-max Seat #6 is the button
Seat 2: robertass84 ($57.98 in chips)
Seat 6: anetkaapro ($83.64 in chips)
anetkaapro: posts small blind $1
robertass84: posts big blind $3
*** HOLE CARDS ***
anetkaapro: raises $3 to $6
robertass84: folds
Uncalled bet ($3) returned to anetkaapro
anetkaapro collected $6 from pot
anetkaapro: doesn't show hand
*** SUMMARY ***
Total pot $6 | Rake $0
Seat 2: robertass84 (big blind) folded before Flop
Seat 6: anetkaapro (button) (small blind) collected ($6)


PokerStars Hand #149309175280:  Hold'em Limit ($3/$6 USD) - 2016/02/23 17:35:07 ET
Table 'Praecipua' 6-max Seat #6 is the button
Seat 2: robertass84 ($34.98 in chips)
Seat 6: anetkaapro ($106.14 in chips)
anetkaapro: posts small blind $1
robertass84: posts big blind $3
*** HOLE CARDS ***
anetkaapro: raises $3 to $6
robertass84: folds
Uncalled bet ($3) returned to anetkaapro
anetkaapro collected $6 from pot
anetkaapro: doesn't show hand
*** SUMMARY ***
Total pot $6 | Rake $0
Seat 2: robertass84 (big blind) folded before Flop
Seat 6: anetkaapro (button) (small blind) collected ($6)


PokerStars Hand #149309170388:  Hold'em Limit ($3/$6 USD) - 2016/02/23 17:35:01 ET
Table 'Praecipua' 6-max Seat #2 is the button
Seat 2: robertass84 ($35.98 in chips)
Seat 6: anetkaapro ($105.14 in chips)
robertass84: posts small blind $1
anetkaapro: posts big blind $3
*** HOLE CARDS ***
robertass84: folds
Uncalled bet ($2) returned to anetkaapro
anetkaapro collected $2 from pot
anetkaapro: doesn't show hand
*** SUMMARY ***
Total pot $2 | Rake $0
Seat 2: robertass84 (button) (small blind) folded before Flop
Seat 6: anetkaapro (big blind) collected ($2)


PokerStars Hand #149309131846:  Hold'em Limit ($3/$6 USD) - 2016/02/23 17:34:17 ET
Table 'Praecipua' 6-max Seat #6 is the button
Seat 2: robertass84 ($53.98 in chips)
Seat 6: anetkaapro ($87.64 in chips)
anetkaapro: posts small blind $1
robertass84: posts big blind $3
*** HOLE CARDS ***
anetkaapro: raises $3 to $6
robertass84: raises $3 to $9
anetkaapro: calls $3
*** FLOP *** [Th 9d Qd]
robertass84: bets $3
anetkaapro: calls $3
*** TURN *** [Th 9d Qd] [2c]
robertass84: bets $6
anetkaapro: calls $6
*** RIVER *** [Th 9d Qd 2c] [Js]
robertass84: checks
anetkaapro: checks
*** SHOW DOWN ***
robertass84: shows [6d Ac] (high card Ace)
anetkaapro: shows [9h 5s] (a pair of Nines)
anetkaapro collected $35.50 from pot
*** SUMMARY ***
Total pot $36 | Rake $0.50
Board [Th 9d Qd 2c Js]
Seat 2: robertass84 (big blind) showed [6d Ac] and lost with high card Ace
Seat 6: anetkaapro (button) (small blind) showed [9h 5s] and won ($35.50) with a pair of Nines


PokerStars Hand #149309179869:  Hold'em Limit ($3/$6 USD) - 2016/02/23 17:35:12 ET
Table 'Praecipua' 6-max Seat #2 is the button
Seat 2: robertass84 ($31.98 in chips)
Seat 6: anetkaapro ($109.14 in chips)
robertass84: posts small blind $1
anetkaapro: posts big blind $3
*** HOLE CARDS ***
robertass84: raises $3 to $6
anetkaapro: raises $3 to $9
robertass84: calls $3
*** FLOP *** [3s Ts 4d]
anetkaapro: bets $3
robertass84: folds
Uncalled bet ($3) returned to anetkaapro
robertass84 leaves the table
anetkaapro collected $17.64 from pot
anetkaapro: doesn't show hand
*** SUMMARY ***
Total pot $18 | Rake $0.36
Board [3s Ts 4d]
Seat 2: robertass84 (button) (small blind) folded on the Flop
Seat 6: anetkaapro (big blind) collected ($17.64)


PokerStars Hand #149310139311:  Hold'em Limit ($3/$6 USD) - 2016/02/23 17:53:49 ET
Table 'Praecipua' 6-max Seat #6 is the button
Seat 2: Snuffymo ($120 in chips)
Seat 6: anetkaapro ($117.78 in chips)
anetkaapro: posts small blind $1
Snuffymo: posts big blind $3
*** HOLE CARDS ***
anetkaapro: raises $3 to $6
Snuffymo: calls $3
*** FLOP *** [7d 8d 3s]
Snuffymo: checks
anetkaapro: bets $3
Snuffymo: calls $3
*** TURN *** [7d 8d 3s] [Ah]
Snuffymo: checks
anetkaapro: checks
*** RIVER *** [7d 8d 3s Ah] [4c]
Snuffymo: checks
anetkaapro: bets $6
Snuffymo: calls $6
*** SHOW DOWN ***
anetkaapro: shows [5c 8h] (a pair of Eights)
Snuffymo: mucks hand
anetkaapro collected $29.50 from pot
*** SUMMARY ***
Total pot $30 | Rake $0.50
Board [7d 8d 3s Ah 4c]
Seat 2: Snuffymo (big blind) mucked
Seat 6: anetkaapro (button) (small blind) showed [5c 8h] and won ($29.50) with a pair of Eights


PokerStars Hand #149310193606:  Hold'em Limit ($3/$6 USD) - 2016/02/23 17:54:52 ET
Table 'Praecipua' 6-max Seat #6 is the button
Seat 2: Snuffymo ($78 in chips)
Seat 6: anetkaapro ($158.78 in chips)
anetkaapro: posts small blind $1
Snuffymo: posts big blind $3
*** HOLE CARDS ***
anetkaapro: raises $3 to $6
Snuffymo: calls $3
*** FLOP *** [5s 4c 4h]
Snuffymo: checks
anetkaapro: bets $3
Snuffymo: folds
Uncalled bet ($3) returned to anetkaapro
anetkaapro collected $11.76 from pot
anetkaapro: doesn't show hand
*** SUMMARY ***
Total pot $12 | Rake $0.24
Board [5s 4c 4h]
Seat 2: Snuffymo (big blind) folded on the Flop
Seat 6: anetkaapro (button) (small blind) collected ($11.76)


PokerStars Hand #149310170038:  Hold'em Limit ($3/$6 USD) - 2016/02/23 17:54:24 ET
Table 'Praecipua' 6-max Seat #2 is the button
Seat 2: Snuffymo ($105 in chips)
Seat 6: anetkaapro ($132.28 in chips)
Snuffymo: posts small blind $1
anetkaapro: posts big blind $3
*** HOLE CARDS ***
Snuffymo: raises $3 to $6
anetkaapro: calls $3
*** FLOP *** [9h 6c 4d]
anetkaapro: checks
Snuffymo: bets $3
anetkaapro: calls $3
*** TURN *** [9h 6c 4d] [Ad]
anetkaapro: checks
Snuffymo: bets $6
anetkaapro: calls $6
*** RIVER *** [9h 6c 4d Ad] [Kd]
anetkaapro: checks
Snuffymo: bets $6
anetkaapro: raises $6 to $12
Snuffymo: calls $6
*** SHOW DOWN ***
anetkaapro: shows [Ks 4s] (two pair, Kings and Fours)
Snuffymo: mucks hand
anetkaapro collected $53.50 from pot
*** SUMMARY ***
Total pot $54 | Rake $0.50
Board [9h 6c 4d Ad Kd]
Seat 2: Snuffymo (button) (small blind) mucked
Seat 6: anetkaapro (big blind) showed [Ks 4s] and won ($53.50) with two pair, Kings and Fours


PokerStars Hand #149310220123:  Hold'em Limit ($3/$6 USD) - 2016/02/23 17:55:23 ET
Table 'Praecipua' 6-max Seat #2 is the button
Seat 2: Snuffymo ($72 in chips)
Seat 6: anetkaapro ($164.54 in chips)
Snuffymo: posts small blind $1
anetkaapro: posts big blind $3
*** HOLE CARDS ***
Snuffymo: raises $3 to $6
anetkaapro: calls $3
*** FLOP *** [8d 4c 4h]
anetkaapro: checks
Snuffymo: checks
*** TURN *** [8d 4c 4h] [8s]
anetkaapro: bets $6
Snuffymo: raises $6 to $12
anetkaapro: folds
Uncalled bet ($6) returned to Snuffymo
Snuffymo collected $23.52 from pot
Snuffymo: doesn't show hand
*** SUMMARY ***
Total pot $24 | Rake $0.48
Board [8d 4c 4h 8s]
Seat 2: Snuffymo (button) (small blind) collected ($23.52)
Seat 6: anetkaapro (big blind) folded on the Turn


PokerStars Hand #149310302094:  Hold'em Limit ($3/$6 USD) - 2016/02/23 17:57:17 ET
Table 'Praecipua' 6-max Seat #2 is the button
Seat 2: Snuffymo ($118.30 in chips)
Seat 6: anetkaapro ($116.54 in chips)
Snuffymo: posts small blind $1
anetkaapro: posts big blind $3
*** HOLE CARDS ***
Snuffymo: folds
Uncalled bet ($2) returned to anetkaapro
anetkaapro collected $2 from pot
anetkaapro: doesn't show hand
*** SUMMARY ***
Total pot $2 | Rake $0
Seat 2: Snuffymo (button) (small blind) folded before Flop
Seat 6: anetkaapro (big blind) collected ($2)


PokerStars Hand #149310284562:  Hold'em Limit ($3/$6 USD) - 2016/02/23 17:56:53 ET
Table 'Praecipua' 6-max Seat #6 is the button
Seat 2: Snuffymo ($109.66 in chips)
Seat 6: anetkaapro ($125.54 in chips)
anetkaapro: posts small blind $1
Snuffymo: posts big blind $3
*** HOLE CARDS ***
anetkaapro: raises $3 to $6
Snuffymo: calls $3
*** FLOP *** [9c 2s Ad]
Snuffymo: checks
anetkaapro: bets $3
Snuffymo: raises $3 to $6
anetkaapro: folds
Uncalled bet ($3) returned to Snuffymo
Snuffymo collected $17.64 from pot
Snuffymo: doesn't show hand
*** SUMMARY ***
Total pot $18 | Rake $0.36
Board [9c 2s Ad]
Seat 2: Snuffymo (big blind) collected ($17.64)
Seat 6: anetkaapro (button) (small blind) folded on the Flop


PokerStars Hand #149310233718:  Hold'em Limit ($3/$6 USD) - 2016/02/23 17:55:42 ET
Table 'Praecipua' 6-max Seat #6 is the button
Seat 2: Snuffymo ($83.52 in chips)
Seat 6: anetkaapro ($152.54 in chips)
anetkaapro: posts small blind $1
Snuffymo: posts big blind $3
*** HOLE CARDS ***
anetkaapro: raises $3 to $6
Snuffymo: calls $3
*** FLOP *** [Qc 7c 8h]
Snuffymo: checks
anetkaapro: bets $3
Snuffymo: calls $3
*** TURN *** [Qc 7c 8h] [4d]
Snuffymo: checks
anetkaapro: checks
*** RIVER *** [Qc 7c 8h 4d] [9h]
Snuffymo: bets $6
anetkaapro: folds
Uncalled bet ($6) returned to Snuffymo
Snuffymo collected $17.64 from pot
Snuffymo: doesn't show hand
*** SUMMARY ***
Total pot $18 | Rake $0.36
Board [Qc 7c 8h 4d 9h]
Seat 2: Snuffymo (big blind) collected ($17.64)
Seat 6: anetkaapro (button) (small blind) folded on the River


PokerStars Hand #149310348585:  Hold'em Limit ($3/$6 USD) - 2016/02/23 17:58:20 ET
Table 'Praecipua' 6-max Seat #6 is the button
Seat 2: Snuffymo ($144.32 in chips)
Seat 6: anetkaapro ($89.54 in chips)
anetkaapro: posts small blind $1
Snuffymo: posts big blind $3
*** HOLE CARDS ***
anetkaapro: raises $3 to $6
Snuffymo: folds
Uncalled bet ($3) returned to anetkaapro
anetkaapro collected $6 from pot
anetkaapro: doesn't show hand
*** SUMMARY ***
Total pot $6 | Rake $0
Seat 2: Snuffymo (big blind) folded before Flop
Seat 6: anetkaapro (button) (small blind) collected ($6)


PokerStars Hand #149310344361:  Hold'em Limit ($3/$6 USD) - 2016/02/23 17:58:14 ET
Table 'Praecipua' 6-max Seat #2 is the button
Seat 2: Snuffymo ($145.32 in chips)
Seat 6: anetkaapro ($88.54 in chips)
Snuffymo: posts small blind $1
anetkaapro: posts big blind $3
*** HOLE CARDS ***
Snuffymo: folds
Uncalled bet ($2) returned to anetkaapro
anetkaapro collected $2 from pot
anetkaapro: doesn't show hand
*** SUMMARY ***
Total pot $2 | Rake $0
Seat 2: Snuffymo (button) (small blind) folded before Flop
Seat 6: anetkaapro (big blind) collected ($2)


PokerStars Hand #149310332518:  Hold'em Limit ($3/$6 USD) - 2016/02/23 17:57:58 ET
Table 'Praecipua' 6-max Seat #6 is the button
Seat 2: Snuffymo ($121.82 in chips)
Seat 6: anetkaapro ($112.54 in chips)
anetkaapro: posts small blind $1
Snuffymo: posts big blind $3
*** HOLE CARDS ***
anetkaapro: raises $3 to $6
Snuffymo: raises $3 to $9
anetkaapro: calls $3
*** FLOP *** [2d 4h Js]
Snuffymo: bets $3
anetkaapro: calls $3
*** TURN *** [2d 4h Js] [6c]
Snuffymo: bets $6
anetkaapro: calls $6
*** RIVER *** [2d 4h Js 6c] [6h]
Snuffymo: bets $6
anetkaapro: calls $6
*** SHOW DOWN ***
Snuffymo: shows [8d 8h] (two pair, Eights and Sixes)
anetkaapro: mucks hand
Snuffymo collected $47.50 from pot
*** SUMMARY ***
Total pot $48 | Rake $0.50
Board [2d 4h Js 6c 6h]
Seat 2: Snuffymo (big blind) showed [8d 8h] and won ($47.50) with two pair, Eights and Sixes
Seat 6: anetkaapro (button) (small blind) mucked


PokerStars Hand #149310327744:  Hold'em Limit ($3/$6 USD) - 2016/02/23 17:57:52 ET
Table 'Praecipua' 6-max Seat #2 is the button
Seat 2: Snuffymo ($122.82 in chips)
Seat 6: anetkaapro ($111.54 in chips)
Snuffymo: posts small blind $1
anetkaapro: posts big blind $3
*** HOLE CARDS ***
Snuffymo: folds
Uncalled bet ($2) returned to anetkaapro
anetkaapro collected $2 from pot
anetkaapro: doesn't show hand
*** SUMMARY ***
Total pot $2 | Rake $0
Seat 2: Snuffymo (button) (small blind) folded before Flop
Seat 6: anetkaapro (big blind) collected ($2)


PokerStars Hand #149310322413:  Hold'em Limit ($3/$6 USD) - 2016/02/23 17:57:45 ET
Table 'Praecipua' 6-max Seat #6 is the button
Seat 2: Snuffymo ($125.82 in chips)
Seat 6: anetkaapro ($108.54 in chips)
anetkaapro: posts small blind $1
Snuffymo: posts big blind $3
*** HOLE CARDS ***
anetkaapro: raises $3 to $6
Snuffymo: folds
Uncalled bet ($3) returned to anetkaapro
anetkaapro collected $6 from pot
anetkaapro: doesn't show hand
*** SUMMARY ***
Total pot $6 | Rake $0
Seat 2: Snuffymo (big blind) folded before Flop
Seat 6: anetkaapro (button) (small blind) collected ($6)


PokerStars Hand #149310313576:  Hold'em Limit ($3/$6 USD) - 2016/02/23 17:57:33 ET
Table 'Praecipua' 6-max Seat #2 is the button
Seat 2: Snuffymo ($114.30 in chips)
Seat 6: anetkaapro ($120.54 in chips)
Snuffymo: posts small blind $1
anetkaapro: posts big blind $3
*** HOLE CARDS ***
Snuffymo: raises $3 to $6
anetkaapro: raises $3 to $9
Snuffymo: calls $3
*** FLOP *** [Js 9s 3c]
anetkaapro: bets $3
Snuffymo: raises $3 to $6
anetkaapro: folds
Uncalled bet ($3) returned to Snuffymo
Snuffymo collected $23.52 from pot
Snuffymo: doesn't show hand
*** SUMMARY ***
Total pot $24 | Rake $0.48
Board [Js 9s 3c]
Seat 2: Snuffymo (button) (small blind) collected ($23.52)
Seat 6: anetkaapro (big blind) folded on the Flop


PokerStars Hand #149310307711:  Hold'em Limit ($3/$6 USD) - 2016/02/23 17:57:25 ET
Table 'Praecipua' 6-max Seat #6 is the button
Seat 2: Snuffymo ($117.30 in chips)
Seat 6: anetkaapro ($117.54 in chips)
anetkaapro: posts small blind $1
Snuffymo: posts big blind $3
*** HOLE CARDS ***
anetkaapro: raises $3 to $6
Snuffymo: folds
Uncalled bet ($3) returned to anetkaapro
anetkaapro collected $6 from pot
anetkaapro: doesn't show hand
*** SUMMARY ***
Total pot $6 | Rake $0
Seat 2: Snuffymo (big blind) folded before Flop
Seat 6: anetkaapro (button) (small blind) collected ($6)


PokerStars Hand #149310353996:  Hold'em Limit ($3/$6 USD) - 2016/02/23 17:58:28 ET
Table 'Praecipua' 6-max Seat #2 is the button
Seat 2: Snuffymo ($141.32 in chips)
Seat 6: anetkaapro ($92.54 in chips)
Snuffymo: posts small blind $1
anetkaapro: posts big blind $3
*** HOLE CARDS ***
Snuffymo: calls $2
anetkaapro: checks
*** FLOP *** [Ad 5d Jd]
anetkaapro: bets $3
Snuffymo: folds
Uncalled bet ($3) returned to anetkaapro
Snuffymo leaves the table
anetkaapro collected $5.88 from pot
anetkaapro: doesn't show hand
*** SUMMARY ***
Total pot $6 | Rake $0.12
Board [Ad 5d Jd]
Seat 2: Snuffymo (button) (small blind) folded on the Flop
Seat 6: anetkaapro (big blind) collected ($5.88)


