PokerStars Hand #146868246032:  Hold'em Limit ($3/$6 USD) - 2016/01/11 13:52:37 ET
Table 'Praxedis' 6-max Seat #4 is the button
Seat 1: LolDnkaments ($107.16 in chips)
Seat 4: Alan The For ($96.30 in chips)
Alan The For: posts small blind $1
LolDnkaments: posts big blind $3
*** HOLE CARDS ***
Alan The For: raises $3 to $6
ogdealer leaves the table
LolDnkaments: calls $3
*** FLOP *** [Qs 5s Tc]
LolDnkaments: checks
Alan The For: bets $3
LolDnkaments: folds
Uncalled bet ($3) returned to Alan The For
Alan The For collected $11.76 from pot
*** SUMMARY ***
Total pot $12 | Rake $0.24
Board [Qs 5s Tc]
Seat 1: LolDnkaments (big blind) folded on the Flop
Seat 4: Alan The For (button) (small blind) collected ($11.76)


PokerStars Hand #146868311374:  Hold'em Limit ($3/$6 USD) - 2016/01/11 13:53:42 ET
Table 'Praxedis' 6-max Seat #1 is the button
Seat 1: LolDnkaments ($118.66 in chips)
Seat 4: Alan The For ($84.06 in chips)
LolDnkaments: posts small blind $1
Alan The For: posts big blind $3
*** HOLE CARDS ***
LolDnkaments: raises $3 to $6
Alan The For: calls $3
*** FLOP *** [Ac Td 3d]
Alan The For: checks
LolDnkaments: bets $3
Alan The For: folds
Uncalled bet ($3) returned to LolDnkaments
LolDnkaments collected $11.76 from pot
LolDnkaments: doesn't show hand
*** SUMMARY ***
Total pot $12 | Rake $0.24
Board [Ac Td 3d]
Seat 1: LolDnkaments (button) (small blind) collected ($11.76)
Seat 4: Alan The For (big blind) folded on the Flop


PokerStars Hand #146868285893:  Hold'em Limit ($3/$6 USD) - 2016/01/11 13:53:17 ET
Table 'Praxedis' 6-max Seat #4 is the button
Seat 1: LolDnkaments ($104.16 in chips)
Seat 4: Alan The For ($99.06 in chips)
Alan The For: posts small blind $1
LolDnkaments: posts big blind $3
*** HOLE CARDS ***
Alan The For: raises $3 to $6
LolDnkaments: calls $3
*** FLOP *** [3c Ac 4c]
LolDnkaments: checks
Alan The For: bets $3
LolDnkaments: calls $3
*** TURN *** [3c Ac 4c] [Tc]
LolDnkaments: checks
Alan The For: checks
*** RIVER *** [3c Ac 4c Tc] [9c]
LolDnkaments: bets $6
Alan The For: calls $6
*** SHOW DOWN ***
LolDnkaments: shows [7c Jh] (a flush, Ace high)
Alan The For: mucks hand
LolDnkaments collected $29.50 from pot
*** SUMMARY ***
Total pot $30 | Rake $0.50
Board [3c Ac 4c Tc 9c]
Seat 1: LolDnkaments (big blind) showed [7c Jh] and won ($29.50) with a flush, Ace high
Seat 4: Alan The For (button) (small blind) mucked


PokerStars Hand #146868277008:  Hold'em Limit ($3/$6 USD) - 2016/01/11 13:53:08 ET
Table 'Praxedis' 6-max Seat #1 is the button
Seat 1: LolDnkaments ($101.16 in chips)
Seat 4: Alan The For ($102.06 in chips)
LolDnkaments: posts small blind $1
Alan The For: posts big blind $3
*** HOLE CARDS ***
LolDnkaments: raises $3 to $6
Alan The For: folds
Uncalled bet ($3) returned to LolDnkaments
LolDnkaments collected $6 from pot
LolDnkaments: doesn't show hand
*** SUMMARY ***
Total pot $6 | Rake $0
Seat 1: LolDnkaments (button) (small blind) collected ($6)
Seat 4: Alan The For (big blind) folded before Flop


PokerStars Hand #146868374812:  Hold'em Limit ($3/$6 USD) - 2016/01/11 13:54:45 ET
Table 'Praxedis' 6-max Seat #1 is the button
Seat 1: LolDnkaments ($133.06 in chips)
Seat 4: Alan The For ($69.06 in chips)
LolDnkaments: posts small blind $1
Alan The For: posts big blind $3
*** HOLE CARDS ***
LolDnkaments: raises $3 to $6
Alan The For: raises $3 to $9
LolDnkaments: calls $3
*** FLOP *** [3s 6s 8s]
Alan The For: bets $3
LolDnkaments: calls $3
*** TURN *** [3s 6s 8s] [Ad]
Alan The For: bets $6
LolDnkaments: calls $6
*** RIVER *** [3s 6s 8s Ad] [Th]
Alan The For: bets $6
LolDnkaments: calls $6
*** SHOW DOWN ***
Alan The For: shows [Ks Kd] (a pair of Kings)
LolDnkaments: mucks hand
Alan The For collected $47.50 from pot
*** SUMMARY ***
Total pot $48 | Rake $0.50
Board [3s 6s 8s Ad Th]
Seat 1: LolDnkaments (button) (small blind) mucked
Seat 4: Alan The For (big blind) showed [Ks Kd] and won ($47.50) with a pair of Kings


PokerStars Hand #146868332268:  Hold'em Limit ($3/$6 USD) - 2016/01/11 13:54:03 ET
Table 'Praxedis' 6-max Seat #4 is the button
Seat 1: LolDnkaments ($124.42 in chips)
Seat 4: Alan The For ($78.06 in chips)
Alan The For: posts small blind $1
LolDnkaments: posts big blind $3
*** HOLE CARDS ***
Alan The For: raises $3 to $6
LolDnkaments: calls $3
*** FLOP *** [4d Ad As]
LolDnkaments: checks
Alan The For: bets $3
LolDnkaments: calls $3
*** TURN *** [4d Ad As] [Ks]
LolDnkaments: checks
Alan The For: checks
*** RIVER *** [4d Ad As Ks] [Tc]
LolDnkaments: bets $6
Alan The For: folds
Uncalled bet ($6) returned to LolDnkaments
LolDnkaments collected $17.64 from pot
LolDnkaments: doesn't show hand
*** SUMMARY ***
Total pot $18 | Rake $0.36
Board [4d Ad As Ks Tc]
Seat 1: LolDnkaments (big blind) collected ($17.64)
Seat 4: Alan The For (button) (small blind) folded on the River


PokerStars Hand #146868412753:  Hold'em Limit ($3/$6 USD) - 2016/01/11 13:55:27 ET
Table 'Praxedis' 6-max Seat #1 is the button
Seat 1: LolDnkaments ($117.70 in chips)
Seat 4: Alan The For ($83.56 in chips)
LolDnkaments: posts small blind $1
Alan The For: posts big blind $3
*** HOLE CARDS ***
LolDnkaments: raises $3 to $6
Alan The For: raises $3 to $9
LolDnkaments: calls $3
*** FLOP *** [Jh 3c 8s]
Alan The For: bets $3
LolDnkaments: calls $3
*** TURN *** [Jh 3c 8s] [7d]
Alan The For: bets $6
LolDnkaments: raises $6 to $12
Alan The For: calls $6
*** RIVER *** [Jh 3c 8s 7d] [2c]
Alan The For: checks
LolDnkaments: bets $6
Alan The For: folds
Uncalled bet ($6) returned to LolDnkaments
LolDnkaments collected $47.50 from pot
LolDnkaments: doesn't show hand
*** SUMMARY ***
Total pot $48 | Rake $0.50
Board [Jh 3c 8s 7d 2c]
Seat 1: LolDnkaments (button) (small blind) collected ($47.50)
Seat 4: Alan The For (big blind) folded on the River


PokerStars Hand #146868398215:  Hold'em Limit ($3/$6 USD) - 2016/01/11 13:55:09 ET
Table 'Praxedis' 6-max Seat #4 is the button
Seat 1: LolDnkaments ($109.06 in chips)
Seat 4: Alan The For ($92.56 in chips)
Alan The For: posts small blind $1
LolDnkaments: posts big blind $3
*** HOLE CARDS ***
Alan The For: raises $3 to $6
LolDnkaments: calls $3
*** FLOP *** [6h 2s Kc]
LolDnkaments: checks
Alan The For: bets $3
LolDnkaments: raises $3 to $6
Alan The For: folds
Uncalled bet ($3) returned to LolDnkaments
LolDnkaments collected $17.64 from pot
LolDnkaments: doesn't show hand
*** SUMMARY ***
Total pot $18 | Rake $0.36
Board [6h 2s Kc]
Seat 1: LolDnkaments (big blind) collected ($17.64)
Seat 4: Alan The For (button) (small blind) folded on the Flop


PokerStars Hand #146868441668:  Hold'em Limit ($3/$6 USD) - 2016/01/11 13:56:04 ET
Table 'Praxedis' 6-max Seat #4 is the button
Seat 1: LolDnkaments ($141.20 in chips)
Seat 4: Alan The For ($59.56 in chips)
Alan The For: posts small blind $1
LolDnkaments: posts big blind $3
*** HOLE CARDS ***
Alan The For: raises $3 to $6
LolDnkaments: calls $3
*** FLOP *** [4c 9s 9h]
LolDnkaments: checks
Alan The For: bets $3
LolDnkaments: calls $3
*** TURN *** [4c 9s 9h] [3h]
LolDnkaments: checks
Alan The For: bets $6
LolDnkaments: folds
Uncalled bet ($6) returned to Alan The For
Alan The For collected $17.64 from pot
*** SUMMARY ***
Total pot $18 | Rake $0.36
Board [4c 9s 9h 3h]
Seat 1: LolDnkaments (big blind) folded on the Turn
Seat 4: Alan The For (button) (small blind) collected ($17.64)


PokerStars Hand #146868456254:  Hold'em Limit ($3/$6 USD) - 2016/01/11 13:56:22 ET
Table 'Praxedis' 6-max Seat #1 is the button
Seat 1: LolDnkaments ($132.20 in chips)
Seat 4: Alan The For ($68.20 in chips)
LolDnkaments: posts small blind $1
Alan The For: posts big blind $3
*** HOLE CARDS ***
LolDnkaments: raises $3 to $6
Alan The For: raises $3 to $9
LolDnkaments: calls $3
*** FLOP *** [6d 9c 3h]
Alan The For: bets $3
LolDnkaments: calls $3
*** TURN *** [6d 9c 3h] [5c]
Alan The For: bets $6
LolDnkaments: calls $6
*** RIVER *** [6d 9c 3h 5c] [Kd]
zarazzzza joins the table at seat #6
Alan The For: bets $6
LolDnkaments: folds
Uncalled bet ($6) returned to Alan The For
Alan The For collected $35.50 from pot
*** SUMMARY ***
Total pot $36 | Rake $0.50
Board [6d 9c 3h 5c Kd]
Seat 1: LolDnkaments (button) (small blind) folded on the River
Seat 4: Alan The For (big blind) collected ($35.50)


PokerStars Hand #146870392149:  Hold'em Limit ($3/$6 USD) - 2016/01/11 14:28:33 ET
Table 'Praxedis' 6-max Seat #1 is the button
Seat 1: la9pv ($129.43 in chips)
Seat 4: Alan The For ($153.02 in chips)
la9pv: posts small blind $1
SashaYuvelir: is sitting out
Alan The For: posts big blind $3
*** HOLE CARDS ***
la9pv: folds
Uncalled bet ($2) returned to Alan The For
Alan The For collected $2 from pot
*** SUMMARY ***
Total pot $2 | Rake $0
Seat 1: la9pv (button) (small blind) folded before Flop
Seat 4: Alan The For (big blind) collected ($2)


PokerStars Hand #146870399099:  Hold'em Limit ($3/$6 USD) - 2016/01/11 14:28:39 ET
Table 'Praxedis' 6-max Seat #4 is the button
Seat 1: la9pv ($128.43 in chips)
Seat 4: Alan The For ($154.02 in chips)
Alan The For: posts small blind $1
la9pv: posts big blind $3
*** HOLE CARDS ***
Alan The For: folds
Uncalled bet ($2) returned to la9pv
SashaYuvelir leaves the table
la9pv collected $2 from pot
la9pv: doesn't show hand
*** SUMMARY ***
Total pot $2 | Rake $0
Seat 1: la9pv (big blind) collected ($2)
Seat 4: Alan The For (button) (small blind) folded before Flop


PokerStars Hand #146870423927:  Hold'em Limit ($3/$6 USD) - 2016/01/11 14:29:03 ET
Table 'Praxedis' 6-max Seat #4 is the button
Seat 1: la9pv ($123.43 in chips)
Seat 4: Alan The For ($158.78 in chips)
Alan The For: posts small blind $1
la9pv: posts big blind $3
*** HOLE CARDS ***
Alan The For: folds
Uncalled bet ($2) returned to la9pv
la9pv collected $2 from pot
la9pv: doesn't show hand
*** SUMMARY ***
Total pot $2 | Rake $0
Seat 1: la9pv (big blind) collected ($2)
Seat 4: Alan The For (button) (small blind) folded before Flop


PokerStars Hand #146870404435:  Hold'em Limit ($3/$6 USD) - 2016/01/11 14:28:44 ET
Table 'Praxedis' 6-max Seat #1 is the button
Seat 1: la9pv ($129.43 in chips)
Seat 4: Alan The For ($153.02 in chips)
la9pv: posts small blind $1
Alan The For: posts big blind $3
*** HOLE CARDS ***
la9pv: raises $3 to $6
Alan The For: calls $3
*** FLOP *** [6c 3h Tc]
Alan The For: checks
la9pv: checks
*** TURN *** [6c 3h Tc] [2d]
Alan The For: bets $6
la9pv: folds
Uncalled bet ($6) returned to Alan The For
Alan The For collected $11.76 from pot
*** SUMMARY ***
Total pot $12 | Rake $0.24
Board [6c 3h Tc 2d]
Seat 1: la9pv (button) (small blind) folded on the Turn
Seat 4: Alan The For (big blind) collected ($11.76)


PokerStars Hand #146870429484:  Hold'em Limit ($3/$6 USD) - 2016/01/11 14:29:08 ET
Table 'Praxedis' 6-max Seat #1 is the button
Seat 1: la9pv ($124.43 in chips)
Seat 4: Alan The For ($157.78 in chips)
la9pv: posts small blind $1
Alan The For: posts big blind $3
*** HOLE CARDS ***
la9pv: folds
Uncalled bet ($2) returned to Alan The For
Alan The For collected $2 from pot
*** SUMMARY ***
Total pot $2 | Rake $0
Seat 1: la9pv (button) (small blind) folded before Flop
Seat 4: Alan The For (big blind) collected ($2)


PokerStars Hand #146870764008:  Hold'em Limit ($3/$6 USD) - 2016/01/11 14:34:27 ET
Table 'Praxedis' 6-max Seat #5 is the button
Seat 3: Alan The For ($120 in chips)
Seat 5: Zubasa07 ($500 in chips)
Zubasa07: posts small blind $1
Alan The For: posts big blind $3
*** HOLE CARDS ***
Zubasa07: raises $3 to $6
Alan The For: raises $3 to $9
Zubasa07: calls $3
*** FLOP *** [Qd Jh 6c]
Alan The For: bets $3
Zubasa07: calls $3
*** TURN *** [Qd Jh 6c] [Jd]
Alan The For: bets $6
Zubasa07: raises $6 to $12
Alan The For: calls $6
*** RIVER *** [Qd Jh 6c Jd] [Ac]
Alan The For: checks
Zubasa07: bets $6
Alan The For: folds
Uncalled bet ($6) returned to Zubasa07
Zubasa07 collected $47.50 from pot
Zubasa07: doesn't show hand
*** SUMMARY ***
Total pot $48 | Rake $0.50
Board [Qd Jh 6c Jd Ac]
Seat 3: Alan The For (big blind) folded on the River
Seat 5: Zubasa07 (button) (small blind) collected ($47.50)


PokerStars Hand #146870757204:  Hold'em Limit ($3/$6 USD) - 2016/01/11 14:34:21 ET
Table 'Praxedis' 6-max Seat #3 is the button
Seat 3: Alan The For ($121 in chips)
Seat 5: Zubasa07 ($499 in chips)
Alan The For: posts small blind $1
Zubasa07: posts big blind $3
*** HOLE CARDS ***
Alan The For: folds
Uncalled bet ($2) returned to Zubasa07
Zubasa07 collected $2 from pot
Zubasa07: doesn't show hand
*** SUMMARY ***
Total pot $2 | Rake $0
Seat 3: Alan The For (button) (small blind) folded before Flop
Seat 5: Zubasa07 (big blind) collected ($2)


PokerStars Hand #146870740935:  Hold'em Limit ($3/$6 USD) - 2016/01/11 14:34:05 ET
Table 'Praxedis' 6-max Seat #5 is the button
Seat 3: Alan The For ($120 in chips)
Seat 5: Zubasa07 ($500 in chips)
Zubasa07: posts small blind $1
Alan The For: posts big blind $3
*** HOLE CARDS ***
Zubasa07: folds
Uncalled bet ($2) returned to Alan The For
Alan The For collected $2 from pot
*** SUMMARY ***
Total pot $2 | Rake $0
Seat 3: Alan The For (big blind) collected ($2)
Seat 5: Zubasa07 (button) (small blind) folded before Flop


PokerStars Hand #146870800338:  Hold'em Limit ($3/$6 USD) - 2016/01/11 14:35:02 ET
Table 'Praxedis' 6-max Seat #3 is the button
Seat 3: Alan The For ($96 in chips)
Seat 5: Zubasa07 ($523.50 in chips)
Alan The For: posts small blind $1
Zubasa07: posts big blind $3
*** HOLE CARDS ***
Alan The For: raises $3 to $6
Zubasa07: calls $3
*** FLOP *** [3s 4d Kc]
Zubasa07: checks
Alan The For: bets $3
Zubasa07: calls $3
*** TURN *** [3s 4d Kc] [Qh]
Zubasa07: checks
Alan The For: bets $6
Zubasa07: calls $6
*** RIVER *** [3s 4d Kc Qh] [8s]
Zubasa07: checks
Alan The For: bets $6
Zubasa07: calls $6
*** SHOW DOWN ***
Alan The For: shows [Kh Jh] (a pair of Kings)
Zubasa07: mucks hand
Alan The For collected $41.50 from pot
*** SUMMARY ***
Total pot $42 | Rake $0.50
Board [3s 4d Kc Qh 8s]
Seat 3: Alan The For (button) (small blind) showed [Kh Jh] and won ($41.50) with a pair of Kings
Seat 5: Zubasa07 (big blind) mucked


PokerStars Hand #146881786305:  Hold'em Limit ($3/$6 USD) - 2016/01/11 17:26:52 ET
Table 'Praxedis' 6-max Seat #2 is the button
Seat 2: SashaYuvelir ($135.66 in chips)
Seat 6: svoy2 ($317.12 in chips)
SashaYuvelir: posts small blind $1
svoy2: posts big blind $3
*** HOLE CARDS ***
SashaYuvelir: raises $3 to $6
svoy2: calls $3
*** FLOP *** [Qs 3s Th]
italianhero4 leaves the table
svoy2: checks
SashaYuvelir: checks
*** TURN *** [Qs 3s Th] [Jd]
svoy2: bets $6
SashaYuvelir: folds
Uncalled bet ($6) returned to svoy2
svoy2 collected $11.76 from pot
svoy2: doesn't show hand
*** SUMMARY ***
Total pot $12 | Rake $0.24
Board [Qs 3s Th Jd]
Seat 2: SashaYuvelir (button) (small blind) folded on the Turn
Seat 6: svoy2 (big blind) collected ($11.76)


PokerStars Hand #146881805462:  Hold'em Limit ($3/$6 USD) - 2016/01/11 17:27:08 ET
Table 'Praxedis' 6-max Seat #6 is the button
Seat 2: SashaYuvelir ($129.66 in chips)
Seat 6: svoy2 ($322.88 in chips)
svoy2: posts small blind $1
SashaYuvelir: posts big blind $3
*** HOLE CARDS ***
svoy2: raises $3 to $6
SashaYuvelir: calls $3
*** FLOP *** [Js 9h 4h]
SashaYuvelir: checks
svoy2: checks
*** TURN *** [Js 9h 4h] [6c]
SashaYuvelir: checks
svoy2: checks
*** RIVER *** [Js 9h 4h 6c] [2h]
SashaYuvelir: checks
svoy2: checks
*** SHOW DOWN ***
SashaYuvelir: shows [Ah 5s] (high card Ace)
svoy2: mucks hand
SashaYuvelir collected $11.76 from pot
*** SUMMARY ***
Total pot $12 | Rake $0.24
Board [Js 9h 4h 6c 2h]
Seat 2: SashaYuvelir (big blind) showed [Ah 5s] and won ($11.76) with high card Ace
Seat 6: svoy2 (button) (small blind) mucked


PokerStars Hand #146881820647:  Hold'em Limit ($3/$6 USD) - 2016/01/11 17:27:21 ET
Table 'Praxedis' 6-max Seat #2 is the button
Seat 2: SashaYuvelir ($135.42 in chips)
Seat 6: svoy2 ($316.88 in chips)
SashaYuvelir: posts small blind $1
svoy2: posts big blind $3
*** HOLE CARDS ***
SashaYuvelir: raises $3 to $6
svoy2: calls $3
*** FLOP *** [As Jd 9h]
svoy2: checks
SashaYuvelir: bets $3
svoy2: raises $3 to $6
SashaYuvelir: folds
Uncalled bet ($3) returned to svoy2
svoy2 collected $17.64 from pot
svoy2: doesn't show hand
*** SUMMARY ***
Total pot $18 | Rake $0.36
Board [As Jd 9h]
Seat 2: SashaYuvelir (button) (small blind) folded on the Flop
Seat 6: svoy2 (big blind) collected ($17.64)


PokerStars Hand #146881831425:  Hold'em Limit ($3/$6 USD) - 2016/01/11 17:27:30 ET
Table 'Praxedis' 6-max Seat #6 is the button
Seat 2: SashaYuvelir ($126.42 in chips)
Seat 6: svoy2 ($325.52 in chips)
svoy2: posts small blind $1
SashaYuvelir: posts big blind $3
*** HOLE CARDS ***
svoy2: raises $3 to $6
SashaYuvelir: calls $3
*** FLOP *** [Kd 9d 8c]
SashaYuvelir: checks
svoy2: bets $3
SashaYuvelir: calls $3
*** TURN *** [Kd 9d 8c] [4d]
SashaYuvelir: checks
svoy2: checks
*** RIVER *** [Kd 9d 8c 4d] [7h]
SashaYuvelir: checks
svoy2: bets $6
SashaYuvelir: calls $6
*** SHOW DOWN ***
svoy2: shows [Jd 2h] (high card King)
SashaYuvelir: shows [Ah 3s] (high card Ace)
SashaYuvelir collected $29.50 from pot
*** SUMMARY ***
Total pot $30 | Rake $0.50
Board [Kd 9d 8c 4d 7h]
Seat 2: SashaYuvelir (big blind) showed [Ah 3s] and won ($29.50) with high card Ace
Seat 6: svoy2 (button) (small blind) showed [Jd 2h] and lost with high card King


PokerStars Hand #146881850244:  Hold'em Limit ($3/$6 USD) - 2016/01/11 17:27:45 ET
Table 'Praxedis' 6-max Seat #6 is the button
Seat 2: SashaYuvelir ($143.92 in chips)
Seat 6: svoy2 ($307.52 in chips)
svoy2: posts small blind $1
SashaYuvelir: posts big blind $3
*** HOLE CARDS ***
svoy2: raises $3 to $6
SashaYuvelir: folds
Uncalled bet ($3) returned to svoy2
svoy2 collected $6 from pot
svoy2: doesn't show hand
*** SUMMARY ***
Total pot $6 | Rake $0
Seat 2: SashaYuvelir (big blind) folded before Flop
Seat 6: svoy2 (button) (small blind) collected ($6)


PokerStars Hand #146881844911:  Hold'em Limit ($3/$6 USD) - 2016/01/11 17:27:41 ET
Table 'Praxedis' 6-max Seat #2 is the button
Seat 2: SashaYuvelir ($140.92 in chips)
Seat 6: svoy2 ($310.52 in chips)
SashaYuvelir: posts small blind $1
svoy2: posts big blind $3
*** HOLE CARDS ***
SashaYuvelir: raises $3 to $6
svoy2: folds
Uncalled bet ($3) returned to SashaYuvelir
SashaYuvelir collected $6 from pot
SashaYuvelir: doesn't show hand
*** SUMMARY ***
Total pot $6 | Rake $0
Seat 2: SashaYuvelir (button) (small blind) collected ($6)
Seat 6: svoy2 (big blind) folded before Flop


PokerStars Hand #146881861380:  Hold'em Limit ($3/$6 USD) - 2016/01/11 17:27:55 ET
Table 'Praxedis' 6-max Seat #6 is the button
Seat 2: SashaYuvelir ($143.92 in chips)
Seat 6: svoy2 ($307.52 in chips)
svoy2: posts small blind $1
SashaYuvelir: posts big blind $3
*** HOLE CARDS ***
svoy2: raises $3 to $6
SashaYuvelir: calls $3
*** FLOP *** [3s 6c Kh]
SashaYuvelir: checks
svoy2: bets $3
SashaYuvelir: calls $3
*** TURN *** [3s 6c Kh] [2c]
SashaYuvelir: checks
svoy2: bets $6
SashaYuvelir: raises $6 to $12
svoy2: raises $6 to $18
SashaYuvelir: raises $6 to $24
Betting is capped
svoy2: calls $6
*** RIVER *** [3s 6c Kh 2c] [9d]
SashaYuvelir: bets $6
svoy2: raises $6 to $12
SashaYuvelir: calls $6
*** SHOW DOWN ***
svoy2: shows [3h Ks] (two pair, Kings and Threes)
SashaYuvelir: mucks hand
svoy2 collected $89.50 from pot
*** SUMMARY ***
Total pot $90 | Rake $0.50
Board [3s 6c Kh 2c 9d]
Seat 2: SashaYuvelir (big blind) mucked
Seat 6: svoy2 (button) (small blind) showed [3h Ks] and won ($89.50) with two pair, Kings and Threes


PokerStars Hand #146881856136:  Hold'em Limit ($3/$6 USD) - 2016/01/11 17:27:50 ET
Table 'Praxedis' 6-max Seat #2 is the button
Seat 2: SashaYuvelir ($140.92 in chips)
Seat 6: svoy2 ($310.52 in chips)
SashaYuvelir: posts small blind $1
svoy2: posts big blind $3
*** HOLE CARDS ***
SashaYuvelir: raises $3 to $6
svoy2: folds
Uncalled bet ($3) returned to SashaYuvelir
SashaYuvelir collected $6 from pot
SashaYuvelir: doesn't show hand
*** SUMMARY ***
Total pot $6 | Rake $0
Seat 2: SashaYuvelir (button) (small blind) collected ($6)
Seat 6: svoy2 (big blind) folded before Flop


PokerStars Hand #146881927380:  Hold'em Limit ($3/$6 USD) - 2016/01/11 17:28:50 ET
Table 'Praxedis' 6-max Seat #2 is the button
Seat 2: SashaYuvelir ($93.42 in chips)
Seat 6: svoy2 ($356.52 in chips)
SashaYuvelir: posts small blind $1
svoy2: posts big blind $3
*** HOLE CARDS ***
SashaYuvelir: raises $3 to $6
svoy2: folds
Uncalled bet ($3) returned to SashaYuvelir
SashaYuvelir collected $6 from pot
SashaYuvelir: doesn't show hand
*** SUMMARY ***
Total pot $6 | Rake $0
Seat 2: SashaYuvelir (button) (small blind) collected ($6)
Seat 6: svoy2 (big blind) folded before Flop


PokerStars Hand #146881922455:  Hold'em Limit ($3/$6 USD) - 2016/01/11 17:28:46 ET
Table 'Praxedis' 6-max Seat #6 is the button
Seat 2: SashaYuvelir ($92.42 in chips)
Seat 6: svoy2 ($357.52 in chips)
svoy2: posts small blind $1
SashaYuvelir: posts big blind $3
*** HOLE CARDS ***
svoy2: folds
Uncalled bet ($2) returned to SashaYuvelir
SashaYuvelir collected $2 from pot
SashaYuvelir: doesn't show hand
*** SUMMARY ***
Total pot $2 | Rake $0
Seat 2: SashaYuvelir (big blind) collected ($2)
Seat 6: svoy2 (button) (small blind) folded before Flop


PokerStars Hand #146881907562:  Hold'em Limit ($3/$6 USD) - 2016/01/11 17:28:33 ET
Table 'Praxedis' 6-max Seat #2 is the button
Seat 2: SashaYuvelir ($113.42 in chips)
Seat 6: svoy2 ($337.02 in chips)
SashaYuvelir: posts small blind $1
svoy2: posts big blind $3
*** HOLE CARDS ***
SashaYuvelir: raises $3 to $6
svoy2: calls $3
*** FLOP *** [Ah 4c 5h]
svoy2: checks
SashaYuvelir: bets $3
svoy2: calls $3
*** TURN *** [Ah 4c 5h] [Ks]
svoy2: checks
SashaYuvelir: bets $6
svoy2: calls $6
*** RIVER *** [Ah 4c 5h Ks] [As]
svoy2: bets $6
SashaYuvelir: calls $6
*** SHOW DOWN ***
svoy2: shows [7h Kd] (two pair, Aces and Kings)
SashaYuvelir: mucks hand
svoy2 collected $41.50 from pot
*** SUMMARY ***
Total pot $42 | Rake $0.50
Board [Ah 4c 5h Ks As]
Seat 2: SashaYuvelir (button) (small blind) mucked
Seat 6: svoy2 (big blind) showed [7h Kd] and won ($41.50) with two pair, Aces and Kings


PokerStars Hand #146881897898:  Hold'em Limit ($3/$6 USD) - 2016/01/11 17:28:26 ET
Table 'Praxedis' 6-max Seat #6 is the button
Seat 2: SashaYuvelir ($116.42 in chips)
Seat 6: svoy2 ($334.02 in chips)
svoy2: posts small blind $1
SashaYuvelir: posts big blind $3
*** HOLE CARDS ***
svoy2: raises $3 to $6
SashaYuvelir: folds
Uncalled bet ($3) returned to svoy2
svoy2 collected $6 from pot
svoy2: doesn't show hand
*** SUMMARY ***
Total pot $6 | Rake $0
Seat 2: SashaYuvelir (big blind) folded before Flop
Seat 6: svoy2 (button) (small blind) collected ($6)


PokerStars Hand #146881882023:  Hold'em Limit ($3/$6 USD) - 2016/01/11 17:28:12 ET
Table 'Praxedis' 6-max Seat #2 is the button
Seat 2: SashaYuvelir ($98.92 in chips)
Seat 6: svoy2 ($352.02 in chips)
SashaYuvelir: posts small blind $1
svoy2: posts big blind $3
*** HOLE CARDS ***
SashaYuvelir: raises $3 to $6
svoy2: raises $3 to $9
SashaYuvelir: calls $3
*** FLOP *** [As 6d 3h]
svoy2: bets $3
SashaYuvelir: calls $3
*** TURN *** [As 6d 3h] [Ts]
svoy2: bets $6
SashaYuvelir: calls $6
*** RIVER *** [As 6d 3h Ts] [4s]
svoy2: checks
SashaYuvelir: checks
*** SHOW DOWN ***
svoy2: shows [Jd Qs] (high card Ace)
SashaYuvelir: shows [6c 8d] (a pair of Sixes)
SashaYuvelir collected $35.50 from pot
*** SUMMARY ***
Total pot $36 | Rake $0.50
Board [As 6d 3h Ts 4s]
Seat 2: SashaYuvelir (button) (small blind) showed [6c 8d] and won ($35.50) with a pair of Sixes
Seat 6: svoy2 (big blind) showed [Jd Qs] and lost with high card Ace


PokerStars Hand #146881944256:  Hold'em Limit ($3/$6 USD) - 2016/01/11 17:29:04 ET
Table 'Praxedis' 6-max Seat #2 is the button
Seat 2: SashaYuvelir ($84.42 in chips)
Seat 6: svoy2 ($365.04 in chips)
SashaYuvelir: posts small blind $1
svoy2: posts big blind $3
*** HOLE CARDS ***
SashaYuvelir: raises $3 to $6
svoy2: calls $3
*** FLOP *** [2h 5d 3c]
svoy2: checks
SashaYuvelir: checks
*** TURN *** [2h 5d 3c] [8c]
svoy2: bets $6
SashaYuvelir: calls $6
*** RIVER *** [2h 5d 3c 8c] [Jh]
svoy2: bets $6
SashaYuvelir: calls $6
*** SHOW DOWN ***
svoy2: shows [6d 9d] (high card Jack)
SashaYuvelir: shows [Ts Kd] (high card King)
SashaYuvelir collected $35.50 from pot
*** SUMMARY ***
Total pot $36 | Rake $0.50
Board [2h 5d 3c 8c Jh]
Seat 2: SashaYuvelir (button) (small blind) showed [Ts Kd] and won ($35.50) with high card King
Seat 6: svoy2 (big blind) showed [6d 9d] and lost with high card Jack


PokerStars Hand #146881932380:  Hold'em Limit ($3/$6 USD) - 2016/01/11 17:28:54 ET
Table 'Praxedis' 6-max Seat #6 is the button
Seat 2: SashaYuvelir ($96.42 in chips)
Seat 6: svoy2 ($353.52 in chips)
svoy2: posts small blind $1
SashaYuvelir: posts big blind $3
*** HOLE CARDS ***
svoy2: raises $3 to $6
SashaYuvelir: calls $3
*** FLOP *** [Kd Ts Tc]
SashaYuvelir: checks
svoy2: checks
*** TURN *** [Kd Ts Tc] [7d]
SashaYuvelir: checks
svoy2: bets $6
SashaYuvelir: calls $6
*** RIVER *** [Kd Ts Tc 7d] [5h]
SashaYuvelir: checks
svoy2: checks
*** SHOW DOWN ***
SashaYuvelir: shows [Qd 8h] (a pair of Tens)
svoy2: shows [Ac 2d] (a pair of Tens - Ace kicker)
svoy2 collected $23.52 from pot
*** SUMMARY ***
Total pot $24 | Rake $0.48
Board [Kd Ts Tc 7d 5h]
Seat 2: SashaYuvelir (big blind) showed [Qd 8h] and lost with a pair of Tens
Seat 6: svoy2 (button) (small blind) showed [Ac 2d] and won ($23.52) with a pair of Tens


PokerStars Hand #146881957186:  Hold'em Limit ($3/$6 USD) - 2016/01/11 17:29:15 ET
Table 'Praxedis' 6-max Seat #6 is the button
Seat 2: SashaYuvelir ($101.92 in chips)
Seat 6: svoy2 ($347.04 in chips)
svoy2: posts small blind $1
SashaYuvelir: posts big blind $3
*** HOLE CARDS ***
svoy2: folds
Uncalled bet ($2) returned to SashaYuvelir
SashaYuvelir collected $2 from pot
SashaYuvelir: doesn't show hand
*** SUMMARY ***
Total pot $2 | Rake $0
Seat 2: SashaYuvelir (big blind) collected ($2)
Seat 6: svoy2 (button) (small blind) folded before Flop


