PokerStars Hand #162933763893:  Hold'em Limit ($3/$6 USD) - 2016/12/14 11:25:15 ET
Table 'Praxedis' 6-max Seat #2 is the button
Seat 1: Agrotait ($71 in chips)
Seat 2: 19woody58 ($121 in chips)
19woody58: posts small blind $1
Agrotait: posts big blind $3
*** HOLE CARDS ***
19woody58: raises $3 to $6
Agrotait: folds
Uncalled bet ($3) returned to 19woody58
19woody58 collected $6 from pot
*** SUMMARY ***
Total pot $6 | Rake $0
Seat 1: Agrotait (big blind) folded before Flop
Seat 2: 19woody58 (button) (small blind) collected ($6)


PokerStars Hand #162933746813:  Hold'em Limit ($3/$6 USD) - 2016/12/14 11:24:52 ET
Table 'Praxedis' 6-max Seat #1 is the button
Seat 1: Agrotait ($72 in chips)
Seat 2: 19woody58 ($120 in chips)
Agrotait: posts small blind $1
19woody58: posts big blind $3
*** HOLE CARDS ***
Agrotait: folds
Uncalled bet ($2) returned to 19woody58
19woody58 collected $2 from pot
*** SUMMARY ***
Total pot $2 | Rake $0
Seat 1: Agrotait (button) (small blind) folded before Flop
Seat 2: 19woody58 (big blind) collected ($2)


PokerStars Hand #162933783599:  Hold'em Limit ($3/$6 USD) - 2016/12/14 11:25:41 ET
Table 'Praxedis' 6-max Seat #2 is the button
Seat 1: Agrotait ($71 in chips)
Seat 2: 19woody58 ($121 in chips)
19woody58: posts small blind $1
Agrotait: posts big blind $3
*** HOLE CARDS ***
19woody58: raises $3 to $6
Agrotait: calls $3
*** FLOP *** [Qh Td 8d]
Agrotait: checks
19woody58: bets $3
Agrotait: folds
Uncalled bet ($3) returned to 19woody58
19woody58 collected $11.76 from pot
*** SUMMARY ***
Total pot $12 | Rake $0.24
Board [Qh Td 8d]
Seat 1: Agrotait (big blind) folded on the Flop
Seat 2: 19woody58 (button) (small blind) collected ($11.76)


PokerStars Hand #162933777888:  Hold'em Limit ($3/$6 USD) - 2016/12/14 11:25:33 ET
Table 'Praxedis' 6-max Seat #1 is the button
Seat 1: Agrotait ($68 in chips)
Seat 2: 19woody58 ($124 in chips)
Agrotait: posts small blind $1
19woody58: posts big blind $3
*** HOLE CARDS ***
Agrotait: raises $3 to $6
19woody58: folds
Uncalled bet ($3) returned to Agrotait
Agrotait collected $6 from pot
Agrotait: doesn't show hand
*** SUMMARY ***
Total pot $6 | Rake $0
Seat 1: Agrotait (button) (small blind) collected ($6)
Seat 2: 19woody58 (big blind) folded before Flop


PokerStars Hand #162933822040:  Hold'em Limit ($3/$6 USD) - 2016/12/14 11:26:32 ET
Table 'Praxedis' 6-max Seat #1 is the button
Seat 1: Agrotait ($65 in chips)
Seat 2: 19woody58 ($126.76 in chips)
Agrotait: posts small blind $1
19woody58: posts big blind $3
*** HOLE CARDS ***
Agrotait: raises $3 to $6
19woody58: calls $3
*** FLOP *** [Qs 2d 2h]
19woody58: checks
Agrotait: checks
*** TURN *** [Qs 2d 2h] [3c]
19woody58: bets $6
Agrotait: folds
Uncalled bet ($6) returned to 19woody58
19woody58 collected $11.76 from pot
*** SUMMARY ***
Total pot $12 | Rake $0.24
Board [Qs 2d 2h 3c]
Seat 1: Agrotait (button) (small blind) folded on the Turn
Seat 2: 19woody58 (big blind) collected ($11.76)


PokerStars Hand #162933899423:  Hold'em Limit ($3/$6 USD) - 2016/12/14 11:28:15 ET
Table 'Praxedis' 6-max Seat #1 is the button
Seat 1: Agrotait ($73 in chips)
Seat 2: 19woody58 ($131.40 in chips)
Agrotait: posts small blind $1
19woody58: posts big blind $3
*** HOLE CARDS ***
Agrotait: raises $3 to $6
19woody58: folds
Uncalled bet ($3) returned to Agrotait
Agrotait collected $6 from pot
Agrotait: doesn't show hand
*** SUMMARY ***
Total pot $6 | Rake $0
Seat 1: Agrotait (button) (small blind) collected ($6)
Seat 2: 19woody58 (big blind) folded before Flop


PokerStars Hand #162933894945:  Hold'em Limit ($3/$6 USD) - 2016/12/14 11:28:09 ET
Table 'Praxedis' 6-max Seat #2 is the button
Seat 1: Agrotait ($72 in chips)
Seat 2: 19woody58 ($132.40 in chips)
19woody58: posts small blind $1
Agrotait: posts big blind $3
*** HOLE CARDS ***
19woody58: folds
Uncalled bet ($2) returned to Agrotait
Agrotait collected $2 from pot
Agrotait: doesn't show hand
*** SUMMARY ***
Total pot $2 | Rake $0
Seat 1: Agrotait (big blind) collected ($2)
Seat 2: 19woody58 (button) (small blind) folded before Flop


PokerStars Hand #162933883644:  Hold'em Limit ($3/$6 USD) - 2016/12/14 11:27:54 ET
Table 'Praxedis' 6-max Seat #1 is the button
Seat 1: Agrotait ($69 in chips)
Seat 2: 19woody58 ($135.40 in chips)
Agrotait: posts small blind $1
19woody58: posts big blind $3
*** HOLE CARDS ***
Agrotait: raises $3 to $6
19woody58: folds
Uncalled bet ($3) returned to Agrotait
Agrotait collected $6 from pot
Agrotait: doesn't show hand
*** SUMMARY ***
Total pot $6 | Rake $0
Seat 1: Agrotait (button) (small blind) collected ($6)
Seat 2: 19woody58 (big blind) folded before Flop


PokerStars Hand #162933846511:  Hold'em Limit ($3/$6 USD) - 2016/12/14 11:27:05 ET
Table 'Praxedis' 6-max Seat #2 is the button
Seat 1: Agrotait ($72 in chips)
Seat 2: 19woody58 ($132.52 in chips)
19woody58: posts small blind $1
Agrotait: posts big blind $3
*** HOLE CARDS ***
19woody58: calls $2
Agrotait: checks
*** FLOP *** [2c 4d Qs]
Agrotait: checks
19woody58: checks
*** TURN *** [2c 4d Qs] [2h]
Agrotait: checks
19woody58: bets $6
Agrotait: folds
Uncalled bet ($6) returned to 19woody58
19woody58 collected $5.88 from pot
*** SUMMARY ***
Total pot $6 | Rake $0.12
Board [2c 4d Qs 2h]
Seat 1: Agrotait (big blind) folded on the Turn
Seat 2: 19woody58 (button) (small blind) collected ($5.88)


PokerStars Hand #162933936309:  Hold'em Limit ($3/$6 USD) - 2016/12/14 11:29:04 ET
Table 'Praxedis' 6-max Seat #1 is the button
Seat 1: Agrotait ($84.64 in chips)
Seat 2: 19woody58 ($119.40 in chips)
Agrotait: posts small blind $1
19woody58: posts big blind $3
*** HOLE CARDS ***
Agrotait: raises $3 to $6
19woody58: folds
Uncalled bet ($3) returned to Agrotait
Agrotait collected $6 from pot
Agrotait: doesn't show hand
*** SUMMARY ***
Total pot $6 | Rake $0
Seat 1: Agrotait (button) (small blind) collected ($6)
Seat 2: 19woody58 (big blind) folded before Flop


PokerStars Hand #162933912325:  Hold'em Limit ($3/$6 USD) - 2016/12/14 11:28:32 ET
Table 'Praxedis' 6-max Seat #2 is the button
Seat 1: Agrotait ($76 in chips)
Seat 2: 19woody58 ($128.40 in chips)
19woody58: posts small blind $1
Agrotait: posts big blind $3
*** HOLE CARDS ***
19woody58: raises $3 to $6
Agrotait: calls $3
*** FLOP *** [7h 8s 2s]
Agrotait: checks
19woody58: bets $3
Agrotait: calls $3
*** TURN *** [7h 8s 2s] [Jc]
Agrotait: checks
19woody58: checks
*** RIVER *** [7h 8s 2s Jc] [Kc]
Agrotait: bets $6
19woody58: folds
Uncalled bet ($6) returned to Agrotait
Agrotait collected $17.64 from pot
Agrotait: doesn't show hand
*** SUMMARY ***
Total pot $18 | Rake $0.36
Board [7h 8s 2s Jc Kc]
Seat 1: Agrotait (big blind) collected ($17.64)
Seat 2: 19woody58 (button) (small blind) folded on the River


PokerStars Hand #162933997538:  Hold'em Limit ($3/$6 USD) - 2016/12/14 11:30:25 ET
Table 'Praxedis' 6-max Seat #1 is the button
Seat 1: Agrotait ($85.40 in chips)
Seat 2: 19woody58 ($118.04 in chips)
Agrotait: posts small blind $1
19woody58: posts big blind $3
*** HOLE CARDS ***
Agrotait: raises $3 to $6
19woody58: folds
Uncalled bet ($3) returned to Agrotait
Agrotait collected $6 from pot
Agrotait: doesn't show hand
*** SUMMARY ***
Total pot $6 | Rake $0
Seat 1: Agrotait (button) (small blind) collected ($6)
Seat 2: 19woody58 (big blind) folded before Flop


PokerStars Hand #162933993334:  Hold'em Limit ($3/$6 USD) - 2016/12/14 11:30:19 ET
Table 'Praxedis' 6-max Seat #2 is the button
Seat 1: Agrotait ($84.40 in chips)
Seat 2: 19woody58 ($119.04 in chips)
19woody58: posts small blind $1
Agrotait: posts big blind $3
*** HOLE CARDS ***
19woody58: folds
Uncalled bet ($2) returned to Agrotait
Agrotait collected $2 from pot
Agrotait: doesn't show hand
*** SUMMARY ***
Total pot $2 | Rake $0
Seat 1: Agrotait (big blind) collected ($2)
Seat 2: 19woody58 (button) (small blind) folded before Flop


PokerStars Hand #162933985083:  Hold'em Limit ($3/$6 USD) - 2016/12/14 11:30:09 ET
Table 'Praxedis' 6-max Seat #1 is the button
Seat 1: Agrotait ($81.40 in chips)
Seat 2: 19woody58 ($122.04 in chips)
Agrotait: posts small blind $1
19woody58: posts big blind $3
*** HOLE CARDS ***
Agrotait: raises $3 to $6
19woody58: folds
Uncalled bet ($3) returned to Agrotait
Agrotait collected $6 from pot
Agrotait: doesn't show hand
*** SUMMARY ***
Total pot $6 | Rake $0
Seat 1: Agrotait (button) (small blind) collected ($6)
Seat 2: 19woody58 (big blind) folded before Flop


PokerStars Hand #162933978197:  Hold'em Limit ($3/$6 USD) - 2016/12/14 11:29:59 ET
Table 'Praxedis' 6-max Seat #2 is the button
Seat 1: Agrotait ($84.40 in chips)
Seat 2: 19woody58 ($119.04 in chips)
19woody58: posts small blind $1
Agrotait: posts big blind $3
*** HOLE CARDS ***
19woody58: raises $3 to $6
Agrotait: folds
Uncalled bet ($3) returned to 19woody58
19woody58 collected $6 from pot
*** SUMMARY ***
Total pot $6 | Rake $0
Seat 1: Agrotait (big blind) folded before Flop
Seat 2: 19woody58 (button) (small blind) collected ($6)


PokerStars Hand #162933959238:  Hold'em Limit ($3/$6 USD) - 2016/12/14 11:29:35 ET
Table 'Praxedis' 6-max Seat #1 is the button
Seat 1: Agrotait ($93.40 in chips)
Seat 2: 19woody58 ($110.40 in chips)
Agrotait: posts small blind $1
19woody58: posts big blind $3
*** HOLE CARDS ***
Agrotait: raises $3 to $6
19woody58: calls $3
*** FLOP *** [Ks Qd 5c]
19woody58: checks
Agrotait: bets $3
19woody58: calls $3
*** TURN *** [Ks Qd 5c] [7h]
19woody58: checks
Agrotait: checks
*** RIVER *** [Ks Qd 5c 7h] [7c]
19woody58: bets $6
Agrotait: folds
Uncalled bet ($6) returned to 19woody58
19woody58 collected $17.64 from pot
*** SUMMARY ***
Total pot $18 | Rake $0.36
Board [Ks Qd 5c 7h 7c]
Seat 1: Agrotait (button) (small blind) folded on the River
Seat 2: 19woody58 (big blind) collected ($17.64)


PokerStars Hand #162934009591:  Hold'em Limit ($3/$6 USD) - 2016/12/14 11:30:41 ET
Table 'Praxedis' 6-max Seat #1 is the button
Seat 1: Agrotait ($89.40 in chips)
Seat 2: 19woody58 ($114.04 in chips)
Agrotait: posts small blind $1
19woody58: posts big blind $3
*** HOLE CARDS ***
Agrotait: raises $3 to $6
19woody58: calls $3
*** FLOP *** [Th 4h Qd]
19woody58: checks
Agrotait: bets $3
19woody58: calls $3
*** TURN *** [Th 4h Qd] [Kd]
19woody58: checks
Agrotait: bets $6
19woody58: calls $6
*** RIVER *** [Th 4h Qd Kd] [Jc]
19woody58: checks
Agrotait: bets $6
19woody58: folds
Uncalled bet ($6) returned to Agrotait
Agrotait collected $29.50 from pot
Agrotait: doesn't show hand
*** SUMMARY ***
Total pot $30 | Rake $0.50
Board [Th 4h Qd Kd Jc]
Seat 1: Agrotait (button) (small blind) collected ($29.50)
Seat 2: 19woody58 (big blind) folded on the River


PokerStars Hand #162934003613:  Hold'em Limit ($3/$6 USD) - 2016/12/14 11:30:33 ET
Table 'Praxedis' 6-max Seat #2 is the button
Seat 1: Agrotait ($88.40 in chips)
Seat 2: 19woody58 ($115.04 in chips)
19woody58: posts small blind $1
Agrotait: posts big blind $3
*** HOLE CARDS ***
19woody58: folds
Uncalled bet ($2) returned to Agrotait
Agrotait collected $2 from pot
Agrotait: doesn't show hand
*** SUMMARY ***
Total pot $2 | Rake $0
Seat 1: Agrotait (big blind) collected ($2)
Seat 2: 19woody58 (button) (small blind) folded before Flop


PokerStars Hand #162934092456:  Hold'em Limit ($3/$6 USD) - 2016/12/14 11:32:31 ET
Table 'Praxedis' 6-max Seat #1 is the button
Seat 1: Agrotait ($82.90 in chips)
Seat 2: 19woody58 ($119.54 in chips)
Agrotait: posts small blind $1
19woody58: posts big blind $3
*** HOLE CARDS ***
Agrotait: raises $3 to $6
19woody58: folds
Uncalled bet ($3) returned to Agrotait
Agrotait collected $6 from pot
Agrotait: doesn't show hand
*** SUMMARY ***
Total pot $6 | Rake $0
Seat 1: Agrotait (button) (small blind) collected ($6)
Seat 2: 19woody58 (big blind) folded before Flop


PokerStars Hand #162934040424:  Hold'em Limit ($3/$6 USD) - 2016/12/14 11:31:21 ET
Table 'Praxedis' 6-max Seat #2 is the button
Seat 1: Agrotait ($103.90 in chips)
Seat 2: 19woody58 ($99.04 in chips)
19woody58: posts small blind $1
Agrotait: posts big blind $3
*** HOLE CARDS ***
19woody58: raises $3 to $6
Agrotait: calls $3
*** FLOP *** [7h Ad 3c]
Agrotait: checks
19woody58: bets $3
Agrotait: calls $3
*** TURN *** [7h Ad 3c] [2d]
Agrotait: checks
19woody58: bets $6
Agrotait: calls $6
*** RIVER *** [7h Ad 3c 2d] [4s]
Agrotait: checks
19woody58: bets $6
Agrotait: calls $6
*** SHOW DOWN ***
19woody58: shows [3d Ac] (two pair, Aces and Threes)
Agrotait: mucks hand
19woody58 collected $41.50 from pot
*** SUMMARY ***
Total pot $42 | Rake $0.50
Board [7h Ad 3c 2d 4s]
Seat 1: Agrotait (big blind) mucked
Seat 2: 19woody58 (button) (small blind) showed [3d Ac] and won ($41.50) with two pair, Aces and Threes


PokerStars Hand #162934098752:  Hold'em Limit ($3/$6 USD) - 2016/12/14 11:32:39 ET
Table 'Praxedis' 6-max Seat #2 is the button
Seat 1: Agrotait ($85.90 in chips)
Seat 2: 19woody58 ($116.54 in chips)
19woody58: posts small blind $1
Agrotait: posts big blind $3
*** HOLE CARDS ***
19woody58: raises $3 to $6
Agrotait: calls $3
*** FLOP *** [2h 6d 8c]
Agrotait: checks
19woody58: bets $3
Agrotait: calls $3
*** TURN *** [2h 6d 8c] [4d]
Agrotait: checks
19woody58: checks
*** RIVER *** [2h 6d 8c 4d] [Td]
Agrotait: bets $6
19woody58: calls $6
*** SHOW DOWN ***
Agrotait: shows [5h 9s] (high card Ten)
19woody58: shows [Th Ac] (a pair of Tens)
19woody58 collected $29.50 from pot
*** SUMMARY ***
Total pot $30 | Rake $0.50
Board [2h 6d 8c 4d Td]
Seat 1: Agrotait (big blind) showed [5h 9s] and lost with high card Ten
Seat 2: 19woody58 (button) (small blind) showed [Th Ac] and won ($29.50) with a pair of Tens


PokerStars Hand #162934134740:  Hold'em Limit ($3/$6 USD) - 2016/12/14 11:33:24 ET
Table 'Praxedis' 6-max Seat #1 is the button
Seat 1: Agrotait ($70.90 in chips)
Seat 2: 19woody58 ($131.04 in chips)
Agrotait: posts small blind $1
19woody58: posts big blind $3
*** HOLE CARDS ***
Agrotait: raises $3 to $6
19woody58: calls $3
*** FLOP *** [9s 7h Jd]
19woody58: checks
Agrotait: bets $3
19woody58: calls $3
*** TURN *** [9s 7h Jd] [Ah]
19woody58: checks
Agrotait: bets $6
19woody58: calls $6
*** RIVER *** [9s 7h Jd Ah] [Ks]
Krazy90 joins the table at seat #3
19woody58: checks
Agrotait: bets $6
19woody58: calls $6
*** SHOW DOWN ***
Agrotait: shows [As 9c] (two pair, Aces and Nines)
19woody58: mucks hand
Agrotait collected $41.50 from pot
*** SUMMARY ***
Total pot $42 | Rake $0.50
Board [9s 7h Jd Ah Ks]
Seat 1: Agrotait (button) (small blind) showed [As 9c] and won ($41.50) with two pair, Aces and Nines
Seat 2: 19woody58 (big blind) mucked


PokerStars Hand #162934316197:  Hold'em Limit ($3/$6 USD) - 2016/12/14 11:37:20 ET
Table 'Praxedis' 6-max Seat #3 is the button
Seat 2: 19woody58 ($90.32 in chips)
Seat 3: Krazy90 ($177.74 in chips)
Krazy90: posts small blind $1
Agrotait: is sitting out
19woody58: posts big blind $3
*** HOLE CARDS ***
Krazy90: raises $3 to $6
Agrotait leaves the table
19woody58: folds
Uncalled bet ($3) returned to Krazy90
Krazy90 collected $6 from pot
Krazy90: doesn't show hand
*** SUMMARY ***
Total pot $6 | Rake $0
Seat 2: 19woody58 (big blind) folded before Flop
Seat 3: Krazy90 (button) (small blind) collected ($6)


PokerStars Hand #162934357056:  Hold'em Limit ($3/$6 USD) - 2016/12/14 11:38:14 ET
Table 'Praxedis' 6-max Seat #2 is the button
Seat 2: 19woody58 ($72.32 in chips)
Seat 3: Krazy90 ($195.14 in chips)
19woody58: posts small blind $1
Krazy90: posts big blind $3
*** HOLE CARDS ***
19woody58: raises $3 to $6
Krazy90: folds
Uncalled bet ($3) returned to 19woody58
19woody58 collected $6 from pot
*** SUMMARY ***
Total pot $6 | Rake $0
Seat 2: 19woody58 (button) (small blind) collected ($6)
Seat 3: Krazy90 (big blind) folded before Flop


PokerStars Hand #162934341201:  Hold'em Limit ($3/$6 USD) - 2016/12/14 11:37:53 ET
Table 'Praxedis' 6-max Seat #3 is the button
Seat 2: 19woody58 ($81.32 in chips)
Seat 3: Krazy90 ($186.50 in chips)
Krazy90: posts small blind $1
19woody58: posts big blind $3
*** HOLE CARDS ***
Krazy90: raises $3 to $6
19woody58: calls $3
*** FLOP *** [Td Ad 6s]
19woody58: checks
Krazy90: bets $3
19woody58: calls $3
*** TURN *** [Td Ad 6s] [3s]
19woody58: checks
Krazy90: bets $6
19woody58: folds
Uncalled bet ($6) returned to Krazy90
Krazy90 collected $17.64 from pot
Krazy90: doesn't show hand
*** SUMMARY ***
Total pot $18 | Rake $0.36
Board [Td Ad 6s 3s]
Seat 2: 19woody58 (big blind) folded on the Turn
Seat 3: Krazy90 (button) (small blind) collected ($17.64)


PokerStars Hand #162934321324:  Hold'em Limit ($3/$6 USD) - 2016/12/14 11:37:27 ET
Table 'Praxedis' 6-max Seat #2 is the button
Seat 2: 19woody58 ($87.32 in chips)
Seat 3: Krazy90 ($180.74 in chips)
19woody58: posts small blind $1
Krazy90: posts big blind $3
*** HOLE CARDS ***
19woody58: raises $3 to $6
Krazy90: calls $3
*** FLOP *** [Tc 5s 4c]
Krazy90: checks
19woody58: checks
*** TURN *** [Tc 5s 4c] [5c]
Krazy90: checks
19woody58: checks
*** RIVER *** [Tc 5s 4c 5c] [9s]
Krazy90: checks
19woody58: checks
*** SHOW DOWN ***
Krazy90: shows [Jc Qd] (a pair of Fives)
19woody58: mucks hand
Krazy90 collected $11.76 from pot
*** SUMMARY ***
Total pot $12 | Rake $0.24
Board [Tc 5s 4c 5c 9s]
Seat 2: 19woody58 (button) (small blind) mucked
Seat 3: Krazy90 (big blind) showed [Jc Qd] and won ($11.76) with a pair of Fives


PokerStars Hand #162934411732:  Hold'em Limit ($3/$6 USD) - 2016/12/14 11:39:26 ET
Table 'Praxedis' 6-max Seat #2 is the button
Seat 2: 19woody58 ($21.32 in chips)
Seat 3: Krazy90 ($245.14 in chips)
19woody58: posts small blind $1
Krazy90: posts big blind $3
*** HOLE CARDS ***
19woody58: folds
Uncalled bet ($2) returned to Krazy90
Krazy90 collected $2 from pot
Krazy90: doesn't show hand
*** SUMMARY ***
Total pot $2 | Rake $0
Seat 2: 19woody58 (button) (small blind) folded before Flop
Seat 3: Krazy90 (big blind) collected ($2)


PokerStars Hand #162934407808:  Hold'em Limit ($3/$6 USD) - 2016/12/14 11:39:21 ET
Table 'Praxedis' 6-max Seat #3 is the button
Seat 2: 19woody58 ($24.32 in chips)
Seat 3: Krazy90 ($242.14 in chips)
Krazy90: posts small blind $1
19woody58: posts big blind $3
*** HOLE CARDS ***
Krazy90: raises $3 to $6
19woody58: folds
Uncalled bet ($3) returned to Krazy90
Krazy90 collected $6 from pot
Krazy90: doesn't show hand
*** SUMMARY ***
Total pot $6 | Rake $0
Seat 2: 19woody58 (big blind) folded before Flop
Seat 3: Krazy90 (button) (small blind) collected ($6)


PokerStars Hand #162934386097:  Hold'em Limit ($3/$6 USD) - 2016/12/14 11:38:52 ET
Table 'Praxedis' 6-max Seat #2 is the button
Seat 2: 19woody58 ($60.32 in chips)
Seat 3: Krazy90 ($206.64 in chips)
19woody58: posts small blind $1
Krazy90: posts big blind $3
*** HOLE CARDS ***
19woody58: raises $3 to $6
Krazy90: calls $3
*** FLOP *** [Js 6c 9h]
Krazy90: checks
19woody58: bets $3
Krazy90: raises $3 to $6
19woody58: calls $3
*** TURN *** [Js 6c 9h] [5h]
Krazy90: bets $6
19woody58: calls $6
*** RIVER *** [Js 6c 9h 5h] [7h]
Krazy90: bets $6
19woody58: raises $6 to $12
Krazy90: raises $6 to $18
19woody58: calls $6
*** SHOW DOWN ***
Krazy90: shows [Th Qh] (a flush, Queen high)
19woody58: mucks hand
Krazy90 collected $71.50 from pot
*** SUMMARY ***
Total pot $72 | Rake $0.50
Board [Js 6c 9h 5h 7h]
Seat 2: 19woody58 (button) (small blind) mucked
Seat 3: Krazy90 (big blind) showed [Th Qh] and won ($71.50) with a flush, Queen high


PokerStars Hand #162934362800:  Hold'em Limit ($3/$6 USD) - 2016/12/14 11:38:22 ET
Table 'Praxedis' 6-max Seat #3 is the button
Seat 2: 19woody58 ($75.32 in chips)
Seat 3: Krazy90 ($192.14 in chips)
Krazy90: posts small blind $1
19woody58: posts big blind $3
*** HOLE CARDS ***
Krazy90: raises $3 to $6
19woody58: calls $3
*** FLOP *** [Th Jd 6s]
19woody58: checks
Krazy90: bets $3
19woody58: calls $3
*** TURN *** [Th Jd 6s] [Ts]
19woody58: checks
Krazy90: bets $6
19woody58: calls $6
*** RIVER *** [Th Jd 6s Ts] [6d]
19woody58: checks
Krazy90: bets $6
19woody58: folds
Uncalled bet ($6) returned to Krazy90
Krazy90 collected $29.50 from pot
Krazy90: doesn't show hand
*** SUMMARY ***
Total pot $30 | Rake $0.50
Board [Th Jd 6s Ts 6d]
Seat 2: 19woody58 (big blind) folded on the River
Seat 3: Krazy90 (button) (small blind) collected ($29.50)


PokerStars Hand #162934430916:  Hold'em Limit ($3/$6 USD) - 2016/12/14 11:39:51 ET
Table 'Praxedis' 6-max Seat #2 is the button
Seat 2: 19woody58 ($11.32 in chips)
Seat 3: Krazy90 ($254.78 in chips)
19woody58: posts small blind $1
Krazy90: posts big blind $3
*** HOLE CARDS ***
19woody58: folds
Uncalled bet ($2) returned to Krazy90
Krazy90 collected $2 from pot
Krazy90: doesn't show hand
*** SUMMARY ***
Total pot $2 | Rake $0
Seat 2: 19woody58 (button) (small blind) folded before Flop
Seat 3: Krazy90 (big blind) collected ($2)


PokerStars Hand #162934415734:  Hold'em Limit ($3/$6 USD) - 2016/12/14 11:39:31 ET
Table 'Praxedis' 6-max Seat #3 is the button
Seat 2: 19woody58 ($20.32 in chips)
Seat 3: Krazy90 ($246.14 in chips)
Krazy90: posts small blind $1
19woody58: posts big blind $3
*** HOLE CARDS ***
Krazy90: raises $3 to $6
19woody58: calls $3
*** FLOP *** [3s 3d 2d]
19woody58: checks
Krazy90: bets $3
19woody58: calls $3
*** TURN *** [3s 3d 2d] [Th]
19woody58: checks
Krazy90: bets $6
19woody58: folds
Uncalled bet ($6) returned to Krazy90
Krazy90 collected $17.64 from pot
Krazy90: doesn't show hand
*** SUMMARY ***
Total pot $18 | Rake $0.36
Board [3s 3d 2d Th]
Seat 2: 19woody58 (big blind) folded on the Turn
Seat 3: Krazy90 (button) (small blind) collected ($17.64)


PokerStars Hand #162934434865:  Hold'em Limit ($3/$6 USD) - 2016/12/14 11:39:56 ET
Table 'Praxedis' 6-max Seat #3 is the button
Seat 2: 19woody58 ($10.32 in chips)
Seat 3: Krazy90 ($255.78 in chips)
Krazy90: posts small blind $1
19woody58: posts big blind $3
*** HOLE CARDS ***
Krazy90: raises $3 to $6
19woody58: calls $3
*** FLOP *** [Qd 2s Kd]
19woody58: checks
Krazy90: bets $3
19woody58: folds
Uncalled bet ($3) returned to Krazy90
Krazy90 collected $11.76 from pot
Krazy90: doesn't show hand
*** SUMMARY ***
Total pot $12 | Rake $0.24
Board [Qd 2s Kd]
Seat 2: 19woody58 (big blind) folded on the Flop
Seat 3: Krazy90 (button) (small blind) collected ($11.76)


PokerStars Hand #162934443703:  Hold'em Limit ($3/$6 USD) - 2016/12/14 11:40:08 ET
Table 'Praxedis' 6-max Seat #2 is the button
Seat 2: 19woody58 ($4.32 in chips)
Seat 3: Krazy90 ($261.54 in chips)
19woody58: posts small blind $1
Krazy90: posts big blind $3
*** HOLE CARDS ***
19woody58: raises $1.32 to $4.32 and is all-in
Krazy90: calls $1.32
*** FLOP *** [2h 5h Tc]
*** TURN *** [2h 5h Tc] [Ts]
*** RIVER *** [2h 5h Tc Ts] [Ac]
*** SHOW DOWN ***
Krazy90: shows [Ah Kh] (two pair, Aces and Tens)
19woody58: shows [Jd 7d] (a pair of Tens)
Krazy90 collected $8.47 from pot
*** SUMMARY ***
Total pot $8.64 | Rake $0.17
Board [2h 5h Tc Ts Ac]
Seat 2: 19woody58 (button) (small blind) showed [Jd 7d] and lost with a pair of Tens
Seat 3: Krazy90 (big blind) showed [Ah Kh] and won ($8.47) with two pair, Aces and Tens


PokerStars Hand #162935010066:  Hold'em Limit ($3/$6 USD) - 2016/12/14 11:52:20 ET
Table 'Praxedis' 6-max Seat #4 is the button
Seat 4: Actionni13 ($150 in chips)
Seat 6: nordschrott ($83.35 in chips)
Actionni13: posts small blind $1
nordschrott: posts big blind $3
*** HOLE CARDS ***
Actionni13: raises $3 to $6
nordschrott: calls $3
*** FLOP *** [Qc 9d Ts]
nordschrott: checks
Actionni13: bets $3
nordschrott: calls $3
*** TURN *** [Qc 9d Ts] [7h]
nordschrott: checks
Actionni13: bets $6
nordschrott: calls $6
*** RIVER *** [Qc 9d Ts 7h] [2d]
nordschrott: checks
Actionni13: bets $6
nordschrott: calls $6
*** SHOW DOWN ***
Actionni13: shows [Th Kc] (a pair of Tens)
nordschrott: mucks hand
Actionni13 collected $41.50 from pot
*** SUMMARY ***
Total pot $42 | Rake $0.50
Board [Qc 9d Ts 7h 2d]
Seat 4: Actionni13 (button) (small blind) showed [Th Kc] and won ($41.50) with a pair of Tens
Seat 6: nordschrott (big blind) mucked


PokerStars Hand #162935028320:  Hold'em Limit ($3/$6 USD) - 2016/12/14 11:52:44 ET
Table 'Praxedis' 6-max Seat #6 is the button
Seat 4: Actionni13 ($170.50 in chips)
Seat 6: nordschrott ($62.35 in chips)
nordschrott: posts small blind $1
Actionni13: posts big blind $3
*** HOLE CARDS ***
nordschrott: calls $2
Actionni13: checks
*** FLOP *** [7c 8d 6s]
Actionni13: bets $3
nordschrott: calls $3
*** TURN *** [7c 8d 6s] [Js]
Actionni13: checks
nordschrott: bets $6
Actionni13: calls $6
*** RIVER *** [7c 8d 6s Js] [Ts]
Actionni13: bets $6
nordschrott: folds
Uncalled bet ($6) returned to Actionni13
Actionni13 collected $23.52 from pot
*** SUMMARY ***
Total pot $24 | Rake $0.48
Board [7c 8d 6s Js Ts]
Seat 4: Actionni13 (big blind) collected ($23.52)
Seat 6: nordschrott (button) (small blind) folded on the River


PokerStars Hand #162935050773:  Hold'em Limit ($3/$6 USD) - 2016/12/14 11:53:13 ET
Table 'Praxedis' 6-max Seat #4 is the button
Seat 4: Actionni13 ($182.02 in chips)
Seat 6: nordschrott ($50.35 in chips)
Actionni13: posts small blind $1
nordschrott: posts big blind $3
*** HOLE CARDS ***
Actionni13: folds
Uncalled bet ($2) returned to nordschrott
nordschrott collected $2 from pot
*** SUMMARY ***
Total pot $2 | Rake $0
Seat 4: Actionni13 (button) (small blind) folded before Flop
Seat 6: nordschrott (big blind) collected ($2)


PokerStars Hand #162935054124:  Hold'em Limit ($3/$6 USD) - 2016/12/14 11:53:17 ET
Table 'Praxedis' 6-max Seat #6 is the button
Seat 4: Actionni13 ($181.02 in chips)
Seat 6: nordschrott ($51.35 in chips)
nordschrott: posts small blind $1
Actionni13: posts big blind $3
*** HOLE CARDS ***
nordschrott: calls $2
Actionni13: raises $3 to $6
nordschrott: calls $3
*** FLOP *** [3d Ad Ac]
Actionni13: bets $3
nordschrott: folds
Uncalled bet ($3) returned to Actionni13
Actionni13 collected $11.76 from pot
*** SUMMARY ***
Total pot $12 | Rake $0.24
Board [3d Ad Ac]
Seat 4: Actionni13 (big blind) collected ($11.76)
Seat 6: nordschrott (button) (small blind) folded on the Flop


PokerStars Hand #162935065956:  Hold'em Limit ($3/$6 USD) - 2016/12/14 11:53:32 ET
Table 'Praxedis' 6-max Seat #4 is the button
Seat 4: Actionni13 ($186.78 in chips)
Seat 6: nordschrott ($45.35 in chips)
Actionni13: posts small blind $1
nordschrott: posts big blind $3
*** HOLE CARDS ***
Actionni13: raises $3 to $6
nordschrott: calls $3
*** FLOP *** [3h 5d 3d]
nordschrott: checks
Actionni13: bets $3
nordschrott: calls $3
*** TURN *** [3h 5d 3d] [4d]
nordschrott: checks
Actionni13: bets $6
nordschrott: calls $6
*** RIVER *** [3h 5d 3d 4d] [3c]
nordschrott: bets $6
Actionni13: calls $6
*** SHOW DOWN ***
nordschrott: shows [Jd 9h] (three of a kind, Threes)
Actionni13: shows [Kd As] (three of a kind, Threes - Ace kicker)
Actionni13 collected $41.50 from pot
*** SUMMARY ***
Total pot $42 | Rake $0.50
Board [3h 5d 3d 4d 3c]
Seat 4: Actionni13 (button) (small blind) showed [Kd As] and won ($41.50) with three of a kind, Threes
Seat 6: nordschrott (big blind) showed [Jd 9h] and lost with three of a kind, Threes


PokerStars Hand #162935081721:  Hold'em Limit ($3/$6 USD) - 2016/12/14 11:53:53 ET
Table 'Praxedis' 6-max Seat #6 is the button
Seat 4: Actionni13 ($207.28 in chips)
Seat 6: nordschrott ($24.35 in chips)
nordschrott: posts small blind $1
Actionni13: posts big blind $3
*** HOLE CARDS ***
nordschrott: folds
Uncalled bet ($2) returned to Actionni13
Actionni13 collected $2 from pot
*** SUMMARY ***
Total pot $2 | Rake $0
Seat 4: Actionni13 (big blind) collected ($2)
Seat 6: nordschrott (button) (small blind) folded before Flop


PokerStars Hand #162935098409:  Hold'em Limit ($3/$6 USD) - 2016/12/14 11:54:14 ET
Table 'Praxedis' 6-max Seat #6 is the button
Seat 4: Actionni13 ($202.28 in chips)
Seat 6: nordschrott ($29.11 in chips)
nordschrott: posts small blind $1
Actionni13: posts big blind $3
*** HOLE CARDS ***
nordschrott: folds
Uncalled bet ($2) returned to Actionni13
Actionni13 collected $2 from pot
*** SUMMARY ***
Total pot $2 | Rake $0
Seat 4: Actionni13 (big blind) collected ($2)
Seat 6: nordschrott (button) (small blind) folded before Flop


PokerStars Hand #162935088704:  Hold'em Limit ($3/$6 USD) - 2016/12/14 11:54:02 ET
Table 'Praxedis' 6-max Seat #4 is the button
Seat 4: Actionni13 ($208.28 in chips)
Seat 6: nordschrott ($23.35 in chips)
Actionni13: posts small blind $1
nordschrott: posts big blind $3
*** HOLE CARDS ***
Actionni13: raises $3 to $6
nordschrott: calls $3
*** FLOP *** [9d 8c 7d]
nordschrott: checks
Actionni13: checks
*** TURN *** [9d 8c 7d] [3d]
nordschrott: bets $6
Actionni13: folds
Uncalled bet ($6) returned to nordschrott
nordschrott collected $11.76 from pot
*** SUMMARY ***
Total pot $12 | Rake $0.24
Board [9d 8c 7d 3d]
Seat 4: Actionni13 (button) (small blind) folded on the Turn
Seat 6: nordschrott (big blind) collected ($11.76)


PokerStars Hand #162935104733:  Hold'em Limit ($3/$6 USD) - 2016/12/14 11:54:22 ET
Table 'Praxedis' 6-max Seat #4 is the button
Seat 4: Actionni13 ($203.28 in chips)
Seat 6: nordschrott ($28.11 in chips)
Actionni13: posts small blind $1
nordschrott: posts big blind $3
*** HOLE CARDS ***
Actionni13: raises $3 to $6
nordschrott: calls $3
*** FLOP *** [Ac 2s 2c]
nordschrott: checks
Actionni13: bets $3
nordschrott: calls $3
*** TURN *** [Ac 2s 2c] [9d]
nordschrott: checks
Actionni13: checks
*** RIVER *** [Ac 2s 2c 9d] [3c]
nordschrott: bets $6
Actionni13: calls $6
*** SHOW DOWN ***
nordschrott: shows [8c 9c] (a flush, Ace high)
Actionni13: mucks hand
nordschrott collected $29.50 from pot
*** SUMMARY ***
Total pot $30 | Rake $0.50
Board [Ac 2s 2c 9d 3c]
Seat 4: Actionni13 (button) (small blind) mucked
Seat 6: nordschrott (big blind) showed [8c 9c] and won ($29.50) with a flush, Ace high


PokerStars Hand #162935125225:  Hold'em Limit ($3/$6 USD) - 2016/12/14 11:54:49 ET
Table 'Praxedis' 6-max Seat #6 is the button
Seat 4: Actionni13 ($188.28 in chips)
Seat 6: nordschrott ($42.61 in chips)
nordschrott: posts small blind $1
Actionni13: posts big blind $3
*** HOLE CARDS ***
nordschrott: calls $2
Actionni13: checks
*** FLOP *** [9d Jh 7h]
Actionni13: checks
nordschrott: bets $3
Actionni13: folds
Uncalled bet ($3) returned to nordschrott
nordschrott collected $5.88 from pot
*** SUMMARY ***
Total pot $6 | Rake $0.12
Board [9d Jh 7h]
Seat 4: Actionni13 (big blind) folded on the Flop
Seat 6: nordschrott (button) (small blind) collected ($5.88)


PokerStars Hand #162935155121:  Hold'em Limit ($3/$6 USD) - 2016/12/14 11:55:30 ET
Table 'Praxedis' 6-max Seat #6 is the button
Seat 4: Actionni13 ($187.04 in chips)
Seat 6: nordschrott ($43.37 in chips)
nordschrott: posts small blind $1
Actionni13: posts big blind $3
*** HOLE CARDS ***
nordschrott: calls $2
Actionni13: checks
*** FLOP *** [Ac 4d Qc]
Actionni13: checks
nordschrott: bets $3
Actionni13: folds
Uncalled bet ($3) returned to nordschrott
nordschrott collected $5.88 from pot
*** SUMMARY ***
Total pot $6 | Rake $0.12
Board [Ac 4d Qc]
Seat 4: Actionni13 (big blind) folded on the Flop
Seat 6: nordschrott (button) (small blind) collected ($5.88)


PokerStars Hand #162935148177:  Hold'em Limit ($3/$6 USD) - 2016/12/14 11:55:20 ET
Table 'Praxedis' 6-max Seat #4 is the button
Seat 4: Actionni13 ($181.28 in chips)
Seat 6: nordschrott ($49.37 in chips)
Actionni13: posts small blind $1
nordschrott: posts big blind $3
*** HOLE CARDS ***
Actionni13: raises $3 to $6
nordschrott: calls $3
*** FLOP *** [8c Ac Ad]
nordschrott: checks
Actionni13: bets $3
kolaz03 joins the table at seat #1
nordschrott: folds
Uncalled bet ($3) returned to Actionni13
Actionni13 collected $11.76 from pot
*** SUMMARY ***
Total pot $12 | Rake $0.24
Board [8c Ac Ad]
Seat 4: Actionni13 (button) (small blind) collected ($11.76)
Seat 6: nordschrott (big blind) folded on the Flop


PokerStars Hand #162935138092:  Hold'em Limit ($3/$6 USD) - 2016/12/14 11:55:05 ET
Table 'Praxedis' 6-max Seat #6 is the button
Seat 4: Actionni13 ($184.28 in chips)
Seat 6: nordschrott ($46.49 in chips)
nordschrott: posts small blind $1
Actionni13: posts big blind $3
*** HOLE CARDS ***
nordschrott: calls $2
Actionni13: checks
*** FLOP *** [7d 6s 6c]
Actionni13: checks
nordschrott: checks
*** TURN *** [7d 6s 6c] [As]
Actionni13: checks
nordschrott: bets $6
Actionni13: folds
Uncalled bet ($6) returned to nordschrott
nordschrott collected $5.88 from pot
*** SUMMARY ***
Total pot $6 | Rake $0.12
Board [7d 6s 6c As]
Seat 4: Actionni13 (big blind) folded on the Turn
Seat 6: nordschrott (button) (small blind) collected ($5.88)


PokerStars Hand #162935133767:  Hold'em Limit ($3/$6 USD) - 2016/12/14 11:54:59 ET
Table 'Praxedis' 6-max Seat #4 is the button
Seat 4: Actionni13 ($185.28 in chips)
Seat 6: nordschrott ($45.49 in chips)
Actionni13: posts small blind $1
nordschrott: posts big blind $3
*** HOLE CARDS ***
Actionni13: folds
Uncalled bet ($2) returned to nordschrott
nordschrott collected $2 from pot
*** SUMMARY ***
Total pot $2 | Rake $0
Seat 4: Actionni13 (button) (small blind) folded before Flop
Seat 6: nordschrott (big blind) collected ($2)


PokerStars Hand #162935200277:  Hold'em Limit ($3/$6 USD) - 2016/12/14 11:56:39 ET
Table 'Praxedis' 6-max Seat #4 is the button
Seat 4: Actionni13 ($174.68 in chips)
Seat 6: nordschrott ($54.75 in chips)
Actionni13: posts small blind $1
nordschrott: posts big blind $3
*** HOLE CARDS ***
Actionni13: folds
Uncalled bet ($2) returned to nordschrott
nordschrott collected $2 from pot
*** SUMMARY ***
Total pot $2 | Rake $0
Seat 4: Actionni13 (button) (small blind) folded before Flop
Seat 6: nordschrott (big blind) collected ($2)


PokerStars Hand #162935174953:  Hold'em Limit ($3/$6 USD) - 2016/12/14 11:56:00 ET
Table 'Praxedis' 6-max Seat #6 is the button
Seat 4: Actionni13 ($192.68 in chips)
Seat 6: nordschrott ($37.25 in chips)
nordschrott: posts small blind $1
Actionni13: posts big blind $3
*** HOLE CARDS ***
nordschrott: calls $2
Actionni13: raises $3 to $6
nordschrott: calls $3
*** FLOP *** [Qh Qs 3s]
Actionni13: bets $3
nordschrott: raises $3 to $6
Actionni13: calls $3
*** TURN *** [Qh Qs 3s] [5c]
Actionni13: checks
nordschrott: bets $6
Actionni13: calls $6
*** RIVER *** [Qh Qs 3s 5c] [4c]
Actionni13: checks
nordschrott: checks
*** SHOW DOWN ***
Actionni13: shows [Ah 9c] (a pair of Queens)
nordschrott: shows [3h 4h] (two pair, Queens and Fours)
nordschrott collected $35.50 from pot
*** SUMMARY ***
Total pot $36 | Rake $0.50
Board [Qh Qs 3s 5c 4c]
Seat 4: Actionni13 (big blind) showed [Ah 9c] and lost with a pair of Queens
Seat 6: nordschrott (button) (small blind) showed [3h 4h] and won ($35.50) with two pair, Queens and Fours


PokerStars Hand #162935162000:  Hold'em Limit ($3/$6 USD) - 2016/12/14 11:55:41 ET
Table 'Praxedis' 6-max Seat #4 is the button
Seat 4: Actionni13 ($184.04 in chips)
Seat 6: nordschrott ($46.25 in chips)
Actionni13: posts small blind $1
nordschrott: posts big blind $3
*** HOLE CARDS ***
Actionni13: raises $3 to $6
nordschrott: calls $3
*** FLOP *** [9c 7c 8d]
nordschrott: checks
Actionni13: bets $3
nordschrott: calls $3
*** TURN *** [9c 7c 8d] [8c]
nordschrott: checks
Actionni13: bets $6
nordschrott: folds
Uncalled bet ($6) returned to Actionni13
Actionni13 collected $17.64 from pot
*** SUMMARY ***
Total pot $18 | Rake $0.36
Board [9c 7c 8d 8c]
Seat 4: Actionni13 (button) (small blind) collected ($17.64)
Seat 6: nordschrott (big blind) folded on the Turn


PokerStars Hand #162935216700:  Hold'em Limit ($3/$6 USD) - 2016/12/14 11:57:04 ET
Table 'Praxedis' 6-max Seat #4 is the button
Seat 4: Actionni13 ($152.68 in chips)
Seat 6: nordschrott ($76.25 in chips)
Actionni13: posts small blind $1
nordschrott: posts big blind $3
*** HOLE CARDS ***
Actionni13: raises $3 to $6
humlefar joins the table at seat #3
nordschrott: calls $3
*** FLOP *** [Kc 5s Ah]
nordschrott: checks
Actionni13: bets $3
nordschrott: folds
Uncalled bet ($3) returned to Actionni13
Actionni13 collected $11.76 from pot
*** SUMMARY ***
Total pot $12 | Rake $0.24
Board [Kc 5s Ah]
Seat 4: Actionni13 (button) (small blind) collected ($11.76)
Seat 6: nordschrott (big blind) folded on the Flop


PokerStars Hand #162935203409:  Hold'em Limit ($3/$6 USD) - 2016/12/14 11:56:43 ET
Table 'Praxedis' 6-max Seat #6 is the button
Seat 4: Actionni13 ($173.68 in chips)
Seat 6: nordschrott ($55.75 in chips)
nordschrott: posts small blind $1
Actionni13: posts big blind $3
*** HOLE CARDS ***
nordschrott: calls $2
Actionni13: checks
*** FLOP *** [5s 8s 5c]
Actionni13: checks
nordschrott: checks
*** TURN *** [5s 8s 5c] [2s]
Actionni13: bets $6
nordschrott: calls $6
*** RIVER *** [5s 8s 5c 2s] [4h]
Actionni13: bets $6
nordschrott: raises $6 to $12
Actionni13: calls $6
*** SHOW DOWN ***
nordschrott: shows [3c Ad] (a straight, Ace to Five)
Actionni13: mucks hand
nordschrott collected $41.50 from pot
*** SUMMARY ***
Total pot $42 | Rake $0.50
Board [5s 8s 5c 2s 4h]
Seat 4: Actionni13 (big blind) mucked
Seat 6: nordschrott (button) (small blind) showed [3c Ad] and won ($41.50) with a straight, Ace to Five


PokerStars Hand #162937868458:  Hold'em Limit ($3/$6 USD) - 2016/12/14 12:51:29 ET
Table 'Praxedis' 6-max Seat #6 is the button
Seat 5: VolkovDmitri ($156.72 in chips)
Seat 6: FaStBluff ($121 in chips)
FaStBluff: posts small blind $1
Zubasa07: is sitting out
arina201317: is sitting out
VolkovDmitri: posts big blind $3
*** HOLE CARDS ***
FaStBluff: raises $3 to $6
arina201317 leaves the table
Zubasa07 leaves the table
VolkovDmitri: calls $3
*** FLOP *** [2h 5d 3d]
VolkovDmitri: bets $3
FaStBluff: calls $3
*** TURN *** [2h 5d 3d] [As]
VolkovDmitri: checks
FaStBluff: bets $6
VolkovDmitri: calls $6
*** RIVER *** [2h 5d 3d As] [Ks]
VolkovDmitri: checks
FaStBluff: bets $6
VolkovDmitri: calls $6
*** SHOW DOWN ***
FaStBluff: shows [Ah 4d] (a straight, Ace to Five)
VolkovDmitri: mucks hand
FaStBluff collected $41.50 from pot
*** SUMMARY ***
Total pot $42 | Rake $0.50
Board [2h 5d 3d As Ks]
Seat 5: VolkovDmitri (big blind) mucked
Seat 6: FaStBluff (button) (small blind) showed [Ah 4d] and won ($41.50) with a straight, Ace to Five


PokerStars Hand #162937930381:  Hold'em Limit ($3/$6 USD) - 2016/12/14 12:52:39 ET
Table 'Praxedis' 6-max Seat #6 is the button
Seat 5: VolkovDmitri ($138.72 in chips)
Seat 6: FaStBluff ($138.50 in chips)
FaStBluff: posts small blind $1
VolkovDmitri: posts big blind $3
*** HOLE CARDS ***
FaStBluff: folds
Uncalled bet ($2) returned to VolkovDmitri
VolkovDmitri collected $2 from pot
VolkovDmitri: doesn't show hand
*** SUMMARY ***
Total pot $2 | Rake $0
Seat 5: VolkovDmitri (big blind) collected ($2)
Seat 6: FaStBluff (button) (small blind) folded before Flop


PokerStars Hand #162937925470:  Hold'em Limit ($3/$6 USD) - 2016/12/14 12:52:33 ET
Table 'Praxedis' 6-max Seat #5 is the button
Seat 5: VolkovDmitri ($135.72 in chips)
Seat 6: FaStBluff ($141.50 in chips)
VolkovDmitri: posts small blind $1
FaStBluff: posts big blind $3
*** HOLE CARDS ***
VolkovDmitri: raises $3 to $6
FaStBluff: folds
Uncalled bet ($3) returned to VolkovDmitri
VolkovDmitri collected $6 from pot
VolkovDmitri: doesn't show hand
*** SUMMARY ***
Total pot $6 | Rake $0
Seat 5: VolkovDmitri (button) (small blind) collected ($6)
Seat 6: FaStBluff (big blind) folded before Flop


