PokerStars Hand #162769618028:  Hold'em Limit ($3/$6 USD) - 2016/12/11 9:57:46 ET
Table 'Praxedis II' 10-max Seat #5 is the button
Seat 5: FaStBluff ($113 in chips)
Seat 10: MTails ($127 in chips)
FaStBluff: posts small blind $1
MTails: posts big blind $3
*** HOLE CARDS ***
FaStBluff: folds
Uncalled bet ($2) returned to MTails
MTails collected $2 from pot
MTails: doesn't show hand
*** SUMMARY ***
Total pot $2 | Rake $0
Seat 5: FaStBluff (button) (small blind) folded before Flop
Seat 10: MTails (big blind) collected ($2)


PokerStars Hand #162769615105:  Hold'em Limit ($3/$6 USD) - 2016/12/11 9:57:41 ET
Table 'Praxedis II' 10-max Seat #10 is the button
Seat 5: FaStBluff ($112 in chips)
Seat 10: MTails ($128 in chips)
MTails: posts small blind $1
FaStBluff: posts big blind $3
*** HOLE CARDS ***
MTails: folds
Uncalled bet ($2) returned to FaStBluff
FaStBluff collected $2 from pot
FaStBluff: doesn't show hand
*** SUMMARY ***
Total pot $2 | Rake $0
Seat 5: FaStBluff (big blind) collected ($2)
Seat 10: MTails (button) (small blind) folded before Flop


PokerStars Hand #162769611891:  Hold'em Limit ($3/$6 USD) - 2016/12/11 9:57:36 ET
Table 'Praxedis II' 10-max Seat #5 is the button
Seat 5: FaStBluff ($113 in chips)
Seat 10: MTails ($127 in chips)
FaStBluff: posts small blind $1
MTails: posts big blind $3
*** HOLE CARDS ***
FaStBluff: folds
Uncalled bet ($2) returned to MTails
MTails collected $2 from pot
*** SUMMARY ***
Total pot $2 | Rake $0
Seat 5: FaStBluff (button) (small blind) folded before Flop
Seat 10: MTails (big blind) collected ($2)


PokerStars Hand #162769607523:  Hold'em Limit ($3/$6 USD) - 2016/12/11 9:57:29 ET
Table 'Praxedis II' 10-max Seat #10 is the button
Seat 5: FaStBluff ($116 in chips)
Seat 10: MTails ($124 in chips)
MTails: posts small blind $1
FaStBluff: posts big blind $3
*** HOLE CARDS ***
MTails: raises $3 to $6
FaStBluff: folds
Uncalled bet ($3) returned to MTails
MTails collected $6 from pot
*** SUMMARY ***
Total pot $6 | Rake $0
Seat 5: FaStBluff (big blind) folded before Flop
Seat 10: MTails (button) (small blind) collected ($6)


PokerStars Hand #162769655662:  Hold'em Limit ($3/$6 USD) - 2016/12/11 9:58:46 ET
Table 'Praxedis II' 10-max Seat #5 is the button
Seat 5: FaStBluff ($110.50 in chips)
Seat 10: MTails ($128.50 in chips)
FaStBluff: posts small blind $1
MTails: posts big blind $3
*** HOLE CARDS ***
FaStBluff: raises $3 to $6
MTails: raises $3 to $9
FaStBluff: calls $3
*** FLOP *** [Jd Kc 3h]
MTails: bets $3
FaStBluff: calls $3
*** TURN *** [Jd Kc 3h] [Ac]
MTails: checks
FaStBluff: checks
*** RIVER *** [Jd Kc 3h Ac] [9c]
MTails: checks
FaStBluff: checks
*** SHOW DOWN ***
MTails: shows [6c 6d] (a pair of Sixes)
FaStBluff: mucks hand
MTails collected $23.52 from pot
*** SUMMARY ***
Total pot $24 | Rake $0.48
Board [Jd Kc 3h Ac 9c]
Seat 5: FaStBluff (button) (small blind) mucked
Seat 10: MTails (big blind) showed [6c 6d] and won ($23.52) with a pair of Sixes


PokerStars Hand #162769640815:  Hold'em Limit ($3/$6 USD) - 2016/12/11 9:58:22 ET
Table 'Praxedis II' 10-max Seat #10 is the button
Seat 5: FaStBluff ($125.50 in chips)
Seat 10: MTails ($114 in chips)
MTails: posts small blind $1
FaStBluff: posts big blind $3
*** HOLE CARDS ***
MTails: raises $3 to $6
FaStBluff: calls $3
*** FLOP *** [Qh 8s 5c]
FaStBluff: checks
MTails: bets $3
FaStBluff: calls $3
*** TURN *** [Qh 8s 5c] [Kh]
FaStBluff: checks
MTails: bets $6
FaStBluff: calls $6
*** RIVER *** [Qh 8s 5c Kh] [As]
FaStBluff: checks
MTails: checks
*** SHOW DOWN ***
FaStBluff: shows [9s 5s] (a pair of Fives)
MTails: shows [6c 6s] (a pair of Sixes)
MTails collected $29.50 from pot
*** SUMMARY ***
Total pot $30 | Rake $0.50
Board [Qh 8s 5c Kh As]
Seat 5: FaStBluff (big blind) showed [9s 5s] and lost with a pair of Fives
Seat 10: MTails (button) (small blind) showed [6c 6s] and won ($29.50) with a pair of Sixes


PokerStars Hand #162769635782:  Hold'em Limit ($3/$6 USD) - 2016/12/11 9:58:14 ET
Table 'Praxedis II' 10-max Seat #5 is the button
Seat 5: FaStBluff ($126.50 in chips)
Seat 10: MTails ($113 in chips)
FaStBluff: posts small blind $1
MTails: posts big blind $3
*** HOLE CARDS ***
FaStBluff: folds
Uncalled bet ($2) returned to MTails
MTails collected $2 from pot
*** SUMMARY ***
Total pot $2 | Rake $0
Seat 5: FaStBluff (button) (small blind) folded before Flop
Seat 10: MTails (big blind) collected ($2)


PokerStars Hand #162769624703:  Hold'em Limit ($3/$6 USD) - 2016/12/11 9:57:57 ET
Table 'Praxedis II' 10-max Seat #10 is the button
Seat 5: FaStBluff ($112 in chips)
Seat 10: MTails ($128 in chips)
MTails: posts small blind $1
FaStBluff: posts big blind $3
*** HOLE CARDS ***
MTails: raises $3 to $6
FaStBluff: calls $3
*** FLOP *** [5s 7c 9s]
FaStBluff: checks
MTails: bets $3
FaStBluff: calls $3
*** TURN *** [5s 7c 9s] [4h]
FaStBluff: checks
MTails: checks
*** RIVER *** [5s 7c 9s 4h] [5h]
FaStBluff: bets $6
MTails: calls $6
*** SHOW DOWN ***
FaStBluff: shows [Ts 7s] (two pair, Sevens and Fives)
MTails: mucks hand
FaStBluff collected $29.50 from pot
*** SUMMARY ***
Total pot $30 | Rake $0.50
Board [5s 7c 9s 4h 5h]
Seat 5: FaStBluff (big blind) showed [Ts 7s] and won ($29.50) with two pair, Sevens and Fives
Seat 10: MTails (button) (small blind) mucked


PokerStars Hand #162769690645:  Hold'em Limit ($3/$6 USD) - 2016/12/11 9:59:41 ET
Table 'Praxedis II' 10-max Seat #5 is the button
Seat 5: FaStBluff ($84.50 in chips)
Seat 10: MTails ($153.54 in chips)
FaStBluff: posts small blind $1
MTails: posts big blind $3
*** HOLE CARDS ***
FaStBluff: raises $3 to $6
MTails: calls $3
*** FLOP *** [Jc 4s 7d]
MTails: checks
FaStBluff: bets $3
MTails: calls $3
*** TURN *** [Jc 4s 7d] [9h]
MTails: checks
FaStBluff: bets $6
MTails: calls $6
*** RIVER *** [Jc 4s 7d 9h] [Td]
MTails: checks
FaStBluff: bets $6
MTails: folds
Uncalled bet ($6) returned to FaStBluff
FaStBluff collected $29.50 from pot
FaStBluff: doesn't show hand
*** SUMMARY ***
Total pot $30 | Rake $0.50
Board [Jc 4s 7d 9h Td]
Seat 5: FaStBluff (button) (small blind) collected ($29.50)
Seat 10: MTails (big blind) folded on the River


PokerStars Hand #162769686785:  Hold'em Limit ($3/$6 USD) - 2016/12/11 9:59:35 ET
Table 'Praxedis II' 10-max Seat #10 is the button
Seat 5: FaStBluff ($87.50 in chips)
Seat 10: MTails ($150.54 in chips)
MTails: posts small blind $1
FaStBluff: posts big blind $3
*** HOLE CARDS ***
MTails: raises $3 to $6
FaStBluff: folds
Uncalled bet ($3) returned to MTails
MTails collected $6 from pot
*** SUMMARY ***
Total pot $6 | Rake $0
Seat 5: FaStBluff (big blind) folded before Flop
Seat 10: MTails (button) (small blind) collected ($6)


PokerStars Hand #162769668488:  Hold'em Limit ($3/$6 USD) - 2016/12/11 9:59:06 ET
Table 'Praxedis II' 10-max Seat #5 is the button
Seat 5: FaStBluff ($99.50 in chips)
Seat 10: MTails ($139.02 in chips)
FaStBluff: posts small blind $1
MTails: posts big blind $3
*** HOLE CARDS ***
FaStBluff: raises $3 to $6
MTails: raises $3 to $9
FaStBluff: calls $3
*** FLOP *** [2c 5c Ts]
MTails: bets $3
FaStBluff: calls $3
*** TURN *** [2c 5c Ts] [7c]
MTails: bets $6
FaStBluff: folds
Uncalled bet ($6) returned to MTails
MTails collected $23.52 from pot
*** SUMMARY ***
Total pot $24 | Rake $0.48
Board [2c 5c Ts 7c]
Seat 5: FaStBluff (button) (small blind) folded on the Turn
Seat 10: MTails (big blind) collected ($23.52)


PokerStars Hand #162769665363:  Hold'em Limit ($3/$6 USD) - 2016/12/11 9:59:01 ET
Table 'Praxedis II' 10-max Seat #10 is the button
Seat 5: FaStBluff ($98.50 in chips)
Seat 10: MTails ($140.02 in chips)
MTails: posts small blind $1
FaStBluff: posts big blind $3
*** HOLE CARDS ***
MTails: folds
Uncalled bet ($2) returned to FaStBluff
FaStBluff collected $2 from pot
FaStBluff: doesn't show hand
*** SUMMARY ***
Total pot $2 | Rake $0
Seat 5: FaStBluff (big blind) collected ($2)
Seat 10: MTails (button) (small blind) folded before Flop


PokerStars Hand #162769728722:  Hold'em Limit ($3/$6 USD) - 2016/12/11 10:00:37 ET
Table 'Praxedis II' 10-max Seat #10 is the button
Seat 5: FaStBluff ($84 in chips)
Seat 10: MTails ($152.94 in chips)
MTails: posts small blind $1
FaStBluff: posts big blind $3
*** HOLE CARDS ***
MTails: raises $3 to $6
FaStBluff: calls $3
*** FLOP *** [Kd Ah 2c]
FaStBluff: checks
MTails: bets $3
FaStBluff: folds
Uncalled bet ($3) returned to MTails
MTails collected $11.76 from pot
*** SUMMARY ***
Total pot $12 | Rake $0.24
Board [Kd Ah 2c]
Seat 5: FaStBluff (big blind) folded on the Flop
Seat 10: MTails (button) (small blind) collected ($11.76)


PokerStars Hand #162769711359:  Hold'em Limit ($3/$6 USD) - 2016/12/11 10:00:12 ET
Table 'Praxedis II' 10-max Seat #5 is the button
Seat 5: FaStBluff ($93 in chips)
Seat 10: MTails ($144.30 in chips)
FaStBluff: posts small blind $1
MTails: posts big blind $3
*** HOLE CARDS ***
FaStBluff: raises $3 to $6
MTails: calls $3
*** FLOP *** [3h Jd 8d]
MTails: checks
FaStBluff: bets $3
MTails: raises $3 to $6
FaStBluff: folds
Uncalled bet ($3) returned to MTails
MTails collected $17.64 from pot
*** SUMMARY ***
Total pot $18 | Rake $0.36
Board [3h Jd 8d]
Seat 5: FaStBluff (button) (small blind) folded on the Flop
Seat 10: MTails (big blind) collected ($17.64)


PokerStars Hand #162769701092:  Hold'em Limit ($3/$6 USD) - 2016/12/11 9:59:57 ET
Table 'Praxedis II' 10-max Seat #10 is the button
Seat 5: FaStBluff ($99 in chips)
Seat 10: MTails ($138.54 in chips)
MTails: posts small blind $1
FaStBluff: posts big blind $3
*** HOLE CARDS ***
MTails: raises $3 to $6
FaStBluff: calls $3
*** FLOP *** [6d 7s Qc]
FaStBluff: checks
MTails: bets $3
FaStBluff: folds
Uncalled bet ($3) returned to MTails
MTails collected $11.76 from pot
*** SUMMARY ***
Total pot $12 | Rake $0.24
Board [6d 7s Qc]
Seat 5: FaStBluff (big blind) folded on the Flop
Seat 10: MTails (button) (small blind) collected ($11.76)


PokerStars Hand #162769781520:  Hold'em Limit ($3/$6 USD) - 2016/12/11 10:01:50 ET
Table 'Praxedis II' 10-max Seat #10 is the button
Seat 5: FaStBluff ($51 in chips)
Seat 10: MTails ($184.84 in chips)
MTails: posts small blind $1
FaStBluff: posts big blind $3
*** HOLE CARDS ***
MTails: raises $3 to $6
FaStBluff: folds
Uncalled bet ($3) returned to MTails
MTails collected $6 from pot
*** SUMMARY ***
Total pot $6 | Rake $0
Seat 5: FaStBluff (big blind) folded before Flop
Seat 10: MTails (button) (small blind) collected ($6)


PokerStars Hand #162769761926:  Hold'em Limit ($3/$6 USD) - 2016/12/11 10:01:24 ET
Table 'Praxedis II' 10-max Seat #5 is the button
Seat 5: FaStBluff ($60 in chips)
Seat 10: MTails ($176.20 in chips)
FaStBluff: posts small blind $1
MTails: posts big blind $3
*** HOLE CARDS ***
FaStBluff: raises $3 to $6
MTails: calls $3
*** FLOP *** [8d 8c 7h]
MTails: checks
FaStBluff: bets $3
MTails: calls $3
*** TURN *** [8d 8c 7h] [4h]
MTails: checks
FaStBluff: checks
*** RIVER *** [8d 8c 7h 4h] [Ac]
MTails: checks
FaStBluff: checks
*** SHOW DOWN ***
MTails: shows [Ah 8s] (a full house, Eights full of Aces)
FaStBluff: mucks hand
MTails collected $17.64 from pot
*** SUMMARY ***
Total pot $18 | Rake $0.36
Board [8d 8c 7h 4h Ac]
Seat 5: FaStBluff (button) (small blind) mucked
Seat 10: MTails (big blind) showed [Ah 8s] and won ($17.64) with a full house, Eights full of Aces


PokerStars Hand #162769755974:  Hold'em Limit ($3/$6 USD) - 2016/12/11 10:01:16 ET
Table 'Praxedis II' 10-max Seat #10 is the button
Seat 5: FaStBluff ($63 in chips)
Seat 10: MTails ($173.20 in chips)
MTails: posts small blind $1
FaStBluff: posts big blind $3
*** HOLE CARDS ***
MTails: raises $3 to $6
FaStBluff: folds
Uncalled bet ($3) returned to MTails
MTails collected $6 from pot
*** SUMMARY ***
Total pot $6 | Rake $0
Seat 5: FaStBluff (big blind) folded before Flop
Seat 10: MTails (button) (small blind) collected ($6)


PokerStars Hand #162769738420:  Hold'em Limit ($3/$6 USD) - 2016/12/11 10:00:51 ET
Table 'Praxedis II' 10-max Seat #5 is the button
Seat 5: FaStBluff ($78 in chips)
Seat 10: MTails ($158.70 in chips)
FaStBluff: posts small blind $1
MTails: posts big blind $3
*** HOLE CARDS ***
FaStBluff: raises $3 to $6
MTails: calls $3
*** FLOP *** [Jc Qs Jd]
MTails: checks
FaStBluff: bets $3
MTails: calls $3
*** TURN *** [Jc Qs Jd] [Ks]
MTails: checks
FaStBluff: checks
*** RIVER *** [Jc Qs Jd Ks] [7s]
MTails: bets $6
FaStBluff: calls $6
*** SHOW DOWN ***
MTails: shows [4h Qd] (two pair, Queens and Jacks)
FaStBluff: mucks hand
MTails collected $29.50 from pot
*** SUMMARY ***
Total pot $30 | Rake $0.50
Board [Jc Qs Jd Ks 7s]
Seat 5: FaStBluff (button) (small blind) mucked
Seat 10: MTails (big blind) showed [4h Qd] and won ($29.50) with two pair, Queens and Jacks


PokerStars Hand #162769825594:  Hold'em Limit ($3/$6 USD) - 2016/12/11 10:02:45 ET
Table 'Praxedis II' 10-max Seat #10 is the button
Seat 5: FaStBluff ($40.82 in chips)
Seat 10: MTails ($194.42 in chips)
MTails: posts small blind $1
FaStBluff: posts big blind $3
*** HOLE CARDS ***
MTails: raises $3 to $6
FaStBluff: calls $3
*** FLOP *** [Td 8d 7d]
FaStBluff: checks
MTails: bets $3
FaStBluff: calls $3
*** TURN *** [Td 8d 7d] [5s]
FaStBluff: checks
MTails: bets $6
FaStBluff: folds
Uncalled bet ($6) returned to MTails
MTails collected $17.64 from pot
*** SUMMARY ***
Total pot $18 | Rake $0.36
Board [Td 8d 7d 5s]
Seat 5: FaStBluff (big blind) folded on the Turn
Seat 10: MTails (button) (small blind) collected ($17.64)


PokerStars Hand #162769813493:  Hold'em Limit ($3/$6 USD) - 2016/12/11 10:02:30 ET
Table 'Praxedis II' 10-max Seat #5 is the button
Seat 5: FaStBluff ($41 in chips)
Seat 10: MTails ($194.60 in chips)
FaStBluff: posts small blind $1
MTails: posts big blind $3
*** HOLE CARDS ***
FaStBluff: raises $3 to $6
MTails: calls $3
*** FLOP *** [Kc Tc 9h]
MTails: checks
FaStBluff: bets $3
MTails: calls $3
*** TURN *** [Kc Tc 9h] [Kh]
MTails: checks
FaStBluff: checks
*** RIVER *** [Kc Tc 9h Kh] [Jh]
MTails: checks
FaStBluff: checks
*** SHOW DOWN ***
MTails: shows [Ad 8s] (a pair of Kings)
FaStBluff: shows [2s As] (a pair of Kings)
MTails collected $8.82 from pot
FaStBluff collected $8.82 from pot
*** SUMMARY ***
Total pot $18 | Rake $0.36
Board [Kc Tc 9h Kh Jh]
Seat 5: FaStBluff (button) (small blind) showed [2s As] and won ($8.82) with a pair of Kings
Seat 10: MTails (big blind) showed [Ad 8s] and won ($8.82) with a pair of Kings


PokerStars Hand #162769797977:  Hold'em Limit ($3/$6 USD) - 2016/12/11 10:02:10 ET
Table 'Praxedis II' 10-max Seat #10 is the button
Seat 5: FaStBluff ($47 in chips)
Seat 10: MTails ($188.84 in chips)
MTails: posts small blind $1
FaStBluff: posts big blind $3
*** HOLE CARDS ***
MTails: raises $3 to $6
FaStBluff: calls $3
*** FLOP *** [Ah 9d Kh]
FaStBluff: checks
MTails: bets $3
FaStBluff: folds
Uncalled bet ($3) returned to MTails
MTails collected $11.76 from pot
*** SUMMARY ***
Total pot $12 | Rake $0.24
Board [Ah 9d Kh]
Seat 5: FaStBluff (big blind) folded on the Flop
Seat 10: MTails (button) (small blind) collected ($11.76)


PokerStars Hand #162769789483:  Hold'em Limit ($3/$6 USD) - 2016/12/11 10:02:00 ET
Table 'Praxedis II' 10-max Seat #5 is the button
Seat 5: FaStBluff ($48 in chips)
Seat 10: MTails ($187.84 in chips)
FaStBluff: posts small blind $1
MTails: posts big blind $3
*** HOLE CARDS ***
FaStBluff: folds
Uncalled bet ($2) returned to MTails
MTails collected $2 from pot
*** SUMMARY ***
Total pot $2 | Rake $0
Seat 5: FaStBluff (button) (small blind) folded before Flop
Seat 10: MTails (big blind) collected ($2)


PokerStars Hand #162769873672:  Hold'em Limit ($3/$6 USD) - 2016/12/11 10:03:41 ET
Table 'Praxedis II' 10-max Seat #5 is the button
Seat 5: FaStBluff ($60.82 in chips)
Seat 10: MTails ($173.06 in chips)
FaStBluff: posts small blind $1
MTails: posts big blind $3
*** HOLE CARDS ***
FaStBluff: raises $3 to $6
MTails: calls $3
*** FLOP *** [Th 2s 3c]
MTails: checks
FaStBluff: bets $3
MTails: calls $3
*** TURN *** [Th 2s 3c] [Kd]
MTails: checks
FaStBluff: checks
*** RIVER *** [Th 2s 3c Kd] [9s]
MTails: bets $6
FaStBluff: calls $6
*** SHOW DOWN ***
MTails: shows [6d 7h] (high card King)
FaStBluff: shows [4h Ad] (high card Ace)
FaStBluff collected $29.50 from pot
*** SUMMARY ***
Total pot $30 | Rake $0.50
Board [Th 2s 3c Kd 9s]
Seat 5: FaStBluff (button) (small blind) showed [4h Ad] and won ($29.50) with high card Ace
Seat 10: MTails (big blind) showed [6d 7h] and lost with high card King


PokerStars Hand #162769856843:  Hold'em Limit ($3/$6 USD) - 2016/12/11 10:03:20 ET
Table 'Praxedis II' 10-max Seat #10 is the button
Seat 5: FaStBluff ($46.32 in chips)
Seat 10: MTails ($188.06 in chips)
MTails: posts small blind $1
FaStBluff: posts big blind $3
*** HOLE CARDS ***
MTails: raises $3 to $6
FaStBluff: calls $3
*** FLOP *** [6c 4d 5h]
FaStBluff: checks
MTails: bets $3
FaStBluff: calls $3
*** TURN *** [6c 4d 5h] [7d]
FaStBluff: checks
MTails: bets $6
FaStBluff: raises $6 to $12
MTails: folds
Uncalled bet ($6) returned to FaStBluff
FaStBluff collected $29.50 from pot
FaStBluff: doesn't show hand
*** SUMMARY ***
Total pot $30 | Rake $0.50
Board [6c 4d 5h 7d]
Seat 5: FaStBluff (big blind) collected ($29.50)
Seat 10: MTails (button) (small blind) folded on the Turn


PokerStars Hand #162769838726:  Hold'em Limit ($3/$6 USD) - 2016/12/11 10:03:00 ET
Table 'Praxedis II' 10-max Seat #5 is the button
Seat 5: FaStBluff ($31.82 in chips)
Seat 10: MTails ($203.06 in chips)
FaStBluff: posts small blind $1
MTails: posts big blind $3
*** HOLE CARDS ***
FaStBluff: raises $3 to $6
MTails: calls $3
*** FLOP *** [4s Jd 9d]
MTails: checks
FaStBluff: bets $3
MTails: calls $3
*** TURN *** [4s Jd 9d] [7s]
MTails: checks
FaStBluff: bets $6
MTails: calls $6
*** RIVER *** [4s Jd 9d 7s] [3h]
MTails: checks
FaStBluff: bets $6
MTails: folds
Uncalled bet ($6) returned to FaStBluff
FaStBluff collected $29.50 from pot
FaStBluff: doesn't show hand
*** SUMMARY ***
Total pot $30 | Rake $0.50
Board [4s Jd 9d 7s 3h]
Seat 5: FaStBluff (button) (small blind) collected ($29.50)
Seat 10: MTails (big blind) folded on the River


PokerStars Hand #162769930026:  Hold'em Limit ($3/$6 USD) - 2016/12/11 10:04:44 ET
Table 'Praxedis II' 10-max Seat #10 is the button
Seat 5: FaStBluff ($60.32 in chips)
Seat 10: MTails ($172.58 in chips)
MTails: posts small blind $1
FaStBluff: posts big blind $3
*** HOLE CARDS ***
MTails: raises $3 to $6
FaStBluff: calls $3
*** FLOP *** [Qc Qd 7d]
FaStBluff: checks
MTails: bets $3
FaStBluff: folds
Uncalled bet ($3) returned to MTails
MTails collected $11.76 from pot
*** SUMMARY ***
Total pot $12 | Rake $0.24
Board [Qc Qd 7d]
Seat 5: FaStBluff (big blind) folded on the Flop
Seat 10: MTails (button) (small blind) collected ($11.76)


PokerStars Hand #162769925766:  Hold'em Limit ($3/$6 USD) - 2016/12/11 10:04:39 ET
Table 'Praxedis II' 10-max Seat #5 is the button
Seat 5: FaStBluff ($61.32 in chips)
Seat 10: MTails ($171.58 in chips)
FaStBluff: posts small blind $1
MTails: posts big blind $3
*** HOLE CARDS ***
FaStBluff: folds
Uncalled bet ($2) returned to MTails
MTails collected $2 from pot
*** SUMMARY ***
Total pot $2 | Rake $0
Seat 5: FaStBluff (button) (small blind) folded before Flop
Seat 10: MTails (big blind) collected ($2)


PokerStars Hand #162769917110:  Hold'em Limit ($3/$6 USD) - 2016/12/11 10:04:29 ET
Table 'Praxedis II' 10-max Seat #10 is the button
Seat 5: FaStBluff ($60.32 in chips)
Seat 10: MTails ($172.58 in chips)
MTails: posts small blind $1
FaStBluff: posts big blind $3
*** HOLE CARDS ***
MTails: folds
Uncalled bet ($2) returned to FaStBluff
FaStBluff collected $2 from pot
FaStBluff: doesn't show hand
*** SUMMARY ***
Total pot $2 | Rake $0
Seat 5: FaStBluff (big blind) collected ($2)
Seat 10: MTails (button) (small blind) folded before Flop


PokerStars Hand #162769897220:  Hold'em Limit ($3/$6 USD) - 2016/12/11 10:04:07 ET
Table 'Praxedis II' 10-max Seat #5 is the button
Seat 5: FaStBluff ($72.32 in chips)
Seat 10: MTails ($161.06 in chips)
FaStBluff: posts small blind $1
MTails: posts big blind $3
*** HOLE CARDS ***
FaStBluff: raises $3 to $6
MTails: raises $3 to $9
FaStBluff: calls $3
*** FLOP *** [Ac 5h 4s]
MTails: bets $3
FaStBluff: calls $3
*** TURN *** [Ac 5h 4s] [2h]
MTails: bets $6
FaStBluff: folds
Uncalled bet ($6) returned to MTails
MTails collected $23.52 from pot
*** SUMMARY ***
Total pot $24 | Rake $0.48
Board [Ac 5h 4s 2h]
Seat 5: FaStBluff (button) (small blind) folded on the Turn
Seat 10: MTails (big blind) collected ($23.52)


PokerStars Hand #162769890127:  Hold'em Limit ($3/$6 USD) - 2016/12/11 10:03:58 ET
Table 'Praxedis II' 10-max Seat #10 is the button
Seat 5: FaStBluff ($75.32 in chips)
Seat 10: MTails ($158.06 in chips)
MTails: posts small blind $1
FaStBluff: posts big blind $3
*** HOLE CARDS ***
MTails: raises $3 to $6
FaStBluff: folds
Uncalled bet ($3) returned to MTails
MTails collected $6 from pot
*** SUMMARY ***
Total pot $6 | Rake $0
Seat 5: FaStBluff (big blind) folded before Flop
Seat 10: MTails (button) (small blind) collected ($6)


PokerStars Hand #162769962140:  Hold'em Limit ($3/$6 USD) - 2016/12/11 10:05:20 ET
Table 'Praxedis II' 10-max Seat #5 is the button
Seat 5: FaStBluff ($67.82 in chips)
Seat 10: MTails ($164.34 in chips)
FaStBluff: posts small blind $1
MTails: posts big blind $3
*** HOLE CARDS ***
FaStBluff: raises $3 to $6
MTails: raises $3 to $9
FaStBluff: calls $3
*** FLOP *** [9h 7s 6c]
MTails: bets $3
FaStBluff: calls $3
*** TURN *** [9h 7s 6c] [Qs]
MTails: bets $6
FaStBluff: raises $6 to $12
MTails: calls $6
*** RIVER *** [9h 7s 6c Qs] [Jc]
MTails: checks
FaStBluff: bets $6
MTails: calls $6
*** SHOW DOWN ***
FaStBluff: shows [7h 9c] (two pair, Nines and Sevens)
MTails: mucks hand
FaStBluff collected $59.50 from pot
*** SUMMARY ***
Total pot $60 | Rake $0.50
Board [9h 7s 6c Qs Jc]
Seat 5: FaStBluff (button) (small blind) showed [7h 9c] and won ($59.50) with two pair, Nines and Sevens
Seat 10: MTails (big blind) mucked


PokerStars Hand #162769949625:  Hold'em Limit ($3/$6 USD) - 2016/12/11 10:05:06 ET
Table 'Praxedis II' 10-max Seat #10 is the button
Seat 5: FaStBluff ($53.32 in chips)
Seat 10: MTails ($179.34 in chips)
MTails: posts small blind $1
FaStBluff: posts big blind $3
*** HOLE CARDS ***
MTails: raises $3 to $6
FaStBluff: calls $3
*** FLOP *** [8c Jd Js]
FaStBluff: checks
MTails: bets $3
FaStBluff: calls $3
*** TURN *** [8c Jd Js] [5d]
FaStBluff: checks
MTails: bets $6
FaStBluff: raises $6 to $12
MTails: folds
Uncalled bet ($6) returned to FaStBluff
FaStBluff collected $29.50 from pot
FaStBluff: doesn't show hand
*** SUMMARY ***
Total pot $30 | Rake $0.50
Board [8c Jd Js 5d]
Seat 5: FaStBluff (big blind) collected ($29.50)
Seat 10: MTails (button) (small blind) folded on the Turn


PokerStars Hand #162769945351:  Hold'em Limit ($3/$6 USD) - 2016/12/11 10:05:01 ET
Table 'Praxedis II' 10-max Seat #5 is the button
Seat 5: FaStBluff ($54.32 in chips)
Seat 10: MTails ($178.34 in chips)
FaStBluff: posts small blind $1
MTails: posts big blind $3
*** HOLE CARDS ***
FaStBluff: folds
Uncalled bet ($2) returned to MTails
MTails collected $2 from pot
*** SUMMARY ***
Total pot $2 | Rake $0
Seat 5: FaStBluff (button) (small blind) folded before Flop
Seat 10: MTails (big blind) collected ($2)


PokerStars Hand #162769979715:  Hold'em Limit ($3/$6 USD) - 2016/12/11 10:05:39 ET
Table 'Praxedis II' 10-max Seat #10 is the button
Seat 5: FaStBluff ($97.32 in chips)
Seat 10: MTails ($134.34 in chips)
MTails: posts small blind $1
FaStBluff: posts big blind $3
*** HOLE CARDS ***
MTails: raises $3 to $6
FaStBluff: calls $3
*** FLOP *** [Ac 8s 6s]
FaStBluff: checks
MTails: bets $3
FaStBluff: folds
Uncalled bet ($3) returned to MTails
MTails collected $11.76 from pot
*** SUMMARY ***
Total pot $12 | Rake $0.24
Board [Ac 8s 6s]
Seat 5: FaStBluff (big blind) folded on the Flop
Seat 10: MTails (button) (small blind) collected ($11.76)


PokerStars Hand #162769990241:  Hold'em Limit ($3/$6 USD) - 2016/12/11 10:05:51 ET
Table 'Praxedis II' 10-max Seat #5 is the button
Seat 5: FaStBluff ($91.32 in chips)
Seat 10: MTails ($140.10 in chips)
FaStBluff: posts small blind $1
MTails: posts big blind $3
*** HOLE CARDS ***
FaStBluff: folds
Uncalled bet ($2) returned to MTails
MTails collected $2 from pot
*** SUMMARY ***
Total pot $2 | Rake $0
Seat 5: FaStBluff (button) (small blind) folded before Flop
Seat 10: MTails (big blind) collected ($2)


PokerStars Hand #162770006912:  Hold'em Limit ($3/$6 USD) - 2016/12/11 10:06:09 ET
Table 'Praxedis II' 10-max Seat #5 is the button
Seat 5: FaStBluff ($98.96 in chips)
Seat 10: MTails ($132.10 in chips)
FaStBluff: posts small blind $1
MTails: posts big blind $3
*** HOLE CARDS ***
FaStBluff: folds
Uncalled bet ($2) returned to MTails
MTails collected $2 from pot
*** SUMMARY ***
Total pot $2 | Rake $0
Seat 5: FaStBluff (button) (small blind) folded before Flop
Seat 10: MTails (big blind) collected ($2)


PokerStars Hand #162769997993:  Hold'em Limit ($3/$6 USD) - 2016/12/11 10:05:59 ET
Table 'Praxedis II' 10-max Seat #10 is the button
Seat 5: FaStBluff ($90.32 in chips)
Seat 10: MTails ($141.10 in chips)
MTails: posts small blind $1
FaStBluff: posts big blind $3
*** HOLE CARDS ***
MTails: raises $3 to $6
FaStBluff: raises $3 to $9
MTails: calls $3
*** FLOP *** [Ad 8d Ts]
FaStBluff: bets $3
MTails: folds
Uncalled bet ($3) returned to FaStBluff
FaStBluff collected $17.64 from pot
FaStBluff: doesn't show hand
*** SUMMARY ***
Total pot $18 | Rake $0.36
Board [Ad 8d Ts]
Seat 5: FaStBluff (big blind) collected ($17.64)
Seat 10: MTails (button) (small blind) folded on the Flop


PokerStars Hand #162770011181:  Hold'em Limit ($3/$6 USD) - 2016/12/11 10:06:14 ET
Table 'Praxedis II' 10-max Seat #10 is the button
Seat 5: FaStBluff ($97.96 in chips)
Seat 10: MTails ($133.10 in chips)
MTails: posts small blind $1
FaStBluff: posts big blind $3
*** HOLE CARDS ***
MTails: raises $3 to $6
FaStBluff: calls $3
*** FLOP *** [Th 8h Qs]
FaStBluff: checks
MTails: bets $3
FaStBluff: calls $3
*** TURN *** [Th 8h Qs] [Kc]
FaStBluff: checks
MTails: bets $6
FaStBluff: raises $6 to $12
MTails: folds
Uncalled bet ($6) returned to FaStBluff
FaStBluff collected $29.50 from pot
FaStBluff: doesn't show hand
*** SUMMARY ***
Total pot $30 | Rake $0.50
Board [Th 8h Qs Kc]
Seat 5: FaStBluff (big blind) collected ($29.50)
Seat 10: MTails (button) (small blind) folded on the Turn


PokerStars Hand #162770025926:  Hold'em Limit ($3/$6 USD) - 2016/12/11 10:06:31 ET
Table 'Praxedis II' 10-max Seat #5 is the button
Seat 5: FaStBluff ($112.46 in chips)
Seat 10: MTails ($118.10 in chips)
FaStBluff: posts small blind $1
MTails: posts big blind $3
*** HOLE CARDS ***
FaStBluff: raises $3 to $6
MTails: calls $3
*** FLOP *** [Kc 7c 5h]
MTails: checks
FaStBluff: bets $3
MTails: calls $3
*** TURN *** [Kc 7c 5h] [Qd]
MTails: checks
FaStBluff: bets $6
MTails: calls $6
*** RIVER *** [Kc 7c 5h Qd] [Qc]
MTails: checks
FaStBluff: checks
*** SHOW DOWN ***
MTails: shows [Qs 6c] (three of a kind, Queens)
FaStBluff: mucks hand
MTails collected $29.50 from pot
*** SUMMARY ***
Total pot $30 | Rake $0.50
Board [Kc 7c 5h Qd Qc]
Seat 5: FaStBluff (button) (small blind) mucked
Seat 10: MTails (big blind) showed [Qs 6c] and won ($29.50) with three of a kind, Queens


PokerStars Hand #162770042469:  Hold'em Limit ($3/$6 USD) - 2016/12/11 10:06:49 ET
Table 'Praxedis II' 10-max Seat #10 is the button
Seat 5: FaStBluff ($97.46 in chips)
Seat 10: MTails ($132.60 in chips)
MTails: posts small blind $1
FaStBluff: posts big blind $3
*** HOLE CARDS ***
MTails: raises $3 to $6
FaStBluff: calls $3
*** FLOP *** [9d 9h 8s]
FaStBluff: checks
MTails: bets $3
FaStBluff: calls $3
*** TURN *** [9d 9h 8s] [7d]
FaStBluff: checks
MTails: checks
*** RIVER *** [9d 9h 8s 7d] [Qh]
FaStBluff: bets $6
MTails: folds
Uncalled bet ($6) returned to FaStBluff
FaStBluff collected $17.64 from pot
FaStBluff: doesn't show hand
*** SUMMARY ***
Total pot $18 | Rake $0.36
Board [9d 9h 8s 7d Qh]
Seat 5: FaStBluff (big blind) collected ($17.64)
Seat 10: MTails (button) (small blind) folded on the River


PokerStars Hand #162770059290:  Hold'em Limit ($3/$6 USD) - 2016/12/11 10:07:08 ET
Table 'Praxedis II' 10-max Seat #10 is the button
Seat 5: FaStBluff ($105.10 in chips)
Seat 10: MTails ($124.60 in chips)
MTails: posts small blind $1
FaStBluff: posts big blind $3
*** HOLE CARDS ***
MTails: raises $3 to $6
FaStBluff: folds
Uncalled bet ($3) returned to MTails
MTails collected $6 from pot
*** SUMMARY ***
Total pot $6 | Rake $0
Seat 5: FaStBluff (big blind) folded before Flop
Seat 10: MTails (button) (small blind) collected ($6)


PokerStars Hand #162770054875:  Hold'em Limit ($3/$6 USD) - 2016/12/11 10:07:03 ET
Table 'Praxedis II' 10-max Seat #5 is the button
Seat 5: FaStBluff ($106.10 in chips)
Seat 10: MTails ($123.60 in chips)
FaStBluff: posts small blind $1
MTails: posts big blind $3
*** HOLE CARDS ***
FaStBluff: folds
Uncalled bet ($2) returned to MTails
MTails collected $2 from pot
*** SUMMARY ***
Total pot $2 | Rake $0
Seat 5: FaStBluff (button) (small blind) folded before Flop
Seat 10: MTails (big blind) collected ($2)


PokerStars Hand #162770064492:  Hold'em Limit ($3/$6 USD) - 2016/12/11 10:07:14 ET
Table 'Praxedis II' 10-max Seat #5 is the button
Seat 5: FaStBluff ($102.10 in chips)
Seat 10: MTails ($127.60 in chips)
FaStBluff: posts small blind $1
MTails: posts big blind $3
*** HOLE CARDS ***
FaStBluff: raises $3 to $6
MTails: raises $3 to $9
FaStBluff: calls $3
*** FLOP *** [5c 5h 8c]
MTails: bets $3
FaStBluff: calls $3
*** TURN *** [5c 5h 8c] [8h]
MTails: bets $6
FaStBluff: calls $6
*** RIVER *** [5c 5h 8c 8h] [5s]
MTails: bets $6
FaStBluff: folds
Uncalled bet ($6) returned to MTails
MTails collected $35.50 from pot
*** SUMMARY ***
Total pot $36 | Rake $0.50
Board [5c 5h 8c 8h 5s]
Seat 5: FaStBluff (button) (small blind) folded on the River
Seat 10: MTails (big blind) collected ($35.50)


PokerStars Hand #162770081710:  Hold'em Limit ($3/$6 USD) - 2016/12/11 10:07:33 ET
Table 'Praxedis II' 10-max Seat #10 is the button
Seat 5: FaStBluff ($84.10 in chips)
Seat 10: MTails ($145.10 in chips)
MTails: posts small blind $1
FaStBluff: posts big blind $3
*** HOLE CARDS ***
MTails: folds
Uncalled bet ($2) returned to FaStBluff
FaStBluff collected $2 from pot
FaStBluff: doesn't show hand
*** SUMMARY ***
Total pot $2 | Rake $0
Seat 5: FaStBluff (big blind) collected ($2)
Seat 10: MTails (button) (small blind) folded before Flop


PokerStars Hand #162770085971:  Hold'em Limit ($3/$6 USD) - 2016/12/11 10:07:38 ET
Table 'Praxedis II' 10-max Seat #5 is the button
Seat 5: FaStBluff ($85.10 in chips)
Seat 10: MTails ($144.10 in chips)
FaStBluff: posts small blind $1
MTails: posts big blind $3
*** HOLE CARDS ***
FaStBluff: raises $3 to $6
MTails: calls $3
*** FLOP *** [8h Ks 7d]
MTails: checks
FaStBluff: bets $3
MTails: calls $3
*** TURN *** [8h Ks 7d] [2c]
MTails: checks
FaStBluff: bets $6
MTails: folds
Uncalled bet ($6) returned to FaStBluff
FaStBluff collected $17.64 from pot
FaStBluff: doesn't show hand
*** SUMMARY ***
Total pot $18 | Rake $0.36
Board [8h Ks 7d 2c]
Seat 5: FaStBluff (button) (small blind) collected ($17.64)
Seat 10: MTails (big blind) folded on the Turn


PokerStars Hand #162770097611:  Hold'em Limit ($3/$6 USD) - 2016/12/11 10:07:51 ET
Table 'Praxedis II' 10-max Seat #10 is the button
Seat 5: FaStBluff ($93.74 in chips)
Seat 10: MTails ($135.10 in chips)
MTails: posts small blind $1
FaStBluff: posts big blind $3
*** HOLE CARDS ***
MTails: raises $3 to $6
FaStBluff: folds
Uncalled bet ($3) returned to MTails
MTails collected $6 from pot
*** SUMMARY ***
Total pot $6 | Rake $0
Seat 5: FaStBluff (big blind) folded before Flop
Seat 10: MTails (button) (small blind) collected ($6)


PokerStars Hand #162770103771:  Hold'em Limit ($3/$6 USD) - 2016/12/11 10:07:57 ET
Table 'Praxedis II' 10-max Seat #5 is the button
Seat 5: FaStBluff ($90.74 in chips)
Seat 10: MTails ($138.10 in chips)
FaStBluff: posts small blind $1
MTails: posts big blind $3
*** HOLE CARDS ***
FaStBluff: raises $3 to $6
MTails: calls $3
*** FLOP *** [Td Th 4s]
MTails: checks
FaStBluff: bets $3
MTails: raises $3 to $6
FaStBluff: calls $3
*** TURN *** [Td Th 4s] [Kc]
MTails: bets $6
FaStBluff: folds
Uncalled bet ($6) returned to MTails
MTails collected $23.52 from pot
*** SUMMARY ***
Total pot $24 | Rake $0.48
Board [Td Th 4s Kc]
Seat 5: FaStBluff (button) (small blind) folded on the Turn
Seat 10: MTails (big blind) collected ($23.52)


PokerStars Hand #162770118872:  Hold'em Limit ($3/$6 USD) - 2016/12/11 10:08:14 ET
Table 'Praxedis II' 10-max Seat #10 is the button
Seat 5: FaStBluff ($78.74 in chips)
Seat 10: MTails ($149.62 in chips)
MTails: posts small blind $1
FaStBluff: posts big blind $3
*** HOLE CARDS ***
MTails: raises $3 to $6
FaStBluff: calls $3
*** FLOP *** [Jd 7h 9h]
FaStBluff: checks
MTails: bets $3
FaStBluff: folds
Uncalled bet ($3) returned to MTails
MTails collected $11.76 from pot
*** SUMMARY ***
Total pot $12 | Rake $0.24
Board [Jd 7h 9h]
Seat 5: FaStBluff (big blind) folded on the Flop
Seat 10: MTails (button) (small blind) collected ($11.76)


PokerStars Hand #162770136551:  Hold'em Limit ($3/$6 USD) - 2016/12/11 10:08:34 ET
Table 'Praxedis II' 10-max Seat #5 is the button
Seat 5: FaStBluff ($72.74 in chips)
Seat 10: MTails ($155.38 in chips)
FaStBluff: posts small blind $1
MTails: posts big blind $3
*** HOLE CARDS ***
FaStBluff: raises $3 to $6
MTails: raises $3 to $9
FaStBluff: calls $3
*** FLOP *** [6h 3c Qc]
MTails: bets $3
FaStBluff: calls $3
*** TURN *** [6h 3c Qc] [Tc]
MTails: bets $6
FaStBluff: calls $6
*** RIVER *** [6h 3c Qc Tc] [8s]
MTails: checks
FaStBluff: checks
*** SHOW DOWN ***
MTails: shows [6c 6d] (three of a kind, Sixes)
FaStBluff: mucks hand
MTails collected $35.50 from pot
*** SUMMARY ***
Total pot $36 | Rake $0.50
Board [6h 3c Qc Tc 8s]
Seat 5: FaStBluff (button) (small blind) mucked
Seat 10: MTails (big blind) showed [6c 6d] and won ($35.50) with three of a kind, Sixes


