PokerStars Hand #175580153647:  Hold'em Limit ($3/$6 USD) - 2017/09/13 4:36:23 ET
Table 'Praxedis' 6-max Seat #3 is the button
Seat 1: ChawkDee ($72.16 in chips)
Seat 3: Rus29APX ($165.26 in chips)
Rus29APX: posts small blind $1
ChawkDee: posts big blind $3
*** HOLE CARDS ***
Rus29APX: raises $3 to $6
ChawkDee: calls $3
*** FLOP *** [8h 8d 7d]
ChawkDee: checks
Rus29APX: bets $3
ChawkDee: calls $3
*** TURN *** [8h 8d 7d] [Ad]
ChawkDee: checks
Rus29APX: bets $6
ChawkDee: folds
Uncalled bet ($6) returned to Rus29APX
Rus29APX collected $17.64 from pot
Rus29APX: doesn't show hand
*** SUMMARY ***
Total pot $18 | Rake $0.36
Board [8h 8d 7d Ad]
Seat 1: ChawkDee (big blind) folded on the Turn
Seat 3: Rus29APX (button) (small blind) collected ($17.64)


PokerStars Hand #175580477681:  Hold'em Limit ($3/$6 USD) - 2017/09/13 4:53:54 ET
Table 'Praxedis' 6-max Seat #4 is the button
Seat 4: habari786 ($141.90 in chips)
Seat 5: karambakilla ($123.74 in chips)
habari786: posts small blind $1
karambakilla: posts big blind $3
*** HOLE CARDS ***
habari786: raises $3 to $6
karambakilla: calls $3
*** FLOP *** [3d 7d 7c]
karambakilla: checks
habari786: bets $3
karambakilla: calls $3
*** TURN *** [3d 7d 7c] [5s]
karambakilla: bets $6
habari786: folds
Uncalled bet ($6) returned to karambakilla
karambakilla collected $17.64 from pot
karambakilla: doesn't show hand
*** SUMMARY ***
Total pot $18 | Rake $0.36
Board [3d 7d 7c 5s]
Seat 4: habari786 (button) (small blind) folded on the Turn
Seat 5: karambakilla (big blind) collected ($17.64)


