PokerStars Hand #170557935750:  Hold'em Limit ($3/$6 USD) - 2017/05/17 17:48:44 ET
Table 'Praxedis' 6-max Seat #6 is the button
Seat 4: Vitalisek ($85.02 in chips)
Seat 6: RaisemyNut$ ($386.83 in chips)
RaisemyNut$: posts small blind $1
Vitalisek: posts big blind $3
*** HOLE CARDS ***
RaisemyNut$: raises $3 to $6
Vitalisek: calls $3
*** FLOP *** [8c 4d 9h]
Vitalisek: checks
RaisemyNut$: bets $3
Vitalisek: raises $3 to $6
RaisemyNut$: calls $3
*** TURN *** [8c 4d 9h] [Tc]
Vitalisek: bets $6
RaisemyNut$: raises $6 to $12
Vitalisek: calls $6
*** RIVER *** [8c 4d 9h Tc] [Jd]
Vitalisek: checks
RaisemyNut$: bets $6
Vitalisek: calls $6
*** SHOW DOWN ***
RaisemyNut$: shows [9c 9d] (three of a kind, Nines)
Vitalisek: mucks hand
RaisemyNut$ collected $59.50 from pot
*** SUMMARY ***
Total pot $60 | Rake $0.50
Board [8c 4d 9h Tc Jd]
Seat 4: Vitalisek (big blind) mucked
Seat 6: RaisemyNut$ (button) (small blind) showed [9c 9d] and won ($59.50) with three of a kind, Nines


PokerStars Hand #170557963219:  Hold'em Limit ($3/$6 USD) - 2017/05/17 17:49:20 ET
Table 'Praxedis' 6-max Seat #4 is the button
Seat 4: Vitalisek ($55.02 in chips)
Seat 6: RaisemyNut$ ($416.33 in chips)
Vitalisek: posts small blind $1
RaisemyNut$: posts big blind $3
*** HOLE CARDS ***
Vitalisek: raises $3 to $6
RaisemyNut$: calls $3
*** FLOP *** [Ts 6h 8c]
RaisemyNut$: checks
Vitalisek: bets $3
RaisemyNut$: raises $3 to $6
Vitalisek: calls $3
*** TURN *** [Ts 6h 8c] [Qs]
RaisemyNut$: bets $6
Vitalisek: calls $6
*** RIVER *** [Ts 6h 8c Qs] [4c]
RaisemyNut$: bets $6
Vitalisek: folds
Uncalled bet ($6) returned to RaisemyNut$
RaisemyNut$ collected $35.50 from pot
RaisemyNut$: doesn't show hand
*** SUMMARY ***
Total pot $36 | Rake $0.50
Board [Ts 6h 8c Qs 4c]
Seat 4: Vitalisek (button) (small blind) folded on the River
Seat 6: RaisemyNut$ (big blind) collected ($35.50)


PokerStars Hand #170558029434:  Hold'em Limit ($3/$6 USD) - 2017/05/17 17:50:47 ET
Table 'Praxedis' 6-max Seat #4 is the button
Seat 4: Vitalisek ($51.52 in chips)
Seat 6: RaisemyNut$ ($418.83 in chips)
Vitalisek: posts small blind $1
RaisemyNut$: posts big blind $3
*** HOLE CARDS ***
Vitalisek: raises $3 to $6
Jack_Wu1985 joins the table at seat #3
RaisemyNut$: folds
Uncalled bet ($3) returned to Vitalisek
Vitalisek collected $6 from pot
Vitalisek: doesn't show hand
*** SUMMARY ***
Total pot $6 | Rake $0
Seat 4: Vitalisek (button) (small blind) collected ($6)
Seat 6: RaisemyNut$ (big blind) folded before Flop


PokerStars Hand #170557997965:  Hold'em Limit ($3/$6 USD) - 2017/05/17 17:50:06 ET
Table 'Praxedis' 6-max Seat #6 is the button
Seat 4: Vitalisek ($37.02 in chips)
Seat 6: RaisemyNut$ ($433.83 in chips)
RaisemyNut$: posts small blind $1
Vitalisek: posts big blind $3
*** HOLE CARDS ***
RaisemyNut$: raises $3 to $6
Vitalisek: calls $3
*** FLOP *** [2c Ts 6c]
Vitalisek: checks
RaisemyNut$: bets $3
Vitalisek: calls $3
*** TURN *** [2c Ts 6c] [Ac]
Vitalisek: checks
RaisemyNut$: bets $6
Vitalisek: calls $6
*** RIVER *** [2c Ts 6c Ac] [9c]
Vitalisek: checks
RaisemyNut$: checks
*** SHOW DOWN ***
Vitalisek: shows [Qs 2d] (a pair of Deuces)
RaisemyNut$: mucks hand
Vitalisek collected $29.50 from pot
*** SUMMARY ***
Total pot $30 | Rake $0.50
Board [2c Ts 6c Ac 9c]
Seat 4: Vitalisek (big blind) showed [Qs 2d] and won ($29.50) with a pair of Deuces
Seat 6: RaisemyNut$ (button) (small blind) mucked


PokerStars Hand #170558302536:  Hold'em Limit ($3/$6 USD) - 2017/05/17 17:57:11 ET
Table 'Praxedis' 6-max Seat #4 is the button
Seat 4: Vitalisek ($20.71 in chips)
Seat 6: RaisemyNut$ ($482.63 in chips)
Vitalisek: posts small blind $1
wrxgibby has timed out while being disconnected
wrxgibby: is sitting out
RaisemyNut$: posts big blind $3
*** HOLE CARDS ***
Vitalisek: folds
Uncalled bet ($2) returned to RaisemyNut$
RaisemyNut$ collected $2 from pot
RaisemyNut$: doesn't show hand
*** SUMMARY ***
Total pot $2 | Rake $0
Seat 4: Vitalisek (button) (small blind) folded before Flop
Seat 6: RaisemyNut$ (big blind) collected ($2)


PokerStars Hand #170558321485:  Hold'em Limit ($3/$6 USD) - 2017/05/17 17:57:42 ET
Table 'Praxedis' 6-max Seat #6 is the button
Seat 4: Vitalisek ($19.71 in chips)
Seat 6: RaisemyNut$ ($483.63 in chips)
RaisemyNut$: posts small blind $1
Vitalisek: posts big blind $3
*** HOLE CARDS ***
RaisemyNut$: raises $3 to $6
Vitalisek: calls $3
*** FLOP *** [Td 4h 5h]
Vitalisek: checks
RaisemyNut$: bets $3
Vitalisek: calls $3
*** TURN *** [Td 4h 5h] [Ac]
Vitalisek: checks
RaisemyNut$: bets $6
Vitalisek: raises $4.71 to $10.71 and is all-in
RaisemyNut$: folds
Uncalled bet ($4.71) returned to Vitalisek
Vitalisek collected $29.50 from pot
Vitalisek: doesn't show hand
*** SUMMARY ***
Total pot $30 | Rake $0.50
Board [Td 4h 5h Ac]
Seat 4: Vitalisek (big blind) collected ($29.50)
Seat 6: RaisemyNut$ (button) (small blind) folded on the Turn


PokerStars Hand #170562399979:  Hold'em Limit ($3/$6 USD) - 2017/05/17 19:45:25 ET
Table 'Praxedis' 6-max Seat #6 is the button
Seat 3: rascal_319 ($108.05 in chips)
Seat 6: RaisemyNut$ ($578.52 in chips)
RaisemyNut$: posts small blind $1
rascal_319: posts big blind $3
*** HOLE CARDS ***
RaisemyNut$: raises $3 to $6
rascal_319: folds
Uncalled bet ($3) returned to RaisemyNut$
RaisemyNut$ collected $6 from pot
RaisemyNut$: doesn't show hand
*** SUMMARY ***
Total pot $6 | Rake $0
Seat 3: rascal_319 (big blind) folded before Flop
Seat 6: RaisemyNut$ (button) (small blind) collected ($6)


