PokerStars Hand #169598578738:  Hold'em Limit ($3/$6 USD) - 2017/04/26 16:27:57 ET
Table 'Predappia' 6-max Seat #6 is the button
Seat 1: perten ($56.47 in chips)
Seat 6: LeifiBlomero ($117 in chips)
LeifiBlomero: posts small blind $1
perten: posts big blind $3
*** HOLE CARDS ***
LeifiBlomero: folds
Uncalled bet ($2) returned to perten
perten collected $2 from pot
perten: doesn't show hand
*** SUMMARY ***
Total pot $2 | Rake $0
Seat 1: perten (big blind) collected ($2)
Seat 6: LeifiBlomero (button) (small blind) folded before Flop


PokerStars Hand #169598583643:  Hold'em Limit ($3/$6 USD) - 2017/04/26 16:28:03 ET
Table 'Predappia' 6-max Seat #1 is the button
Seat 1: perten ($57.47 in chips)
Seat 6: LeifiBlomero ($116 in chips)
perten: posts small blind $1
LeifiBlomero: posts big blind $3
*** HOLE CARDS ***
perten: raises $3 to $6
LeifiBlomero: raises $3 to $9
perten: calls $3
*** FLOP *** [Jc 4s 9h]
LeifiBlomero: bets $3
perten: calls $3
*** TURN *** [Jc 4s 9h] [8h]
Clark205 joins the table at seat #2
40 ft cliff joins the table at seat #3
LeifiBlomero: bets $6
perten: raises $6 to $12
GoliafUa leaves the table
LeifiBlomero: calls $6
*** RIVER *** [Jc 4s 9h 8h] [5c]
LeifiBlomero: checks
perten: bets $6
LeifiBlomero: folds
Uncalled bet ($6) returned to perten
perten collected $47.50 from pot
perten: doesn't show hand
*** SUMMARY ***
Total pot $48 | Rake $0.50
Board [Jc 4s 9h 8h 5c]
Seat 1: perten (button) (small blind) collected ($47.50)
Seat 6: LeifiBlomero (big blind) folded on the River


PokerStars Hand #169598617813:  Hold'em Limit ($3/$6 USD) - 2017/04/26 16:28:45 ET
Table 'Predappia' 6-max Seat #6 is the button
Seat 1: perten ($80.97 in chips)
Seat 6: LeifiBlomero ($92 in chips)
LeifiBlomero: posts small blind $1
perten: posts big blind $3
*** HOLE CARDS ***
zxkz joins the table at seat #4
LeifiBlomero: raises $3 to $6
perten: folds
Uncalled bet ($3) returned to LeifiBlomero
LeifiBlomero collected $6 from pot
LeifiBlomero: doesn't show hand
*** SUMMARY ***
Total pot $6 | Rake $0
Seat 1: perten (big blind) folded before Flop
Seat 6: LeifiBlomero (button) (small blind) collected ($6)


