PokerStars Hand #153764095155:  Hold'em Limit ($3/$6 USD) - 2016/05/24 3:31:14 ET
Table 'Predappia' 6-max Seat #2 is the button
Seat 2: Pele24 ($72 in chips)
Seat 4: VolkovDmitri ($120 in chips)
Pele24: posts small blind $1
VolkovDmitri: posts big blind $3
*** HOLE CARDS ***
Pele24: raises $3 to $6
VolkovDmitri: calls $3
*** FLOP *** [2c Tc Js]
VolkovDmitri: checks
Pele24: bets $3
VolkovDmitri: raises $3 to $6
Pele24: calls $3
*** TURN *** [2c Tc Js] [Kh]
VolkovDmitri: bets $6
Pele24: raises $6 to $12
VolkovDmitri: folds
Uncalled bet ($6) returned to Pele24
Pele24 collected $35.50 from pot
*** SUMMARY ***
Total pot $36 | Rake $0.50
Board [2c Tc Js Kh]
Seat 2: Pele24 (button) (small blind) collected ($35.50)
Seat 4: VolkovDmitri (big blind) folded on the Turn


PokerStars Hand #153764102088:  Hold'em Limit ($3/$6 USD) - 2016/05/24 3:31:39 ET
Table 'Predappia' 6-max Seat #4 is the button
Seat 2: Pele24 ($89.50 in chips)
Seat 4: VolkovDmitri ($120 in chips)
VolkovDmitri: posts small blind $1
Pele24: posts big blind $3
*** HOLE CARDS ***
VolkovDmitri: raises $3 to $6
Pele24: folds
Uncalled bet ($3) returned to VolkovDmitri
VolkovDmitri collected $6 from pot
VolkovDmitri: doesn't show hand
*** SUMMARY ***
Total pot $6 | Rake $0
Seat 2: Pele24 (big blind) folded before Flop
Seat 4: VolkovDmitri (button) (small blind) collected ($6)


PokerStars Hand #153764118025:  Hold'em Limit ($3/$6 USD) - 2016/05/24 3:32:38 ET
Table 'Predappia' 6-max Seat #2 is the button
Seat 2: Pele24 ($68.25 in chips)
Seat 4: VolkovDmitri ($140.25 in chips)
Pele24: posts small blind $1
VolkovDmitri: posts big blind $3
*** HOLE CARDS ***
Pele24: raises $3 to $6
VolkovDmitri: calls $3
*** FLOP *** [Qh Js 9h]
VolkovDmitri: checks
Pele24: bets $3
VolkovDmitri: folds
Uncalled bet ($3) returned to Pele24
Pele24 collected $11.76 from pot
*** SUMMARY ***
Total pot $12 | Rake $0.24
Board [Qh Js 9h]
Seat 2: Pele24 (button) (small blind) collected ($11.76)
Seat 4: VolkovDmitri (big blind) folded on the Flop


PokerStars Hand #153764104566:  Hold'em Limit ($3/$6 USD) - 2016/05/24 3:31:49 ET
Table 'Predappia' 6-max Seat #2 is the button
Seat 2: Pele24 ($86.50 in chips)
Seat 4: VolkovDmitri ($123 in chips)
Pele24: posts small blind $1
VolkovDmitri: posts big blind $3
*** HOLE CARDS ***
Pele24: raises $3 to $6
VolkovDmitri: calls $3
*** FLOP *** [Qh Ad 5s]
VolkovDmitri: checks
Pele24: bets $3
VolkovDmitri: calls $3
*** TURN *** [Qh Ad 5s] [6c]
VolkovDmitri: checks
Pele24: checks
*** RIVER *** [Qh Ad 5s 6c] [Qc]
VolkovDmitri: bets $6
Pele24: calls $6
*** SHOW DOWN ***
VolkovDmitri: shows [9c 5c] (two pair, Queens and Fives)
Pele24: shows [3d 5d] (two pair, Queens and Fives)
VolkovDmitri collected $14.75 from pot
Pele24 collected $14.75 from pot
*** SUMMARY ***
Total pot $30 | Rake $0.50
Board [Qh Ad 5s 6c Qc]
Seat 2: Pele24 (button) (small blind) showed [3d 5d] and won ($14.75) with two pair, Queens and Fives
Seat 4: VolkovDmitri (big blind) showed [9c 5c] and won ($14.75) with two pair, Queens and Fives


PokerStars Hand #153764110055:  Hold'em Limit ($3/$6 USD) - 2016/05/24 3:32:09 ET
Table 'Predappia' 6-max Seat #4 is the button
Seat 2: Pele24 ($86.25 in chips)
Seat 4: VolkovDmitri ($122.75 in chips)
VolkovDmitri: posts small blind $1
Pele24: posts big blind $3
*** HOLE CARDS ***
VolkovDmitri: raises $3 to $6
Pele24: raises $3 to $9
VolkovDmitri: calls $3
*** FLOP *** [2s 2h 5h]
Pele24: bets $3
VolkovDmitri: calls $3
*** TURN *** [2s 2h 5h] [2d]
Pele24: bets $6
VolkovDmitri: raises $6 to $12
Pele24: folds
Uncalled bet ($6) returned to VolkovDmitri
VolkovDmitri collected $35.50 from pot
VolkovDmitri: doesn't show hand
*** SUMMARY ***
Total pot $36 | Rake $0.50
Board [2s 2h 5h 2d]
Seat 2: Pele24 (big blind) folded on the Turn
Seat 4: VolkovDmitri (button) (small blind) collected ($35.50)


PokerStars Hand #153764123262:  Hold'em Limit ($3/$6 USD) - 2016/05/24 3:32:57 ET
Table 'Predappia' 6-max Seat #4 is the button
Seat 2: Pele24 ($74.01 in chips)
Seat 4: VolkovDmitri ($134.25 in chips)
VolkovDmitri: posts small blind $1
Pele24: posts big blind $3
*** HOLE CARDS ***
VolkovDmitri: folds
Uncalled bet ($2) returned to Pele24
Pele24 collected $2 from pot
*** SUMMARY ***
Total pot $2 | Rake $0
Seat 2: Pele24 (big blind) collected ($2)
Seat 4: VolkovDmitri (button) (small blind) folded before Flop


PokerStars Hand #153764124948:  Hold'em Limit ($3/$6 USD) - 2016/05/24 3:33:03 ET
Table 'Predappia' 6-max Seat #2 is the button
Seat 2: Pele24 ($75.01 in chips)
Seat 4: VolkovDmitri ($133.25 in chips)
Pele24: posts small blind $1
VolkovDmitri: posts big blind $3
*** HOLE CARDS ***
Pele24: raises $3 to $6
VolkovDmitri: raises $3 to $9
Pele24: calls $3
*** FLOP *** [As 8d 7h]
VolkovDmitri: checks
Pele24: checks
*** TURN *** [As 8d 7h] [3d]
gus hanse193 joins the table at seat #3
VolkovDmitri: checks
Pele24: bets $6
VolkovDmitri: calls $6
*** RIVER *** [As 8d 7h 3d] [6d]
VolkovDmitri: bets $6
Pele24: calls $6
*** SHOW DOWN ***
VolkovDmitri: shows [Kd 4d] (a flush, King high)
Pele24: mucks hand
VolkovDmitri collected $41.50 from pot
*** SUMMARY ***
Total pot $42 | Rake $0.50
Board [As 8d 7h 3d 6d]
Seat 2: Pele24 (button) (small blind) mucked
Seat 4: VolkovDmitri (big blind) showed [Kd 4d] and won ($41.50) with a flush, King high


PokerStars Hand #153764138051:  Hold'em Limit ($3/$6 USD) - 2016/05/24 3:33:50 ET
Table 'Predappia' 6-max Seat #4 is the button
Seat 2: Pele24 ($54.01 in chips)
Seat 4: VolkovDmitri ($153.75 in chips)
VolkovDmitri: posts small blind $1
Pele24: posts big blind $3
*** HOLE CARDS ***
VolkovDmitri: folds
Uncalled bet ($2) returned to Pele24
Pele24 collected $2 from pot
*** SUMMARY ***
Total pot $2 | Rake $0
Seat 2: Pele24 (big blind) collected ($2)
Seat 4: VolkovDmitri (button) (small blind) folded before Flop


PokerStars Hand #153764172544:  Hold'em Limit ($3/$6 USD) - 2016/05/24 3:35:53 ET
Table 'Predappia' 6-max Seat #4 is the button
Seat 3: gus hanse193 ($159.72 in chips)
Seat 4: VolkovDmitri ($130.75 in chips)
VolkovDmitri: posts small blind $1
Pele24: is sitting out
gus hanse193: posts big blind $3
*** HOLE CARDS ***
VolkovDmitri: raises $3 to $6
Pele24 leaves the table
gus hanse193: folds
Uncalled bet ($3) returned to VolkovDmitri
VolkovDmitri collected $6 from pot
VolkovDmitri: doesn't show hand
*** SUMMARY ***
Total pot $6 | Rake $0
Seat 3: gus hanse193 (big blind) folded before Flop
Seat 4: VolkovDmitri (button) (small blind) collected ($6)


