PokerStars Hand #166428658365:  Hold'em Limit ($3/$6 USD) - 2017/02/18 21:43:39 ET
Table 'Predappia' 6-max Seat #1 is the button
Seat 1: LifeisagameX ($84 in chips)
Seat 2: gogo3474 ($36 in chips)
LifeisagameX: posts small blind $1
gogo3474: posts big blind $3
*** HOLE CARDS ***
LifeisagameX: raises $3 to $6
gogo3474: calls $3
*** FLOP *** [Jh 3s 3h]
gogo3474: checks
LifeisagameX: bets $3
gogo3474: folds
Uncalled bet ($3) returned to LifeisagameX
LifeisagameX collected $11.76 from pot
LifeisagameX: doesn't show hand
*** SUMMARY ***
Total pot $12 | Rake $0.24
Board [Jh 3s 3h]
Seat 1: LifeisagameX (button) (small blind) collected ($11.76)
Seat 2: gogo3474 (big blind) folded on the Flop


PokerStars Hand #166428676633:  Hold'em Limit ($3/$6 USD) - 2017/02/18 21:44:23 ET
Table 'Predappia' 6-max Seat #2 is the button
Seat 1: LifeisagameX ($89.76 in chips)
Seat 2: gogo3474 ($30 in chips)
gogo3474: posts small blind $1
LifeisagameX: posts big blind $3
*** HOLE CARDS ***
gogo3474: calls $2
LifeisagameX: raises $3 to $6
gogo3474: calls $3
*** FLOP *** [Js Ad Td]
LifeisagameX: bets $3
gogo3474: calls $3
*** TURN *** [Js Ad Td] [Ts]
LifeisagameX: bets $6
gogo3474: calls $6
*** RIVER *** [Js Ad Td Ts] [6h]
LifeisagameX: bets $6
gogo3474: raises $6 to $12
LifeisagameX: calls $6
*** SHOW DOWN ***
gogo3474: shows [Tc 3c] (three of a kind, Tens)
LifeisagameX: mucks hand
gogo3474 collected $53.50 from pot
*** SUMMARY ***
Total pot $54 | Rake $0.50
Board [Js Ad Td Ts 6h]
Seat 1: LifeisagameX (big blind) mucked
Seat 2: gogo3474 (button) (small blind) showed [Tc 3c] and won ($53.50) with three of a kind, Tens


PokerStars Hand #166428694006:  Hold'em Limit ($3/$6 USD) - 2017/02/18 21:45:04 ET
Table 'Predappia' 6-max Seat #1 is the button
Seat 1: LifeisagameX ($84 in chips)
Seat 2: gogo3474 ($56.50 in chips)
LifeisagameX: posts small blind $1
gogo3474: posts big blind $3
*** HOLE CARDS ***
LifeisagameX: raises $3 to $6
gogo3474: calls $3
*** FLOP *** [6s 7c 4c]
gogo3474: bets $3
ribban4747 joins the table at seat #5
LifeisagameX: calls $3
*** TURN *** [6s 7c 4c] [Js]
gogo3474: checks
LifeisagameX: checks
*** RIVER *** [6s 7c 4c Js] [5c]
gogo3474: checks
LifeisagameX: checks
*** SHOW DOWN ***
gogo3474: shows [2s Ts] (high card Jack)
LifeisagameX: shows [Ac 2d] (high card Ace)
LifeisagameX collected $17.64 from pot
*** SUMMARY ***
Total pot $18 | Rake $0.36
Board [6s 7c 4c Js 5c]
Seat 1: LifeisagameX (button) (small blind) showed [Ac 2d] and won ($17.64) with high card Ace
Seat 2: gogo3474 (big blind) showed [2s Ts] and lost with high card Jack


PokerStars Hand #166428740265:  Hold'em Limit ($3/$6 USD) - 2017/02/18 21:46:55 ET
Table 'Predappia' 6-max Seat #2 is the button
Seat 2: gogo3474 ($58.06 in chips)
Seat 5: ribban4747 ($40.57 in chips)
gogo3474: posts small blind $1
ribban4747: posts big blind $3
*** HOLE CARDS ***
gogo3474: calls $2
ribban4747: checks
*** FLOP *** [4s Qc As]
ribban4747: bets $3
gogo3474: folds
Uncalled bet ($3) returned to ribban4747
ribban4747 collected $5.88 from pot
*** SUMMARY ***
Total pot $6 | Rake $0.12
Board [4s Qc As]
Seat 2: gogo3474 (button) (small blind) folded on the Flop
Seat 5: ribban4747 (big blind) collected ($5.88)


PokerStars Hand #166428745277:  Hold'em Limit ($3/$6 USD) - 2017/02/18 21:47:07 ET
Table 'Predappia' 6-max Seat #5 is the button
Seat 2: gogo3474 ($55.06 in chips)
Seat 5: ribban4747 ($43.45 in chips)
ribban4747: posts small blind $1
gogo3474: posts big blind $3
*** HOLE CARDS ***
ribban4747: raises $3 to $6
LifeisagameX leaves the table
gogo3474: calls $3
*** FLOP *** [Kd 5h 6h]
gogo3474: bets $3
radnesh007 joins the table at seat #6
ribban4747: calls $3
*** TURN *** [Kd 5h 6h] [Kh]
gogo3474: bets $6
ribban4747: folds
Uncalled bet ($6) returned to gogo3474
gogo3474 collected $17.64 from pot
gogo3474: doesn't show hand
*** SUMMARY ***
Total pot $18 | Rake $0.36
Board [Kd 5h 6h Kh]
Seat 2: gogo3474 (big blind) collected ($17.64)
Seat 5: ribban4747 (button) (small blind) folded on the Turn


PokerStars Hand #166428752883:  Hold'em Limit ($3/$6 USD) - 2017/02/18 21:47:25 ET
Table 'Predappia' 6-max Seat #2 is the button
Seat 2: gogo3474 ($63.70 in chips)
Seat 5: ribban4747 ($34.45 in chips)
gogo3474: posts small blind $1
ribban4747: posts big blind $3
*** HOLE CARDS ***
gogo3474: calls $2
ribban4747: raises $3 to $6
gogo3474: calls $3
*** FLOP *** [Ts 9d 4d]
ribban4747: bets $3
gogo3474: folds
Uncalled bet ($3) returned to ribban4747
ribban4747 collected $11.76 from pot
*** SUMMARY ***
Total pot $12 | Rake $0.24
Board [Ts 9d 4d]
Seat 2: gogo3474 (button) (small blind) folded on the Flop
Seat 5: ribban4747 (big blind) collected ($11.76)


PokerStars Hand #166428853017:  Hold'em Limit ($3/$6 USD) - 2017/02/18 21:51:25 ET
Table 'Predappia' 6-max Seat #6 is the button
Seat 5: ribban4747 ($21.67 in chips)
Seat 6: radnesh007 ($11.35 in chips)
radnesh007: posts small blind $1
ribban4747: posts big blind $3
*** HOLE CARDS ***
radnesh007: raises $3 to $6
ribban4747: raises $3 to $9
radnesh007: raises $2.35 to $11.35 and is all-in
Betting is capped
ribban4747: calls $2.35
*** FLOP *** [3s Js 3d]
*** TURN *** [3s Js 3d] [9s]
*** RIVER *** [3s Js 3d 9s] [6h]
*** SHOW DOWN ***
ribban4747: shows [Ad Ks] (a pair of Threes)
radnesh007: shows [Kh 7d] (a pair of Threes - lower kicker)
ribban4747 collected $22.25 from pot
*** SUMMARY ***
Total pot $22.70 | Rake $0.45
Board [3s Js 3d 9s 6h]
Seat 5: ribban4747 (big blind) showed [Ad Ks] and won ($22.25) with a pair of Threes
Seat 6: radnesh007 (button) (small blind) showed [Kh 7d] and lost with a pair of Threes


