PokerStars Hand #144994692848:  Hold'em Limit ($3/$6 USD) - 2015/12/07 18:14:27 ET
Table 'Predappia' 10-max Seat #2 is the button
Seat 1: ManuelSikora ($64.62 in chips)
Seat 2: mdif ($121 in chips)
mdif: posts small blind $1
ManuelSikora: posts big blind $3
*** HOLE CARDS ***
mdif: raises $3 to $6
ManuelSikora: raises $3 to $9
mdif: calls $3
*** FLOP *** [8s 7s 9h]
ManuelSikora: bets $3
mdif: calls $3
*** TURN *** [8s 7s 9h] [5c]
ManuelSikora: bets $6
Chessnok joins the table at seat #3
mdif: raises $6 to $12
ManuelSikora: calls $6
*** RIVER *** [8s 7s 9h 5c] [Ah]
ManuelSikora: checks
mdif: bets $6
ManuelSikora: folds
Uncalled bet ($6) returned to mdif
mdif collected $47.50 from pot
mdif: doesn't show hand
*** SUMMARY ***
Total pot $48 | Rake $0.50
Board [8s 7s 9h 5c Ah]
Seat 1: ManuelSikora (big blind) folded on the River
Seat 2: mdif (button) (small blind) collected ($47.50)


PokerStars Hand #144994717579:  Hold'em Limit ($3/$6 USD) - 2015/12/07 18:14:56 ET
Table 'Predappia' 10-max Seat #1 is the button
Seat 1: ManuelSikora ($40.62 in chips)
Seat 2: mdif ($144.50 in chips)
ManuelSikora: posts small blind $1
mdif: posts big blind $3
*** HOLE CARDS ***
ManuelSikora: raises $3 to $6
mdif: folds
Uncalled bet ($3) returned to ManuelSikora
ManuelSikora collected $6 from pot
ManuelSikora: doesn't show hand
*** SUMMARY ***
Total pot $6 | Rake $0
Seat 1: ManuelSikora (button) (small blind) collected ($6)
Seat 2: mdif (big blind) folded before Flop


