PokerStars Hand #164114753132:  Hold'em Limit ($3/$6 USD) - 2017/01/06 2:57:12 ET
Table 'Pretoria' 6-max Seat #1 is the button
Seat 1: luxsheriff ($108.96 in chips)
Seat 2: Krazy90 ($120 in chips)
luxsheriff: posts small blind $1
Krazy90: posts big blind $3
*** HOLE CARDS ***
luxsheriff: folds
Uncalled bet ($2) returned to Krazy90
Krazy90 collected $2 from pot
Krazy90: doesn't show hand
*** SUMMARY ***
Total pot $2 | Rake $0
Seat 1: luxsheriff (button) (small blind) folded before Flop
Seat 2: Krazy90 (big blind) collected ($2)


PokerStars Hand #164114748928:  Hold'em Limit ($3/$6 USD) - 2017/01/06 2:56:56 ET
Table 'Pretoria' 6-max Seat #2 is the button
Seat 1: luxsheriff ($103.20 in chips)
Seat 2: Krazy90 ($120 in chips)
Krazy90: posts small blind $1
LifeisagameX: is sitting out
LifeisagameX leaves the table
luxsheriff: posts big blind $3
*** HOLE CARDS ***
Krazy90: calls $2
luxsheriff: raises $3 to $6
Krazy90: calls $3
*** FLOP *** [2c Qh 3h]
luxsheriff: bets $3
Krazy90: folds
Uncalled bet ($3) returned to luxsheriff
luxsheriff collected $11.76 from pot
luxsheriff: doesn't show hand
*** SUMMARY ***
Total pot $12 | Rake $0.24
Board [2c Qh 3h]
Seat 1: luxsheriff (big blind) collected ($11.76)
Seat 2: Krazy90 (button) (small blind) folded on the Flop


PokerStars Hand #164114761932:  Hold'em Limit ($3/$6 USD) - 2017/01/06 2:57:44 ET
Table 'Pretoria' 6-max Seat #1 is the button
Seat 1: luxsheriff ($140.46 in chips)
Seat 2: Krazy90 ($120 in chips)
luxsheriff: posts small blind $1
Krazy90: posts big blind $3
*** HOLE CARDS ***
luxsheriff: folds
Uncalled bet ($2) returned to Krazy90
Krazy90 collected $2 from pot
Krazy90: doesn't show hand
*** SUMMARY ***
Total pot $2 | Rake $0
Seat 1: luxsheriff (button) (small blind) folded before Flop
Seat 2: Krazy90 (big blind) collected ($2)


PokerStars Hand #164114768111:  Hold'em Limit ($3/$6 USD) - 2017/01/06 2:58:07 ET
Table 'Pretoria' 6-max Seat #1 is the button
Seat 1: luxsheriff ($148.10 in chips)
Seat 2: Krazy90 ($120 in chips)
luxsheriff: posts small blind $1
Krazy90: posts big blind $3
*** HOLE CARDS ***
luxsheriff: folds
Uncalled bet ($2) returned to Krazy90
Krazy90 collected $2 from pot
Krazy90: doesn't show hand
*** SUMMARY ***
Total pot $2 | Rake $0
Seat 1: luxsheriff (button) (small blind) folded before Flop
Seat 2: Krazy90 (big blind) collected ($2)


PokerStars Hand #164114763367:  Hold'em Limit ($3/$6 USD) - 2017/01/06 2:57:50 ET
Table 'Pretoria' 6-max Seat #2 is the button
Seat 1: luxsheriff ($139.46 in chips)
Seat 2: Krazy90 ($121 in chips)
Krazy90: posts small blind $1
luxsheriff: posts big blind $3
*** HOLE CARDS ***
Krazy90: raises $3 to $6
luxsheriff: calls $3
*** FLOP *** [Ks Jc Th]
luxsheriff: checks
Krazy90: bets $3
luxsheriff: calls $3
*** TURN *** [Ks Jc Th] [7s]
luxsheriff: checks
Krazy90: checks
*** RIVER *** [Ks Jc Th 7s] [4h]
luxsheriff: bets $6
Krazy90: folds
Uncalled bet ($6) returned to luxsheriff
luxsheriff collected $17.64 from pot
*** SUMMARY ***
Total pot $18 | Rake $0.36
Board [Ks Jc Th 7s 4h]
Seat 1: luxsheriff (big blind) collected ($17.64)
Seat 2: Krazy90 (button) (small blind) folded on the River


PokerStars Hand #164114754977:  Hold'em Limit ($3/$6 USD) - 2017/01/06 2:57:19 ET
Table 'Pretoria' 6-max Seat #2 is the button
Seat 1: luxsheriff ($107.96 in chips)
Seat 2: Krazy90 ($121 in chips)
Krazy90: posts small blind $1
luxsheriff: posts big blind $3
*** HOLE CARDS ***
Krazy90: raises $3 to $6
luxsheriff: calls $3
*** FLOP *** [8d 4c Jd]
luxsheriff: checks
Krazy90: bets $3
luxsheriff: calls $3
*** TURN *** [8d 4c Jd] [6h]
luxsheriff: checks
Krazy90: bets $6
luxsheriff: raises $6 to $12
Krazy90: calls $6
*** RIVER *** [8d 4c Jd 6h] [Jc]
luxsheriff: checks
Krazy90: bets $6
luxsheriff: raises $6 to $12
Krazy90: calls $6
*** SHOW DOWN ***
luxsheriff: shows [5s 7s] (a straight, Four to Eight)
Krazy90: mucks hand
luxsheriff collected $65.50 from pot
*** SUMMARY ***
Total pot $66 | Rake $0.50
Board [8d 4c Jd 6h Jc]
Seat 1: luxsheriff (big blind) showed [5s 7s] and won ($65.50) with a straight, Four to Eight
Seat 2: Krazy90 (button) (small blind) mucked


PokerStars Hand #164114770595:  Hold'em Limit ($3/$6 USD) - 2017/01/06 2:58:16 ET
Table 'Pretoria' 6-max Seat #2 is the button
Seat 1: luxsheriff ($147.10 in chips)
Seat 2: Krazy90 ($121 in chips)
Krazy90: posts small blind $1
luxsheriff: posts big blind $3
*** HOLE CARDS ***
Krazy90: folds
Uncalled bet ($2) returned to luxsheriff
luxsheriff collected $2 from pot
*** SUMMARY ***
Total pot $2 | Rake $0
Seat 1: luxsheriff (big blind) collected ($2)
Seat 2: Krazy90 (button) (small blind) folded before Flop


PokerStars Hand #164114774373:  Hold'em Limit ($3/$6 USD) - 2017/01/06 2:58:30 ET
Table 'Pretoria' 6-max Seat #2 is the button
Seat 1: luxsheriff ($147.10 in chips)
Seat 2: Krazy90 ($121 in chips)
Krazy90: posts small blind $1
luxsheriff: posts big blind $3
*** HOLE CARDS ***
Krazy90: raises $3 to $6
luxsheriff: calls $3
*** FLOP *** [9h 9c As]
luxsheriff: checks
Krazy90: bets $3
luxsheriff: calls $3
*** TURN *** [9h 9c As] [5c]
luxsheriff: checks
Krazy90: checks
*** RIVER *** [9h 9c As 5c] [2h]
luxsheriff: bets $6
Snuffymo joins the table at seat #3
Krazy90: calls $6
*** SHOW DOWN ***
luxsheriff: shows [4c Ks] (a pair of Nines)
Krazy90: shows [Kc 8h] (a pair of Nines - Ace+King+Eight kicker)
Krazy90 collected $29.50 from pot
*** SUMMARY ***
Total pot $30 | Rake $0.50
Board [9h 9c As 5c 2h]
Seat 1: luxsheriff (big blind) showed [4c Ks] and lost with a pair of Nines
Seat 2: Krazy90 (button) (small blind) showed [Kc 8h] and won ($29.50) with a pair of Nines


PokerStars Hand #164114772494:  Hold'em Limit ($3/$6 USD) - 2017/01/06 2:58:23 ET
Table 'Pretoria' 6-max Seat #1 is the button
Seat 1: luxsheriff ($148.10 in chips)
Seat 2: Krazy90 ($120 in chips)
luxsheriff: posts small blind $1
Krazy90: posts big blind $3
*** HOLE CARDS ***
luxsheriff: folds
Uncalled bet ($2) returned to Krazy90
Krazy90 collected $2 from pot
Krazy90: doesn't show hand
*** SUMMARY ***
Total pot $2 | Rake $0
Seat 1: luxsheriff (button) (small blind) folded before Flop
Seat 2: Krazy90 (big blind) collected ($2)


PokerStars Hand #164115184383:  Hold'em Limit ($3/$6 USD) - 2017/01/06 3:21:32 ET
Table 'Pretoria' 6-max Seat #2 is the button
Seat 2: Krazy90 ($131.07 in chips)
Seat 3: huhongning ($126.93 in chips)
Krazy90: posts small blind $1
huhongning: posts big blind $3
*** HOLE CARDS ***
Krazy90: calls $2
huhongning: raises $3 to $6
Krazy90: calls $3
*** FLOP *** [Ks 5d Ad]
huhongning: bets $3
Krazy90: calls $3
*** TURN *** [Ks 5d Ad] [6d]
huhongning: bets $6
Krazy90: folds
Uncalled bet ($6) returned to huhongning
huhongning collected $17.64 from pot
huhongning: doesn't show hand
*** SUMMARY ***
Total pot $18 | Rake $0.36
Board [Ks 5d Ad 6d]
Seat 2: Krazy90 (button) (small blind) folded on the Turn
Seat 3: huhongning (big blind) collected ($17.64)


PokerStars Hand #164115181184:  Hold'em Limit ($3/$6 USD) - 2017/01/06 3:21:22 ET
Table 'Pretoria' 6-max Seat #3 is the button
Seat 2: Krazy90 ($130.07 in chips)
Seat 3: huhongning ($127.93 in chips)
huhongning: posts small blind $1
sokol-max-PS: is sitting out
TinaTurner72: is sitting out
Krazy90: posts big blind $3
*** HOLE CARDS ***
huhongning: folds
Uncalled bet ($2) returned to Krazy90
Krazy90 collected $2 from pot
Krazy90: doesn't show hand
*** SUMMARY ***
Total pot $2 | Rake $0
Seat 2: Krazy90 (big blind) collected ($2)
Seat 3: huhongning (button) (small blind) folded before Flop


