PokerStars Hand #166984647062:  Hold'em Limit ($3/$6 USD) - 2017/03/02 0:07:11 ET
Table 'Pretoria' 6-max Seat #1 is the button
Seat 1: LifeisagameX ($84 in chips)
Seat 2: ajbooomX ($69.74 in chips)
LifeisagameX: posts small blind $1
ajbooomX: posts big blind $3
*** HOLE CARDS ***
LifeisagameX: raises $3 to $6
ajbooomX: raises $3 to $9
LifeisagameX: calls $3
*** FLOP *** [8s 8d As]
ajbooomX: bets $3
LifeisagameX: calls $3
*** TURN *** [8s 8d As] [Th]
ajbooomX: bets $6
LifeisagameX: calls $6
*** RIVER *** [8s 8d As Th] [5d]
ajbooomX: bets $6
LifeisagameX: calls $6
*** SHOW DOWN ***
ajbooomX: shows [Ah Td] (two pair, Aces and Tens)
LifeisagameX: mucks hand
ajbooomX collected $47.50 from pot
*** SUMMARY ***
Total pot $48 | Rake $0.50
Board [8s 8d As Th 5d]
Seat 1: LifeisagameX (button) (small blind) mucked
Seat 2: ajbooomX (big blind) showed [Ah Td] and won ($47.50) with two pair, Aces and Tens


PokerStars Hand #166984655435:  Hold'em Limit ($3/$6 USD) - 2017/03/02 0:07:42 ET
Table 'Pretoria' 6-max Seat #2 is the button
Seat 1: LifeisagameX ($84 in chips)
Seat 2: ajbooomX ($93.24 in chips)
ajbooomX: posts small blind $1
LifeisagameX: posts big blind $3
*** HOLE CARDS ***
ajbooomX: calls $2
LifeisagameX: checks
*** FLOP *** [9s 4h 8s]
LifeisagameX: checks
ajbooomX: checks
*** TURN *** [9s 4h 8s] [4c]
LifeisagameX: checks
ajbooomX: checks
*** RIVER *** [9s 4h 8s 4c] [Ac]
LifeisagameX: bets $6
ajbooomX: calls $6
*** SHOW DOWN ***
LifeisagameX: shows [Js 2h] (a pair of Fours)
ajbooomX: shows [5s Kd] (a pair of Fours - Ace+King kicker)
ajbooomX collected $17.64 from pot
*** SUMMARY ***
Total pot $18 | Rake $0.36
Board [9s 4h 8s 4c Ac]
Seat 1: LifeisagameX (big blind) showed [Js 2h] and lost with a pair of Fours
Seat 2: ajbooomX (button) (small blind) showed [5s Kd] and won ($17.64) with a pair of Fours


PokerStars Hand #166984673270:  Hold'em Limit ($3/$6 USD) - 2017/03/02 0:08:48 ET
Table 'Pretoria' 6-max Seat #2 is the button
Seat 1: LifeisagameX ($84 in chips)
Seat 2: ajbooomX ($116.38 in chips)
ajbooomX: posts small blind $1
LifeisagameX: posts big blind $3
*** HOLE CARDS ***
ajbooomX: calls $2
LifeisagameX: raises $3 to $6
ajbooomX: calls $3
*** FLOP *** [7c Qh 4h]
LifeisagameX: bets $3
ajbooomX: calls $3
*** TURN *** [7c Qh 4h] [9h]
LifeisagameX: checks
ajbooomX: checks
*** RIVER *** [7c Qh 4h 9h] [7h]
LifeisagameX: checks
ajbooomX: checks
*** SHOW DOWN ***
LifeisagameX: shows [As Js] (a pair of Sevens)
ajbooomX: shows [3c 3s] (two pair, Sevens and Threes)
ajbooomX collected $17.64 from pot
*** SUMMARY ***
Total pot $18 | Rake $0.36
Board [7c Qh 4h 9h 7h]
Seat 1: LifeisagameX (big blind) showed [As Js] and lost with a pair of Sevens
Seat 2: ajbooomX (button) (small blind) showed [3c 3s] and won ($17.64) with two pair, Sevens and Threes


PokerStars Hand #166984663603:  Hold'em Limit ($3/$6 USD) - 2017/03/02 0:08:12 ET
Table 'Pretoria' 6-max Seat #1 is the button
Seat 1: LifeisagameX ($84 in chips)
Seat 2: ajbooomX ($101.88 in chips)
LifeisagameX: posts small blind $1
ajbooomX: posts big blind $3
*** HOLE CARDS ***
LifeisagameX: raises $3 to $6
ajbooomX: calls $3
*** FLOP *** [4h 6h 2c]
ajbooomX: checks
LifeisagameX: bets $3
ajbooomX: calls $3
*** TURN *** [4h 6h 2c] [9c]
ajbooomX: checks
LifeisagameX: bets $6
ajbooomX: calls $6
*** RIVER *** [4h 6h 2c 9c] [5d]
ajbooomX: bets $6
LifeisagameX: folds
Uncalled bet ($6) returned to ajbooomX
ajbooomX collected $29.50 from pot
ajbooomX: doesn't show hand
*** SUMMARY ***
Total pot $30 | Rake $0.50
Board [4h 6h 2c 9c 5d]
Seat 1: LifeisagameX (button) (small blind) folded on the River
Seat 2: ajbooomX (big blind) collected ($29.50)


PokerStars Hand #166984684916:  Hold'em Limit ($3/$6 USD) - 2017/03/02 0:09:31 ET
Table 'Pretoria' 6-max Seat #1 is the button
Seat 1: LifeisagameX ($84 in chips)
Seat 2: ajbooomX ($125.02 in chips)
LifeisagameX: posts small blind $1
ajbooomX: posts big blind $3
*** HOLE CARDS ***
LifeisagameX: raises $3 to $6
ajbooomX: calls $3
*** FLOP *** [2h 9s Jh]
ajbooomX: checks
LifeisagameX: bets $3
ajbooomX: folds
Uncalled bet ($3) returned to LifeisagameX
LifeisagameX collected $11.76 from pot
LifeisagameX: doesn't show hand
*** SUMMARY ***
Total pot $12 | Rake $0.24
Board [2h 9s Jh]
Seat 1: LifeisagameX (button) (small blind) collected ($11.76)
Seat 2: ajbooomX (big blind) folded on the Flop


PokerStars Hand #166984694585:  Hold'em Limit ($3/$6 USD) - 2017/03/02 0:10:06 ET
Table 'Pretoria' 6-max Seat #2 is the button
Seat 1: LifeisagameX ($89.76 in chips)
Seat 2: ajbooomX ($119.02 in chips)
ajbooomX: posts small blind $1
LifeisagameX: posts big blind $3
*** HOLE CARDS ***
ajbooomX: calls $2
LifeisagameX: raises $3 to $6
ajbooomX: calls $3
*** FLOP *** [5c Kh 7d]
LifeisagameX: bets $3
ajbooomX: folds
Uncalled bet ($3) returned to LifeisagameX
LifeisagameX collected $11.76 from pot
LifeisagameX: doesn't show hand
*** SUMMARY ***
Total pot $12 | Rake $0.24
Board [5c Kh 7d]
Seat 1: LifeisagameX (big blind) collected ($11.76)
Seat 2: ajbooomX (button) (small blind) folded on the Flop


PokerStars Hand #166984704259:  Hold'em Limit ($3/$6 USD) - 2017/03/02 0:10:41 ET
Table 'Pretoria' 6-max Seat #2 is the button
Seat 1: LifeisagameX ($98.52 in chips)
Seat 2: ajbooomX ($110.02 in chips)
ajbooomX: posts small blind $1
LifeisagameX: posts big blind $3
*** HOLE CARDS ***
ajbooomX: raises $3 to $6
LifeisagameX: calls $3
*** FLOP *** [Js Tc 3d]
LifeisagameX: checks
ajbooomX: bets $3
LifeisagameX: raises $3 to $6
ajbooomX: calls $3
*** TURN *** [Js Tc 3d] [4s]
LifeisagameX: bets $6
ajbooomX: calls $6
*** RIVER *** [Js Tc 3d 4s] [Qd]
LifeisagameX: bets $6
ajbooomX: calls $6
*** SHOW DOWN ***
LifeisagameX: shows [Jh 9s] (a pair of Jacks)
ajbooomX: mucks hand
LifeisagameX collected $47.50 from pot
*** SUMMARY ***
Total pot $48 | Rake $0.50
Board [Js Tc 3d 4s Qd]
Seat 1: LifeisagameX (big blind) showed [Jh 9s] and won ($47.50) with a pair of Jacks
Seat 2: ajbooomX (button) (small blind) mucked


PokerStars Hand #166984699724:  Hold'em Limit ($3/$6 USD) - 2017/03/02 0:10:25 ET
Table 'Pretoria' 6-max Seat #1 is the button
Seat 1: LifeisagameX ($95.52 in chips)
Seat 2: ajbooomX ($113.02 in chips)
LifeisagameX: posts small blind $1
ajbooomX: posts big blind $3
*** HOLE CARDS ***
LifeisagameX: raises $3 to $6
ajbooomX: folds
Uncalled bet ($3) returned to LifeisagameX
LifeisagameX collected $6 from pot
LifeisagameX: doesn't show hand
*** SUMMARY ***
Total pot $6 | Rake $0
Seat 1: LifeisagameX (button) (small blind) collected ($6)
Seat 2: ajbooomX (big blind) folded before Flop


PokerStars Hand #166984718095:  Hold'em Limit ($3/$6 USD) - 2017/03/02 0:11:31 ET
Table 'Pretoria' 6-max Seat #2 is the button
Seat 1: LifeisagameX ($145.52 in chips)
Seat 2: ajbooomX ($62.02 in chips)
ajbooomX: posts small blind $1
LifeisagameX: posts big blind $3
*** HOLE CARDS ***
ajbooomX: raises $3 to $6
LifeisagameX: folds
Uncalled bet ($3) returned to ajbooomX
ajbooomX collected $6 from pot
ajbooomX: doesn't show hand
*** SUMMARY ***
Total pot $6 | Rake $0
Seat 1: LifeisagameX (big blind) folded before Flop
Seat 2: ajbooomX (button) (small blind) collected ($6)


PokerStars Hand #166984711516:  Hold'em Limit ($3/$6 USD) - 2017/03/02 0:11:08 ET
Table 'Pretoria' 6-max Seat #1 is the button
Seat 1: LifeisagameX ($122.02 in chips)
Seat 2: ajbooomX ($86.02 in chips)
LifeisagameX: posts small blind $1
ajbooomX: posts big blind $3
*** HOLE CARDS ***
LifeisagameX: raises $3 to $6
ajbooomX: raises $3 to $9
LifeisagameX: calls $3
*** FLOP *** [Ad 3h Ks]
ajbooomX: bets $3
LifeisagameX: raises $3 to $6
ajbooomX: raises $3 to $9
LifeisagameX: calls $3
*** TURN *** [Ad 3h Ks] [9c]
ajbooomX: bets $6
LifeisagameX: raises $6 to $12
ajbooomX: folds
Uncalled bet ($6) returned to LifeisagameX
LifeisagameX collected $47.50 from pot
LifeisagameX: doesn't show hand
*** SUMMARY ***
Total pot $48 | Rake $0.50
Board [Ad 3h Ks 9c]
Seat 1: LifeisagameX (button) (small blind) collected ($47.50)
Seat 2: ajbooomX (big blind) folded on the Turn


PokerStars Hand #166984719930:  Hold'em Limit ($3/$6 USD) - 2017/03/02 0:11:38 ET
Table 'Pretoria' 6-max Seat #1 is the button
Seat 1: LifeisagameX ($142.52 in chips)
Seat 2: ajbooomX ($65.02 in chips)
LifeisagameX: posts small blind $1
ajbooomX: posts big blind $3
*** HOLE CARDS ***
LifeisagameX: raises $3 to $6
ajbooomX: calls $3
*** FLOP *** [7c 8h Qd]
ajbooomX: checks
LifeisagameX: bets $3
ajbooomX: calls $3
*** TURN *** [7c 8h Qd] [6d]
ajbooomX: checks
LifeisagameX: bets $6
ajbooomX: calls $6
*** RIVER *** [7c 8h Qd 6d] [3s]
ajbooomX: checks
LifeisagameX: bets $6
ajbooomX: folds
Uncalled bet ($6) returned to LifeisagameX
LifeisagameX collected $29.50 from pot
LifeisagameX: doesn't show hand
*** SUMMARY ***
Total pot $30 | Rake $0.50
Board [7c 8h Qd 6d 3s]
Seat 1: LifeisagameX (button) (small blind) collected ($29.50)
Seat 2: ajbooomX (big blind) folded on the River


PokerStars Hand #166984734005:  Hold'em Limit ($3/$6 USD) - 2017/03/02 0:12:29 ET
Table 'Pretoria' 6-max Seat #2 is the button
Seat 1: LifeisagameX ($157.02 in chips)
Seat 2: ajbooomX ($50.02 in chips)
ajbooomX: posts small blind $1
LifeisagameX: posts big blind $3
*** HOLE CARDS ***
ajbooomX: folds
Uncalled bet ($2) returned to LifeisagameX
LifeisagameX collected $2 from pot
LifeisagameX: doesn't show hand
*** SUMMARY ***
Total pot $2 | Rake $0
Seat 1: LifeisagameX (big blind) collected ($2)
Seat 2: ajbooomX (button) (small blind) folded before Flop


PokerStars Hand #166984738186:  Hold'em Limit ($3/$6 USD) - 2017/03/02 0:12:44 ET
Table 'Pretoria' 6-max Seat #2 is the button
Seat 1: LifeisagameX ($157.02 in chips)
Seat 2: ajbooomX ($50.02 in chips)
ajbooomX: posts small blind $1
LifeisagameX: posts big blind $3
*** HOLE CARDS ***
ajbooomX: folds
Uncalled bet ($2) returned to LifeisagameX
LifeisagameX collected $2 from pot
*** SUMMARY ***
Total pot $2 | Rake $0
Seat 1: LifeisagameX (big blind) collected ($2)
Seat 2: ajbooomX (button) (small blind) folded before Flop


PokerStars Hand #166984735485:  Hold'em Limit ($3/$6 USD) - 2017/03/02 0:12:34 ET
Table 'Pretoria' 6-max Seat #1 is the button
Seat 1: LifeisagameX ($158.02 in chips)
Seat 2: ajbooomX ($49.02 in chips)
LifeisagameX: posts small blind $1
ajbooomX: posts big blind $3
*** HOLE CARDS ***
LifeisagameX: folds
Uncalled bet ($2) returned to ajbooomX
ajbooomX collected $2 from pot
ajbooomX: doesn't show hand
*** SUMMARY ***
Total pot $2 | Rake $0
Seat 1: LifeisagameX (button) (small blind) folded before Flop
Seat 2: ajbooomX (big blind) collected ($2)


PokerStars Hand #166984739741:  Hold'em Limit ($3/$6 USD) - 2017/03/02 0:12:50 ET
Table 'Pretoria' 6-max Seat #1 is the button
Seat 1: LifeisagameX ($158.02 in chips)
Seat 2: ajbooomX ($49.02 in chips)
LifeisagameX: posts small blind $1
ajbooomX: posts big blind $3
*** HOLE CARDS ***
LifeisagameX: raises $3 to $6
ajbooomX: raises $3 to $9
LifeisagameX: calls $3
*** FLOP *** [6c 5c Js]
ajbooomX: bets $3
LifeisagameX: calls $3
*** TURN *** [6c 5c Js] [Qc]
ajbooomX: checks
LifeisagameX: bets $6
ajbooomX: calls $6
*** RIVER *** [6c 5c Js Qc] [9d]
ajbooomX: checks
LifeisagameX: bets $6
ajbooomX: folds
Uncalled bet ($6) returned to LifeisagameX
LifeisagameX collected $35.50 from pot
LifeisagameX: doesn't show hand
*** SUMMARY ***
Total pot $36 | Rake $0.50
Board [6c 5c Js Qc 9d]
Seat 1: LifeisagameX (button) (small blind) collected ($35.50)
Seat 2: ajbooomX (big blind) folded on the River


PokerStars Hand #166984757751:  Hold'em Limit ($3/$6 USD) - 2017/03/02 0:13:55 ET
Table 'Pretoria' 6-max Seat #2 is the button
Seat 1: LifeisagameX ($175.52 in chips)
Seat 2: ajbooomX ($31.02 in chips)
ajbooomX: posts small blind $1
LifeisagameX: posts big blind $3
*** HOLE CARDS ***
ajbooomX: folds
Uncalled bet ($2) returned to LifeisagameX
LifeisagameX collected $2 from pot
LifeisagameX: doesn't show hand
*** SUMMARY ***
Total pot $2 | Rake $0
Seat 1: LifeisagameX (big blind) collected ($2)
Seat 2: ajbooomX (button) (small blind) folded before Flop


PokerStars Hand #166984759354:  Hold'em Limit ($3/$6 USD) - 2017/03/02 0:14:01 ET
Table 'Pretoria' 6-max Seat #1 is the button
Seat 1: LifeisagameX ($176.52 in chips)
Seat 2: ajbooomX ($30.02 in chips)
LifeisagameX: posts small blind $1
ajbooomX: posts big blind $3
*** HOLE CARDS ***
LifeisagameX: raises $3 to $6
Nallo11 joins the table at seat #3
ajbooomX: folds
Uncalled bet ($3) returned to LifeisagameX
LifeisagameX collected $6 from pot
LifeisagameX: doesn't show hand
*** SUMMARY ***
Total pot $6 | Rake $0
Seat 1: LifeisagameX (button) (small blind) collected ($6)
Seat 2: ajbooomX (big blind) folded before Flop


PokerStars Hand #166984795259:  Hold'em Limit ($3/$6 USD) - 2017/03/02 0:16:10 ET
Table 'Pretoria' 6-max Seat #2 is the button
Seat 2: ajbooomX ($72.39 in chips)
Seat 3: Nallo11 ($108 in chips)
ajbooomX: posts small blind $1
Nallo11: posts big blind $3
*** HOLE CARDS ***
ajbooomX: folds
Uncalled bet ($2) returned to Nallo11
LifeisagameX leaves the table
Nallo11 collected $2 from pot
Nallo11: doesn't show hand
*** SUMMARY ***
Total pot $2 | Rake $0
Seat 2: ajbooomX (button) (small blind) folded before Flop
Seat 3: Nallo11 (big blind) collected ($2)


PokerStars Hand #166984797093:  Hold'em Limit ($3/$6 USD) - 2017/03/02 0:16:17 ET
Table 'Pretoria' 6-max Seat #3 is the button
Seat 2: ajbooomX ($71.39 in chips)
Seat 3: Nallo11 ($109 in chips)
Nallo11: posts small blind $1
ajbooomX: posts big blind $3
*** HOLE CARDS ***
Nallo11: folds
Uncalled bet ($2) returned to ajbooomX
ajbooomX collected $2 from pot
ajbooomX: doesn't show hand
*** SUMMARY ***
Total pot $2 | Rake $0
Seat 2: ajbooomX (big blind) collected ($2)
Seat 3: Nallo11 (button) (small blind) folded before Flop


PokerStars Hand #166984799001:  Hold'em Limit ($3/$6 USD) - 2017/03/02 0:16:24 ET
Table 'Pretoria' 6-max Seat #2 is the button
Seat 2: ajbooomX ($72.39 in chips)
Seat 3: Nallo11 ($108 in chips)
ajbooomX: posts small blind $1
Nallo11: posts big blind $3
*** HOLE CARDS ***
ajbooomX: raises $3 to $6
Nallo11: calls $3
*** FLOP *** [Qs 2d 6h]
Nallo11: bets $3
ajbooomX: calls $3
*** TURN *** [Qs 2d 6h] [Jc]
Nallo11: bets $6
ajbooomX: folds
Uncalled bet ($6) returned to Nallo11
Nallo11 collected $17.64 from pot
Nallo11: doesn't show hand
*** SUMMARY ***
Total pot $18 | Rake $0.36
Board [Qs 2d 6h Jc]
Seat 2: ajbooomX (button) (small blind) folded on the Turn
Seat 3: Nallo11 (big blind) collected ($17.64)


PokerStars Hand #166984803120:  Hold'em Limit ($3/$6 USD) - 2017/03/02 0:16:39 ET
Table 'Pretoria' 6-max Seat #3 is the button
Seat 2: ajbooomX ($63.39 in chips)
Seat 3: Nallo11 ($116.64 in chips)
Nallo11: posts small blind $1
ajbooomX: posts big blind $3
*** HOLE CARDS ***
Nallo11: raises $3 to $6
ajbooomX: raises $3 to $9
Nallo11: calls $3
*** FLOP *** [8c 8d Kd]
ajbooomX: bets $3
Nallo11: calls $3
*** TURN *** [8c 8d Kd] [4d]
ajbooomX: bets $6
Nallo11: calls $6
*** RIVER *** [8c 8d Kd 4d] [6s]
ajbooomX: bets $6
Nallo11: calls $6
*** SHOW DOWN ***
ajbooomX: shows [5c Kh] (two pair, Kings and Eights)
Nallo11: mucks hand
ajbooomX collected $47.50 from pot
*** SUMMARY ***
Total pot $48 | Rake $0.50
Board [8c 8d Kd 4d 6s]
Seat 2: ajbooomX (big blind) showed [5c Kh] and won ($47.50) with two pair, Kings and Eights
Seat 3: Nallo11 (button) (small blind) mucked


PokerStars Hand #166984808582:  Hold'em Limit ($3/$6 USD) - 2017/03/02 0:16:59 ET
Table 'Pretoria' 6-max Seat #2 is the button
Seat 2: ajbooomX ($86.89 in chips)
Seat 3: Nallo11 ($92.64 in chips)
ajbooomX: posts small blind $1
Nallo11: posts big blind $3
*** HOLE CARDS ***
ajbooomX: raises $3 to $6
Nallo11: calls $3
*** FLOP *** [5d 4c 8d]
Nallo11: checks
ajbooomX: checks
*** TURN *** [5d 4c 8d] [7d]
Nallo11: checks
ajbooomX: checks
*** RIVER *** [5d 4c 8d 7d] [5h]
Nallo11: checks
ajbooomX: checks
*** SHOW DOWN ***
Nallo11: shows [Jc 9c] (a pair of Fives)
ajbooomX: shows [Qc 9s] (a pair of Fives - Queen kicker)
ajbooomX collected $11.76 from pot
*** SUMMARY ***
Total pot $12 | Rake $0.24
Board [5d 4c 8d 7d 5h]
Seat 2: ajbooomX (button) (small blind) showed [Qc 9s] and won ($11.76) with a pair of Fives
Seat 3: Nallo11 (big blind) showed [Jc 9c] and lost with a pair of Fives


PokerStars Hand #166984813862:  Hold'em Limit ($3/$6 USD) - 2017/03/02 0:17:18 ET
Table 'Pretoria' 6-max Seat #3 is the button
Seat 2: ajbooomX ($92.65 in chips)
Seat 3: Nallo11 ($86.64 in chips)
Nallo11: posts small blind $1
ajbooomX: posts big blind $3
*** HOLE CARDS ***
Nallo11: folds
Uncalled bet ($2) returned to ajbooomX
ajbooomX collected $2 from pot
ajbooomX: doesn't show hand
*** SUMMARY ***
Total pot $2 | Rake $0
Seat 2: ajbooomX (big blind) collected ($2)
Seat 3: Nallo11 (button) (small blind) folded before Flop


PokerStars Hand #166984815487:  Hold'em Limit ($3/$6 USD) - 2017/03/02 0:17:23 ET
Table 'Pretoria' 6-max Seat #2 is the button
Seat 2: ajbooomX ($93.65 in chips)
Seat 3: Nallo11 ($85.64 in chips)
ajbooomX: posts small blind $1
Nallo11: posts big blind $3
*** HOLE CARDS ***
ajbooomX: raises $3 to $6
Nallo11: calls $3
*** FLOP *** [Jd 7d Th]
Nallo11: bets $3
ajbooomX: calls $3
*** TURN *** [Jd 7d Th] [9s]
Nallo11: bets $6
ajbooomX: folds
Uncalled bet ($6) returned to Nallo11
Nallo11 collected $17.64 from pot
Nallo11: doesn't show hand
*** SUMMARY ***
Total pot $18 | Rake $0.36
Board [Jd 7d Th 9s]
Seat 2: ajbooomX (button) (small blind) folded on the Turn
Seat 3: Nallo11 (big blind) collected ($17.64)


PokerStars Hand #166984819055:  Hold'em Limit ($3/$6 USD) - 2017/03/02 0:17:36 ET
Table 'Pretoria' 6-max Seat #3 is the button
Seat 2: ajbooomX ($84.65 in chips)
Seat 3: Nallo11 ($94.28 in chips)
Nallo11: posts small blind $1
ajbooomX: posts big blind $3
*** HOLE CARDS ***
Nallo11: folds
Uncalled bet ($2) returned to ajbooomX
ajbooomX collected $2 from pot
ajbooomX: doesn't show hand
*** SUMMARY ***
Total pot $2 | Rake $0
Seat 2: ajbooomX (big blind) collected ($2)
Seat 3: Nallo11 (button) (small blind) folded before Flop


PokerStars Hand #166984826113:  Hold'em Limit ($3/$6 USD) - 2017/03/02 0:18:02 ET
Table 'Pretoria' 6-max Seat #3 is the button
Seat 2: ajbooomX ($64.65 in chips)
Seat 3: Nallo11 ($113.78 in chips)
Nallo11: posts small blind $1
ajbooomX: posts big blind $3
*** HOLE CARDS ***
Nallo11: folds
Uncalled bet ($2) returned to ajbooomX
ajbooomX collected $2 from pot
ajbooomX: doesn't show hand
*** SUMMARY ***
Total pot $2 | Rake $0
Seat 2: ajbooomX (big blind) collected ($2)
Seat 3: Nallo11 (button) (small blind) folded before Flop


PokerStars Hand #166984820796:  Hold'em Limit ($3/$6 USD) - 2017/03/02 0:17:42 ET
Table 'Pretoria' 6-max Seat #2 is the button
Seat 2: ajbooomX ($85.65 in chips)
Seat 3: Nallo11 ($93.28 in chips)
ajbooomX: posts small blind $1
Nallo11: posts big blind $3
*** HOLE CARDS ***
ajbooomX: raises $3 to $6
Nallo11: calls $3
*** FLOP *** [4s Qc Kd]
Nallo11: bets $3
ajbooomX: calls $3
*** TURN *** [4s Qc Kd] [Td]
Nallo11: bets $6
ajbooomX: calls $6
*** RIVER *** [4s Qc Kd Td] [5h]
Nallo11: bets $6
ajbooomX: calls $6
*** SHOW DOWN ***
Nallo11: shows [Qd 5c] (two pair, Queens and Fives)
ajbooomX: mucks hand
Nallo11 collected $41.50 from pot
*** SUMMARY ***
Total pot $42 | Rake $0.50
Board [4s Qc Kd Td 5h]
Seat 2: ajbooomX (button) (small blind) mucked
Seat 3: Nallo11 (big blind) showed [Qd 5c] and won ($41.50) with two pair, Queens and Fives


PokerStars Hand #166984827636:  Hold'em Limit ($3/$6 USD) - 2017/03/02 0:18:07 ET
Table 'Pretoria' 6-max Seat #2 is the button
Seat 2: ajbooomX ($65.65 in chips)
Seat 3: Nallo11 ($112.78 in chips)
ajbooomX: posts small blind $1
Nallo11: posts big blind $3
*** HOLE CARDS ***
ajbooomX: raises $3 to $6
Nallo11: folds
Uncalled bet ($3) returned to ajbooomX
ajbooomX collected $6 from pot
ajbooomX: doesn't show hand
*** SUMMARY ***
Total pot $6 | Rake $0
Seat 2: ajbooomX (button) (small blind) collected ($6)
Seat 3: Nallo11 (big blind) folded before Flop


PokerStars Hand #166984835119:  Hold'em Limit ($3/$6 USD) - 2017/03/02 0:18:34 ET
Table 'Pretoria' 6-max Seat #2 is the button
Seat 2: ajbooomX ($86.15 in chips)
Seat 3: Nallo11 ($91.78 in chips)
ajbooomX: posts small blind $1
Nallo11: posts big blind $3
*** HOLE CARDS ***
ajbooomX: folds
Uncalled bet ($2) returned to Nallo11
Nallo11 collected $2 from pot
Nallo11: doesn't show hand
*** SUMMARY ***
Total pot $2 | Rake $0
Seat 2: ajbooomX (button) (small blind) folded before Flop
Seat 3: Nallo11 (big blind) collected ($2)


PokerStars Hand #166984829349:  Hold'em Limit ($3/$6 USD) - 2017/03/02 0:18:13 ET
Table 'Pretoria' 6-max Seat #3 is the button
Seat 2: ajbooomX ($68.65 in chips)
Seat 3: Nallo11 ($109.78 in chips)
Nallo11: posts small blind $1
ajbooomX: posts big blind $3
*** HOLE CARDS ***
Nallo11: raises $3 to $6
ajbooomX: calls $3
*** FLOP *** [Jd 4h Jh]
ajbooomX: checks
Nallo11: bets $3
ajbooomX: raises $3 to $6
Nallo11: calls $3
*** TURN *** [Jd 4h Jh] [8s]
ajbooomX: bets $6
Nallo11: calls $6
*** RIVER *** [Jd 4h Jh 8s] [8h]
ajbooomX: bets $6
Nallo11: folds
Uncalled bet ($6) returned to ajbooomX
ajbooomX collected $35.50 from pot
ajbooomX: doesn't show hand
*** SUMMARY ***
Total pot $36 | Rake $0.50
Board [Jd 4h Jh 8s 8h]
Seat 2: ajbooomX (big blind) collected ($35.50)
Seat 3: Nallo11 (button) (small blind) folded on the River


PokerStars Hand #166984838156:  Hold'em Limit ($3/$6 USD) - 2017/03/02 0:18:45 ET
Table 'Pretoria' 6-max Seat #2 is the button
Seat 2: ajbooomX ($86.15 in chips)
Seat 3: Nallo11 ($91.78 in chips)
ajbooomX: posts small blind $1
Nallo11: posts big blind $3
*** HOLE CARDS ***
ajbooomX: raises $3 to $6
Nallo11: raises $3 to $9
ajbooomX: calls $3
*** FLOP *** [7c Ah 3h]
Nallo11: bets $3
ajbooomX: raises $3 to $6
Nallo11: folds
Uncalled bet ($3) returned to ajbooomX
ajbooomX collected $23.52 from pot
ajbooomX: doesn't show hand
*** SUMMARY ***
Total pot $24 | Rake $0.48
Board [7c Ah 3h]
Seat 2: ajbooomX (button) (small blind) collected ($23.52)
Seat 3: Nallo11 (big blind) folded on the Flop


PokerStars Hand #166984842205:  Hold'em Limit ($3/$6 USD) - 2017/03/02 0:19:00 ET
Table 'Pretoria' 6-max Seat #3 is the button
Seat 2: ajbooomX ($97.67 in chips)
Seat 3: Nallo11 ($79.78 in chips)
Nallo11: posts small blind $1
ajbooomX: posts big blind $3
*** HOLE CARDS ***
Nallo11: folds
Uncalled bet ($2) returned to ajbooomX
ajbooomX collected $2 from pot
ajbooomX: doesn't show hand
*** SUMMARY ***
Total pot $2 | Rake $0
Seat 2: ajbooomX (big blind) collected ($2)
Seat 3: Nallo11 (button) (small blind) folded before Flop


PokerStars Hand #166984843829:  Hold'em Limit ($3/$6 USD) - 2017/03/02 0:19:06 ET
Table 'Pretoria' 6-max Seat #2 is the button
Seat 2: ajbooomX ($98.67 in chips)
Seat 3: Nallo11 ($78.78 in chips)
ajbooomX: posts small blind $1
Nallo11: posts big blind $3
*** HOLE CARDS ***
ajbooomX: raises $3 to $6
Nallo11: folds
Uncalled bet ($3) returned to ajbooomX
ajbooomX collected $6 from pot
ajbooomX: doesn't show hand
*** SUMMARY ***
Total pot $6 | Rake $0
Seat 2: ajbooomX (button) (small blind) collected ($6)
Seat 3: Nallo11 (big blind) folded before Flop


PokerStars Hand #166984849105:  Hold'em Limit ($3/$6 USD) - 2017/03/02 0:19:25 ET
Table 'Pretoria' 6-max Seat #2 is the button
Seat 2: ajbooomX ($95.67 in chips)
Seat 3: Nallo11 ($81.54 in chips)
ajbooomX: posts small blind $1
Nallo11: posts big blind $3
*** HOLE CARDS ***
ajbooomX: folds
Uncalled bet ($2) returned to Nallo11
Nallo11 collected $2 from pot
Nallo11: doesn't show hand
*** SUMMARY ***
Total pot $2 | Rake $0
Seat 2: ajbooomX (button) (small blind) folded before Flop
Seat 3: Nallo11 (big blind) collected ($2)


PokerStars Hand #166984845959:  Hold'em Limit ($3/$6 USD) - 2017/03/02 0:19:13 ET
Table 'Pretoria' 6-max Seat #3 is the button
Seat 2: ajbooomX ($101.67 in chips)
Seat 3: Nallo11 ($75.78 in chips)
Nallo11: posts small blind $1
ajbooomX: posts big blind $3
*** HOLE CARDS ***
Nallo11: raises $3 to $6
ajbooomX: calls $3
*** FLOP *** [7d Kh Jh]
ajbooomX: checks
Nallo11: bets $3
ajbooomX: folds
Uncalled bet ($3) returned to Nallo11
Nallo11 collected $11.76 from pot
Nallo11: doesn't show hand
*** SUMMARY ***
Total pot $12 | Rake $0.24
Board [7d Kh Jh]
Seat 2: ajbooomX (big blind) folded on the Flop
Seat 3: Nallo11 (button) (small blind) collected ($11.76)


PokerStars Hand #166984850546:  Hold'em Limit ($3/$6 USD) - 2017/03/02 0:19:30 ET
Table 'Pretoria' 6-max Seat #3 is the button
Seat 2: ajbooomX ($94.67 in chips)
Seat 3: Nallo11 ($82.54 in chips)
Nallo11: posts small blind $1
ajbooomX: posts big blind $3
*** HOLE CARDS ***
Nallo11: folds
Uncalled bet ($2) returned to ajbooomX
ajbooomX collected $2 from pot
ajbooomX: doesn't show hand
*** SUMMARY ***
Total pot $2 | Rake $0
Seat 2: ajbooomX (big blind) collected ($2)
Seat 3: Nallo11 (button) (small blind) folded before Flop


PokerStars Hand #166984836647:  Hold'em Limit ($3/$6 USD) - 2017/03/02 0:18:40 ET
Table 'Pretoria' 6-max Seat #3 is the button
Seat 2: ajbooomX ($85.15 in chips)
Seat 3: Nallo11 ($92.78 in chips)
Nallo11: posts small blind $1
ajbooomX: posts big blind $3
*** HOLE CARDS ***
Nallo11: folds
Uncalled bet ($2) returned to ajbooomX
ajbooomX collected $2 from pot
ajbooomX: doesn't show hand
*** SUMMARY ***
Total pot $2 | Rake $0
Seat 2: ajbooomX (big blind) collected ($2)
Seat 3: Nallo11 (button) (small blind) folded before Flop


PokerStars Hand #166984854061:  Hold'em Limit ($3/$6 USD) - 2017/03/02 0:19:43 ET
Table 'Pretoria' 6-max Seat #3 is the button
Seat 2: ajbooomX ($98.67 in chips)
Seat 3: Nallo11 ($78.54 in chips)
Nallo11: posts small blind $1
ajbooomX: posts big blind $3
*** HOLE CARDS ***
Nallo11: raises $3 to $6
ajbooomX: raises $3 to $9
Nallo11: calls $3
*** FLOP *** [Kd Qd 8h]
ajbooomX: bets $3
Nallo11: folds
Uncalled bet ($3) returned to ajbooomX
ajbooomX collected $17.64 from pot
ajbooomX: doesn't show hand
*** SUMMARY ***
Total pot $18 | Rake $0.36
Board [Kd Qd 8h]
Seat 2: ajbooomX (big blind) collected ($17.64)
Seat 3: Nallo11 (button) (small blind) folded on the Flop


PokerStars Hand #166984857115:  Hold'em Limit ($3/$6 USD) - 2017/03/02 0:19:54 ET
Table 'Pretoria' 6-max Seat #2 is the button
Seat 2: ajbooomX ($107.31 in chips)
Seat 3: Nallo11 ($69.54 in chips)
ajbooomX: posts small blind $1
Nallo11: posts big blind $3
*** HOLE CARDS ***
ajbooomX: raises $3 to $6
Nallo11: calls $3
*** FLOP *** [9s Ts 4h]
Nallo11: checks
ajbooomX: bets $3
Nallo11: calls $3
*** TURN *** [9s Ts 4h] [Ad]
Nallo11: checks
ajbooomX: checks
*** RIVER *** [9s Ts 4h Ad] [Jc]
Nallo11: bets $6
ajbooomX: folds
Uncalled bet ($6) returned to Nallo11
Nallo11 collected $17.64 from pot
Nallo11: doesn't show hand
*** SUMMARY ***
Total pot $18 | Rake $0.36
Board [9s Ts 4h Ad Jc]
Seat 2: ajbooomX (button) (small blind) folded on the River
Seat 3: Nallo11 (big blind) collected ($17.64)


PokerStars Hand #166984863384:  Hold'em Limit ($3/$6 USD) - 2017/03/02 0:20:17 ET
Table 'Pretoria' 6-max Seat #3 is the button
Seat 2: ajbooomX ($98.31 in chips)
Seat 3: Nallo11 ($78.18 in chips)
Nallo11: posts small blind $1
ajbooomX: posts big blind $3
*** HOLE CARDS ***
Nallo11: folds
Uncalled bet ($2) returned to ajbooomX
ajbooomX collected $2 from pot
ajbooomX: doesn't show hand
*** SUMMARY ***
Total pot $2 | Rake $0
Seat 2: ajbooomX (big blind) collected ($2)
Seat 3: Nallo11 (button) (small blind) folded before Flop


PokerStars Hand #166984864846:  Hold'em Limit ($3/$6 USD) - 2017/03/02 0:20:22 ET
Table 'Pretoria' 6-max Seat #2 is the button
Seat 2: ajbooomX ($99.31 in chips)
Seat 3: Nallo11 ($77.18 in chips)
ajbooomX: posts small blind $1
Nallo11: posts big blind $3
*** HOLE CARDS ***
ajbooomX: raises $3 to $6
Nallo11: calls $3
*** FLOP *** [Kc 6c Qh]
Nallo11: checks
ajbooomX: bets $3
Nallo11: calls $3
*** TURN *** [Kc 6c Qh] [Tc]
Nallo11: checks
ajbooomX: checks
*** RIVER *** [Kc 6c Qh Tc] [2c]
Nallo11: checks
ajbooomX: bets $6
Nallo11: calls $6
*** SHOW DOWN ***
ajbooomX: shows [3h Ah] (high card Ace)
Nallo11: shows [Qs 3d] (a pair of Queens)
Nallo11 collected $29.50 from pot
*** SUMMARY ***
Total pot $30 | Rake $0.50
Board [Kc 6c Qh Tc 2c]
Seat 2: ajbooomX (button) (small blind) showed [3h Ah] and lost with high card Ace
Seat 3: Nallo11 (big blind) showed [Qs 3d] and won ($29.50) with a pair of Queens


PokerStars Hand #166984852009:  Hold'em Limit ($3/$6 USD) - 2017/03/02 0:19:35 ET
Table 'Pretoria' 6-max Seat #2 is the button
Seat 2: ajbooomX ($95.67 in chips)
Seat 3: Nallo11 ($81.54 in chips)
ajbooomX: posts small blind $1
Nallo11: posts big blind $3
*** HOLE CARDS ***
ajbooomX: raises $3 to $6
Nallo11: folds
Uncalled bet ($3) returned to ajbooomX
ajbooomX collected $6 from pot
ajbooomX: doesn't show hand
*** SUMMARY ***
Total pot $6 | Rake $0
Seat 2: ajbooomX (button) (small blind) collected ($6)
Seat 3: Nallo11 (big blind) folded before Flop


PokerStars Hand #166984870048:  Hold'em Limit ($3/$6 USD) - 2017/03/02 0:20:41 ET
Table 'Pretoria' 6-max Seat #3 is the button
Seat 2: ajbooomX ($84.31 in chips)
Seat 3: Nallo11 ($91.68 in chips)
Nallo11: posts small blind $1
ajbooomX: posts big blind $3
*** HOLE CARDS ***
Nallo11: raises $3 to $6
ajbooomX: raises $3 to $9
Nallo11: calls $3
*** FLOP *** [8c 7d Jh]
ajbooomX: bets $3
Nallo11: calls $3
*** TURN *** [8c 7d Jh] [6d]
ajbooomX: bets $6
Nallo11: calls $6
*** RIVER *** [8c 7d Jh 6d] [Ad]
ajbooomX: bets $6
Nallo11: folds
Uncalled bet ($6) returned to ajbooomX
ajbooomX collected $35.50 from pot
ajbooomX: doesn't show hand
*** SUMMARY ***
Total pot $36 | Rake $0.50
Board [8c 7d Jh 6d Ad]
Seat 2: ajbooomX (big blind) collected ($35.50)
Seat 3: Nallo11 (button) (small blind) folded on the River


PokerStars Hand #166984875408:  Hold'em Limit ($3/$6 USD) - 2017/03/02 0:21:00 ET
Table 'Pretoria' 6-max Seat #2 is the button
Seat 2: ajbooomX ($101.81 in chips)
Seat 3: Nallo11 ($73.68 in chips)
ajbooomX: posts small blind $1
Nallo11: posts big blind $3
*** HOLE CARDS ***
ajbooomX: raises $3 to $6
Nallo11: calls $3
*** FLOP *** [7c 2d 5c]
Nallo11: bets $3
ajbooomX: raises $3 to $6
Nallo11: calls $3
*** TURN *** [7c 2d 5c] [2c]
Nallo11: checks
ajbooomX: checks
*** RIVER *** [7c 2d 5c 2c] [8s]
Nallo11: bets $6
ajbooomX: folds
Uncalled bet ($6) returned to Nallo11
Nallo11 collected $23.52 from pot
Nallo11: doesn't show hand
*** SUMMARY ***
Total pot $24 | Rake $0.48
Board [7c 2d 5c 2c 8s]
Seat 2: ajbooomX (button) (small blind) folded on the River
Seat 3: Nallo11 (big blind) collected ($23.52)


PokerStars Hand #166984886820:  Hold'em Limit ($3/$6 USD) - 2017/03/02 0:21:42 ET
Table 'Pretoria' 6-max Seat #3 is the button
Seat 2: ajbooomX ($112.31 in chips)
Seat 3: Nallo11 ($62.20 in chips)
Nallo11: posts small blind $1
ajbooomX: posts big blind $3
*** HOLE CARDS ***
Nallo11: folds
Uncalled bet ($2) returned to ajbooomX
Nallo11 leaves the table
ajbooomX collected $2 from pot
ajbooomX: doesn't show hand
*** SUMMARY ***
Total pot $2 | Rake $0
Seat 2: ajbooomX (big blind) collected ($2)
Seat 3: Nallo11 (button) (small blind) folded before Flop


PokerStars Hand #166984885251:  Hold'em Limit ($3/$6 USD) - 2017/03/02 0:21:36 ET
Table 'Pretoria' 6-max Seat #2 is the button
Seat 2: ajbooomX ($113.31 in chips)
Seat 3: Nallo11 ($61.20 in chips)
ajbooomX: posts small blind $1
Nallo11: posts big blind $3
*** HOLE CARDS ***
ajbooomX: folds
Uncalled bet ($2) returned to Nallo11
Nallo11 collected $2 from pot
Nallo11: doesn't show hand
*** SUMMARY ***
Total pot $2 | Rake $0
Seat 2: ajbooomX (button) (small blind) folded before Flop
Seat 3: Nallo11 (big blind) collected ($2)


PokerStars Hand #166984880579:  Hold'em Limit ($3/$6 USD) - 2017/03/02 0:21:19 ET
Table 'Pretoria' 6-max Seat #3 is the button
Seat 2: ajbooomX ($89.81 in chips)
Seat 3: Nallo11 ($85.20 in chips)
Nallo11: posts small blind $1
ajbooomX: posts big blind $3
*** HOLE CARDS ***
Nallo11: raises $3 to $6
ajbooomX: raises $3 to $9
Nallo11: calls $3
*** FLOP *** [9c Kd Tc]
ajbooomX: bets $3
Nallo11: calls $3
*** TURN *** [9c Kd Tc] [Ad]
ajbooomX: bets $6
Nallo11: calls $6
*** RIVER *** [9c Kd Tc Ad] [3s]
ajbooomX: bets $6
Nallo11: calls $6
*** SHOW DOWN ***
ajbooomX: shows [Qc Jc] (a straight, Ten to Ace)
Nallo11: mucks hand
ajbooomX collected $47.50 from pot
*** SUMMARY ***
Total pot $48 | Rake $0.50
Board [9c Kd Tc Ad 3s]
Seat 2: ajbooomX (big blind) showed [Qc Jc] and won ($47.50) with a straight, Ten to Ace
Seat 3: Nallo11 (button) (small blind) mucked


