PokerStars Hand #174371614028:  Hold'em Limit ($3/$6 USD) - 2017/08/15 13:56:33 ET
Table 'Pretoria' 6-max Seat #1 is the button
Seat 1: ELCapitano26 ($120 in chips)
Seat 5: uglyghost101 ($350 in chips)
ELCapitano26: posts small blind $1
vestimokrec joins the table at seat #2
uglyghost101: posts big blind $3
*** HOLE CARDS ***
ELCapitano26: raises $3 to $6
uglyghost101: calls $3
*** FLOP *** [Td Js 5s]
belik555 joins the table at seat #6
uglyghost101: checks
ELCapitano26: bets $3
danny123280 joins the table at seat #3
uglyghost101: calls $3
*** TURN *** [Td Js 5s] [Jc]
uglyghost101: checks
danny123280 leaves the table
Vasjinn joins the table at seat #4
ELCapitano26: checks
*** RIVER *** [Td Js 5s Jc] [6d]
uglyghost101: checks
ELCapitano26: checks
*** SHOW DOWN ***
uglyghost101: shows [9s Kd] (a pair of Jacks)
ELCapitano26: shows [Ad 2d] (a pair of Jacks - Ace kicker)
ELCapitano26 collected $17.64 from pot
*** SUMMARY ***
Total pot $18 | Rake $0.36
Board [Td Js 5s Jc 6d]
Seat 1: ELCapitano26 (button) (small blind) showed [Ad 2d] and won ($17.64) with a pair of Jacks
Seat 5: uglyghost101 (big blind) showed [9s Kd] and lost with a pair of Jacks


PokerStars Hand #174378604451:  Hold'em Limit ($3/$6 USD) - 2017/08/15 16:35:08 ET
Table 'Pretoria' 6-max Seat #5 is the button
Seat 4: DECAlpha ($125.78 in chips)
Seat 5: skogsbarn ($44.45 in chips)
skogsbarn: posts small blind $1
DECAlpha: posts big blind $3
*** HOLE CARDS ***
skogsbarn: folds
Uncalled bet ($2) returned to DECAlpha
DECAlpha collected $2 from pot
DECAlpha: doesn't show hand
*** SUMMARY ***
Total pot $2 | Rake $0
Seat 4: DECAlpha (big blind) collected ($2)
Seat 5: skogsbarn (button) (small blind) folded before Flop


PokerStars Hand #174378612064:  Hold'em Limit ($3/$6 USD) - 2017/08/15 16:35:18 ET
Table 'Pretoria' 6-max Seat #5 is the button
Seat 4: DECAlpha ($125.78 in chips)
Seat 5: skogsbarn ($44.45 in chips)
skogsbarn: posts small blind $1
DECAlpha: posts big blind $3
*** HOLE CARDS ***
skogsbarn: folds
Uncalled bet ($2) returned to DECAlpha
DECAlpha collected $2 from pot
DECAlpha: doesn't show hand
*** SUMMARY ***
Total pot $2 | Rake $0
Seat 4: DECAlpha (big blind) collected ($2)
Seat 5: skogsbarn (button) (small blind) folded before Flop


PokerStars Hand #174378615663:  Hold'em Limit ($3/$6 USD) - 2017/08/15 16:35:23 ET
Table 'Pretoria' 6-max Seat #4 is the button
Seat 4: DECAlpha ($126.78 in chips)
Seat 5: skogsbarn ($43.45 in chips)
DECAlpha: posts small blind $1
skogsbarn: posts big blind $3
*** HOLE CARDS ***
DECAlpha: raises $3 to $6
jamie2000 leaves the table
skogsbarn: calls $3
*** FLOP *** [2s 8d As]
skogsbarn: checks
DECAlpha: bets $3
skogsbarn: raises $3 to $6
DECAlpha: raises $3 to $9
skogsbarn: calls $3
*** TURN *** [2s 8d As] [Kc]
skogsbarn: checks
DECAlpha: bets $6
skogsbarn: calls $6
*** RIVER *** [2s 8d As Kc] [4s]
skogsbarn: checks
DECAlpha: checks
*** SHOW DOWN ***
skogsbarn: shows [Qs 8h] (a pair of Eights)
DECAlpha: shows [Ah 5c] (a pair of Aces)
DECAlpha collected $41.50 from pot
*** SUMMARY ***
Total pot $42 | Rake $0.50
Board [2s 8d As Kc 4s]
Seat 4: DECAlpha (button) (small blind) showed [Ah 5c] and won ($41.50) with a pair of Aces
Seat 5: skogsbarn (big blind) showed [Qs 8h] and lost with a pair of Eights


PokerStars Hand #174378635281:  Hold'em Limit ($3/$6 USD) - 2017/08/15 16:35:50 ET
Table 'Pretoria' 6-max Seat #5 is the button
Seat 4: DECAlpha ($147.28 in chips)
Seat 5: skogsbarn ($22.45 in chips)
skogsbarn: posts small blind $1
DECAlpha: posts big blind $3
*** HOLE CARDS ***
skogsbarn: raises $3 to $6
DECAlpha: calls $3
*** FLOP *** [6c 9h 7h]
DECAlpha: checks
skogsbarn: bets $3
DECAlpha: raises $3 to $6
skogsbarn: calls $3
*** TURN *** [6c 9h 7h] [Jc]
DECAlpha: bets $6
skogsbarn: raises $4.45 to $10.45 and is all-in
Bueffel joins the table at seat #3
DECAlpha: calls $4.45
*** RIVER *** [6c 9h 7h Jc] [Kd]
*** SHOW DOWN ***
DECAlpha: shows [Qd 9s] (a pair of Nines)
skogsbarn: shows [6s Kc] (two pair, Kings and Sixes)
skogsbarn collected $44.40 from pot
jamie2000 joins the table at seat #6
*** SUMMARY ***
Total pot $44.90 | Rake $0.50
Board [6c 9h 7h Jc Kd]
Seat 4: DECAlpha (big blind) showed [Qd 9s] and lost with a pair of Nines
Seat 5: skogsbarn (button) (small blind) showed [6s Kc] and won ($44.40) with two pair, Kings and Sixes


PokerStars Hand #174378653924:  Hold'em Limit ($3/$6 USD) - 2017/08/15 16:36:15 ET
Table 'Pretoria' 6-max Seat #4 is the button
Seat 4: DECAlpha ($124.83 in chips)
Seat 5: skogsbarn ($44.40 in chips)
DECAlpha: posts small blind $1
skogsbarn: posts big blind $3
*** HOLE CARDS ***
DECAlpha: raises $3 to $6
skogsbarn: calls $3
*** FLOP *** [9d Qc 6h]
skogsbarn: checks
DECAlpha: bets $3
skogsbarn: calls $3
*** TURN *** [9d Qc 6h] [Jh]
skogsbarn: checks
DECAlpha: bets $6
skogsbarn: calls $6
*** RIVER *** [9d Qc 6h Jh] [Qh]
skogsbarn: checks
DECAlpha: bets $6
skogsbarn: calls $6
*** SHOW DOWN ***
DECAlpha: shows [Th 5h] (a flush, Queen high)
skogsbarn: mucks hand
DECAlpha collected $41.50 from pot
*** SUMMARY ***
Total pot $42 | Rake $0.50
Board [9d Qc 6h Jh Qh]
Seat 4: DECAlpha (button) (small blind) showed [Th 5h] and won ($41.50) with a flush, Queen high
Seat 5: skogsbarn (big blind) mucked


PokerStars Hand #174381899462:  Hold'em Limit ($3/$6 USD) - 2017/08/15 17:50:51 ET
Table 'Pretoria' 6-max Seat #5 is the button
Seat 4: Jack_Wu1985 ($148.79 in chips)
Seat 5: skogsbarn ($100.45 in chips)
skogsbarn: posts small blind $1
ToDaFelt: is sitting out
Jack_Wu1985: posts big blind $3
*** HOLE CARDS ***
skogsbarn: folds
Uncalled bet ($2) returned to Jack_Wu1985
ToDaFelt leaves the table
Jack_Wu1985 collected $2 from pot
Jack_Wu1985: doesn't show hand
*** SUMMARY ***
Total pot $2 | Rake $0
Seat 4: Jack_Wu1985 (big blind) collected ($2)
Seat 5: skogsbarn (button) (small blind) folded before Flop


PokerStars Hand #174381854337:  Hold'em Limit ($3/$6 USD) - 2017/08/15 17:49:48 ET
Table 'Pretoria' 6-max Seat #5 is the button
Seat 3: ToDaFelt ($232.40 in chips)
Seat 5: skogsbarn ($148.45 in chips)
Jack_Wu1985 will be allowed to play after the button
skogsbarn: posts small blind $1
ToDaFelt: posts big blind $3
*** HOLE CARDS ***
skogsbarn: raises $3 to $6
ToDaFelt: calls $3
*** FLOP *** [5d Qc 6c]
ToDaFelt: checks
skogsbarn: bets $3
ToDaFelt: raises $3 to $6
skogsbarn: calls $3
*** TURN *** [5d Qc 6c] [5h]
ToDaFelt: bets $6
skogsbarn: calls $6
*** RIVER *** [5d Qc 6c 5h] [9c]
ToDaFelt: bets $6
skogsbarn: calls $6
*** SHOW DOWN ***
ToDaFelt: shows [5s Th] (three of a kind, Fives)
skogsbarn: mucks hand
ToDaFelt collected $47.50 from pot
*** SUMMARY ***
Total pot $48 | Rake $0.50
Board [5d Qc 6c 5h 9c]
Seat 3: ToDaFelt (big blind) showed [5s Th] and won ($47.50) with three of a kind, Fives
Seat 5: skogsbarn (button) (small blind) mucked


PokerStars Hand #174381915172:  Hold'em Limit ($3/$6 USD) - 2017/08/15 17:51:14 ET
Table 'Pretoria' 6-max Seat #5 is the button
Seat 4: Jack_Wu1985 ($148.79 in chips)
Seat 5: skogsbarn ($100.45 in chips)
skogsbarn: posts small blind $1
Jack_Wu1985: posts big blind $3
*** HOLE CARDS ***
skogsbarn: raises $3 to $6
Jack_Wu1985: folds
Uncalled bet ($3) returned to skogsbarn
skogsbarn collected $6 from pot
skogsbarn: doesn't show hand
*** SUMMARY ***
Total pot $6 | Rake $0
Seat 4: Jack_Wu1985 (big blind) folded before Flop
Seat 5: skogsbarn (button) (small blind) collected ($6)


PokerStars Hand #174381907617:  Hold'em Limit ($3/$6 USD) - 2017/08/15 17:51:03 ET
Table 'Pretoria' 6-max Seat #5 is the button
Seat 4: Jack_Wu1985 ($148.79 in chips)
Seat 5: skogsbarn ($100.45 in chips)
skogsbarn: posts small blind $1
Jack_Wu1985: posts big blind $3
*** HOLE CARDS ***
skogsbarn: folds
Uncalled bet ($2) returned to Jack_Wu1985
Jack_Wu1985 collected $2 from pot
Jack_Wu1985: doesn't show hand
*** SUMMARY ***
Total pot $2 | Rake $0
Seat 4: Jack_Wu1985 (big blind) collected ($2)
Seat 5: skogsbarn (button) (small blind) folded before Flop


PokerStars Hand #174381903723:  Hold'em Limit ($3/$6 USD) - 2017/08/15 17:50:57 ET
Table 'Pretoria' 6-max Seat #4 is the button
Seat 4: Jack_Wu1985 ($149.79 in chips)
Seat 5: skogsbarn ($99.45 in chips)
Jack_Wu1985: posts small blind $1
skogsbarn: posts big blind $3
*** HOLE CARDS ***
Jack_Wu1985: folds
Uncalled bet ($2) returned to skogsbarn
skogsbarn collected $2 from pot
skogsbarn: doesn't show hand
*** SUMMARY ***
Total pot $2 | Rake $0
Seat 4: Jack_Wu1985 (button) (small blind) folded before Flop
Seat 5: skogsbarn (big blind) collected ($2)


PokerStars Hand #174381911135:  Hold'em Limit ($3/$6 USD) - 2017/08/15 17:51:08 ET
Table 'Pretoria' 6-max Seat #4 is the button
Seat 4: Jack_Wu1985 ($149.79 in chips)
Seat 5: skogsbarn ($99.45 in chips)
Jack_Wu1985: posts small blind $1
skogsbarn: posts big blind $3
*** HOLE CARDS ***
Jack_Wu1985: folds
Uncalled bet ($2) returned to skogsbarn
skogsbarn collected $2 from pot
skogsbarn: doesn't show hand
*** SUMMARY ***
Total pot $2 | Rake $0
Seat 4: Jack_Wu1985 (button) (small blind) folded before Flop
Seat 5: skogsbarn (big blind) collected ($2)


