PokerStars Hand #163376990557:  Hold'em Limit ($3/$6 USD) - 2016/12/22 23:26:20 ET
Table 'Pretoria' 6-max Seat #1 is the button
Seat 1: LifeisagameX ($84 in chips)
Seat 3: ciclon18 ($58.96 in chips)
LifeisagameX: posts small blind $1
ciclon18: posts big blind $3
*** HOLE CARDS ***
LifeisagameX: raises $3 to $6
ciclon18: calls $3
*** FLOP *** [7c Kc 7d]
ciclon18: checks
LifeisagameX: bets $3
ciclon18: calls $3
*** TURN *** [7c Kc 7d] [2h]
ciclon18: checks
LifeisagameX: bets $6
ciclon18: calls $6
*** RIVER *** [7c Kc 7d 2h] [8h]
ciclon18: checks
LifeisagameX: bets $6
ciclon18: calls $6
*** SHOW DOWN ***
LifeisagameX: shows [3s 8s] (two pair, Eights and Sevens)
ciclon18: mucks hand
LifeisagameX collected $41.50 from pot
*** SUMMARY ***
Total pot $42 | Rake $0.50
Board [7c Kc 7d 2h 8h]
Seat 1: LifeisagameX (button) (small blind) showed [3s 8s] and won ($41.50) with two pair, Eights and Sevens
Seat 3: ciclon18 (big blind) mucked


PokerStars Hand #163377007975:  Hold'em Limit ($3/$6 USD) - 2016/12/22 23:27:13 ET
Table 'Pretoria' 6-max Seat #3 is the button
Seat 1: LifeisagameX ($104.50 in chips)
Seat 3: ciclon18 ($37.96 in chips)
ciclon18: posts small blind $1
LifeisagameX: posts big blind $3
*** HOLE CARDS ***
ciclon18: folds
Uncalled bet ($2) returned to LifeisagameX
LifeisagameX collected $2 from pot
LifeisagameX: doesn't show hand
*** SUMMARY ***
Total pot $2 | Rake $0
Seat 1: LifeisagameX (big blind) collected ($2)
Seat 3: ciclon18 (button) (small blind) folded before Flop


PokerStars Hand #163377009782:  Hold'em Limit ($3/$6 USD) - 2016/12/22 23:27:18 ET
Table 'Pretoria' 6-max Seat #1 is the button
Seat 1: LifeisagameX ($105.50 in chips)
Seat 3: ciclon18 ($36.96 in chips)
LifeisagameX: posts small blind $1
ciclon18: posts big blind $3
*** HOLE CARDS ***
LifeisagameX: raises $3 to $6
ciclon18: raises $3 to $9
LifeisagameX: calls $3
*** FLOP *** [3s 9s Js]
ciclon18: bets $3
LifeisagameX: calls $3
*** TURN *** [3s 9s Js] [7s]
ciclon18: checks
LifeisagameX: bets $6
ciclon18: folds
Uncalled bet ($6) returned to LifeisagameX
LifeisagameX collected $23.52 from pot
LifeisagameX: doesn't show hand
*** SUMMARY ***
Total pot $24 | Rake $0.48
Board [3s 9s Js 7s]
Seat 1: LifeisagameX (button) (small blind) collected ($23.52)
Seat 3: ciclon18 (big blind) folded on the Turn


PokerStars Hand #163377022141:  Hold'em Limit ($3/$6 USD) - 2016/12/22 23:27:56 ET
Table 'Pretoria' 6-max Seat #3 is the button
Seat 1: LifeisagameX ($117.02 in chips)
Seat 3: ciclon18 ($24.96 in chips)
ciclon18: posts small blind $1
LifeisagameX: posts big blind $3
*** HOLE CARDS ***
ciclon18: raises $3 to $6
LifeisagameX: calls $3
*** FLOP *** [5c 8c 9c]
LifeisagameX: checks
ciclon18: bets $3
LifeisagameX: folds
Uncalled bet ($3) returned to ciclon18
ciclon18 collected $11.76 from pot
ciclon18: doesn't show hand
*** SUMMARY ***
Total pot $12 | Rake $0.24
Board [5c 8c 9c]
Seat 1: LifeisagameX (big blind) folded on the Flop
Seat 3: ciclon18 (button) (small blind) collected ($11.76)


PokerStars Hand #163377030924:  Hold'em Limit ($3/$6 USD) - 2016/12/22 23:28:23 ET
Table 'Pretoria' 6-max Seat #3 is the button
Seat 1: LifeisagameX ($114.02 in chips)
Seat 3: ciclon18 ($27.72 in chips)
ciclon18: posts small blind $1
LifeisagameX: posts big blind $3
*** HOLE CARDS ***
ciclon18: calls $2
LifeisagameX: checks
*** FLOP *** [6s 8h Qc]
LifeisagameX: checks
ciclon18: bets $3
LifeisagameX: calls $3
*** TURN *** [6s 8h Qc] [9h]
LifeisagameX: checks
ciclon18: checks
*** RIVER *** [6s 8h Qc 9h] [7h]
LifeisagameX: checks
ciclon18: bets $6
LifeisagameX: calls $6
*** SHOW DOWN ***
ciclon18: shows [5c 6c] (a straight, Five to Nine)
LifeisagameX: mucks hand
ciclon18 collected $23.52 from pot
*** SUMMARY ***
Total pot $24 | Rake $0.48
Board [6s 8h Qc 9h 7h]
Seat 1: LifeisagameX (big blind) mucked
Seat 3: ciclon18 (button) (small blind) showed [5c 6c] and won ($23.52) with a straight, Five to Nine


PokerStars Hand #163377047182:  Hold'em Limit ($3/$6 USD) - 2016/12/22 23:29:13 ET
Table 'Pretoria' 6-max Seat #1 is the button
Seat 1: LifeisagameX ($102.02 in chips)
Seat 3: ciclon18 ($39.24 in chips)
LifeisagameX: posts small blind $1
ciclon18: posts big blind $3
*** HOLE CARDS ***
LifeisagameX: raises $3 to $6
ciclon18: calls $3
*** FLOP *** [4c 5d As]
ciclon18: checks
LifeisagameX: bets $3
ciclon18: folds
Uncalled bet ($3) returned to LifeisagameX
LifeisagameX collected $11.76 from pot
LifeisagameX: doesn't show hand
*** SUMMARY ***
Total pot $12 | Rake $0.24
Board [4c 5d As]
Seat 1: LifeisagameX (button) (small blind) collected ($11.76)
Seat 3: ciclon18 (big blind) folded on the Flop


PokerStars Hand #163377053213:  Hold'em Limit ($3/$6 USD) - 2016/12/22 23:29:31 ET
Table 'Pretoria' 6-max Seat #3 is the button
Seat 1: LifeisagameX ($107.78 in chips)
Seat 3: ciclon18 ($33.24 in chips)
ciclon18: posts small blind $1
LifeisagameX: posts big blind $3
*** HOLE CARDS ***
ciclon18: raises $3 to $6
LifeisagameX: calls $3
*** FLOP *** [9h 2s 5c]
LifeisagameX: checks
ciclon18: bets $3
LifeisagameX: raises $3 to $6
ciclon18: calls $3
*** TURN *** [9h 2s 5c] [5d]
LifeisagameX: bets $6
ciclon18: calls $6
*** RIVER *** [9h 2s 5c 5d] [8c]
LifeisagameX: bets $6
ciclon18: folds
Uncalled bet ($6) returned to LifeisagameX
LifeisagameX collected $35.50 from pot
LifeisagameX: doesn't show hand
*** SUMMARY ***
Total pot $36 | Rake $0.50
Board [9h 2s 5c 5d 8c]
Seat 1: LifeisagameX (big blind) collected ($35.50)
Seat 3: ciclon18 (button) (small blind) folded on the River


PokerStars Hand #163377071414:  Hold'em Limit ($3/$6 USD) - 2016/12/22 23:30:25 ET
Table 'Pretoria' 6-max Seat #3 is the button
Seat 1: LifeisagameX ($135.04 in chips)
Seat 3: ciclon18 ($5.24 in chips)
ciclon18: posts small blind $1
LifeisagameX: posts big blind $3
*** HOLE CARDS ***
ciclon18: folds
Uncalled bet ($2) returned to LifeisagameX
LifeisagameX collected $2 from pot
LifeisagameX: doesn't show hand
*** SUMMARY ***
Total pot $2 | Rake $0
Seat 1: LifeisagameX (big blind) collected ($2)
Seat 3: ciclon18 (button) (small blind) folded before Flop


PokerStars Hand #163377066611:  Hold'em Limit ($3/$6 USD) - 2016/12/22 23:30:11 ET
Table 'Pretoria' 6-max Seat #3 is the button
Seat 1: LifeisagameX ($131.04 in chips)
Seat 3: ciclon18 ($9.24 in chips)
ciclon18: posts small blind $1
LifeisagameX: posts big blind $3
*** HOLE CARDS ***
ciclon18: folds
Uncalled bet ($2) returned to LifeisagameX
LifeisagameX collected $2 from pot
LifeisagameX: doesn't show hand
*** SUMMARY ***
Total pot $2 | Rake $0
Seat 1: LifeisagameX (big blind) collected ($2)
Seat 3: ciclon18 (button) (small blind) folded before Flop


PokerStars Hand #163377061668:  Hold'em Limit ($3/$6 USD) - 2016/12/22 23:29:57 ET
Table 'Pretoria' 6-max Seat #1 is the button
Seat 1: LifeisagameX ($125.28 in chips)
Seat 3: ciclon18 ($15.24 in chips)
LifeisagameX: posts small blind $1
ciclon18: posts big blind $3
*** HOLE CARDS ***
LifeisagameX: raises $3 to $6
ciclon18: calls $3
*** FLOP *** [Ad 4h 4s]
ciclon18: checks
LifeisagameX: bets $3
ciclon18: folds
Uncalled bet ($3) returned to LifeisagameX
LifeisagameX collected $11.76 from pot
LifeisagameX: doesn't show hand
*** SUMMARY ***
Total pot $12 | Rake $0.24
Board [Ad 4h 4s]
Seat 1: LifeisagameX (button) (small blind) collected ($11.76)
Seat 3: ciclon18 (big blind) folded on the Flop


PokerStars Hand #163377078054:  Hold'em Limit ($3/$6 USD) - 2016/12/22 23:30:45 ET
Table 'Pretoria' 6-max Seat #3 is the button
Seat 1: LifeisagameX ($131.80 in chips)
Seat 3: ciclon18 ($8.31 in chips)
ciclon18: posts small blind $1
LifeisagameX: posts big blind $3
*** HOLE CARDS ***
ciclon18: raises $3 to $6
LifeisagameX: calls $3
*** FLOP *** [Td 3s 8c]
LifeisagameX: checks
ciclon18: bets $2.31 and is all-in
LifeisagameX: calls $2.31
*** TURN *** [Td 3s 8c] [Jd]
*** RIVER *** [Td 3s 8c Jd] [9h]
*** SHOW DOWN ***
LifeisagameX: shows [8h 2h] (a pair of Eights)
ciclon18: shows [Qh Qc] (a straight, Eight to Queen)
ciclon18 collected $16.29 from pot
*** SUMMARY ***
Total pot $16.62 | Rake $0.33
Board [Td 3s 8c Jd 9h]
Seat 1: LifeisagameX (big blind) showed [8h 2h] and lost with a pair of Eights
Seat 3: ciclon18 (button) (small blind) showed [Qh Qc] and won ($16.29) with a straight, Eight to Queen


PokerStars Hand #163377086128:  Hold'em Limit ($3/$6 USD) - 2016/12/22 23:31:09 ET
Table 'Pretoria' 6-max Seat #3 is the button
Seat 1: LifeisagameX ($126.49 in chips)
Seat 3: ciclon18 ($13.29 in chips)
ciclon18: posts small blind $1
LifeisagameX: posts big blind $3
*** HOLE CARDS ***
ciclon18: raises $3 to $6
LifeisagameX: calls $3
*** FLOP *** [Ts Tc 7d]
LifeisagameX: checks
ciclon18: bets $3
LifeisagameX: raises $3 to $6
ciclon18: calls $3
*** TURN *** [Ts Tc 7d] [Th]
LifeisagameX: bets $6
ciclon18: calls $1.29 and is all-in
Uncalled bet ($4.71) returned to LifeisagameX
*** RIVER *** [Ts Tc 7d Th] [3c]
*** SHOW DOWN ***
LifeisagameX: shows [Qd Kh] (three of a kind, Tens)
ciclon18: shows [8c 6c] (three of a kind, Tens - lower kicker)
LifeisagameX collected $26.08 from pot
*** SUMMARY ***
Total pot $26.58 | Rake $0.50
Board [Ts Tc 7d Th 3c]
Seat 1: LifeisagameX (big blind) showed [Qd Kh] and won ($26.08) with three of a kind, Tens
Seat 3: ciclon18 (button) (small blind) showed [8c 6c] and lost with three of a kind, Tens


PokerStars Hand #163377073398:  Hold'em Limit ($3/$6 USD) - 2016/12/22 23:30:31 ET
Table 'Pretoria' 6-max Seat #1 is the button
Seat 1: LifeisagameX ($136.04 in chips)
Seat 3: ciclon18 ($4.24 in chips)
LifeisagameX: posts small blind $1
ciclon18: posts big blind $3
*** HOLE CARDS ***
LifeisagameX: raises $3 to $6
ciclon18: calls $1.24 and is all-in
Uncalled bet ($1.76) returned to LifeisagameX
*** FLOP *** [7c Jd Kd]
*** TURN *** [7c Jd Kd] [5d]
*** RIVER *** [7c Jd Kd 5d] [Td]
*** SHOW DOWN ***
ciclon18: shows [6d 7s] (a flush, King high)
LifeisagameX: shows [3s 8h] (high card King)
ciclon18 collected $8.31 from pot
*** SUMMARY ***
Total pot $8.48 | Rake $0.17
Board [7c Jd Kd 5d Td]
Seat 1: LifeisagameX (button) (small blind) showed [3s 8h] and lost with high card King
Seat 3: ciclon18 (big blind) showed [6d 7s] and won ($8.31) with a flush, King high


