PokerStars Hand #152927376762:  Hold'em Limit ($3/$6 USD) - 2016/05/06 8:46:46 ET
Table 'Pretoria' 10-max Seat #10 is the button
Seat 2: Krazy90 ($120 in chips)
Seat 10: mylifeluvsol ($30 in chips)
mylifeluvsol: posts small blind $1
SmellyToes4u: is sitting out
Krazy90: posts big blind $3
*** HOLE CARDS ***
SmellyToes4u leaves the table
mylifeluvsol: raises $3 to $6
Krazy90: calls $3
*** FLOP *** [Ah Ts 5s]
Krazy90: checks
mylifeluvsol: checks
*** TURN *** [Ah Ts 5s] [Qd]
Krazy90: bets $6
mylifeluvsol: raises $6 to $12
Krazy90: calls $6
*** RIVER *** [Ah Ts 5s Qd] [9s]
Krazy90: checks
mylifeluvsol: checks
*** SHOW DOWN ***
Krazy90: shows [Th Qc] (two pair, Queens and Tens)
mylifeluvsol: mucks hand
Krazy90 collected $35.50 from pot
*** SUMMARY ***
Total pot $36 | Rake $0.50
Board [Ah Ts 5s Qd 9s]
Seat 2: Krazy90 (big blind) showed [Th Qc] and won ($35.50) with two pair, Queens and Tens
Seat 10: mylifeluvsol (button) (small blind) mucked


PokerStars Hand #152927401098:  Hold'em Limit ($3/$6 USD) - 2016/05/06 8:47:32 ET
Table 'Pretoria' 10-max Seat #2 is the button
Seat 2: Krazy90 ($137.50 in chips)
Seat 10: mylifeluvsol ($12 in chips)
Krazy90: posts small blind $1
mylifeluvsol: posts big blind $3
*** HOLE CARDS ***
Krazy90: raises $3 to $6
mylifeluvsol: calls $3
*** FLOP *** [Ts 4h 7s]
mylifeluvsol: bets $3
Krazy90: raises $3 to $6
mylifeluvsol: calls $3 and is all-in
*** TURN *** [Ts 4h 7s] [5h]
*** RIVER *** [Ts 4h 7s 5h] [Kd]
*** SHOW DOWN ***
mylifeluvsol: shows [Kc 9h] (a pair of Kings)
Krazy90: shows [2d Jd] (high card King)
mylifeluvsol collected $23.52 from pot
*** SUMMARY ***
Total pot $24 | Rake $0.48
Board [Ts 4h 7s 5h Kd]
Seat 2: Krazy90 (button) (small blind) showed [2d Jd] and lost with high card King
Seat 10: mylifeluvsol (big blind) showed [Kc 9h] and won ($23.52) with a pair of Kings


PokerStars Hand #152927418874:  Hold'em Limit ($3/$6 USD) - 2016/05/06 8:48:06 ET
Table 'Pretoria' 10-max Seat #2 is the button
Seat 2: Krazy90 ($122.50 in chips)
Seat 10: mylifeluvsol ($26.40 in chips)
Krazy90: posts small blind $1
mylifeluvsol: posts big blind $3
*** HOLE CARDS ***
Krazy90: raises $3 to $6
mylifeluvsol: calls $3
*** FLOP *** [Ts 5c Ah]
mylifeluvsol: checks
Krazy90: bets $3
mylifeluvsol: folds
Uncalled bet ($3) returned to Krazy90
Krazy90 collected $11.76 from pot
Krazy90: doesn't show hand
*** SUMMARY ***
Total pot $12 | Rake $0.24
Board [Ts 5c Ah]
Seat 2: Krazy90 (button) (small blind) collected ($11.76)
Seat 10: mylifeluvsol (big blind) folded on the Flop


PokerStars Hand #152927410942:  Hold'em Limit ($3/$6 USD) - 2016/05/06 8:47:51 ET
Table 'Pretoria' 10-max Seat #10 is the button
Seat 2: Krazy90 ($125.50 in chips)
Seat 10: mylifeluvsol ($23.52 in chips)
mylifeluvsol: posts small blind $1
Krazy90: posts big blind $3
*** HOLE CARDS ***
mylifeluvsol: calls $2
Krazy90: checks
*** FLOP *** [Kc Kh 3s]
Krazy90: checks
mylifeluvsol: bets $3
Krazy90: folds
Uncalled bet ($3) returned to mylifeluvsol
mylifeluvsol collected $5.88 from pot
mylifeluvsol: doesn't show hand
*** SUMMARY ***
Total pot $6 | Rake $0.12
Board [Kc Kh 3s]
Seat 2: Krazy90 (big blind) folded on the Flop
Seat 10: mylifeluvsol (button) (small blind) collected ($5.88)


PokerStars Hand #152927446567:  Hold'em Limit ($3/$6 USD) - 2016/05/06 8:48:58 ET
Table 'Pretoria' 10-max Seat #2 is the button
Seat 2: Krazy90 ($120 in chips)
Seat 10: mylifeluvsol ($35.92 in chips)
Krazy90: posts small blind $1
mylifeluvsol: posts big blind $3
*** HOLE CARDS ***
Krazy90: raises $3 to $6
mylifeluvsol: folds
Uncalled bet ($3) returned to Krazy90
Krazy90 collected $6 from pot
Krazy90: doesn't show hand
*** SUMMARY ***
Total pot $6 | Rake $0
Seat 2: Krazy90 (button) (small blind) collected ($6)
Seat 10: mylifeluvsol (big blind) folded before Flop


PokerStars Hand #152927443224:  Hold'em Limit ($3/$6 USD) - 2016/05/06 8:48:52 ET
Table 'Pretoria' 10-max Seat #10 is the button
Seat 2: Krazy90 ($120 in chips)
Seat 10: mylifeluvsol ($32.92 in chips)
mylifeluvsol: posts small blind $1
Krazy90: posts big blind $3
*** HOLE CARDS ***
mylifeluvsol: raises $3 to $6
Krazy90: folds
Uncalled bet ($3) returned to mylifeluvsol
mylifeluvsol collected $6 from pot
mylifeluvsol: doesn't show hand
*** SUMMARY ***
Total pot $6 | Rake $0
Seat 2: Krazy90 (big blind) folded before Flop
Seat 10: mylifeluvsol (button) (small blind) collected ($6)


PokerStars Hand #152927451969:  Hold'em Limit ($3/$6 USD) - 2016/05/06 8:49:09 ET
Table 'Pretoria' 10-max Seat #2 is the button
Seat 2: Krazy90 ($124 in chips)
Seat 10: mylifeluvsol ($31.92 in chips)
Krazy90: posts small blind $1
mylifeluvsol: posts big blind $3
*** HOLE CARDS ***
Krazy90: raises $3 to $6
mylifeluvsol: folds
Uncalled bet ($3) returned to Krazy90
Krazy90 collected $6 from pot
Krazy90: doesn't show hand
*** SUMMARY ***
Total pot $6 | Rake $0
Seat 2: Krazy90 (button) (small blind) collected ($6)
Seat 10: mylifeluvsol (big blind) folded before Flop


PokerStars Hand #152927449328:  Hold'em Limit ($3/$6 USD) - 2016/05/06 8:49:04 ET
Table 'Pretoria' 10-max Seat #10 is the button
Seat 2: Krazy90 ($123 in chips)
Seat 10: mylifeluvsol ($32.92 in chips)
mylifeluvsol: posts small blind $1
Krazy90: posts big blind $3
*** HOLE CARDS ***
mylifeluvsol: folds
Uncalled bet ($2) returned to Krazy90
Krazy90 collected $2 from pot
Krazy90: doesn't show hand
*** SUMMARY ***
Total pot $2 | Rake $0
Seat 2: Krazy90 (big blind) collected ($2)
Seat 10: mylifeluvsol (button) (small blind) folded before Flop


PokerStars Hand #152927454854:  Hold'em Limit ($3/$6 USD) - 2016/05/06 8:49:14 ET
Table 'Pretoria' 10-max Seat #10 is the button
Seat 2: Krazy90 ($127 in chips)
Seat 10: mylifeluvsol ($28.92 in chips)
mylifeluvsol: posts small blind $1
Krazy90: posts big blind $3
*** HOLE CARDS ***
mylifeluvsol: raises $3 to $6
samurai.ru joins the table at seat #1
Krazy90: calls $3
*** FLOP *** [4s Qh Jh]
Krazy90: checks
mylifeluvsol: bets $3
Krazy90: folds
Uncalled bet ($3) returned to mylifeluvsol
mylifeluvsol collected $11.76 from pot
mylifeluvsol: doesn't show hand
*** SUMMARY ***
Total pot $12 | Rake $0.24
Board [4s Qh Jh]
Seat 2: Krazy90 (big blind) folded on the Flop
Seat 10: mylifeluvsol (button) (small blind) collected ($11.76)


PokerStars Hand #152927460615:  Hold'em Limit ($3/$6 USD) - 2016/05/06 8:49:25 ET
Table 'Pretoria' 10-max Seat #2 is the button
Seat 2: Krazy90 ($121 in chips)
Seat 10: mylifeluvsol ($34.68 in chips)
Krazy90: posts small blind $1
mylifeluvsol: posts big blind $3
*** HOLE CARDS ***
Krazy90: raises $3 to $6
mylifeluvsol: folds
Uncalled bet ($3) returned to Krazy90
Krazy90 collected $6 from pot
Krazy90: doesn't show hand
*** SUMMARY ***
Total pot $6 | Rake $0
Seat 2: Krazy90 (button) (small blind) collected ($6)
Seat 10: mylifeluvsol (big blind) folded before Flop


PokerStars Hand #152927440918:  Hold'em Limit ($3/$6 USD) - 2016/05/06 8:48:48 ET
Table 'Pretoria' 10-max Seat #2 is the button
Seat 2: Krazy90 ($120 in chips)
Seat 10: mylifeluvsol ($31.92 in chips)
Krazy90: posts small blind $1
mylifeluvsol: posts big blind $3
*** HOLE CARDS ***
Krazy90: folds
Uncalled bet ($2) returned to mylifeluvsol
mylifeluvsol collected $2 from pot
mylifeluvsol: doesn't show hand
*** SUMMARY ***
Total pot $2 | Rake $0
Seat 2: Krazy90 (button) (small blind) folded before Flop
Seat 10: mylifeluvsol (big blind) collected ($2)


PokerStars Hand #152927427587:  Hold'em Limit ($3/$6 USD) - 2016/05/06 8:48:22 ET
Table 'Pretoria' 10-max Seat #10 is the button
Seat 2: Krazy90 ($128.26 in chips)
Seat 10: mylifeluvsol ($20.40 in chips)
mylifeluvsol: posts small blind $1
Krazy90: posts big blind $3
*** HOLE CARDS ***
mylifeluvsol: raises $3 to $6
Krazy90: calls $3
*** FLOP *** [8d 7d Kc]
Krazy90: checks
mylifeluvsol: checks
*** TURN *** [8d 7d Kc] [Td]
Krazy90: checks
mylifeluvsol: checks
*** RIVER *** [8d 7d Kc Td] [As]
Krazy90: checks
mylifeluvsol: bets $6
Krazy90: calls $6
*** SHOW DOWN ***
mylifeluvsol: shows [9c Ah] (a pair of Aces)
Krazy90: mucks hand
mylifeluvsol collected $23.52 from pot
*** SUMMARY ***
Total pot $24 | Rake $0.48
Board [8d 7d Kc Td As]
Seat 2: Krazy90 (big blind) mucked
Seat 10: mylifeluvsol (button) (small blind) showed [9c Ah] and won ($23.52) with a pair of Aces


PokerStars Hand #152927463326:  Hold'em Limit ($3/$6 USD) - 2016/05/06 8:49:30 ET
Table 'Pretoria' 10-max Seat #10 is the button
Seat 2: Krazy90 ($124 in chips)
Seat 10: mylifeluvsol ($31.68 in chips)
mylifeluvsol: posts small blind $1
Krazy90: posts big blind $3
*** HOLE CARDS ***
belik555 joins the table at seat #3
mylifeluvsol: raises $3 to $6
Krazy90: calls $3
*** FLOP *** [3s Kd 2s]
Krazy90: checks
mylifeluvsol: bets $3
Krazy90: raises $3 to $6
mylifeluvsol: folds
Uncalled bet ($3) returned to Krazy90
Krazy90 collected $17.64 from pot
Krazy90: doesn't show hand
*** SUMMARY ***
Total pot $18 | Rake $0.36
Board [3s Kd 2s]
Seat 2: Krazy90 (big blind) collected ($17.64)
Seat 10: mylifeluvsol (button) (small blind) folded on the Flop


PokerStars Hand #152927671129:  Hold'em Limit ($3/$6 USD) - 2016/05/06 8:56:21 ET
Table 'Pretoria' 10-max Seat #2 is the button
Seat 2: Krazy90 ($156.43 in chips)
Seat 10: mylifeluvsol ($22.55 in chips)
Krazy90: posts small blind $1
belik555: is sitting out
mylifeluvsol: posts big blind $3
*** HOLE CARDS ***
belik555 leaves the table
Krazy90: raises $3 to $6
mylifeluvsol: calls $3
*** FLOP *** [2h 4c Ks]
mylifeluvsol: checks
Krazy90: bets $3
mylifeluvsol: raises $3 to $6
Krazy90: folds
Uncalled bet ($3) returned to mylifeluvsol
mylifeluvsol collected $17.64 from pot
mylifeluvsol: doesn't show hand
*** SUMMARY ***
Total pot $18 | Rake $0.36
Board [2h 4c Ks]
Seat 2: Krazy90 (button) (small blind) folded on the Flop
Seat 10: mylifeluvsol (big blind) collected ($17.64)


PokerStars Hand #152927679332:  Hold'em Limit ($3/$6 USD) - 2016/05/06 8:56:39 ET
Table 'Pretoria' 10-max Seat #10 is the button
Seat 2: Krazy90 ($147.43 in chips)
Seat 10: mylifeluvsol ($31.19 in chips)
mylifeluvsol: posts small blind $1
Krazy90: posts big blind $3
*** HOLE CARDS ***
mylifeluvsol: raises $3 to $6
Krazy90: folds
Uncalled bet ($3) returned to mylifeluvsol
mylifeluvsol collected $6 from pot
mylifeluvsol: doesn't show hand
*** SUMMARY ***
Total pot $6 | Rake $0
Seat 2: Krazy90 (big blind) folded before Flop
Seat 10: mylifeluvsol (button) (small blind) collected ($6)


PokerStars Hand #152927698184:  Hold'em Limit ($3/$6 USD) - 2016/05/06 8:57:22 ET
Table 'Pretoria' 10-max Seat #2 is the button
Seat 2: Krazy90 ($172.93 in chips)
Seat 10: mylifeluvsol ($5.19 in chips)
Krazy90: posts small blind $1
mylifeluvsol: posts big blind $3
*** HOLE CARDS ***
Krazy90: raises $3 to $6
mylifeluvsol: calls $2.19 and is all-in
Uncalled bet ($0.81) returned to Krazy90
*** FLOP *** [Jh Th 7d]
*** TURN *** [Jh Th 7d] [4h]
*** RIVER *** [Jh Th 7d 4h] [8s]
*** SHOW DOWN ***
mylifeluvsol: shows [8h Qc] (a pair of Eights)
Krazy90: shows [Js 6s] (a pair of Jacks)
Krazy90 collected $10.17 from pot
*** SUMMARY ***
Total pot $10.38 | Rake $0.21
Board [Jh Th 7d 4h 8s]
Seat 2: Krazy90 (button) (small blind) showed [Js 6s] and won ($10.17) with a pair of Jacks
Seat 10: mylifeluvsol (big blind) showed [8h Qc] and lost with a pair of Eights


PokerStars Hand #152927682587:  Hold'em Limit ($3/$6 USD) - 2016/05/06 8:56:47 ET
Table 'Pretoria' 10-max Seat #2 is the button
Seat 2: Krazy90 ($144.43 in chips)
Seat 10: mylifeluvsol ($34.19 in chips)
Krazy90: posts small blind $1
mylifeluvsol: posts big blind $3
*** HOLE CARDS ***
Krazy90: folds
Uncalled bet ($2) returned to mylifeluvsol
mylifeluvsol collected $2 from pot
mylifeluvsol: doesn't show hand
*** SUMMARY ***
Total pot $2 | Rake $0
Seat 2: Krazy90 (button) (small blind) folded before Flop
Seat 10: mylifeluvsol (big blind) collected ($2)


PokerStars Hand #152927684768:  Hold'em Limit ($3/$6 USD) - 2016/05/06 8:56:52 ET
Table 'Pretoria' 10-max Seat #10 is the button
Seat 2: Krazy90 ($143.43 in chips)
Seat 10: mylifeluvsol ($35.19 in chips)
mylifeluvsol: posts small blind $1
Krazy90: posts big blind $3
*** HOLE CARDS ***
mylifeluvsol: raises $3 to $6
Krazy90: calls $3
*** FLOP *** [3h 7h 6h]
Krazy90: checks
mylifeluvsol: bets $3
Krazy90: raises $3 to $6
mylifeluvsol: raises $3 to $9
Krazy90: raises $3 to $12
Betting is capped
mylifeluvsol: calls $3
*** TURN *** [3h 7h 6h] [Qs]
Krazy90: bets $6
mylifeluvsol: calls $6
*** RIVER *** [3h 7h 6h Qs] [2s]
Krazy90: bets $6
mylifeluvsol: calls $6
*** SHOW DOWN ***
Krazy90: shows [7s 6d] (two pair, Sevens and Sixes)
mylifeluvsol: mucks hand
Krazy90 collected $59.50 from pot
*** SUMMARY ***
Total pot $60 | Rake $0.50
Board [3h 7h 6h Qs 2s]
Seat 2: Krazy90 (big blind) showed [7s 6d] and won ($59.50) with two pair, Sevens and Sixes
Seat 10: mylifeluvsol (button) (small blind) mucked


