PokerStars Hand #169102061299:  Hold'em Limit ($3/$6 USD) - 2017/04/15 22:01:07 ET
Table 'Pretoria' 6-max Seat #1 is the button
Seat 1: Donald ($210.64 in chips)
Seat 4: rascal_319 ($297.61 in chips)
Donald: posts small blind $1
rascal_319: posts big blind $3
*** HOLE CARDS ***
Donald: folds
Uncalled bet ($2) returned to rascal_319
rascal_319 collected $2 from pot
*** SUMMARY ***
Total pot $2 | Rake $0
Seat 1: Donald (button) (small blind) folded before Flop
Seat 4: rascal_319 (big blind) collected ($2)


PokerStars Hand #169102287119:  Hold'em Limit ($3/$6 USD) - 2017/04/15 22:10:54 ET
Table 'Pretoria' 6-max Seat #4 is the button
Seat 1: Donald ($199.14 in chips)
Seat 4: rascal_319 ($329.76 in chips)
rascal_319: posts small blind $1
Donald: posts big blind $3
*** HOLE CARDS ***
rascal_319: folds
Uncalled bet ($2) returned to Donald
Donald collected $2 from pot
Donald: doesn't show hand
*** SUMMARY ***
Total pot $2 | Rake $0
Seat 1: Donald (big blind) collected ($2)
Seat 4: rascal_319 (button) (small blind) folded before Flop


PokerStars Hand #169102291986:  Hold'em Limit ($3/$6 USD) - 2017/04/15 22:11:07 ET
Table 'Pretoria' 6-max Seat #4 is the button
Seat 1: Donald ($199.14 in chips)
Seat 4: rascal_319 ($329.76 in chips)
rascal_319: posts small blind $1
Donald: posts big blind $3
*** HOLE CARDS ***
rascal_319: folds
Uncalled bet ($2) returned to Donald
Donald collected $2 from pot
Donald: doesn't show hand
*** SUMMARY ***
Total pot $2 | Rake $0
Seat 1: Donald (big blind) collected ($2)
Seat 4: rascal_319 (button) (small blind) folded before Flop


PokerStars Hand #169102288881:  Hold'em Limit ($3/$6 USD) - 2017/04/15 22:10:59 ET
Table 'Pretoria' 6-max Seat #1 is the button
Seat 1: Donald ($200.14 in chips)
Seat 4: rascal_319 ($328.76 in chips)
Donald: posts small blind $1
rascal_319: posts big blind $3
*** HOLE CARDS ***
Donald: folds
Uncalled bet ($2) returned to rascal_319
rascal_319 collected $2 from pot
*** SUMMARY ***
Total pot $2 | Rake $0
Seat 1: Donald (button) (small blind) folded before Flop
Seat 4: rascal_319 (big blind) collected ($2)


PokerStars Hand #169102339399:  Hold'em Limit ($3/$6 USD) - 2017/04/15 22:13:14 ET
Table 'Pretoria' 6-max Seat #1 is the button
Seat 1: Donald ($202.16 in chips)
Seat 4: rascal_319 ($374.56 in chips)
Donald: posts small blind $1
rascal_319: posts big blind $3
*** HOLE CARDS ***
Donald: raises $3 to $6
rascal_319: raises $3 to $9
Donald: calls $3
*** FLOP *** [Kc Jd 5c]
rascal_319: bets $3
Donald: folds
Uncalled bet ($3) returned to rascal_319
rascal_319 collected $17.64 from pot
*** SUMMARY ***
Total pot $18 | Rake $0.36
Board [Kc Jd 5c]
Seat 1: Donald (button) (small blind) folded on the Flop
Seat 4: rascal_319 (big blind) collected ($17.64)


