PokerStars Hand #147839491324:  Hold'em Limit ($3/$6 USD) - 2016/01/28 15:51:38 ET
Table 'Pretoria' 6-max Seat #1 is the button
Seat 1: BelSv ($78 in chips)
Seat 6: isjen. ($236.75 in chips)
BelSv: posts small blind $1
isjen.: posts big blind $3
*** HOLE CARDS ***
BelSv: raises $3 to $6
isjen.: folds
Uncalled bet ($3) returned to BelSv
BelSv collected $6 from pot
BelSv: doesn't show hand
*** SUMMARY ***
Total pot $6 | Rake $0
Seat 1: BelSv (button) (small blind) collected ($6)
Seat 6: isjen. (big blind) folded before Flop


PokerStars Hand #147839463535:  Hold'em Limit ($3/$6 USD) - 2016/01/28 15:51:12 ET
Table 'Pretoria' 6-max Seat #6 is the button
Seat 1: BelSv ($78 in chips)
Seat 6: isjen. ($216.25 in chips)
isjen.: posts small blind $1
BelSv: posts big blind $3
*** HOLE CARDS ***
isjen.: raises $3 to $6
BelSv: calls $3
*** FLOP *** [7d 9s 3c]
BelSv: checks
isjen.: bets $3
BelSv: calls $3
*** TURN *** [7d 9s 3c] [Qs]
BelSv: checks
isjen.: checks
*** RIVER *** [7d 9s 3c Qs] [Th]
BelSv: bets $6
isjen.: raises $6 to $12
BelSv: calls $6
*** SHOW DOWN ***
isjen.: shows [Jh 8h] (a straight, Eight to Queen)
BelSv: mucks hand
isjen. collected $41.50 from pot
*** SUMMARY ***
Total pot $42 | Rake $0.50
Board [7d 9s 3c Qs Th]
Seat 1: BelSv (big blind) mucked
Seat 6: isjen. (button) (small blind) showed [Jh 8h] and won ($41.50) with a straight, Eight to Queen


PokerStars Hand #147839437948:  Hold'em Limit ($3/$6 USD) - 2016/01/28 15:50:49 ET
Table 'Pretoria' 6-max Seat #1 is the button
Seat 1: BelSv ($78 in chips)
Seat 6: isjen. ($192.75 in chips)
BelSv: posts small blind $1
CatPuppy1999: is sitting out
isjen.: posts big blind $3
*** HOLE CARDS ***
BelSv: raises $3 to $6
CatPuppy1999 leaves the table
isjen.: calls $3
*** FLOP *** [Jh Qh 3c]
isjen.: checks
BelSv: bets $3
isjen.: raises $3 to $6
BelSv: calls $3
*** TURN *** [Jh Qh 3c] [7d]
isjen.: bets $6
BelSv: calls $6
*** RIVER *** [Jh Qh 3c 7d] [2d]
isjen.: bets $6
BelSv: calls $6
*** SHOW DOWN ***
isjen.: shows [Qd 2s] (two pair, Queens and Deuces)
BelSv: mucks hand
isjen. collected $47.50 from pot
*** SUMMARY ***
Total pot $48 | Rake $0.50
Board [Jh Qh 3c 7d 2d]
Seat 1: BelSv (button) (small blind) mucked
Seat 6: isjen. (big blind) showed [Qd 2s] and won ($47.50) with two pair, Queens and Deuces


PokerStars Hand #147839559418:  Hold'em Limit ($3/$6 USD) - 2016/01/28 15:52:41 ET
Table 'Pretoria' 6-max Seat #1 is the button
Seat 1: BelSv ($80.76 in chips)
Seat 6: isjen. ($236.51 in chips)
BelSv: posts small blind $1
isjen.: posts big blind $3
*** HOLE CARDS ***
BelSv: folds
Uncalled bet ($2) returned to isjen.
isjen. collected $2 from pot
isjen.: doesn't show hand
*** SUMMARY ***
Total pot $2 | Rake $0
Seat 1: BelSv (button) (small blind) folded before Flop
Seat 6: isjen. (big blind) collected ($2)


PokerStars Hand #147839552044:  Hold'em Limit ($3/$6 USD) - 2016/01/28 15:52:34 ET
Table 'Pretoria' 6-max Seat #6 is the button
Seat 1: BelSv ($83.76 in chips)
Seat 6: isjen. ($233.51 in chips)
isjen.: posts small blind $1
BelSv: posts big blind $3
*** HOLE CARDS ***
isjen.: raises $3 to $6
BelSv: folds
Uncalled bet ($3) returned to isjen.
isjen. collected $6 from pot
isjen.: doesn't show hand
*** SUMMARY ***
Total pot $6 | Rake $0
Seat 1: BelSv (big blind) folded before Flop
Seat 6: isjen. (button) (small blind) collected ($6)


PokerStars Hand #147839547133:  Hold'em Limit ($3/$6 USD) - 2016/01/28 15:52:29 ET
Table 'Pretoria' 6-max Seat #1 is the button
Seat 1: BelSv ($84.76 in chips)
Seat 6: isjen. ($232.51 in chips)
BelSv: posts small blind $1
isjen.: posts big blind $3
*** HOLE CARDS ***
BelSv: folds
Uncalled bet ($2) returned to isjen.
isjen. collected $2 from pot
isjen.: doesn't show hand
*** SUMMARY ***
Total pot $2 | Rake $0
Seat 1: BelSv (button) (small blind) folded before Flop
Seat 6: isjen. (big blind) collected ($2)


PokerStars Hand #147839541836:  Hold'em Limit ($3/$6 USD) - 2016/01/28 15:52:25 ET
Table 'Pretoria' 6-max Seat #6 is the button
Seat 1: BelSv ($83.76 in chips)
Seat 6: isjen. ($233.51 in chips)
isjen.: posts small blind $1
BelSv: posts big blind $3
*** HOLE CARDS ***
isjen.: folds
Uncalled bet ($2) returned to BelSv
BelSv collected $2 from pot
BelSv: doesn't show hand
*** SUMMARY ***
Total pot $2 | Rake $0
Seat 1: BelSv (big blind) collected ($2)
Seat 6: isjen. (button) (small blind) folded before Flop


PokerStars Hand #147839512959:  Hold'em Limit ($3/$6 USD) - 2016/01/28 15:51:58 ET
Table 'Pretoria' 6-max Seat #1 is the button
Seat 1: BelSv ($78 in chips)
Seat 6: isjen. ($239.51 in chips)
BelSv: posts small blind $1
isjen.: posts big blind $3
*** HOLE CARDS ***
BelSv: raises $3 to $6
isjen.: calls $3
*** FLOP *** [8c 4c Th]
isjen.: checks
BelSv: checks
*** TURN *** [8c 4c Th] [8h]
isjen.: checks
BelSv: bets $6
isjen.: folds
Uncalled bet ($6) returned to BelSv
BelSv collected $11.76 from pot
BelSv: doesn't show hand
*** SUMMARY ***
Total pot $12 | Rake $0.24
Board [8c 4c Th 8h]
Seat 1: BelSv (button) (small blind) collected ($11.76)
Seat 6: isjen. (big blind) folded on the Turn


PokerStars Hand #147839501986:  Hold'em Limit ($3/$6 USD) - 2016/01/28 15:51:48 ET
Table 'Pretoria' 6-max Seat #6 is the button
Seat 1: BelSv ($81 in chips)
Seat 6: isjen. ($233.75 in chips)
isjen.: posts small blind $1
BelSv: posts big blind $3
*** HOLE CARDS ***
isjen.: raises $3 to $6
BelSv: calls $3
*** FLOP *** [Qc Td 3c]
BelSv: checks
isjen.: bets $3
BelSv: folds
Uncalled bet ($3) returned to isjen.
isjen. collected $11.76 from pot
isjen.: doesn't show hand
*** SUMMARY ***
Total pot $12 | Rake $0.24
Board [Qc Td 3c]
Seat 1: BelSv (big blind) folded on the Flop
Seat 6: isjen. (button) (small blind) collected ($11.76)


PokerStars Hand #147839573553:  Hold'em Limit ($3/$6 USD) - 2016/01/28 15:52:54 ET
Table 'Pretoria' 6-max Seat #1 is the button
Seat 1: BelSv ($78 in chips)
Seat 6: isjen. ($240.51 in chips)
BelSv: posts small blind $1
isjen.: posts big blind $3
*** HOLE CARDS ***
BelSv: folds
Uncalled bet ($2) returned to isjen.
isjen. collected $2 from pot
isjen.: doesn't show hand
*** SUMMARY ***
Total pot $2 | Rake $0
Seat 1: BelSv (button) (small blind) folded before Flop
Seat 6: isjen. (big blind) collected ($2)


PokerStars Hand #147839564741:  Hold'em Limit ($3/$6 USD) - 2016/01/28 15:52:46 ET
Table 'Pretoria' 6-max Seat #6 is the button
Seat 1: BelSv ($79.76 in chips)
Seat 6: isjen. ($237.51 in chips)
isjen.: posts small blind $1
BelSv: posts big blind $3
*** HOLE CARDS ***
isjen.: raises $3 to $6
BelSv: folds
Uncalled bet ($3) returned to isjen.
isjen. collected $6 from pot
isjen.: doesn't show hand
*** SUMMARY ***
Total pot $6 | Rake $0
Seat 1: BelSv (big blind) folded before Flop
Seat 6: isjen. (button) (small blind) collected ($6)


PokerStars Hand #147839578786:  Hold'em Limit ($3/$6 USD) - 2016/01/28 15:52:59 ET
Table 'Pretoria' 6-max Seat #6 is the button
Seat 1: BelSv ($78 in chips)
Seat 6: isjen. ($241.51 in chips)
isjen.: posts small blind $1
BelSv: posts big blind $3
*** HOLE CARDS ***
isjen.: raises $3 to $6
BelSv: calls $3
*** FLOP *** [8h Ac Kc]
BelSv: checks
isjen.: bets $3
BelSv: folds
Uncalled bet ($3) returned to isjen.
isjen. collected $11.76 from pot
isjen.: doesn't show hand
*** SUMMARY ***
Total pot $12 | Rake $0.24
Board [8h Ac Kc]
Seat 1: BelSv (big blind) folded on the Flop
Seat 6: isjen. (button) (small blind) collected ($11.76)


PokerStars Hand #147839606672:  Hold'em Limit ($3/$6 USD) - 2016/01/28 15:53:25 ET
Table 'Pretoria' 6-max Seat #6 is the button
Seat 1: BelSv ($83.76 in chips)
Seat 6: isjen. ($241.27 in chips)
isjen.: posts small blind $1
BelSv: posts big blind $3
*** HOLE CARDS ***
isjen.: folds
Uncalled bet ($2) returned to BelSv
BelSv collected $2 from pot
BelSv: doesn't show hand
*** SUMMARY ***
Total pot $2 | Rake $0
Seat 1: BelSv (big blind) collected ($2)
Seat 6: isjen. (button) (small blind) folded before Flop


PokerStars Hand #147839591695:  Hold'em Limit ($3/$6 USD) - 2016/01/28 15:53:11 ET
Table 'Pretoria' 6-max Seat #1 is the button
Seat 1: BelSv ($78 in chips)
Seat 6: isjen. ($247.27 in chips)
BelSv: posts small blind $1
isjen.: posts big blind $3
*** HOLE CARDS ***
ex-cali999 joins the table at seat #5
BelSv: raises $3 to $6
isjen.: calls $3
*** FLOP *** [5d 9h Kc]
isjen.: checks
BelSv: bets $3
isjen.: folds
Uncalled bet ($3) returned to BelSv
BelSv collected $11.76 from pot
BelSv: doesn't show hand
*** SUMMARY ***
Total pot $12 | Rake $0.24
Board [5d 9h Kc]
Seat 1: BelSv (button) (small blind) collected ($11.76)
Seat 6: isjen. (big blind) folded on the Flop


PokerStars Hand #147843966231:  Hold'em Limit ($3/$6 USD) - 2016/01/28 17:02:37 ET
Table 'Pretoria' 6-max Seat #1 is the button
Seat 1: BelSv ($60.27 in chips)
Seat 5: ex-cali999 ($175.31 in chips)
BelSv: posts small blind $1
ex-cali999: posts big blind $3
*** HOLE CARDS ***
BelSv: raises $3 to $6
ex-cali999: raises $3 to $9
BelSv: calls $3
*** FLOP *** [2c 7c 4s]
ex-cali999: bets $3
BelSv: calls $3
*** TURN *** [2c 7c 4s] [Tc]
ex-cali999: bets $6
BelSv: calls $6
*** RIVER *** [2c 7c 4s Tc] [Ts]
ex-cali999: bets $6
BelSv: calls $6
*** SHOW DOWN ***
ex-cali999: shows [Qd Jc] (a pair of Tens)
BelSv: shows [As 6h] (a pair of Tens - Ace kicker)
BelSv collected $47.50 from pot
*** SUMMARY ***
Total pot $48 | Rake $0.50
Board [2c 7c 4s Tc Ts]
Seat 1: BelSv (button) (small blind) showed [As 6h] and won ($47.50) with a pair of Tens
Seat 5: ex-cali999 (big blind) showed [Qd Jc] and lost with a pair of Tens


PokerStars Hand #147843990210:  Hold'em Limit ($3/$6 USD) - 2016/01/28 17:03:00 ET
Table 'Pretoria' 6-max Seat #5 is the button
Seat 1: BelSv ($83.77 in chips)
Seat 5: ex-cali999 ($151.31 in chips)
ex-cali999: posts small blind $1
BelSv: posts big blind $3
*** HOLE CARDS ***
ex-cali999: raises $3 to $6
BelSv: raises $3 to $9
ex-cali999: calls $3
*** FLOP *** [Kd 8c Jc]
BelSv: bets $3
ex-cali999: folds
Uncalled bet ($3) returned to BelSv
BelSv collected $17.64 from pot
BelSv: doesn't show hand
*** SUMMARY ***
Total pot $18 | Rake $0.36
Board [Kd 8c Jc]
Seat 1: BelSv (big blind) collected ($17.64)
Seat 5: ex-cali999 (button) (small blind) folded on the Flop


