PokerStars Hand #175365309896:  Hold'em Limit ($3/$6 USD) - 2017/09/08 8:59:42 ET
Table 'Preziosa' 6-max Seat #2 is the button
Seat 1: bubsski ($81.88 in chips)
Seat 2: dalton135 ($183.40 in chips)
dalton135: posts small blind $1
bubsski: posts big blind $3
*** HOLE CARDS ***
dalton135: folds
Uncalled bet ($2) returned to bubsski
bubsski collected $2 from pot
bubsski: doesn't show hand
*** SUMMARY ***
Total pot $2 | Rake $0
Seat 1: bubsski (big blind) collected ($2)
Seat 2: dalton135 (button) (small blind) folded before Flop


PokerStars Hand #175366189960:  Hold'em Limit ($3/$6 USD) - 2017/09/08 9:27:49 ET
Table 'Preziosa' 6-max Seat #4 is the button
Seat 1: bubsski ($200.08 in chips)
Seat 4: Psynto ($75 in chips)
Psynto: posts small blind $1
bubsski: posts big blind $3
*** HOLE CARDS ***
Psynto: raises $3 to $6
bubsski: raises $3 to $9
Psynto: calls $3
*** FLOP *** [8d Kd 3c]
bubsski: bets $3
Psynto: calls $3
*** TURN *** [8d Kd 3c] [9h]
bubsski: bets $6
Psynto: calls $6
*** RIVER *** [8d Kd 3c 9h] [Jd]
bubsski: checks
Psynto: checks
*** SHOW DOWN ***
bubsski: shows [Ad 9c] (a pair of Nines)
Psynto: mucks hand
bubsski collected $35.50 from pot
*** SUMMARY ***
Total pot $36 | Rake $0.50
Board [8d Kd 3c 9h Jd]
Seat 1: bubsski (big blind) showed [Ad 9c] and won ($35.50) with a pair of Nines
Seat 4: Psynto (button) (small blind) mucked


PokerStars Hand #175366199876:  Hold'em Limit ($3/$6 USD) - 2017/09/08 9:28:07 ET
Table 'Preziosa' 6-max Seat #1 is the button
Seat 1: bubsski ($217.58 in chips)
Seat 4: Psynto ($72 in chips)
bubsski: posts small blind $1
Psynto: posts big blind $3
*** HOLE CARDS ***
bubsski: folds
Uncalled bet ($2) returned to Psynto
Psynto collected $2 from pot
Psynto: doesn't show hand
*** SUMMARY ***
Total pot $2 | Rake $0
Seat 1: bubsski (button) (small blind) folded before Flop
Seat 4: Psynto (big blind) collected ($2)


PokerStars Hand #175387405828:  Hold'em Limit ($3/$6 USD) - 2017/09/08 17:52:03 ET
Table 'Preziosa' 6-max Seat #1 is the button
Seat 1: Samace10 ($118 in chips)
Seat 6: favete lin ($113.14 in chips)
Samace10: posts small blind $1
ToDaFelt: is sitting out
favete lin: posts big blind $3
*** HOLE CARDS ***
ToDaFelt leaves the table
Samace10: folds
Uncalled bet ($2) returned to favete lin
favete lin collected $2 from pot
favete lin: doesn't show hand
*** SUMMARY ***
Total pot $2 | Rake $0
Seat 1: Samace10 (button) (small blind) folded before Flop
Seat 6: favete lin (big blind) collected ($2)


PokerStars Hand #175388528451:  Hold'em Limit ($3/$6 USD) - 2017/09/08 18:18:40 ET
Table 'Preziosa' 6-max Seat #1 is the button
Seat 1: Scheubi88 ($121 in chips)
Seat 6: hooverr ($122.39 in chips)
Scheubi88: posts small blind $1
hooverr: posts big blind $3
*** HOLE CARDS ***
Scheubi88: raises $3 to $6
hooverr: folds
Uncalled bet ($3) returned to Scheubi88
Scheubi88 collected $6 from pot
Scheubi88: doesn't show hand
*** SUMMARY ***
Total pot $6 | Rake $0
Seat 1: Scheubi88 (button) (small blind) collected ($6)
Seat 6: hooverr (big blind) folded before Flop


PokerStars Hand #175388519608:  Hold'em Limit ($3/$6 USD) - 2017/09/08 18:18:28 ET
Table 'Preziosa' 6-max Seat #6 is the button
Seat 1: Scheubi88 ($120 in chips)
Seat 6: hooverr ($123.39 in chips)
hooverr: posts small blind $1
Scheubi88: posts big blind $3
*** HOLE CARDS ***
hooverr: folds
Uncalled bet ($2) returned to Scheubi88
Scheubi88 collected $2 from pot
Scheubi88: doesn't show hand
*** SUMMARY ***
Total pot $2 | Rake $0
Seat 1: Scheubi88 (big blind) collected ($2)
Seat 6: hooverr (button) (small blind) folded before Flop


PokerStars Hand #175388588121:  Hold'em Limit ($3/$6 USD) - 2017/09/08 18:20:04 ET
Table 'Preziosa' 6-max Seat #1 is the button
Seat 1: Scheubi88 ($130.76 in chips)
Seat 6: hooverr ($112.15 in chips)
Scheubi88: posts small blind $1
hooverr: posts big blind $3
*** HOLE CARDS ***
Scheubi88: folds
Uncalled bet ($2) returned to hooverr
hooverr collected $2 from pot
hooverr: doesn't show hand
*** SUMMARY ***
Total pot $2 | Rake $0
Seat 1: Scheubi88 (button) (small blind) folded before Flop
Seat 6: hooverr (big blind) collected ($2)


PokerStars Hand #175388571383:  Hold'em Limit ($3/$6 USD) - 2017/09/08 18:19:41 ET
Table 'Preziosa' 6-max Seat #6 is the button
Seat 1: Scheubi88 ($125 in chips)
Seat 6: hooverr ($118.15 in chips)
hooverr: posts small blind $1
Scheubi88: posts big blind $3
*** HOLE CARDS ***
hooverr: raises $3 to $6
Scheubi88: calls $3
*** FLOP *** [9c Qd 9s]
Scheubi88: checks
hooverr: checks
*** TURN *** [9c Qd 9s] [Ah]
Scheubi88: bets $6
hooverr: folds
Uncalled bet ($6) returned to Scheubi88
Scheubi88 collected $11.76 from pot
Scheubi88: doesn't show hand
*** SUMMARY ***
Total pot $12 | Rake $0.24
Board [9c Qd 9s Ah]
Seat 1: Scheubi88 (big blind) collected ($11.76)
Seat 6: hooverr (button) (small blind) folded on the Turn


PokerStars Hand #175388566784:  Hold'em Limit ($3/$6 USD) - 2017/09/08 18:19:34 ET
Table 'Preziosa' 6-max Seat #1 is the button
Seat 1: Scheubi88 ($122 in chips)
Seat 6: hooverr ($121.15 in chips)
Scheubi88: posts small blind $1
hooverr: posts big blind $3
*** HOLE CARDS ***
Scheubi88: raises $3 to $6
hooverr: folds
Uncalled bet ($3) returned to Scheubi88
Scheubi88 collected $6 from pot
Scheubi88: doesn't show hand
*** SUMMARY ***
Total pot $6 | Rake $0
Seat 1: Scheubi88 (button) (small blind) collected ($6)
Seat 6: hooverr (big blind) folded before Flop


PokerStars Hand #175388561239:  Hold'em Limit ($3/$6 USD) - 2017/09/08 18:19:26 ET
Table 'Preziosa' 6-max Seat #6 is the button
Seat 1: Scheubi88 ($121 in chips)
Seat 6: hooverr ($122.15 in chips)
hooverr: posts small blind $1
Scheubi88: posts big blind $3
*** HOLE CARDS ***
hooverr: folds
Uncalled bet ($2) returned to Scheubi88
Scheubi88 collected $2 from pot
Scheubi88: doesn't show hand
*** SUMMARY ***
Total pot $2 | Rake $0
Seat 1: Scheubi88 (big blind) collected ($2)
Seat 6: hooverr (button) (small blind) folded before Flop


PokerStars Hand #175388554877:  Hold'em Limit ($3/$6 USD) - 2017/09/08 18:19:17 ET
Table 'Preziosa' 6-max Seat #1 is the button
Seat 1: Scheubi88 ($118 in chips)
Seat 6: hooverr ($125.15 in chips)
Scheubi88: posts small blind $1
hooverr: posts big blind $3
*** HOLE CARDS ***
Scheubi88: raises $3 to $6
hooverr: folds
Uncalled bet ($3) returned to Scheubi88
Scheubi88 collected $6 from pot
Scheubi88: doesn't show hand
*** SUMMARY ***
Total pot $6 | Rake $0
Seat 1: Scheubi88 (button) (small blind) collected ($6)
Seat 6: hooverr (big blind) folded before Flop


PokerStars Hand #175388540479:  Hold'em Limit ($3/$6 USD) - 2017/09/08 18:18:57 ET
Table 'Preziosa' 6-max Seat #6 is the button
Seat 1: Scheubi88 ($124 in chips)
Seat 6: hooverr ($119.39 in chips)
hooverr: posts small blind $1
Scheubi88: posts big blind $3
*** HOLE CARDS ***
hooverr: raises $3 to $6
Scheubi88: calls $3
*** FLOP *** [2h 3d 8d]
Scheubi88: checks
hooverr: bets $3
Scheubi88: folds
Uncalled bet ($3) returned to hooverr
hooverr collected $11.76 from pot
hooverr: doesn't show hand
*** SUMMARY ***
Total pot $12 | Rake $0.24
Board [2h 3d 8d]
Seat 1: Scheubi88 (big blind) folded on the Flop
Seat 6: hooverr (button) (small blind) collected ($11.76)


PokerStars Hand #175388626448:  Hold'em Limit ($3/$6 USD) - 2017/09/08 18:20:58 ET
Table 'Preziosa' 6-max Seat #6 is the button
Seat 1: Scheubi88 ($121.76 in chips)
Seat 6: hooverr ($120.79 in chips)
hooverr: posts small blind $1
Scheubi88: posts big blind $3
*** HOLE CARDS ***
hooverr: folds
Uncalled bet ($2) returned to Scheubi88
Scheubi88 collected $2 from pot
Scheubi88: doesn't show hand
*** SUMMARY ***
Total pot $2 | Rake $0
Seat 1: Scheubi88 (big blind) collected ($2)
Seat 6: hooverr (button) (small blind) folded before Flop


PokerStars Hand #175388609112:  Hold'em Limit ($3/$6 USD) - 2017/09/08 18:20:34 ET
Table 'Preziosa' 6-max Seat #1 is the button
Seat 1: Scheubi88 ($130.76 in chips)
Seat 6: hooverr ($112.15 in chips)
Scheubi88: posts small blind $1
hooverr: posts big blind $3
*** HOLE CARDS ***
Scheubi88: raises $3 to $6
hooverr: calls $3
*** FLOP *** [7h 2h Jc]
hooverr: checks
Scheubi88: bets $3
hooverr: calls $3
*** TURN *** [7h 2h Jc] [4s]
hooverr: checks
Scheubi88: checks
*** RIVER *** [7h 2h Jc 4s] [2c]
hooverr: bets $6
Scheubi88: folds
Uncalled bet ($6) returned to hooverr
hooverr collected $17.64 from pot
hooverr: doesn't show hand
*** SUMMARY ***
Total pot $18 | Rake $0.36
Board [7h 2h Jc 4s 2c]
Seat 1: Scheubi88 (button) (small blind) folded on the River
Seat 6: hooverr (big blind) collected ($17.64)


PokerStars Hand #175388603728:  Hold'em Limit ($3/$6 USD) - 2017/09/08 18:20:26 ET
Table 'Preziosa' 6-max Seat #6 is the button
Seat 1: Scheubi88 ($129.76 in chips)
Seat 6: hooverr ($113.15 in chips)
hooverr: posts small blind $1
Scheubi88: posts big blind $3
*** HOLE CARDS ***
hooverr: folds
Uncalled bet ($2) returned to Scheubi88
Scheubi88 collected $2 from pot
Scheubi88: doesn't show hand
*** SUMMARY ***
Total pot $2 | Rake $0
Seat 1: Scheubi88 (big blind) collected ($2)
Seat 6: hooverr (button) (small blind) folded before Flop


PokerStars Hand #175388598066:  Hold'em Limit ($3/$6 USD) - 2017/09/08 18:20:18 ET
Table 'Preziosa' 6-max Seat #1 is the button
Seat 1: Scheubi88 ($126.76 in chips)
Seat 6: hooverr ($116.15 in chips)
Scheubi88: posts small blind $1
hooverr: posts big blind $3
*** HOLE CARDS ***
Scheubi88: raises $3 to $6
hooverr: folds
Uncalled bet ($3) returned to Scheubi88
Scheubi88 collected $6 from pot
Scheubi88: doesn't show hand
*** SUMMARY ***
Total pot $6 | Rake $0
Seat 1: Scheubi88 (button) (small blind) collected ($6)
Seat 6: hooverr (big blind) folded before Flop


PokerStars Hand #175388592112:  Hold'em Limit ($3/$6 USD) - 2017/09/08 18:20:10 ET
Table 'Preziosa' 6-max Seat #6 is the button
Seat 1: Scheubi88 ($129.76 in chips)
Seat 6: hooverr ($113.15 in chips)
hooverr: posts small blind $1
Scheubi88: posts big blind $3
*** HOLE CARDS ***
hooverr: raises $3 to $6
Scheubi88: folds
Uncalled bet ($3) returned to hooverr
hooverr collected $6 from pot
*** SUMMARY ***
Total pot $6 | Rake $0
Seat 1: Scheubi88 (big blind) folded before Flop
Seat 6: hooverr (button) (small blind) collected ($6)


PokerStars Hand #175388651411:  Hold'em Limit ($3/$6 USD) - 2017/09/08 18:21:34 ET
Table 'Preziosa' 6-max Seat #1 is the button
Seat 1: Scheubi88 ($113.76 in chips)
Seat 6: hooverr ($128.55 in chips)
Scheubi88: posts small blind $1
hooverr: posts big blind $3
*** HOLE CARDS ***
Scheubi88: raises $3 to $6
hooverr: calls $3
*** FLOP *** [Tc 4s 2h]
hooverr: checks
Scheubi88: checks
*** TURN *** [Tc 4s 2h] [Ks]
hooverr: checks
Scheubi88: checks
*** RIVER *** [Tc 4s 2h Ks] [5h]
hooverr: bets $6
Scheubi88: calls $6
*** SHOW DOWN ***
hooverr: shows [Kh 7h] (a pair of Kings)
Scheubi88: mucks hand
hooverr collected $23.52 from pot
*** SUMMARY ***
Total pot $24 | Rake $0.48
Board [Tc 4s 2h Ks 5h]
Seat 1: Scheubi88 (button) (small blind) mucked
Seat 6: hooverr (big blind) showed [Kh 7h] and won ($23.52) with a pair of Kings


PokerStars Hand #175388645668:  Hold'em Limit ($3/$6 USD) - 2017/09/08 18:21:26 ET
Table 'Preziosa' 6-max Seat #6 is the button
Seat 1: Scheubi88 ($116.76 in chips)
Seat 6: hooverr ($125.55 in chips)
hooverr: posts small blind $1
Scheubi88: posts big blind $3
*** HOLE CARDS ***
hooverr: raises $3 to $6
Scheubi88: folds
Uncalled bet ($3) returned to hooverr
hooverr collected $6 from pot
hooverr: doesn't show hand
*** SUMMARY ***
Total pot $6 | Rake $0
Seat 1: Scheubi88 (big blind) folded before Flop
Seat 6: hooverr (button) (small blind) collected ($6)


PokerStars Hand #175388630634:  Hold'em Limit ($3/$6 USD) - 2017/09/08 18:21:04 ET
Table 'Preziosa' 6-max Seat #1 is the button
Seat 1: Scheubi88 ($122.76 in chips)
Seat 6: hooverr ($119.79 in chips)
Scheubi88: posts small blind $1
hooverr: posts big blind $3
*** HOLE CARDS ***
Scheubi88: raises $3 to $6
hooverr: calls $3
*** FLOP *** [6d 9s Jd]
hooverr: checks
Scheubi88: checks
*** TURN *** [6d 9s Jd] [Js]
hooverr: checks
Scheubi88: checks
*** RIVER *** [6d 9s Jd Js] [6s]
hooverr: bets $6
Scheubi88: folds
Uncalled bet ($6) returned to hooverr
hooverr collected $11.76 from pot
hooverr: doesn't show hand
*** SUMMARY ***
Total pot $12 | Rake $0.24
Board [6d 9s Jd Js 6s]
Seat 1: Scheubi88 (button) (small blind) folded on the River
Seat 6: hooverr (big blind) collected ($11.76)


PokerStars Hand #175388668115:  Hold'em Limit ($3/$6 USD) - 2017/09/08 18:21:57 ET
Table 'Preziosa' 6-max Seat #6 is the button
Seat 1: Scheubi88 ($101.76 in chips)
Seat 6: hooverr ($140.07 in chips)
hooverr: posts small blind $1
Scheubi88: posts big blind $3
*** HOLE CARDS ***
hooverr: raises $3 to $6
Scheubi88: calls $3
*** FLOP *** [Kh 3s Ah]
Scheubi88: checks
hooverr: bets $3
Scheubi88: folds
Uncalled bet ($3) returned to hooverr
hooverr collected $11.76 from pot
hooverr: doesn't show hand
*** SUMMARY ***
Total pot $12 | Rake $0.24
Board [Kh 3s Ah]
Seat 1: Scheubi88 (big blind) folded on the Flop
Seat 6: hooverr (button) (small blind) collected ($11.76)


PokerStars Hand #175388702973:  Hold'em Limit ($3/$6 USD) - 2017/09/08 18:22:46 ET
Table 'Preziosa' 6-max Seat #1 is the button
Seat 1: Scheubi88 ($90.76 in chips)
Seat 6: hooverr ($150.59 in chips)
Scheubi88: posts small blind $1
hooverr: posts big blind $3
*** HOLE CARDS ***
Scheubi88: raises $3 to $6
hooverr: folds
Uncalled bet ($3) returned to Scheubi88
Scheubi88 collected $6 from pot
Scheubi88: doesn't show hand
*** SUMMARY ***
Total pot $6 | Rake $0
Seat 1: Scheubi88 (button) (small blind) collected ($6)
Seat 6: hooverr (big blind) folded before Flop


PokerStars Hand #175388698880:  Hold'em Limit ($3/$6 USD) - 2017/09/08 18:22:40 ET
Table 'Preziosa' 6-max Seat #6 is the button
Seat 1: Scheubi88 ($89.76 in chips)
Seat 6: hooverr ($151.59 in chips)
hooverr: posts small blind $1
Scheubi88: posts big blind $3
*** HOLE CARDS ***
hooverr: folds
Uncalled bet ($2) returned to Scheubi88
Scheubi88 collected $2 from pot
Scheubi88: doesn't show hand
*** SUMMARY ***
Total pot $2 | Rake $0
Seat 1: Scheubi88 (big blind) collected ($2)
Seat 6: hooverr (button) (small blind) folded before Flop


PokerStars Hand #175388679819:  Hold'em Limit ($3/$6 USD) - 2017/09/08 18:22:14 ET
Table 'Preziosa' 6-max Seat #1 is the button
Seat 1: Scheubi88 ($95.76 in chips)
Seat 6: hooverr ($145.83 in chips)
Scheubi88: posts small blind $1
hooverr: posts big blind $3
*** HOLE CARDS ***
Scheubi88: raises $3 to $6
hooverr: calls $3
*** FLOP *** [Qh Js 5c]
hooverr: checks
Scheubi88: checks
*** TURN *** [Qh Js 5c] [8d]
hooverr: checks
Scheubi88: checks
*** RIVER *** [Qh Js 5c 8d] [3h]
hooverr: checks
Scheubi88: checks
*** SHOW DOWN ***
hooverr: shows [Kh 9h] (high card King)
Scheubi88: mucks hand
hooverr collected $11.76 from pot
*** SUMMARY ***
Total pot $12 | Rake $0.24
Board [Qh Js 5c 8d 3h]
Seat 1: Scheubi88 (button) (small blind) mucked
Seat 6: hooverr (big blind) showed [Kh 9h] and won ($11.76) with high card King


PokerStars Hand #175388708831:  Hold'em Limit ($3/$6 USD) - 2017/09/08 18:22:55 ET
Table 'Preziosa' 6-max Seat #6 is the button
Seat 1: Scheubi88 ($93.76 in chips)
Seat 6: hooverr ($147.59 in chips)
hooverr: posts small blind $1
Scheubi88: posts big blind $3
*** HOLE CARDS ***
hooverr: raises $3 to $6
Scheubi88: calls $3
*** FLOP *** [Ad Qc 7c]
Scheubi88: checks
hooverr: bets $3
Scheubi88: raises $3 to $6
hooverr: calls $3
*** TURN *** [Ad Qc 7c] [5d]
Scheubi88: bets $6
hooverr: folds
Uncalled bet ($6) returned to Scheubi88
Scheubi88 collected $23.52 from pot
Scheubi88: doesn't show hand
*** SUMMARY ***
Total pot $24 | Rake $0.48
Board [Ad Qc 7c 5d]
Seat 1: Scheubi88 (big blind) collected ($23.52)
Seat 6: hooverr (button) (small blind) folded on the Turn


PokerStars Hand #175388741749:  Hold'em Limit ($3/$6 USD) - 2017/09/08 18:23:41 ET
Table 'Preziosa' 6-max Seat #1 is the button
Seat 1: Scheubi88 ($112.04 in chips)
Seat 6: hooverr ($128.59 in chips)
Scheubi88: posts small blind $1
hooverr: posts big blind $3
*** HOLE CARDS ***
Scheubi88: raises $3 to $6
hooverr: calls $3
*** FLOP *** [Th 6d 6s]
hooverr: checks
Scheubi88: bets $3
hooverr: calls $3
*** TURN *** [Th 6d 6s] [7s]
hooverr: checks
Scheubi88: bets $6
hooverr: folds
Uncalled bet ($6) returned to Scheubi88
Scheubi88 collected $17.64 from pot
Scheubi88: doesn't show hand
*** SUMMARY ***
Total pot $18 | Rake $0.36
Board [Th 6d 6s 7s]
Seat 1: Scheubi88 (button) (small blind) collected ($17.64)
Seat 6: hooverr (big blind) folded on the Turn


PokerStars Hand #175388737307:  Hold'em Limit ($3/$6 USD) - 2017/09/08 18:23:35 ET
Table 'Preziosa' 6-max Seat #6 is the button
Seat 1: Scheubi88 ($111.04 in chips)
Seat 6: hooverr ($129.59 in chips)
hooverr: posts small blind $1
Scheubi88: posts big blind $3
*** HOLE CARDS ***
hooverr: folds
Uncalled bet ($2) returned to Scheubi88
Scheubi88 collected $2 from pot
Scheubi88: doesn't show hand
*** SUMMARY ***
Total pot $2 | Rake $0
Seat 1: Scheubi88 (big blind) collected ($2)
Seat 6: hooverr (button) (small blind) folded before Flop


PokerStars Hand #175388727205:  Hold'em Limit ($3/$6 USD) - 2017/09/08 18:23:21 ET
Table 'Preziosa' 6-max Seat #1 is the button
Seat 1: Scheubi88 ($105.28 in chips)
Seat 6: hooverr ($135.59 in chips)
Scheubi88: posts small blind $1
hooverr: posts big blind $3
*** HOLE CARDS ***
Scheubi88: raises $3 to $6
hooverr: calls $3
*** FLOP *** [2s Ah Kc]
hooverr: checks
Scheubi88: bets $3
hooverr: folds
Uncalled bet ($3) returned to Scheubi88
Scheubi88 collected $11.76 from pot
Scheubi88: doesn't show hand
*** SUMMARY ***
Total pot $12 | Rake $0.24
Board [2s Ah Kc]
Seat 1: Scheubi88 (button) (small blind) collected ($11.76)
Seat 6: hooverr (big blind) folded on the Flop


PokerStars Hand #175388784612:  Hold'em Limit ($3/$6 USD) - 2017/09/08 18:24:42 ET
Table 'Preziosa' 6-max Seat #1 is the button
Seat 1: Scheubi88 ($153.18 in chips)
Seat 6: hooverr ($86.59 in chips)
Scheubi88: posts small blind $1
hooverr: posts big blind $3
*** HOLE CARDS ***
Scheubi88: raises $3 to $6
hooverr: folds
Uncalled bet ($3) returned to Scheubi88
Scheubi88 collected $6 from pot
Scheubi88: doesn't show hand
*** SUMMARY ***
Total pot $6 | Rake $0
Seat 1: Scheubi88 (button) (small blind) collected ($6)
Seat 6: hooverr (big blind) folded before Flop


PokerStars Hand #175388758575:  Hold'em Limit ($3/$6 USD) - 2017/09/08 18:24:05 ET
Table 'Preziosa' 6-max Seat #6 is the button
Seat 1: Scheubi88 ($120.68 in chips)
Seat 6: hooverr ($119.59 in chips)
hooverr: posts small blind $1
Scheubi88: posts big blind $3
*** HOLE CARDS ***
hooverr: raises $3 to $6
Scheubi88: raises $3 to $9
hooverr: raises $3 to $12
Betting is capped
Scheubi88: calls $3
*** FLOP *** [4s Ts 9d]
Scheubi88: checks
hooverr: bets $3
Scheubi88: calls $3
*** TURN *** [4s Ts 9d] [7c]
Scheubi88: checks
hooverr: bets $6
Scheubi88: calls $6
*** RIVER *** [4s Ts 9d 7c] [Kd]
Scheubi88: checks
hooverr: bets $6
Scheubi88: raises $6 to $12
hooverr: calls $6
*** SHOW DOWN ***
Scheubi88: shows [Qc Jd] (a straight, Nine to King)
hooverr: mucks hand
Scheubi88 collected $65.50 from pot
*** SUMMARY ***
Total pot $66 | Rake $0.50
Board [4s Ts 9d 7c Kd]
Seat 1: Scheubi88 (big blind) showed [Qc Jd] and won ($65.50) with a straight, Nine to King
Seat 6: hooverr (button) (small blind) mucked


PokerStars Hand #175388830311:  Hold'em Limit ($3/$6 USD) - 2017/09/08 18:25:46 ET
Table 'Preziosa' 6-max Seat #6 is the button
Seat 1: Scheubi88 ($121.18 in chips)
Seat 6: hooverr ($117.59 in chips)
hooverr: posts small blind $1
Scheubi88: posts big blind $3
*** HOLE CARDS ***
hooverr: raises $3 to $6
Scheubi88: calls $3
*** FLOP *** [7s 5s Ts]
Scheubi88: checks
hooverr: checks
*** TURN *** [7s 5s Ts] [3h]
Scheubi88: bets $6
hooverr: calls $6
*** RIVER *** [7s 5s Ts 3h] [9h]
Scheubi88: bets $6
hooverr: calls $6
*** SHOW DOWN ***
Scheubi88: shows [2d 4d] (high card Ten)
hooverr: shows [8d 7c] (a pair of Sevens)
hooverr collected $35.50 from pot
*** SUMMARY ***
Total pot $36 | Rake $0.50
Board [7s 5s Ts 3h 9h]
Seat 1: Scheubi88 (big blind) showed [2d 4d] and lost with high card Ten
Seat 6: hooverr (button) (small blind) showed [8d 7c] and won ($35.50) with a pair of Sevens


PokerStars Hand #175388816166:  Hold'em Limit ($3/$6 USD) - 2017/09/08 18:25:26 ET
Table 'Preziosa' 6-max Seat #1 is the button
Seat 1: Scheubi88 ($139.18 in chips)
Seat 6: hooverr ($100.09 in chips)
Scheubi88: posts small blind $1
hooverr: posts big blind $3
*** HOLE CARDS ***
Scheubi88: raises $3 to $6
hooverr: calls $3
*** FLOP *** [6s Ts 9d]
hooverr: checks
Scheubi88: checks
*** TURN *** [6s Ts 9d] [2c]
hooverr: bets $6
Scheubi88: calls $6
*** RIVER *** [6s Ts 9d 2c] [4d]
hooverr: bets $6
Scheubi88: calls $6
*** SHOW DOWN ***
hooverr: shows [9h Jh] (a pair of Nines)
Scheubi88: mucks hand
hooverr collected $35.50 from pot
*** SUMMARY ***
Total pot $36 | Rake $0.50
Board [6s Ts 9d 2c 4d]
Seat 1: Scheubi88 (button) (small blind) mucked
Seat 6: hooverr (big blind) showed [9h Jh] and won ($35.50) with a pair of Nines


PokerStars Hand #175388811796:  Hold'em Limit ($3/$6 USD) - 2017/09/08 18:25:20 ET
Table 'Preziosa' 6-max Seat #6 is the button
Seat 1: Scheubi88 ($138.18 in chips)
Seat 6: hooverr ($101.09 in chips)
hooverr: posts small blind $1
Scheubi88: posts big blind $3
*** HOLE CARDS ***
hooverr: folds
Uncalled bet ($2) returned to Scheubi88
Scheubi88 collected $2 from pot
Scheubi88: doesn't show hand
*** SUMMARY ***
Total pot $2 | Rake $0
Seat 1: Scheubi88 (big blind) collected ($2)
Seat 6: hooverr (button) (small blind) folded before Flop


PokerStars Hand #175388807622:  Hold'em Limit ($3/$6 USD) - 2017/09/08 18:25:14 ET
Table 'Preziosa' 6-max Seat #1 is the button
Seat 1: Scheubi88 ($135.18 in chips)
Seat 6: hooverr ($104.09 in chips)
Scheubi88: posts small blind $1
hooverr: posts big blind $3
*** HOLE CARDS ***
Scheubi88: raises $3 to $6
hooverr: folds
Uncalled bet ($3) returned to Scheubi88
Scheubi88 collected $6 from pot
Scheubi88: doesn't show hand
*** SUMMARY ***
Total pot $6 | Rake $0
Seat 1: Scheubi88 (button) (small blind) collected ($6)
Seat 6: hooverr (big blind) folded before Flop


PokerStars Hand #175388789469:  Hold'em Limit ($3/$6 USD) - 2017/09/08 18:24:49 ET
Table 'Preziosa' 6-max Seat #6 is the button
Seat 1: Scheubi88 ($156.18 in chips)
Seat 6: hooverr ($83.59 in chips)
hooverr: posts small blind $1
Scheubi88: posts big blind $3
*** HOLE CARDS ***
hooverr: raises $3 to $6
Scheubi88: calls $3
*** FLOP *** [6h Td Qs]
Scheubi88: checks
hooverr: bets $3
Scheubi88: calls $3
*** TURN *** [6h Td Qs] [5s]
Scheubi88: checks
hooverr: checks
*** RIVER *** [6h Td Qs 5s] [2s]
Scheubi88: bets $6
hooverr: raises $6 to $12
Scheubi88: calls $6
*** SHOW DOWN ***
hooverr: shows [5c 2c] (two pair, Fives and Deuces)
Scheubi88: mucks hand
hooverr collected $41.50 from pot
*** SUMMARY ***
Total pot $42 | Rake $0.50
Board [6h Td Qs 5s 2s]
Seat 1: Scheubi88 (big blind) mucked
Seat 6: hooverr (button) (small blind) showed [5c 2c] and won ($41.50) with two pair, Fives and Deuces


PokerStars Hand #175388883905:  Hold'em Limit ($3/$6 USD) - 2017/09/08 18:27:01 ET
Table 'Preziosa' 6-max Seat #1 is the button
Seat 1: Scheubi88 ($126.32 in chips)
Seat 6: hooverr ($111.09 in chips)
Scheubi88: posts small blind $1
hooverr: posts big blind $3
*** HOLE CARDS ***
Scheubi88: raises $3 to $6
hooverr: folds
Uncalled bet ($3) returned to Scheubi88
Scheubi88 collected $6 from pot
Scheubi88: doesn't show hand
*** SUMMARY ***
Total pot $6 | Rake $0
Seat 1: Scheubi88 (button) (small blind) collected ($6)
Seat 6: hooverr (big blind) folded before Flop


PokerStars Hand #175388843150:  Hold'em Limit ($3/$6 USD) - 2017/09/08 18:26:04 ET
Table 'Preziosa' 6-max Seat #1 is the button
Seat 1: Scheubi88 ($103.18 in chips)
Seat 6: hooverr ($135.09 in chips)
Scheubi88: posts small blind $1
hooverr: posts big blind $3
*** HOLE CARDS ***
Scheubi88: raises $3 to $6
hooverr: calls $3
*** FLOP *** [7c 3h Jd]
hooverr: checks
Scheubi88: bets $3
hooverr: calls $3
*** TURN *** [7c 3h Jd] [4h]
hooverr: checks
Scheubi88: bets $6
hooverr: calls $6
*** RIVER *** [7c 3h Jd 4h] [Jh]
hooverr: checks
Scheubi88: bets $6
hooverr: folds
Uncalled bet ($6) returned to Scheubi88
Scheubi88 collected $29.50 from pot
Scheubi88: doesn't show hand
*** SUMMARY ***
Total pot $30 | Rake $0.50
Board [7c 3h Jd 4h Jh]
Seat 1: Scheubi88 (button) (small blind) collected ($29.50)
Seat 6: hooverr (big blind) folded on the River


PokerStars Hand #175388867468:  Hold'em Limit ($3/$6 USD) - 2017/09/08 18:26:38 ET
Table 'Preziosa' 6-max Seat #6 is the button
Seat 1: Scheubi88 ($117.68 in chips)
Seat 6: hooverr ($120.09 in chips)
hooverr: posts small blind $1
Scheubi88: posts big blind $3
*** HOLE CARDS ***
hooverr: raises $3 to $6
Scheubi88: raises $3 to $9
hooverr: calls $3
*** FLOP *** [Qd 2d 6s]
Scheubi88: bets $3
hooverr: folds
Uncalled bet ($3) returned to Scheubi88
Scheubi88 collected $17.64 from pot
Scheubi88: doesn't show hand
*** SUMMARY ***
Total pot $18 | Rake $0.36
Board [Qd 2d 6s]
Seat 1: Scheubi88 (big blind) collected ($17.64)
Seat 6: hooverr (button) (small blind) folded on the Flop


PokerStars Hand #175388880161:  Hold'em Limit ($3/$6 USD) - 2017/09/08 18:26:56 ET
Table 'Preziosa' 6-max Seat #6 is the button
Seat 1: Scheubi88 ($125.32 in chips)
Seat 6: hooverr ($112.09 in chips)
hooverr: posts small blind $1
Scheubi88: posts big blind $3
*** HOLE CARDS ***
hooverr: folds
Uncalled bet ($2) returned to Scheubi88
Scheubi88 collected $2 from pot
Scheubi88: doesn't show hand
*** SUMMARY ***
Total pot $2 | Rake $0
Seat 1: Scheubi88 (big blind) collected ($2)
Seat 6: hooverr (button) (small blind) folded before Flop


PokerStars Hand #175388876881:  Hold'em Limit ($3/$6 USD) - 2017/09/08 18:26:51 ET
Table 'Preziosa' 6-max Seat #1 is the button
Seat 1: Scheubi88 ($126.32 in chips)
Seat 6: hooverr ($111.09 in chips)
Scheubi88: posts small blind $1
hooverr: posts big blind $3
*** HOLE CARDS ***
Scheubi88: folds
Uncalled bet ($2) returned to hooverr
hooverr collected $2 from pot
hooverr: doesn't show hand
*** SUMMARY ***
Total pot $2 | Rake $0
Seat 1: Scheubi88 (button) (small blind) folded before Flop
Seat 6: hooverr (big blind) collected ($2)


PokerStars Hand #175388928377:  Hold'em Limit ($3/$6 USD) - 2017/09/08 18:28:04 ET
Table 'Preziosa' 6-max Seat #6 is the button
Seat 1: Scheubi88 ($163.82 in chips)
Seat 6: hooverr ($73.09 in chips)
hooverr: posts small blind $1
Scheubi88: posts big blind $3
*** HOLE CARDS ***
hooverr: raises $3 to $6
Scheubi88: folds
Uncalled bet ($3) returned to hooverr
hooverr collected $6 from pot
hooverr: doesn't show hand
*** SUMMARY ***
Total pot $6 | Rake $0
Seat 1: Scheubi88 (big blind) folded before Flop
Seat 6: hooverr (button) (small blind) collected ($6)


PokerStars Hand #175388911272:  Hold'em Limit ($3/$6 USD) - 2017/09/08 18:27:40 ET
Table 'Preziosa' 6-max Seat #1 is the button
Seat 1: Scheubi88 ($134.32 in chips)
Seat 6: hooverr ($103.09 in chips)
Scheubi88: posts small blind $1
hooverr: posts big blind $3
*** HOLE CARDS ***
Scheubi88: raises $3 to $6
hooverr: raises $3 to $9
Scheubi88: calls $3
*** FLOP *** [Qc Tc Ad]
hooverr: bets $3
Scheubi88: calls $3
*** TURN *** [Qc Tc Ad] [3s]
hooverr: bets $6
Scheubi88: raises $6 to $12
hooverr: calls $6
*** RIVER *** [Qc Tc Ad 3s] [Ac]
hooverr: checks
Scheubi88: bets $6
hooverr: calls $6
*** SHOW DOWN ***
Scheubi88: shows [Qs Ah] (a full house, Aces full of Queens)
hooverr: mucks hand
Scheubi88 collected $59.50 from pot
*** SUMMARY ***
Total pot $60 | Rake $0.50
Board [Qc Tc Ad 3s Ac]
Seat 1: Scheubi88 (button) (small blind) showed [Qs Ah] and won ($59.50) with a full house, Aces full of Queens
Seat 6: hooverr (big blind) mucked


PokerStars Hand #175388896950:  Hold'em Limit ($3/$6 USD) - 2017/09/08 18:27:20 ET
Table 'Preziosa' 6-max Seat #6 is the button
Seat 1: Scheubi88 ($133.32 in chips)
Seat 6: hooverr ($104.09 in chips)
hooverr: posts small blind $1
Scheubi88: posts big blind $3
*** HOLE CARDS ***
hooverr: raises $3 to $6
Scheubi88: folds
Uncalled bet ($3) returned to hooverr
hooverr collected $6 from pot
hooverr: doesn't show hand
*** SUMMARY ***
Total pot $6 | Rake $0
Seat 1: Scheubi88 (big blind) folded before Flop
Seat 6: hooverr (button) (small blind) collected ($6)


PokerStars Hand #175388906423:  Hold'em Limit ($3/$6 USD) - 2017/09/08 18:27:33 ET
Table 'Preziosa' 6-max Seat #6 is the button
Seat 1: Scheubi88 ($133.32 in chips)
Seat 6: hooverr ($104.09 in chips)
hooverr: posts small blind $1
Scheubi88: posts big blind $3
*** HOLE CARDS ***
hooverr: folds
Uncalled bet ($2) returned to Scheubi88
Scheubi88 collected $2 from pot
Scheubi88: doesn't show hand
*** SUMMARY ***
Total pot $2 | Rake $0
Seat 1: Scheubi88 (big blind) collected ($2)
Seat 6: hooverr (button) (small blind) folded before Flop


PokerStars Hand #175388902941:  Hold'em Limit ($3/$6 USD) - 2017/09/08 18:27:28 ET
Table 'Preziosa' 6-max Seat #1 is the button
Seat 1: Scheubi88 ($130.32 in chips)
Seat 6: hooverr ($107.09 in chips)
Scheubi88: posts small blind $1
hooverr: posts big blind $3
*** HOLE CARDS ***
Scheubi88: raises $3 to $6
hooverr: folds
Uncalled bet ($3) returned to Scheubi88
Scheubi88 collected $6 from pot
Scheubi88: doesn't show hand
*** SUMMARY ***
Total pot $6 | Rake $0
Seat 1: Scheubi88 (button) (small blind) collected ($6)
Seat 6: hooverr (big blind) folded before Flop


PokerStars Hand #175388892764:  Hold'em Limit ($3/$6 USD) - 2017/09/08 18:27:14 ET
Table 'Preziosa' 6-max Seat #1 is the button
Seat 1: Scheubi88 ($130.32 in chips)
Seat 6: hooverr ($107.09 in chips)
Scheubi88: posts small blind $1
hooverr: posts big blind $3
*** HOLE CARDS ***
Scheubi88: raises $3 to $6
hooverr: folds
Uncalled bet ($3) returned to Scheubi88
Scheubi88 collected $6 from pot
Scheubi88: doesn't show hand
*** SUMMARY ***
Total pot $6 | Rake $0
Seat 1: Scheubi88 (button) (small blind) collected ($6)
Seat 6: hooverr (big blind) folded before Flop


PokerStars Hand #175388888369:  Hold'em Limit ($3/$6 USD) - 2017/09/08 18:27:08 ET
Table 'Preziosa' 6-max Seat #6 is the button
Seat 1: Scheubi88 ($129.32 in chips)
Seat 6: hooverr ($108.09 in chips)
hooverr: posts small blind $1
Scheubi88: posts big blind $3
*** HOLE CARDS ***
hooverr: folds
Uncalled bet ($2) returned to Scheubi88
Scheubi88 collected $2 from pot
Scheubi88: doesn't show hand
*** SUMMARY ***
Total pot $2 | Rake $0
Seat 1: Scheubi88 (big blind) collected ($2)
Seat 6: hooverr (button) (small blind) folded before Flop


PokerStars Hand #175388932962:  Hold'em Limit ($3/$6 USD) - 2017/09/08 18:28:10 ET
Table 'Preziosa' 6-max Seat #1 is the button
Seat 1: Scheubi88 ($160.82 in chips)
Seat 6: hooverr ($76.09 in chips)
Scheubi88: posts small blind $1
hooverr: posts big blind $3
*** HOLE CARDS ***
Scheubi88: raises $3 to $6
hooverr: folds
Uncalled bet ($3) returned to Scheubi88
Scheubi88 collected $6 from pot
Scheubi88: doesn't show hand
*** SUMMARY ***
Total pot $6 | Rake $0
Seat 1: Scheubi88 (button) (small blind) collected ($6)
Seat 6: hooverr (big blind) folded before Flop


PokerStars Hand #175388944822:  Hold'em Limit ($3/$6 USD) - 2017/09/08 18:28:27 ET
Table 'Preziosa' 6-max Seat #1 is the button
Seat 1: Scheubi88 ($160.82 in chips)
Seat 6: hooverr ($76.09 in chips)
Scheubi88: posts small blind $1
hooverr: posts big blind $3
*** HOLE CARDS ***
Scheubi88: folds
Uncalled bet ($2) returned to hooverr
hooverr collected $2 from pot
hooverr: doesn't show hand
*** SUMMARY ***
Total pot $2 | Rake $0
Seat 1: Scheubi88 (button) (small blind) folded before Flop
Seat 6: hooverr (big blind) collected ($2)


PokerStars Hand #175388937099:  Hold'em Limit ($3/$6 USD) - 2017/09/08 18:28:16 ET
Table 'Preziosa' 6-max Seat #6 is the button
Seat 1: Scheubi88 ($163.82 in chips)
Seat 6: hooverr ($73.09 in chips)
hooverr: posts small blind $1
Scheubi88: posts big blind $3
*** HOLE CARDS ***
hooverr: raises $3 to $6
Scheubi88: folds
Uncalled bet ($3) returned to hooverr
hooverr collected $6 from pot
hooverr: doesn't show hand
*** SUMMARY ***
Total pot $6 | Rake $0
Seat 1: Scheubi88 (big blind) folded before Flop
Seat 6: hooverr (button) (small blind) collected ($6)


PokerStars Hand #175388948659:  Hold'em Limit ($3/$6 USD) - 2017/09/08 18:28:33 ET
Table 'Preziosa' 6-max Seat #6 is the button
Seat 1: Scheubi88 ($159.82 in chips)
Seat 6: hooverr ($77.09 in chips)
hooverr: posts small blind $1
Scheubi88: posts big blind $3
*** HOLE CARDS ***
hooverr: raises $3 to $6
Scheubi88: calls $3
*** FLOP *** [7d 6s Kh]
Scheubi88: checks
hooverr: bets $3
Scheubi88: calls $3
*** TURN *** [7d 6s Kh] [2h]
Scheubi88: checks
hooverr: checks
*** RIVER *** [7d 6s Kh 2h] [4c]
Scheubi88: bets $6
hooverr: calls $6
*** SHOW DOWN ***
Scheubi88: shows [6h Qs] (a pair of Sixes)
hooverr: mucks hand
Scheubi88 collected $29.50 from pot
*** SUMMARY ***
Total pot $30 | Rake $0.50
Board [7d 6s Kh 2h 4c]
Seat 1: Scheubi88 (big blind) showed [6h Qs] and won ($29.50) with a pair of Sixes
Seat 6: hooverr (button) (small blind) mucked


PokerStars Hand #175388962072:  Hold'em Limit ($3/$6 USD) - 2017/09/08 18:28:52 ET
Table 'Preziosa' 6-max Seat #1 is the button
Seat 1: Scheubi88 ($174.32 in chips)
Seat 6: hooverr ($62.09 in chips)
Scheubi88: posts small blind $1
hooverr: posts big blind $3
*** HOLE CARDS ***
Scheubi88: raises $3 to $6
hooverr: folds
Uncalled bet ($3) returned to Scheubi88
Scheubi88 collected $6 from pot
Scheubi88: doesn't show hand
*** SUMMARY ***
Total pot $6 | Rake $0
Seat 1: Scheubi88 (button) (small blind) collected ($6)
Seat 6: hooverr (big blind) folded before Flop


PokerStars Hand #175388971517:  Hold'em Limit ($3/$6 USD) - 2017/09/08 18:29:05 ET
Table 'Preziosa' 6-max Seat #1 is the button
Seat 1: Scheubi88 ($174.32 in chips)
Seat 6: hooverr ($62.09 in chips)
Scheubi88: posts small blind $1
hooverr: posts big blind $3
*** HOLE CARDS ***
Scheubi88: folds
Uncalled bet ($2) returned to hooverr
hooverr collected $2 from pot
hooverr: doesn't show hand
*** SUMMARY ***
Total pot $2 | Rake $0
Seat 1: Scheubi88 (button) (small blind) folded before Flop
Seat 6: hooverr (big blind) collected ($2)


PokerStars Hand #175388965663:  Hold'em Limit ($3/$6 USD) - 2017/09/08 18:28:57 ET
Table 'Preziosa' 6-max Seat #6 is the button
Seat 1: Scheubi88 ($177.32 in chips)
Seat 6: hooverr ($59.09 in chips)
hooverr: posts small blind $1
Scheubi88: posts big blind $3
*** HOLE CARDS ***
hooverr: raises $3 to $6
Scheubi88: folds
Uncalled bet ($3) returned to hooverr
hooverr collected $6 from pot
hooverr: doesn't show hand
*** SUMMARY ***
Total pot $6 | Rake $0
Seat 1: Scheubi88 (big blind) folded before Flop
Seat 6: hooverr (button) (small blind) collected ($6)


PokerStars Hand #175388985586:  Hold'em Limit ($3/$6 USD) - 2017/09/08 18:29:25 ET
Table 'Preziosa' 6-max Seat #1 is the button
Seat 1: Scheubi88 ($179.08 in chips)
Seat 6: hooverr ($57.09 in chips)
Scheubi88: posts small blind $1
hooverr: posts big blind $3
*** HOLE CARDS ***
Scheubi88: raises $3 to $6
hooverr: folds
Uncalled bet ($3) returned to Scheubi88
Scheubi88 collected $6 from pot
Scheubi88: doesn't show hand
*** SUMMARY ***
Total pot $6 | Rake $0
Seat 1: Scheubi88 (button) (small blind) collected ($6)
Seat 6: hooverr (big blind) folded before Flop


PokerStars Hand #175388975517:  Hold'em Limit ($3/$6 USD) - 2017/09/08 18:29:11 ET
Table 'Preziosa' 6-max Seat #6 is the button
Seat 1: Scheubi88 ($173.32 in chips)
Seat 6: hooverr ($63.09 in chips)
hooverr: posts small blind $1
Scheubi88: posts big blind $3
*** HOLE CARDS ***
hooverr: raises $3 to $6
Scheubi88: calls $3
*** FLOP *** [2c Js Tc]
Scheubi88: checks
hooverr: checks
*** TURN *** [2c Js Tc] [3h]
Scheubi88: bets $6
hooverr: folds
Uncalled bet ($6) returned to Scheubi88
Scheubi88 collected $11.76 from pot
Scheubi88: doesn't show hand
*** SUMMARY ***
Total pot $12 | Rake $0.24
Board [2c Js Tc 3h]
Seat 1: Scheubi88 (big blind) collected ($11.76)
Seat 6: hooverr (button) (small blind) folded on the Turn


PokerStars Hand #175388990645:  Hold'em Limit ($3/$6 USD) - 2017/09/08 18:29:32 ET
Table 'Preziosa' 6-max Seat #6 is the button
Seat 1: Scheubi88 ($182.08 in chips)
Seat 6: hooverr ($54.09 in chips)
hooverr: posts small blind $1
Scheubi88: posts big blind $3
*** HOLE CARDS ***
hooverr: raises $3 to $6
Scheubi88: calls $3
*** FLOP *** [Jh 6c 2s]
Scheubi88: checks
hooverr: checks
*** TURN *** [Jh 6c 2s] [Jc]
Scheubi88: bets $6
hooverr: calls $6
*** RIVER *** [Jh 6c 2s Jc] [Js]
Scheubi88: bets $6
hooverr: calls $6
*** SHOW DOWN ***
Scheubi88: shows [4c 9h] (three of a kind, Jacks)
hooverr: shows [9s Ks] (three of a kind, Jacks - King kicker)
hooverr collected $35.50 from pot
*** SUMMARY ***
Total pot $36 | Rake $0.50
Board [Jh 6c 2s Jc Js]
Seat 1: Scheubi88 (big blind) showed [4c 9h] and lost with three of a kind, Jacks
Seat 6: hooverr (button) (small blind) showed [9s Ks] and won ($35.50) with three of a kind, Jacks


PokerStars Hand #175389001867:  Hold'em Limit ($3/$6 USD) - 2017/09/08 18:29:48 ET
Table 'Preziosa' 6-max Seat #1 is the button
Seat 1: Scheubi88 ($164.08 in chips)
Seat 6: hooverr ($71.59 in chips)
Scheubi88: posts small blind $1
hooverr: posts big blind $3
*** HOLE CARDS ***
Scheubi88: raises $3 to $6
hooverr: calls $3
*** FLOP *** [Qd Ah Kd]
hooverr: checks
Scheubi88: bets $3
hooverr: folds
Uncalled bet ($3) returned to Scheubi88
Scheubi88 collected $11.76 from pot
Scheubi88: doesn't show hand
*** SUMMARY ***
Total pot $12 | Rake $0.24
Board [Qd Ah Kd]
Seat 1: Scheubi88 (button) (small blind) collected ($11.76)
Seat 6: hooverr (big blind) folded on the Flop


PokerStars Hand #175389021473:  Hold'em Limit ($3/$6 USD) - 2017/09/08 18:30:16 ET
Table 'Preziosa' 6-max Seat #1 is the button
Seat 1: Scheubi88 ($178.48 in chips)
Seat 6: hooverr ($56.59 in chips)
Scheubi88: posts small blind $1
hooverr: posts big blind $3
*** HOLE CARDS ***
Scheubi88: raises $3 to $6
hooverr: calls $3
*** FLOP *** [5s Jh Tc]
hooverr: checks
Scheubi88: bets $3
hooverr: calls $3
*** TURN *** [5s Jh Tc] [Kd]
hooverr: checks
Scheubi88: bets $6
hooverr: calls $6
*** RIVER *** [5s Jh Tc Kd] [Qs]
hooverr: checks
Scheubi88: bets $6
hooverr: folds
Uncalled bet ($6) returned to Scheubi88
Scheubi88 collected $29.50 from pot
Scheubi88: doesn't show hand
*** SUMMARY ***
Total pot $30 | Rake $0.50
Board [5s Jh Tc Kd Qs]
Seat 1: Scheubi88 (button) (small blind) collected ($29.50)
Seat 6: hooverr (big blind) folded on the River


PokerStars Hand #175389037527:  Hold'em Limit ($3/$6 USD) - 2017/09/08 18:30:39 ET
Table 'Preziosa' 6-max Seat #6 is the button
Seat 1: Scheubi88 ($192.98 in chips)
Seat 6: hooverr ($41.59 in chips)
hooverr: posts small blind $1
Scheubi88: posts big blind $3
*** HOLE CARDS ***
hooverr: folds
Uncalled bet ($2) returned to Scheubi88
Scheubi88 collected $2 from pot
Scheubi88: doesn't show hand
*** SUMMARY ***
Total pot $2 | Rake $0
Seat 1: Scheubi88 (big blind) collected ($2)
Seat 6: hooverr (button) (small blind) folded before Flop


PokerStars Hand #175389055842:  Hold'em Limit ($3/$6 USD) - 2017/09/08 18:31:05 ET
Table 'Preziosa' 6-max Seat #6 is the button
Seat 1: Scheubi88 ($178.98 in chips)
Seat 6: hooverr ($55.09 in chips)
hooverr: posts small blind $1
Scheubi88: posts big blind $3
*** HOLE CARDS ***
hooverr: folds
Uncalled bet ($2) returned to Scheubi88
Scheubi88 collected $2 from pot
Scheubi88: doesn't show hand
*** SUMMARY ***
Total pot $2 | Rake $0
Seat 1: Scheubi88 (big blind) collected ($2)
Seat 6: hooverr (button) (small blind) folded before Flop


PokerStars Hand #175389041765:  Hold'em Limit ($3/$6 USD) - 2017/09/08 18:30:45 ET
Table 'Preziosa' 6-max Seat #1 is the button
Seat 1: Scheubi88 ($193.98 in chips)
Seat 6: hooverr ($40.59 in chips)
Scheubi88: posts small blind $1
hooverr: posts big blind $3
*** HOLE CARDS ***
Scheubi88: raises $3 to $6
hooverr: calls $3
*** FLOP *** [6d Ac 8d]
hooverr: checks
Scheubi88: bets $3
hooverr: calls $3
*** TURN *** [6d Ac 8d] [7h]
hooverr: checks
Scheubi88: checks
*** RIVER *** [6d Ac 8d 7h] [Ks]
hooverr: bets $6
Scheubi88: calls $6
*** SHOW DOWN ***
hooverr: shows [9c Ts] (a straight, Six to Ten)
Scheubi88: mucks hand
hooverr collected $29.50 from pot
*** SUMMARY ***
Total pot $30 | Rake $0.50
Board [6d Ac 8d 7h Ks]
Seat 1: Scheubi88 (button) (small blind) mucked
Seat 6: hooverr (big blind) showed [9c Ts] and won ($29.50) with a straight, Six to Ten


PokerStars Hand #175389011372:  Hold'em Limit ($3/$6 USD) - 2017/09/08 18:30:02 ET
Table 'Preziosa' 6-max Seat #6 is the button
Seat 1: Scheubi88 ($169.84 in chips)
Seat 6: hooverr ($65.59 in chips)
hooverr: posts small blind $1
Scheubi88: posts big blind $3
*** HOLE CARDS ***
hooverr: raises $3 to $6
Scheubi88: raises $3 to $9
hooverr: calls $3
*** FLOP *** [Kh 2h 2d]
Scheubi88: bets $3
hooverr: folds
Uncalled bet ($3) returned to Scheubi88
Scheubi88 collected $17.64 from pot
Scheubi88: doesn't show hand
*** SUMMARY ***
Total pot $18 | Rake $0.36
Board [Kh 2h 2d]
Seat 1: Scheubi88 (big blind) collected ($17.64)
Seat 6: hooverr (button) (small blind) folded on the Flop


PokerStars Hand #175389059476:  Hold'em Limit ($3/$6 USD) - 2017/09/08 18:31:10 ET
Table 'Preziosa' 6-max Seat #1 is the button
Seat 1: Scheubi88 ($179.98 in chips)
Seat 6: hooverr ($54.09 in chips)
Scheubi88: posts small blind $1
hooverr: posts big blind $3
*** HOLE CARDS ***
Scheubi88: raises $3 to $6
hooverr: calls $3
*** FLOP *** [2d 8d 5h]
hooverr: checks
Scheubi88: bets $3
hooverr: raises $3 to $6
Scheubi88: calls $3
*** TURN *** [2d 8d 5h] [8c]
hooverr: bets $6
Scheubi88: calls $6
*** RIVER *** [2d 8d 5h 8c] [Qd]
hooverr: bets $6
Scheubi88: calls $6
*** SHOW DOWN ***
hooverr: shows [7d Ad] (a flush, Ace high)
Scheubi88: mucks hand
hooverr collected $47.50 from pot
*** SUMMARY ***
Total pot $48 | Rake $0.50
Board [2d 8d 5h 8c Qd]
Seat 1: Scheubi88 (button) (small blind) mucked
Seat 6: hooverr (big blind) showed [7d Ad] and won ($47.50) with a flush, Ace high


PokerStars Hand #175389074657:  Hold'em Limit ($3/$6 USD) - 2017/09/08 18:31:32 ET
Table 'Preziosa' 6-max Seat #6 is the button
Seat 1: Scheubi88 ($155.98 in chips)
Seat 6: hooverr ($77.59 in chips)
hooverr: posts small blind $1
Scheubi88: posts big blind $3
*** HOLE CARDS ***
hooverr: folds
Uncalled bet ($2) returned to Scheubi88
Scheubi88 collected $2 from pot
Scheubi88: doesn't show hand
*** SUMMARY ***
Total pot $2 | Rake $0
Seat 1: Scheubi88 (big blind) collected ($2)
Seat 6: hooverr (button) (small blind) folded before Flop


PokerStars Hand #175389078251:  Hold'em Limit ($3/$6 USD) - 2017/09/08 18:31:37 ET
Table 'Preziosa' 6-max Seat #1 is the button
Seat 1: Scheubi88 ($156.98 in chips)
Seat 6: hooverr ($76.59 in chips)
Scheubi88: posts small blind $1
hooverr: posts big blind $3
*** HOLE CARDS ***
Scheubi88: raises $3 to $6
hooverr: calls $3
*** FLOP *** [2s 4s 3c]
hooverr: checks
Scheubi88: bets $3
hooverr: calls $3
*** TURN *** [2s 4s 3c] [6d]
hooverr: checks
Scheubi88: checks
*** RIVER *** [2s 4s 3c 6d] [3h]
hooverr: checks
Scheubi88: checks
*** SHOW DOWN ***
hooverr: shows [9d 2d] (two pair, Threes and Deuces)
Scheubi88: mucks hand
hooverr collected $17.64 from pot
*** SUMMARY ***
Total pot $18 | Rake $0.36
Board [2s 4s 3c 6d 3h]
Seat 1: Scheubi88 (button) (small blind) mucked
Seat 6: hooverr (big blind) showed [9d 2d] and won ($17.64) with two pair, Threes and Deuces


PokerStars Hand #175389095057:  Hold'em Limit ($3/$6 USD) - 2017/09/08 18:32:01 ET
Table 'Preziosa' 6-max Seat #6 is the button
Seat 1: Scheubi88 ($147.98 in chips)
Seat 6: hooverr ($85.23 in chips)
hooverr: posts small blind $1
Scheubi88: posts big blind $3
*** HOLE CARDS ***
hooverr: raises $3 to $6
Scheubi88: calls $3
*** FLOP *** [6c Kh 8s]
Scheubi88: checks
hooverr: checks
*** TURN *** [6c Kh 8s] [Td]
Scheubi88: checks
hooverr: checks
*** RIVER *** [6c Kh 8s Td] [Ac]
Scheubi88: checks
hooverr: bets $6
Scheubi88: calls $6
*** SHOW DOWN ***
hooverr: shows [7s As] (a pair of Aces)
Scheubi88: mucks hand
hooverr collected $23.52 from pot
*** SUMMARY ***
Total pot $24 | Rake $0.48
Board [6c Kh 8s Td Ac]
Seat 1: Scheubi88 (big blind) mucked
Seat 6: hooverr (button) (small blind) showed [7s As] and won ($23.52) with a pair of Aces


PokerStars Hand #175389116690:  Hold'em Limit ($3/$6 USD) - 2017/09/08 18:32:32 ET
Table 'Preziosa' 6-max Seat #1 is the button
Seat 1: Scheubi88 ($135.98 in chips)
Seat 6: hooverr ($96.75 in chips)
Scheubi88: posts small blind $1
hooverr: posts big blind $3
*** HOLE CARDS ***
Scheubi88: raises $3 to $6
hooverr: calls $3
*** FLOP *** [8s Ad 7c]
hooverr: checks
Scheubi88: bets $3
hooverr: calls $3
*** TURN *** [8s Ad 7c] [4c]
hooverr: checks
Scheubi88: checks
*** RIVER *** [8s Ad 7c 4c] [2d]
hooverr: bets $6
Scheubi88: folds
Uncalled bet ($6) returned to hooverr
hooverr collected $17.64 from pot
hooverr: doesn't show hand
*** SUMMARY ***
Total pot $18 | Rake $0.36
Board [8s Ad 7c 4c 2d]
Seat 1: Scheubi88 (button) (small blind) folded on the River
Seat 6: hooverr (big blind) collected ($17.64)


PokerStars Hand #175389130858:  Hold'em Limit ($3/$6 USD) - 2017/09/08 18:32:52 ET
Table 'Preziosa' 6-max Seat #6 is the button
Seat 1: Scheubi88 ($126.98 in chips)
Seat 6: hooverr ($105.39 in chips)
hooverr: posts small blind $1
Scheubi88: posts big blind $3
*** HOLE CARDS ***
hooverr: raises $3 to $6
Scheubi88: raises $3 to $9
hooverr: calls $3
*** FLOP *** [7h 5h Td]
Scheubi88: bets $3
hooverr: raises $3 to $6
Scheubi88: calls $3
*** TURN *** [7h 5h Td] [2s]
Scheubi88: checks
hooverr: bets $6
Scheubi88: raises $6 to $12
hooverr: calls $6
*** RIVER *** [7h 5h Td 2s] [Jh]
Scheubi88: bets $6
hooverr: calls $6
*** SHOW DOWN ***
Scheubi88: shows [Jd Js] (three of a kind, Jacks)
hooverr: mucks hand
Scheubi88 collected $65.50 from pot
*** SUMMARY ***
Total pot $66 | Rake $0.50
Board [7h 5h Td 2s Jh]
Seat 1: Scheubi88 (big blind) showed [Jd Js] and won ($65.50) with three of a kind, Jacks
Seat 6: hooverr (button) (small blind) mucked


PokerStars Hand #175389146606:  Hold'em Limit ($3/$6 USD) - 2017/09/08 18:33:15 ET
Table 'Preziosa' 6-max Seat #1 is the button
Seat 1: Scheubi88 ($159.48 in chips)
Seat 6: hooverr ($72.39 in chips)
Scheubi88: posts small blind $1
hooverr: posts big blind $3
*** HOLE CARDS ***
Scheubi88: raises $3 to $6
hooverr: raises $3 to $9
Scheubi88: calls $3
*** FLOP *** [5c 4d Qc]
hooverr: bets $3
Scheubi88: calls $3
*** TURN *** [5c 4d Qc] [6s]
hooverr: bets $6
Scheubi88: calls $6
*** RIVER *** [5c 4d Qc 6s] [6c]
hooverr: bets $6
Scheubi88: calls $6
*** SHOW DOWN ***
hooverr: shows [Kc Kh] (two pair, Kings and Sixes)
Scheubi88: mucks hand
hooverr collected $47.50 from pot
*** SUMMARY ***
Total pot $48 | Rake $0.50
Board [5c 4d Qc 6s 6c]
Seat 1: Scheubi88 (button) (small blind) mucked
Seat 6: hooverr (big blind) showed [Kc Kh] and won ($47.50) with two pair, Kings and Sixes


PokerStars Hand #175389175175:  Hold'em Limit ($3/$6 USD) - 2017/09/08 18:33:56 ET
Table 'Preziosa' 6-max Seat #1 is the button
Seat 1: Scheubi88 ($144.12 in chips)
Seat 6: hooverr ($86.89 in chips)
Scheubi88: posts small blind $1
hooverr: posts big blind $3
*** HOLE CARDS ***
Scheubi88: folds
Uncalled bet ($2) returned to hooverr
hooverr collected $2 from pot
hooverr: doesn't show hand
*** SUMMARY ***
Total pot $2 | Rake $0
Seat 1: Scheubi88 (button) (small blind) folded before Flop
Seat 6: hooverr (big blind) collected ($2)


PokerStars Hand #175389160809:  Hold'em Limit ($3/$6 USD) - 2017/09/08 18:33:35 ET
Table 'Preziosa' 6-max Seat #6 is the button
Seat 1: Scheubi88 ($135.48 in chips)
Seat 6: hooverr ($95.89 in chips)
hooverr: posts small blind $1
Scheubi88: posts big blind $3
*** HOLE CARDS ***
hooverr: raises $3 to $6
Scheubi88: raises $3 to $9
hooverr: calls $3
*** FLOP *** [Jc Qc 3s]
Scheubi88: checks
hooverr: checks
*** TURN *** [Jc Qc 3s] [Jh]
Scheubi88: bets $6
hooverr: folds
Uncalled bet ($6) returned to Scheubi88
Scheubi88 collected $17.64 from pot
Scheubi88: doesn't show hand
*** SUMMARY ***
Total pot $18 | Rake $0.36
Board [Jc Qc 3s Jh]
Seat 1: Scheubi88 (big blind) collected ($17.64)
Seat 6: hooverr (button) (small blind) folded on the Turn


PokerStars Hand #175389180498:  Hold'em Limit ($3/$6 USD) - 2017/09/08 18:34:04 ET
Table 'Preziosa' 6-max Seat #6 is the button
Seat 1: Scheubi88 ($143.12 in chips)
Seat 6: hooverr ($87.89 in chips)
hooverr: posts small blind $1
Scheubi88: posts big blind $3
*** HOLE CARDS ***
hooverr: raises $3 to $6
Scheubi88: folds
Uncalled bet ($3) returned to hooverr
hooverr collected $6 from pot
hooverr: doesn't show hand
*** SUMMARY ***
Total pot $6 | Rake $0
Seat 1: Scheubi88 (big blind) folded before Flop
Seat 6: hooverr (button) (small blind) collected ($6)


PokerStars Hand #175389189557:  Hold'em Limit ($3/$6 USD) - 2017/09/08 18:34:17 ET
Table 'Preziosa' 6-max Seat #6 is the button
Seat 1: Scheubi88 ($139.12 in chips)
Seat 6: hooverr ($91.89 in chips)
hooverr: posts small blind $1
Scheubi88: posts big blind $3
*** HOLE CARDS ***
hooverr: folds
Uncalled bet ($2) returned to Scheubi88
Scheubi88 collected $2 from pot
Scheubi88: doesn't show hand
*** SUMMARY ***
Total pot $2 | Rake $0
Seat 1: Scheubi88 (big blind) collected ($2)
Seat 6: hooverr (button) (small blind) folded before Flop


PokerStars Hand #175389185489:  Hold'em Limit ($3/$6 USD) - 2017/09/08 18:34:11 ET
Table 'Preziosa' 6-max Seat #1 is the button
Seat 1: Scheubi88 ($140.12 in chips)
Seat 6: hooverr ($90.89 in chips)
Scheubi88: posts small blind $1
hooverr: posts big blind $3
*** HOLE CARDS ***
Scheubi88: folds
Uncalled bet ($2) returned to hooverr
hooverr collected $2 from pot
hooverr: doesn't show hand
*** SUMMARY ***
Total pot $2 | Rake $0
Seat 1: Scheubi88 (button) (small blind) folded before Flop
Seat 6: hooverr (big blind) collected ($2)


PokerStars Hand #175389193306:  Hold'em Limit ($3/$6 USD) - 2017/09/08 18:34:22 ET
Table 'Preziosa' 6-max Seat #1 is the button
Seat 1: Scheubi88 ($140.12 in chips)
Seat 6: hooverr ($90.89 in chips)
Scheubi88: posts small blind $1
hooverr: posts big blind $3
*** HOLE CARDS ***
Scheubi88: raises $3 to $6
hooverr: folds
Uncalled bet ($3) returned to Scheubi88
Scheubi88 collected $6 from pot
Scheubi88: doesn't show hand
*** SUMMARY ***
Total pot $6 | Rake $0
Seat 1: Scheubi88 (button) (small blind) collected ($6)
Seat 6: hooverr (big blind) folded before Flop


PokerStars Hand #175389198276:  Hold'em Limit ($3/$6 USD) - 2017/09/08 18:34:30 ET
Table 'Preziosa' 6-max Seat #6 is the button
Seat 1: Scheubi88 ($143.12 in chips)
Seat 6: hooverr ($87.89 in chips)
hooverr: posts small blind $1
Scheubi88: posts big blind $3
*** HOLE CARDS ***
hooverr: raises $3 to $6
Scheubi88: raises $3 to $9
hooverr: calls $3
*** FLOP *** [Jc 2h 2d]
Scheubi88: bets $3
hooverr: folds
Uncalled bet ($3) returned to Scheubi88
Scheubi88 collected $17.64 from pot
Scheubi88: doesn't show hand
*** SUMMARY ***
Total pot $18 | Rake $0.36
Board [Jc 2h 2d]
Seat 1: Scheubi88 (big blind) collected ($17.64)
Seat 6: hooverr (button) (small blind) folded on the Flop


PokerStars Hand #175389217124:  Hold'em Limit ($3/$6 USD) - 2017/09/08 18:34:57 ET
Table 'Preziosa' 6-max Seat #1 is the button
Seat 1: Scheubi88 ($151.76 in chips)
Seat 6: hooverr ($78.89 in chips)
Scheubi88: posts small blind $1
hooverr: posts big blind $3
*** HOLE CARDS ***
Scheubi88: raises $3 to $6
hooverr: calls $3
*** FLOP *** [Jh Td 5h]
hooverr: checks
Scheubi88: bets $3
hooverr: calls $3
*** TURN *** [Jh Td 5h] [9c]
hooverr: checks
Scheubi88: bets $6
hooverr: calls $6
*** RIVER *** [Jh Td 5h 9c] [Qc]
hooverr: bets $6
Scheubi88: calls $6
*** SHOW DOWN ***
hooverr: shows [Tc Kd] (a straight, Nine to King)
Scheubi88: mucks hand
hooverr collected $41.50 from pot
*** SUMMARY ***
Total pot $42 | Rake $0.50
Board [Jh Td 5h 9c Qc]
Seat 1: Scheubi88 (button) (small blind) mucked
Seat 6: hooverr (big blind) showed [Tc Kd] and won ($41.50) with a straight, Nine to King


PokerStars Hand #175389232180:  Hold'em Limit ($3/$6 USD) - 2017/09/08 18:35:18 ET
Table 'Preziosa' 6-max Seat #6 is the button
Seat 1: Scheubi88 ($130.76 in chips)
Seat 6: hooverr ($99.39 in chips)
hooverr: posts small blind $1
Scheubi88: posts big blind $3
*** HOLE CARDS ***
hooverr: raises $3 to $6
Scheubi88: calls $3
*** FLOP *** [Js 3c 8d]
Scheubi88: checks
hooverr: checks
*** TURN *** [Js 3c 8d] [8h]
Scheubi88: bets $6
hooverr: calls $6
*** RIVER *** [Js 3c 8d 8h] [Jh]
Scheubi88: bets $6
hooverr: calls $6
*** SHOW DOWN ***
Scheubi88: shows [7h 4d] (two pair, Jacks and Eights)
hooverr: shows [9s Ac] (two pair, Jacks and Eights - Ace kicker)
hooverr collected $35.50 from pot
*** SUMMARY ***
Total pot $36 | Rake $0.50
Board [Js 3c 8d 8h Jh]
Seat 1: Scheubi88 (big blind) showed [7h 4d] and lost with two pair, Jacks and Eights
Seat 6: hooverr (button) (small blind) showed [9s Ac] and won ($35.50) with two pair, Jacks and Eights


PokerStars Hand #175389260105:  Hold'em Limit ($3/$6 USD) - 2017/09/08 18:35:58 ET
Table 'Preziosa' 6-max Seat #6 is the button
Seat 1: Scheubi88 ($121.40 in chips)
Seat 6: hooverr ($107.89 in chips)
hooverr: posts small blind $1
Scheubi88: posts big blind $3
*** HOLE CARDS ***
hooverr: folds
Uncalled bet ($2) returned to Scheubi88
Scheubi88 collected $2 from pot
Scheubi88: doesn't show hand
*** SUMMARY ***
Total pot $2 | Rake $0
Seat 1: Scheubi88 (big blind) collected ($2)
Seat 6: hooverr (button) (small blind) folded before Flop


PokerStars Hand #175389243754:  Hold'em Limit ($3/$6 USD) - 2017/09/08 18:35:35 ET
Table 'Preziosa' 6-max Seat #1 is the button
Seat 1: Scheubi88 ($112.76 in chips)
Seat 6: hooverr ($116.89 in chips)
Scheubi88: posts small blind $1
hooverr: posts big blind $3
*** HOLE CARDS ***
Scheubi88: raises $3 to $6
hooverr: calls $3
*** FLOP *** [Js Th 3s]
hooverr: checks
Scheubi88: bets $3
hooverr: calls $3
*** TURN *** [Js Th 3s] [Jh]
hooverr: checks
Scheubi88: checks
*** RIVER *** [Js Th 3s Jh] [As]
hooverr: checks
Scheubi88: checks
*** SHOW DOWN ***
hooverr: shows [Qs 8h] (a pair of Jacks)
Scheubi88: shows [6c Kd] (a pair of Jacks - Ace+King kicker)
Scheubi88 collected $17.64 from pot
*** SUMMARY ***
Total pot $18 | Rake $0.36
Board [Js Th 3s Jh As]
Seat 1: Scheubi88 (button) (small blind) showed [6c Kd] and won ($17.64) with a pair of Jacks
Seat 6: hooverr (big blind) showed [Qs 8h] and lost with a pair of Jacks


PokerStars Hand #175389263871:  Hold'em Limit ($3/$6 USD) - 2017/09/08 18:36:04 ET
Table 'Preziosa' 6-max Seat #1 is the button
Seat 1: Scheubi88 ($122.40 in chips)
Seat 6: hooverr ($106.89 in chips)
Scheubi88: posts small blind $1
hooverr: posts big blind $3
*** HOLE CARDS ***
Scheubi88: raises $3 to $6
hooverr: folds
Uncalled bet ($3) returned to Scheubi88
Scheubi88 collected $6 from pot
Scheubi88: doesn't show hand
*** SUMMARY ***
Total pot $6 | Rake $0
Seat 1: Scheubi88 (button) (small blind) collected ($6)
Seat 6: hooverr (big blind) folded before Flop


PokerStars Hand #175389295991:  Hold'em Limit ($3/$6 USD) - 2017/09/08 18:36:50 ET
Table 'Preziosa' 6-max Seat #1 is the button
Seat 1: Scheubi88 ($108.16 in chips)
Seat 6: hooverr ($120.39 in chips)
Scheubi88: posts small blind $1
hooverr: posts big blind $3
*** HOLE CARDS ***
Scheubi88: raises $3 to $6
hooverr: calls $3
*** FLOP *** [Qc 6s 3s]
metela13 joins the table at seat #3
hooverr: checks
Scheubi88: bets $3
hooverr: calls $3
*** TURN *** [Qc 6s 3s] [Jd]
hooverr: checks
Scheubi88: bets $6
hooverr: folds
Uncalled bet ($6) returned to Scheubi88
Scheubi88 collected $17.64 from pot
Scheubi88: doesn't show hand
*** SUMMARY ***
Total pot $18 | Rake $0.36
Board [Qc 6s 3s Jd]
Seat 1: Scheubi88 (button) (small blind) collected ($17.64)
Seat 6: hooverr (big blind) folded on the Turn


PokerStars Hand #175389268303:  Hold'em Limit ($3/$6 USD) - 2017/09/08 18:36:10 ET
Table 'Preziosa' 6-max Seat #6 is the button
Seat 1: Scheubi88 ($125.40 in chips)
Seat 6: hooverr ($103.89 in chips)
hooverr: posts small blind $1
Scheubi88: posts big blind $3
*** HOLE CARDS ***
hooverr: raises $3 to $6
Scheubi88: calls $3
*** FLOP *** [6s 7c 3s]
Scheubi88: checks
hooverr: bets $3
Scheubi88: raises $3 to $6
hooverr: calls $3
*** TURN *** [6s 7c 3s] [2h]
Scheubi88: bets $6
hooverr: calls $6
*** RIVER *** [6s 7c 3s 2h] [Tc]
Scheubi88: bets $6
hooverr: calls $6
*** SHOW DOWN ***
Scheubi88: shows [6c 5h] (a pair of Sixes)
hooverr: shows [6h Ad] (a pair of Sixes - Ace kicker)
hooverr collected $47.50 from pot
*** SUMMARY ***
Total pot $48 | Rake $0.50
Board [6s 7c 3s 2h Tc]
Seat 1: Scheubi88 (big blind) showed [6c 5h] and lost with a pair of Sixes
Seat 6: hooverr (button) (small blind) showed [6h Ad] and won ($47.50) with a pair of Sixes


PokerStars Hand #175389282956:  Hold'em Limit ($3/$6 USD) - 2017/09/08 18:36:31 ET
Table 'Preziosa' 6-max Seat #1 is the button
Seat 1: Scheubi88 ($101.40 in chips)
Seat 6: hooverr ($127.39 in chips)
Scheubi88: posts small blind $1
hooverr: posts big blind $3
*** HOLE CARDS ***
Scheubi88: raises $3 to $6
hooverr: calls $3
*** FLOP *** [5c 9h Kc]
hooverr: checks
Scheubi88: bets $3
hooverr: folds
Uncalled bet ($3) returned to Scheubi88
Scheubi88 collected $11.76 from pot
Scheubi88: doesn't show hand
*** SUMMARY ***
Total pot $12 | Rake $0.24
Board [5c 9h Kc]
Seat 1: Scheubi88 (button) (small blind) collected ($11.76)
Seat 6: hooverr (big blind) folded on the Flop


PokerStars Hand #175389292142:  Hold'em Limit ($3/$6 USD) - 2017/09/08 18:36:45 ET
Table 'Preziosa' 6-max Seat #6 is the button
Seat 1: Scheubi88 ($107.16 in chips)
Seat 6: hooverr ($121.39 in chips)
hooverr: posts small blind $1
Scheubi88: posts big blind $3
*** HOLE CARDS ***
hooverr: folds
Uncalled bet ($2) returned to Scheubi88
Scheubi88 collected $2 from pot
Scheubi88: doesn't show hand
*** SUMMARY ***
Total pot $2 | Rake $0
Seat 1: Scheubi88 (big blind) collected ($2)
Seat 6: hooverr (button) (small blind) folded before Flop


PokerStars Hand #175389309938:  Hold'em Limit ($3/$6 USD) - 2017/09/08 18:37:10 ET
Table 'Preziosa' 6-max Seat #6 is the button
Seat 1: Scheubi88 ($116.80 in chips)
Seat 6: hooverr ($111.39 in chips)
hooverr: posts small blind $1
Scheubi88: posts big blind $3
*** HOLE CARDS ***
hooverr: folds
Uncalled bet ($2) returned to Scheubi88
Scheubi88 collected $2 from pot
Scheubi88: doesn't show hand
*** SUMMARY ***
Total pot $2 | Rake $0
Seat 1: Scheubi88 (big blind) collected ($2)
Seat 6: hooverr (button) (small blind) folded before Flop


PokerStars Hand #175389936850:  Hold'em Limit ($3/$6 USD) - 2017/09/08 18:52:42 ET
Table 'Preziosa' 6-max Seat #3 is the button
Seat 3: metela13 ($216.39 in chips)
Seat 6: hooverr ($84.81 in chips)
metela13: posts small blind $1
hooverr: posts big blind $3
*** HOLE CARDS ***
metela13: calls $2
hooverr: checks
*** FLOP *** [Tc 8s Kc]
hooverr: bets $3
metela13: calls $3
*** TURN *** [Tc 8s Kc] [3s]
hooverr: bets $6
metela13: calls $6
*** RIVER *** [Tc 8s Kc 3s] [9c]
hooverr: bets $6
metela13: calls $6
*** SHOW DOWN ***
hooverr: shows [4h 8c] (a pair of Eights)
metela13: shows [Jh 8h] (a pair of Eights - King+Jack kicker)
metela13 collected $35.50 from pot
*** SUMMARY ***
Total pot $36 | Rake $0.50
Board [Tc 8s Kc 3s 9c]
Seat 3: metela13 (button) (small blind) showed [Jh 8h] and won ($35.50) with a pair of Eights
Seat 6: hooverr (big blind) showed [4h 8c] and lost with a pair of Eights


PokerStars Hand #175389932148:  Hold'em Limit ($3/$6 USD) - 2017/09/08 18:52:35 ET
Table 'Preziosa' 6-max Seat #6 is the button
Seat 3: metela13 ($219.39 in chips)
Seat 6: hooverr ($81.81 in chips)
hooverr: posts small blind $1
metela13: posts big blind $3
*** HOLE CARDS ***
hooverr: raises $3 to $6
metela13: folds
Uncalled bet ($3) returned to hooverr
hooverr collected $6 from pot
hooverr: doesn't show hand
*** SUMMARY ***
Total pot $6 | Rake $0
Seat 3: metela13 (big blind) folded before Flop
Seat 6: hooverr (button) (small blind) collected ($6)


PokerStars Hand #175389922721:  Hold'em Limit ($3/$6 USD) - 2017/09/08 18:52:21 ET
Table 'Preziosa' 6-max Seat #3 is the button
Seat 3: metela13 ($216.51 in chips)
Seat 6: hooverr ($84.81 in chips)
metela13: posts small blind $1
hooverr: posts big blind $3
*** HOLE CARDS ***
metela13: calls $2
hooverr: checks
*** FLOP *** [4d 8d 2d]
hooverr: checks
metela13: bets $3
hooverr: folds
Uncalled bet ($3) returned to metela13
metela13 collected $5.88 from pot
metela13: doesn't show hand
*** SUMMARY ***
Total pot $6 | Rake $0.12
Board [4d 8d 2d]
Seat 3: metela13 (button) (small blind) collected ($5.88)
Seat 6: hooverr (big blind) folded on the Flop


