PokerStars Hand #156316666008:  Hold'em Limit ($3/$6 USD) - 2016/07/22 18:46:33 ET
Table 'Priamus II' 6-max Seat #2 is the button
Seat 1: mixidix ($84.54 in chips)
Seat 2: Chessnok ($100 in chips)
Chessnok: posts small blind $1
GoliafUa: is sitting out
mixidix: posts big blind $3
*** HOLE CARDS ***
GoliafUa leaves the table
Chessnok: raises $3 to $6
mixidix: calls $3
*** FLOP *** [4d Jd 3d]
mixidix: checks
Chessnok: bets $3
mixidix: calls $3
*** TURN *** [4d Jd 3d] [5s]
mixidix: checks
Chessnok: bets $6
mixidix: calls $6
*** RIVER *** [4d Jd 3d 5s] [2c]
mixidix: checks
Chessnok: bets $6
mixidix: calls $6
*** SHOW DOWN ***
Chessnok: shows [Ad Kc] (a straight, Ace to Five)
mixidix: mucks hand
Chessnok collected $41.50 from pot
*** SUMMARY ***
Total pot $42 | Rake $0.50
Board [4d Jd 3d 5s 2c]
Seat 1: mixidix (big blind) mucked
Seat 2: Chessnok (button) (small blind) showed [Ad Kc] and won ($41.50) with a straight, Ace to Five


PokerStars Hand #156316678723:  Hold'em Limit ($3/$6 USD) - 2016/07/22 18:46:53 ET
Table 'Priamus II' 6-max Seat #1 is the button
Seat 1: mixidix ($63.54 in chips)
Seat 2: Chessnok ($120.50 in chips)
mixidix: posts small blind $1
Chessnok: posts big blind $3
*** HOLE CARDS ***
mixidix: raises $3 to $6
Chessnok: raises $3 to $9
mixidix: calls $3
*** FLOP *** [8h 7h 6c]
Chessnok: bets $3
mixidix: calls $3
*** TURN *** [8h 7h 6c] [2c]
Chessnok: checks
mixidix: bets $6
Chessnok: calls $6
*** RIVER *** [8h 7h 6c 2c] [5c]
Chessnok: checks
mixidix: checks
*** SHOW DOWN ***
Chessnok: shows [Kh Qh] (high card King)
mixidix: shows [8c Ts] (a pair of Eights)
mixidix collected $35.50 from pot
*** SUMMARY ***
Total pot $36 | Rake $0.50
Board [8h 7h 6c 2c 5c]
Seat 1: mixidix (button) (small blind) showed [8c Ts] and won ($35.50) with a pair of Eights
Seat 2: Chessnok (big blind) showed [Kh Qh] and lost with high card King


PokerStars Hand #156316689795:  Hold'em Limit ($3/$6 USD) - 2016/07/22 18:47:11 ET
Table 'Priamus II' 6-max Seat #2 is the button
Seat 1: mixidix ($81.04 in chips)
Seat 2: Chessnok ($102.50 in chips)
Chessnok: posts small blind $1
mixidix: posts big blind $3
*** HOLE CARDS ***
Chessnok: raises $3 to $6
mixidix: calls $3
*** FLOP *** [7d 8s 2s]
mixidix: checks
Chessnok: bets $3
mixidix: folds
Uncalled bet ($3) returned to Chessnok
Chessnok collected $11.76 from pot
Chessnok: doesn't show hand
*** SUMMARY ***
Total pot $12 | Rake $0.24
Board [7d 8s 2s]
Seat 1: mixidix (big blind) folded on the Flop
Seat 2: Chessnok (button) (small blind) collected ($11.76)


PokerStars Hand #156316695969:  Hold'em Limit ($3/$6 USD) - 2016/07/22 18:47:20 ET
Table 'Priamus II' 6-max Seat #1 is the button
Seat 1: mixidix ($75.04 in chips)
Seat 2: Chessnok ($108.26 in chips)
mixidix: posts small blind $1
Chessnok: posts big blind $3
*** HOLE CARDS ***
mixidix: raises $3 to $6
Chessnok: calls $3
*** FLOP *** [Js 3c 5c]
Chessnok: checks
mixidix: checks
*** TURN *** [Js 3c 5c] [Kd]
Chessnok: checks
mixidix: checks
*** RIVER *** [Js 3c 5c Kd] [Qh]
Chessnok: bets $6
mixidix: folds
Uncalled bet ($6) returned to Chessnok
Chessnok collected $11.76 from pot
Chessnok: doesn't show hand
*** SUMMARY ***
Total pot $12 | Rake $0.24
Board [Js 3c 5c Kd Qh]
Seat 1: mixidix (button) (small blind) folded on the River
Seat 2: Chessnok (big blind) collected ($11.76)


PokerStars Hand #156316705434:  Hold'em Limit ($3/$6 USD) - 2016/07/22 18:47:36 ET
Table 'Priamus II' 6-max Seat #2 is the button
Seat 1: mixidix ($69.04 in chips)
Seat 2: Chessnok ($114.02 in chips)
Chessnok: posts small blind $1
mixidix: posts big blind $3
*** HOLE CARDS ***
GlamDragon joins the table at seat #3
Chessnok: raises $3 to $6
mixidix: raises $3 to $9
Chessnok: calls $3
*** FLOP *** [6d 9s 3d]
mixidix: bets $3
Chessnok: calls $3
*** TURN *** [6d 9s 3d] [Jh]
mixidix: bets $6
Chessnok: folds
Uncalled bet ($6) returned to mixidix
mixidix collected $23.52 from pot
mixidix: doesn't show hand
*** SUMMARY ***
Total pot $24 | Rake $0.48
Board [6d 9s 3d Jh]
Seat 1: mixidix (big blind) collected ($23.52)
Seat 2: Chessnok (button) (small blind) folded on the Turn


PokerStars Hand #156316715091:  Hold'em Limit ($3/$6 USD) - 2016/07/22 18:47:51 ET
Table 'Priamus II' 6-max Seat #1 is the button
Seat 1: mixidix ($80.56 in chips)
Seat 2: Chessnok ($102.02 in chips)
mixidix: posts small blind $1
Chessnok: posts big blind $3
*** HOLE CARDS ***
mixidix: raises $3 to $6
Chessnok: raises $3 to $9
mixidix: calls $3
*** FLOP *** [Jh Kc 6s]
GlamDragon leaves the table
Chessnok: bets $3
mixidix: calls $3
*** TURN *** [Jh Kc 6s] [8c]
Chessnok: checks
mixidix: checks
*** RIVER *** [Jh Kc 6s 8c] [7c]
Chessnok: bets $6
mixidix: folds
Uncalled bet ($6) returned to Chessnok
Chessnok collected $23.52 from pot
Chessnok: doesn't show hand
*** SUMMARY ***
Total pot $24 | Rake $0.48
Board [Jh Kc 6s 8c 7c]
Seat 1: mixidix (button) (small blind) folded on the River
Seat 2: Chessnok (big blind) collected ($23.52)


PokerStars Hand #156316726194:  Hold'em Limit ($3/$6 USD) - 2016/07/22 18:48:09 ET
Table 'Priamus II' 6-max Seat #2 is the button
Seat 1: mixidix ($68.56 in chips)
Seat 2: Chessnok ($113.54 in chips)
Chessnok: posts small blind $1
mixidix: posts big blind $3
*** HOLE CARDS ***
Chessnok: folds
Uncalled bet ($2) returned to mixidix
mixidix collected $2 from pot
mixidix: doesn't show hand
*** SUMMARY ***
Total pot $2 | Rake $0
Seat 1: mixidix (big blind) collected ($2)
Seat 2: Chessnok (button) (small blind) folded before Flop


PokerStars Hand #156316728952:  Hold'em Limit ($3/$6 USD) - 2016/07/22 18:48:13 ET
Table 'Priamus II' 6-max Seat #1 is the button
Seat 1: mixidix ($69.56 in chips)
Seat 2: Chessnok ($112.54 in chips)
mixidix: posts small blind $1
Chessnok: posts big blind $3
*** HOLE CARDS ***
mixidix: calls $2
Chessnok: checks
*** FLOP *** [Tc Ac 6s]
Chessnok: checks
mixidix: bets $3
Chessnok: raises $3 to $6
mixidix: calls $3
*** TURN *** [Tc Ac 6s] [Kd]
Chessnok: checks
mixidix: checks
*** RIVER *** [Tc Ac 6s Kd] [Ah]
Chessnok: bets $6
mixidix: calls $6
*** SHOW DOWN ***
Chessnok: shows [7s Th] (two pair, Aces and Tens)
mixidix: shows [4c Ts] (two pair, Aces and Tens)
Chessnok collected $14.75 from pot
mixidix collected $14.75 from pot
*** SUMMARY ***
Total pot $30 | Rake $0.50
Board [Tc Ac 6s Kd Ah]
Seat 1: mixidix (button) (small blind) showed [4c Ts] and won ($14.75) with two pair, Aces and Tens
Seat 2: Chessnok (big blind) showed [7s Th] and won ($14.75) with two pair, Aces and Tens


PokerStars Hand #156316752266:  Hold'em Limit ($3/$6 USD) - 2016/07/22 18:48:51 ET
Table 'Priamus II' 6-max Seat #1 is the button
Seat 1: mixidix ($77.95 in chips)
Seat 2: Chessnok ($103.29 in chips)
mixidix: posts small blind $1
Chessnok: posts big blind $3
*** HOLE CARDS ***
mixidix: folds
Uncalled bet ($2) returned to Chessnok
Chessnok collected $2 from pot
Chessnok: doesn't show hand
*** SUMMARY ***
Total pot $2 | Rake $0
Seat 1: mixidix (button) (small blind) folded before Flop
Seat 2: Chessnok (big blind) collected ($2)


PokerStars Hand #156316740803:  Hold'em Limit ($3/$6 USD) - 2016/07/22 18:48:33 ET
Table 'Priamus II' 6-max Seat #2 is the button
Seat 1: mixidix ($69.31 in chips)
Seat 2: Chessnok ($112.29 in chips)
Chessnok: posts small blind $1
mixidix: posts big blind $3
*** HOLE CARDS ***
Chessnok: raises $3 to $6
mixidix: calls $3
*** FLOP *** [7h Ad Ah]
mixidix: checks
Chessnok: bets $3
mixidix: calls $3
*** TURN *** [7h Ad Ah] [3c]
mixidix: checks
Chessnok: checks
*** RIVER *** [7h Ad Ah 3c] [5c]
mixidix: bets $6
Chessnok: folds
Uncalled bet ($6) returned to mixidix
mixidix collected $17.64 from pot
mixidix: doesn't show hand
*** SUMMARY ***
Total pot $18 | Rake $0.36
Board [7h Ad Ah 3c 5c]
Seat 1: mixidix (big blind) collected ($17.64)
Seat 2: Chessnok (button) (small blind) folded on the River


PokerStars Hand #156316755092:  Hold'em Limit ($3/$6 USD) - 2016/07/22 18:48:55 ET
Table 'Priamus II' 6-max Seat #2 is the button
Seat 1: mixidix ($76.95 in chips)
Seat 2: Chessnok ($104.29 in chips)
Chessnok: posts small blind $1
mixidix: posts big blind $3
*** HOLE CARDS ***
Chessnok: raises $3 to $6
mixidix: raises $3 to $9
Chessnok: calls $3
*** FLOP *** [4h 5c Jd]
mixidix: bets $3
Chessnok: calls $3
*** TURN *** [4h 5c Jd] [8h]
mixidix: bets $6
Chessnok: calls $6
*** RIVER *** [4h 5c Jd 8h] [4d]
mixidix: bets $6
Chessnok: calls $6
*** SHOW DOWN ***
mixidix: shows [9s As] (a pair of Fours)
Chessnok: shows [8c Kd] (two pair, Eights and Fours)
Chessnok collected $47.50 from pot
*** SUMMARY ***
Total pot $48 | Rake $0.50
Board [4h 5c Jd 8h 4d]
Seat 1: mixidix (big blind) showed [9s As] and lost with a pair of Fours
Seat 2: Chessnok (button) (small blind) showed [8c Kd] and won ($47.50) with two pair, Eights and Fours


PokerStars Hand #156316767516:  Hold'em Limit ($3/$6 USD) - 2016/07/22 18:49:15 ET
Table 'Priamus II' 6-max Seat #1 is the button
Seat 1: mixidix ($52.95 in chips)
Seat 2: Chessnok ($127.79 in chips)
mixidix: posts small blind $1
Chessnok: posts big blind $3
*** HOLE CARDS ***
mixidix: folds
Uncalled bet ($2) returned to Chessnok
Chessnok collected $2 from pot
Chessnok: doesn't show hand
*** SUMMARY ***
Total pot $2 | Rake $0
Seat 1: mixidix (button) (small blind) folded before Flop
Seat 2: Chessnok (big blind) collected ($2)


PokerStars Hand #156316770441:  Hold'em Limit ($3/$6 USD) - 2016/07/22 18:49:20 ET
Table 'Priamus II' 6-max Seat #2 is the button
Seat 1: mixidix ($51.95 in chips)
Seat 2: Chessnok ($128.79 in chips)
Chessnok: posts small blind $1
mixidix: posts big blind $3
*** HOLE CARDS ***
Chessnok: raises $3 to $6
mixidix: calls $3
*** FLOP *** [9c 4d 2h]
mixidix: checks
Chessnok: bets $3
mixidix: calls $3
*** TURN *** [9c 4d 2h] [Qh]
mixidix: checks
Chessnok: bets $6
mixidix: calls $6
*** RIVER *** [9c 4d 2h Qh] [6s]
mixidix: checks
Chessnok: bets $6
mixidix: calls $6
*** SHOW DOWN ***
Chessnok: shows [Td Jh] (high card Queen)
mixidix: shows [3d 6h] (a pair of Sixes)
mixidix collected $41.50 from pot
*** SUMMARY ***
Total pot $42 | Rake $0.50
Board [9c 4d 2h Qh 6s]
Seat 1: mixidix (big blind) showed [3d 6h] and won ($41.50) with a pair of Sixes
Seat 2: Chessnok (button) (small blind) showed [Td Jh] and lost with high card Queen


PokerStars Hand #156316782863:  Hold'em Limit ($3/$6 USD) - 2016/07/22 18:49:40 ET
Table 'Priamus II' 6-max Seat #1 is the button
Seat 1: mixidix ($72.45 in chips)
Seat 2: Chessnok ($107.79 in chips)
mixidix: posts small blind $1
Chessnok: posts big blind $3
*** HOLE CARDS ***
mixidix: raises $3 to $6
Chessnok: calls $3
*** FLOP *** [Qh 8d Ac]
Chessnok: checks
mixidix: checks
*** TURN *** [Qh 8d Ac] [Qs]
Chessnok: bets $6
mixidix: calls $6
*** RIVER *** [Qh 8d Ac Qs] [9d]
Chessnok: checks
mixidix: bets $6
Chessnok: folds
Uncalled bet ($6) returned to mixidix
mixidix collected $23.52 from pot
mixidix: doesn't show hand
*** SUMMARY ***
Total pot $24 | Rake $0.48
Board [Qh 8d Ac Qs 9d]
Seat 1: mixidix (button) (small blind) collected ($23.52)
Seat 2: Chessnok (big blind) folded on the River


PokerStars Hand #156316793959:  Hold'em Limit ($3/$6 USD) - 2016/07/22 18:49:58 ET
Table 'Priamus II' 6-max Seat #2 is the button
Seat 1: mixidix ($83.97 in chips)
Seat 2: Chessnok ($95.79 in chips)
Chessnok: posts small blind $1
mixidix: posts big blind $3
*** HOLE CARDS ***
Chessnok: raises $3 to $6
mixidix: raises $3 to $9
Chessnok: calls $3
*** FLOP *** [6h 3d 7d]
mixidix: bets $3
Chessnok: calls $3
*** TURN *** [6h 3d 7d] [2d]
mixidix: bets $6
Chessnok: calls $6
*** RIVER *** [6h 3d 7d 2d] [6c]
mixidix: checks
Chessnok: checks
*** SHOW DOWN ***
mixidix: shows [Ad 9c] (a pair of Sixes)
Chessnok: mucks hand
mixidix collected $35.50 from pot
*** SUMMARY ***
Total pot $36 | Rake $0.50
Board [6h 3d 7d 2d 6c]
Seat 1: mixidix (big blind) showed [Ad 9c] and won ($35.50) with a pair of Sixes
Seat 2: Chessnok (button) (small blind) mucked


PokerStars Hand #156316842080:  Hold'em Limit ($3/$6 USD) - 2016/07/22 18:51:16 ET
Table 'Priamus II' 6-max Seat #1 is the button
Seat 1: mixidix ($102.51 in chips)
Seat 2: Chessnok ($75.29 in chips)
mixidix: posts small blind $1
Chessnok: posts big blind $3
*** HOLE CARDS ***
mixidix: raises $3 to $6
Chessnok: calls $3
*** FLOP *** [8c Jh 3c]
Chessnok: checks
mixidix: checks
*** TURN *** [8c Jh 3c] [6d]
Chessnok: bets $6
mixidix: folds
Uncalled bet ($6) returned to Chessnok
Chessnok collected $11.76 from pot
Chessnok: doesn't show hand
*** SUMMARY ***
Total pot $12 | Rake $0.24
Board [8c Jh 3c 6d]
Seat 1: mixidix (button) (small blind) folded on the Turn
Seat 2: Chessnok (big blind) collected ($11.76)


PokerStars Hand #156316819083:  Hold'em Limit ($3/$6 USD) - 2016/07/22 18:50:39 ET
Table 'Priamus II' 6-max Seat #2 is the button
Seat 1: mixidix ($112.99 in chips)
Seat 2: Chessnok ($65.79 in chips)
Chessnok: posts small blind $1
mixidix: posts big blind $3
*** HOLE CARDS ***
Chessnok: raises $3 to $6
mixidix: calls $3
*** FLOP *** [8h Kd 5s]
mixidix: checks
Chessnok: bets $3
mixidix: calls $3
*** TURN *** [8h Kd 5s] [Ks]
mixidix: checks
Chessnok: bets $6
mixidix: calls $6
*** RIVER *** [8h Kd 5s Ks] [2d]
mixidix: checks
Chessnok: bets $6
mixidix: calls $6
*** SHOW DOWN ***
Chessnok: shows [6s 6h] (two pair, Kings and Sixes)
mixidix: mucks hand
Chessnok collected $41.50 from pot
*** SUMMARY ***
Total pot $42 | Rake $0.50
Board [8h Kd 5s Ks 2d]
Seat 1: mixidix (big blind) mucked
Seat 2: Chessnok (button) (small blind) showed [6s 6h] and won ($41.50) with two pair, Kings and Sixes


PokerStars Hand #156316830458:  Hold'em Limit ($3/$6 USD) - 2016/07/22 18:50:57 ET
Table 'Priamus II' 6-max Seat #1 is the button
Seat 1: mixidix ($91.99 in chips)
Seat 2: Chessnok ($86.29 in chips)
mixidix: posts small blind $1
Chessnok: posts big blind $3
*** HOLE CARDS ***
mixidix: folds
Uncalled bet ($2) returned to Chessnok
Chessnok collected $2 from pot
Chessnok: doesn't show hand
*** SUMMARY ***
Total pot $2 | Rake $0
Seat 1: mixidix (button) (small blind) folded before Flop
Seat 2: Chessnok (big blind) collected ($2)


PokerStars Hand #156316833212:  Hold'em Limit ($3/$6 USD) - 2016/07/22 18:51:02 ET
Table 'Priamus II' 6-max Seat #2 is the button
Seat 1: mixidix ($90.99 in chips)
Seat 2: Chessnok ($87.29 in chips)
Chessnok: posts small blind $1
mixidix: posts big blind $3
*** HOLE CARDS ***
Chessnok: raises $3 to $6
mixidix: raises $3 to $9
Chessnok: calls $3
*** FLOP *** [2c 7d 2d]
mixidix: bets $3
Chessnok: calls $3
*** TURN *** [2c 7d 2d] [Jh]
mixidix: bets $6
Chessnok: folds
Uncalled bet ($6) returned to mixidix
mixidix collected $23.52 from pot
mixidix: doesn't show hand
*** SUMMARY ***
Total pot $24 | Rake $0.48
Board [2c 7d 2d Jh]
Seat 1: mixidix (big blind) collected ($23.52)
Seat 2: Chessnok (button) (small blind) folded on the Turn


PokerStars Hand #156316849401:  Hold'em Limit ($3/$6 USD) - 2016/07/22 18:51:28 ET
Table 'Priamus II' 6-max Seat #2 is the button
Seat 1: mixidix ($96.51 in chips)
Seat 2: Chessnok ($81.05 in chips)
Chessnok: posts small blind $1
mixidix: posts big blind $3
*** HOLE CARDS ***
Chessnok: raises $3 to $6
mixidix: calls $3
*** FLOP *** [Kc 8h Ad]
mixidix: checks
Chessnok: checks
*** TURN *** [Kc 8h Ad] [Jc]
mixidix: checks
Chessnok: bets $6
mixidix: calls $6
*** RIVER *** [Kc 8h Ad Jc] [9c]
mixidix: bets $6
Chessnok: calls $6
*** SHOW DOWN ***
mixidix: shows [2h Ah] (a pair of Aces)
Chessnok: mucks hand
mixidix collected $35.50 from pot
*** SUMMARY ***
Total pot $36 | Rake $0.50
Board [Kc 8h Ad Jc 9c]
Seat 1: mixidix (big blind) showed [2h Ah] and won ($35.50) with a pair of Aces
Seat 2: Chessnok (button) (small blind) mucked


PokerStars Hand #156316862702:  Hold'em Limit ($3/$6 USD) - 2016/07/22 18:51:50 ET
Table 'Priamus II' 6-max Seat #1 is the button
Seat 1: mixidix ($114.01 in chips)
Seat 2: Chessnok ($63.05 in chips)
mixidix: posts small blind $1
Chessnok: posts big blind $3
*** HOLE CARDS ***
mixidix: folds
Uncalled bet ($2) returned to Chessnok
Chessnok collected $2 from pot
Chessnok: doesn't show hand
*** SUMMARY ***
Total pot $2 | Rake $0
Seat 1: mixidix (button) (small blind) folded before Flop
Seat 2: Chessnok (big blind) collected ($2)


PokerStars Hand #156316865612:  Hold'em Limit ($3/$6 USD) - 2016/07/22 18:51:55 ET
Table 'Priamus II' 6-max Seat #2 is the button
Seat 1: mixidix ($113.01 in chips)
Seat 2: Chessnok ($64.05 in chips)
Chessnok: posts small blind $1
mixidix: posts big blind $3
*** HOLE CARDS ***
Chessnok: raises $3 to $6
mixidix: calls $3
*** FLOP *** [Jc Jd 7c]
mixidix: checks
Chessnok: bets $3
mixidix: folds
Uncalled bet ($3) returned to Chessnok
Chessnok collected $11.76 from pot
Chessnok: doesn't show hand
*** SUMMARY ***
Total pot $12 | Rake $0.24
Board [Jc Jd 7c]
Seat 1: mixidix (big blind) folded on the Flop
Seat 2: Chessnok (button) (small blind) collected ($11.76)


PokerStars Hand #156316873165:  Hold'em Limit ($3/$6 USD) - 2016/07/22 18:52:08 ET
Table 'Priamus II' 6-max Seat #1 is the button
Seat 1: mixidix ($107.01 in chips)
Seat 2: Chessnok ($69.81 in chips)
mixidix: posts small blind $1
Chessnok: posts big blind $3
*** HOLE CARDS ***
mixidix: raises $3 to $6
Chessnok: calls $3
*** FLOP *** [8h 3d 3s]
Chessnok: checks
mixidix: bets $3
Chessnok: calls $3
*** TURN *** [8h 3d 3s] [9h]
Chessnok: checks
mixidix: checks
*** RIVER *** [8h 3d 3s 9h] [9c]
Chessnok: bets $6
mixidix: folds
Uncalled bet ($6) returned to Chessnok
Chessnok collected $17.64 from pot
Chessnok: doesn't show hand
*** SUMMARY ***
Total pot $18 | Rake $0.36
Board [8h 3d 3s 9h 9c]
Seat 1: mixidix (button) (small blind) folded on the River
Seat 2: Chessnok (big blind) collected ($17.64)


PokerStars Hand #156316885475:  Hold'em Limit ($3/$6 USD) - 2016/07/22 18:52:27 ET
Table 'Priamus II' 6-max Seat #2 is the button
Seat 1: mixidix ($98.01 in chips)
Seat 2: Chessnok ($78.45 in chips)
Chessnok: posts small blind $1
mixidix: posts big blind $3
*** HOLE CARDS ***
Chessnok: raises $3 to $6
mixidix: calls $3
*** FLOP *** [Jd 4c 4s]
mixidix: checks
Chessnok: bets $3
mixidix: calls $3
*** TURN *** [Jd 4c 4s] [Tc]
mixidix: checks
Chessnok: bets $6
mixidix: folds
Uncalled bet ($6) returned to Chessnok
Chessnok collected $17.64 from pot
Chessnok: doesn't show hand
*** SUMMARY ***
Total pot $18 | Rake $0.36
Board [Jd 4c 4s Tc]
Seat 1: mixidix (big blind) folded on the Turn
Seat 2: Chessnok (button) (small blind) collected ($17.64)


PokerStars Hand #156316893846:  Hold'em Limit ($3/$6 USD) - 2016/07/22 18:52:41 ET
Table 'Priamus II' 6-max Seat #1 is the button
Seat 1: mixidix ($89.01 in chips)
Seat 2: Chessnok ($87.09 in chips)
mixidix: posts small blind $1
Chessnok: posts big blind $3
*** HOLE CARDS ***
mixidix: folds
Uncalled bet ($2) returned to Chessnok
Chessnok collected $2 from pot
Chessnok: doesn't show hand
*** SUMMARY ***
Total pot $2 | Rake $0
Seat 1: mixidix (button) (small blind) folded before Flop
Seat 2: Chessnok (big blind) collected ($2)


PokerStars Hand #156316910154:  Hold'em Limit ($3/$6 USD) - 2016/07/22 18:53:08 ET
Table 'Priamus II' 6-max Seat #2 is the button
Seat 1: mixidix ($81.01 in chips)
Seat 2: Chessnok ($94.85 in chips)
Chessnok: posts small blind $1
mixidix: posts big blind $3
*** HOLE CARDS ***
Chessnok: folds
Uncalled bet ($2) returned to mixidix
mixidix collected $2 from pot
mixidix: doesn't show hand
*** SUMMARY ***
Total pot $2 | Rake $0
Seat 1: mixidix (big blind) collected ($2)
Seat 2: Chessnok (button) (small blind) folded before Flop


PokerStars Hand #156316907464:  Hold'em Limit ($3/$6 USD) - 2016/07/22 18:53:03 ET
Table 'Priamus II' 6-max Seat #1 is the button
Seat 1: mixidix ($82.01 in chips)
Seat 2: Chessnok ($93.85 in chips)
mixidix: posts small blind $1
Chessnok: posts big blind $3
*** HOLE CARDS ***
mixidix: folds
Uncalled bet ($2) returned to Chessnok
Chessnok collected $2 from pot
Chessnok: doesn't show hand
*** SUMMARY ***
Total pot $2 | Rake $0
Seat 1: mixidix (button) (small blind) folded before Flop
Seat 2: Chessnok (big blind) collected ($2)


PokerStars Hand #156316896893:  Hold'em Limit ($3/$6 USD) - 2016/07/22 18:52:46 ET
Table 'Priamus II' 6-max Seat #2 is the button
Seat 1: mixidix ($88.01 in chips)
Seat 2: Chessnok ($88.09 in chips)
Chessnok: posts small blind $1
mixidix: posts big blind $3
*** HOLE CARDS ***
Chessnok: raises $3 to $6
mixidix: calls $3
*** FLOP *** [8d 4c 3c]
mixidix: checks
Chessnok: checks
*** TURN *** [8d 4c 3c] [Jh]
mixidix: checks
Chessnok: bets $6
mixidix: folds
Uncalled bet ($6) returned to Chessnok
Chessnok collected $11.76 from pot
Chessnok: doesn't show hand
*** SUMMARY ***
Total pot $12 | Rake $0.24
Board [8d 4c 3c Jh]
Seat 1: mixidix (big blind) folded on the Turn
Seat 2: Chessnok (button) (small blind) collected ($11.76)


PokerStars Hand #156316912647:  Hold'em Limit ($3/$6 USD) - 2016/07/22 18:53:12 ET
Table 'Priamus II' 6-max Seat #1 is the button
Seat 1: mixidix ($82.01 in chips)
Seat 2: Chessnok ($93.85 in chips)
mixidix: posts small blind $1
Chessnok: posts big blind $3
*** HOLE CARDS ***
mixidix: raises $3 to $6
Chessnok: calls $3
*** FLOP *** [Ah 3s 7s]
Chessnok: checks
mixidix: bets $3
Chessnok: folds
Uncalled bet ($3) returned to mixidix
mixidix collected $11.76 from pot
mixidix: doesn't show hand
*** SUMMARY ***
Total pot $12 | Rake $0.24
Board [Ah 3s 7s]
Seat 1: mixidix (button) (small blind) collected ($11.76)
Seat 2: Chessnok (big blind) folded on the Flop


PokerStars Hand #156316919101:  Hold'em Limit ($3/$6 USD) - 2016/07/22 18:53:22 ET
Table 'Priamus II' 6-max Seat #2 is the button
Seat 1: mixidix ($87.77 in chips)
Seat 2: Chessnok ($87.85 in chips)
Chessnok: posts small blind $1
mixidix: posts big blind $3
*** HOLE CARDS ***
Chessnok: raises $3 to $6
mixidix: calls $3
*** FLOP *** [9c 7h 8c]
mixidix: checks
Chessnok: checks
*** TURN *** [9c 7h 8c] [4h]
mixidix: bets $6
Chessnok: calls $6
*** RIVER *** [9c 7h 8c 4h] [Th]
mixidix: bets $6
Chessnok: calls $6
*** SHOW DOWN ***
mixidix: shows [Ts 3c] (a pair of Tens)
Chessnok: mucks hand
mixidix collected $35.50 from pot
*** SUMMARY ***
Total pot $36 | Rake $0.50
Board [9c 7h 8c 4h Th]
Seat 1: mixidix (big blind) showed [Ts 3c] and won ($35.50) with a pair of Tens
Seat 2: Chessnok (button) (small blind) mucked


PokerStars Hand #156316939646:  Hold'em Limit ($3/$6 USD) - 2016/07/22 18:53:56 ET
Table 'Priamus II' 6-max Seat #2 is the button
Seat 1: mixidix ($81.27 in chips)
Seat 2: Chessnok ($93.35 in chips)
Chessnok: posts small blind $1
mixidix: posts big blind $3
*** HOLE CARDS ***
Chessnok: folds
Uncalled bet ($2) returned to mixidix
mixidix collected $2 from pot
mixidix: doesn't show hand
*** SUMMARY ***
Total pot $2 | Rake $0
Seat 1: mixidix (big blind) collected ($2)
Seat 2: Chessnok (button) (small blind) folded before Flop


PokerStars Hand #156316930126:  Hold'em Limit ($3/$6 USD) - 2016/07/22 18:53:40 ET
Table 'Priamus II' 6-max Seat #1 is the button
Seat 1: mixidix ($105.27 in chips)
Seat 2: Chessnok ($69.85 in chips)
mixidix: posts small blind $1
Chessnok: posts big blind $3
*** HOLE CARDS ***
mixidix: raises $3 to $6
Chessnok: raises $3 to $9
mixidix: calls $3
*** FLOP *** [Ts Kc 2s]
Chessnok: bets $3
mixidix: calls $3
*** TURN *** [Ts Kc 2s] [Qh]
Chessnok: bets $6
mixidix: calls $6
*** RIVER *** [Ts Kc 2s Qh] [4d]
Chessnok: bets $6
mixidix: calls $6
*** SHOW DOWN ***
Chessnok: shows [Jh Jc] (a pair of Jacks)
mixidix: mucks hand
Chessnok collected $47.50 from pot
*** SUMMARY ***
Total pot $48 | Rake $0.50
Board [Ts Kc 2s Qh 4d]
Seat 1: mixidix (button) (small blind) mucked
Seat 2: Chessnok (big blind) showed [Jh Jc] and won ($47.50) with a pair of Jacks


PokerStars Hand #156316946149:  Hold'em Limit ($3/$6 USD) - 2016/07/22 18:54:07 ET
Table 'Priamus II' 6-max Seat #2 is the button
Seat 1: mixidix ($85.27 in chips)
Seat 2: Chessnok ($89.35 in chips)
Chessnok: posts small blind $1
mixidix: posts big blind $3
*** HOLE CARDS ***
Chessnok: folds
Uncalled bet ($2) returned to mixidix
mixidix collected $2 from pot
mixidix: doesn't show hand
*** SUMMARY ***
Total pot $2 | Rake $0
Seat 1: mixidix (big blind) collected ($2)
Seat 2: Chessnok (button) (small blind) folded before Flop


PokerStars Hand #156316942233:  Hold'em Limit ($3/$6 USD) - 2016/07/22 18:54:00 ET
Table 'Priamus II' 6-max Seat #1 is the button
Seat 1: mixidix ($82.27 in chips)
Seat 2: Chessnok ($92.35 in chips)
mixidix: posts small blind $1
Chessnok: posts big blind $3
*** HOLE CARDS ***
mixidix: raises $3 to $6
Chessnok: folds
Uncalled bet ($3) returned to mixidix
mixidix collected $6 from pot
mixidix: doesn't show hand
*** SUMMARY ***
Total pot $6 | Rake $0
Seat 1: mixidix (button) (small blind) collected ($6)
Seat 2: Chessnok (big blind) folded before Flop


PokerStars Hand #156316949453:  Hold'em Limit ($3/$6 USD) - 2016/07/22 18:54:12 ET
Table 'Priamus II' 6-max Seat #1 is the button
Seat 1: mixidix ($86.27 in chips)
Seat 2: Chessnok ($88.35 in chips)
mixidix: posts small blind $1
Chessnok: posts big blind $3
*** HOLE CARDS ***
mixidix: raises $3 to $6
Chessnok: calls $3
*** FLOP *** [7s 5s Ts]
Chessnok: checks
mixidix: bets $3
Chessnok: calls $3
*** TURN *** [7s 5s Ts] [4d]
Chessnok: checks
mixidix: checks
*** RIVER *** [7s 5s Ts 4d] [6h]
Chessnok: checks
mixidix: checks
*** SHOW DOWN ***
Chessnok: shows [Kc 5c] (a pair of Fives)
mixidix: shows [Qs 7h] (a pair of Sevens)
mixidix collected $17.64 from pot
*** SUMMARY ***
Total pot $18 | Rake $0.36
Board [7s 5s Ts 4d 6h]
Seat 1: mixidix (button) (small blind) showed [Qs 7h] and won ($17.64) with a pair of Sevens
Seat 2: Chessnok (big blind) showed [Kc 5c] and lost with a pair of Fives


PokerStars Hand #156316987026:  Hold'em Limit ($3/$6 USD) - 2016/07/22 18:55:08 ET
Table 'Priamus II' 6-max Seat #2 is the button
Seat 1: mixidix ($104.43 in chips)
Seat 2: Chessnok ($69.11 in chips)
Chessnok: posts small blind $1
mixidix: posts big blind $3
*** HOLE CARDS ***
Chessnok: raises $3 to $6
mixidix: calls $3
*** FLOP *** [4d Qh Ts]
mixidix: checks
Chessnok: bets $3
mixidix: calls $3
*** TURN *** [4d Qh Ts] [3s]
mixidix: checks
Chessnok: bets $6
mixidix: folds
Uncalled bet ($6) returned to Chessnok
Chessnok collected $17.64 from pot
Chessnok: doesn't show hand
*** SUMMARY ***
Total pot $18 | Rake $0.36
Board [4d Qh Ts 3s]
Seat 1: mixidix (big blind) folded on the Turn
Seat 2: Chessnok (button) (small blind) collected ($17.64)


PokerStars Hand #156316964696:  Hold'em Limit ($3/$6 USD) - 2016/07/22 18:54:30 ET
Table 'Priamus II' 6-max Seat #2 is the button
Seat 1: mixidix ($94.91 in chips)
Seat 2: Chessnok ($79.35 in chips)
Chessnok: posts small blind $1
mixidix: posts big blind $3
*** HOLE CARDS ***
Chessnok: raises $3 to $6
mixidix: calls $3
*** FLOP *** [3h Jd Tc]
mixidix: checks
Chessnok: bets $3
mixidix: folds
Uncalled bet ($3) returned to Chessnok
Chessnok collected $11.76 from pot
Chessnok: doesn't show hand
*** SUMMARY ***
Total pot $12 | Rake $0.24
Board [3h Jd Tc]
Seat 1: mixidix (big blind) folded on the Flop
Seat 2: Chessnok (button) (small blind) collected ($11.76)


PokerStars Hand #156316980530:  Hold'em Limit ($3/$6 USD) - 2016/07/22 18:54:56 ET
Table 'Priamus II' 6-max Seat #2 is the button
Seat 1: mixidix ($100.43 in chips)
Seat 2: Chessnok ($73.11 in chips)
Chessnok: posts small blind $1
mixidix: posts big blind $3
*** HOLE CARDS ***
Chessnok: folds
Uncalled bet ($2) returned to mixidix
mixidix collected $2 from pot
mixidix: doesn't show hand
*** SUMMARY ***
Total pot $2 | Rake $0
Seat 1: mixidix (big blind) collected ($2)
Seat 2: Chessnok (button) (small blind) folded before Flop


PokerStars Hand #156316983683:  Hold'em Limit ($3/$6 USD) - 2016/07/22 18:55:02 ET
Table 'Priamus II' 6-max Seat #1 is the button
Seat 1: mixidix ($101.43 in chips)
Seat 2: Chessnok ($72.11 in chips)
mixidix: posts small blind $1
Chessnok: posts big blind $3
*** HOLE CARDS ***
mixidix: raises $3 to $6
Chessnok: folds
Uncalled bet ($3) returned to mixidix
mixidix collected $6 from pot
mixidix: doesn't show hand
*** SUMMARY ***
Total pot $6 | Rake $0
Seat 1: mixidix (button) (small blind) collected ($6)
Seat 2: Chessnok (big blind) folded before Flop


PokerStars Hand #156316994825:  Hold'em Limit ($3/$6 USD) - 2016/07/22 18:55:24 ET
Table 'Priamus II' 6-max Seat #1 is the button
Seat 1: mixidix ($95.43 in chips)
Seat 2: Chessnok ($77.75 in chips)
mixidix: posts small blind $1
Chessnok: posts big blind $3
*** HOLE CARDS ***
mixidix: raises $3 to $6
Chessnok: calls $3
*** FLOP *** [9d Qc Th]
Chessnok: checks
mixidix: bets $3
Chessnok: calls $3
*** TURN *** [9d Qc Th] [2c]
Chessnok: checks
mixidix: checks
*** RIVER *** [9d Qc Th 2c] [Ac]
Chessnok: checks
mixidix: checks
*** SHOW DOWN ***
Chessnok: shows [9c 5d] (a pair of Nines)
mixidix: mucks hand
Chessnok collected $17.64 from pot
*** SUMMARY ***
Total pot $18 | Rake $0.36
Board [9d Qc Th 2c Ac]
Seat 1: mixidix (button) (small blind) mucked
Seat 2: Chessnok (big blind) showed [9c 5d] and won ($17.64) with a pair of Nines


PokerStars Hand #156317003205:  Hold'em Limit ($3/$6 USD) - 2016/07/22 18:55:40 ET
Table 'Priamus II' 6-max Seat #2 is the button
Seat 1: mixidix ($86.43 in chips)
Seat 2: Chessnok ($86.39 in chips)
Chessnok: posts small blind $1
mixidix: posts big blind $3
*** HOLE CARDS ***
Chessnok: raises $3 to $6
mixidix: calls $3
*** FLOP *** [Td 6h 2s]
mixidix: bets $3
Chessnok: calls $3
*** TURN *** [Td 6h 2s] [5s]
mixidix: bets $6
yayaya joins the table at seat #4
Chessnok: calls $6
*** RIVER *** [Td 6h 2s 5s] [Jc]
mixidix: checks
Chessnok: checks
*** SHOW DOWN ***
mixidix: shows [6s 8d] (a pair of Sixes)
Chessnok: mucks hand
mixidix collected $29.50 from pot
*** SUMMARY ***
Total pot $30 | Rake $0.50
Board [Td 6h 2s 5s Jc]
Seat 1: mixidix (big blind) showed [6s 8d] and won ($29.50) with a pair of Sixes
Seat 2: Chessnok (button) (small blind) mucked


PokerStars Hand #156317013243:  Hold'em Limit ($3/$6 USD) - 2016/07/22 18:56:00 ET
Table 'Priamus II' 6-max Seat #1 is the button
Seat 1: mixidix ($100.93 in chips)
Seat 2: Chessnok ($71.39 in chips)
mixidix: posts small blind $1
Chessnok: posts big blind $3
*** HOLE CARDS ***
mixidix: raises $3 to $6
Chessnok: raises $3 to $9
mixidix: calls $3
*** FLOP *** [4c Kc Ah]
Chessnok: bets $3
mixidix: calls $3
*** TURN *** [4c Kc Ah] [Js]
Chessnok: checks
mixidix: checks
*** RIVER *** [4c Kc Ah Js] [Kh]
Chessnok: bets $6
mixidix: folds
Uncalled bet ($6) returned to Chessnok
Chessnok collected $23.52 from pot
Chessnok: doesn't show hand
*** SUMMARY ***
Total pot $24 | Rake $0.48
Board [4c Kc Ah Js Kh]
Seat 1: mixidix (button) (small blind) folded on the River
Seat 2: Chessnok (big blind) collected ($23.52)


PokerStars Hand #156318833158:  Hold'em Limit ($3/$6 USD) - 2016/07/22 19:50:01 ET
Table 'Priamus II' 6-max Seat #3 is the button
Seat 2: Chessnok ($78.03 in chips)
Seat 3: hookonhook ($128.46 in chips)
hookonhook: posts small blind $1
wobetting: is sitting out
Chessnok: posts big blind $3
*** HOLE CARDS ***
hookonhook: raises $3 to $6
Chessnok: calls $3
*** FLOP *** [2s 8h As]
Chessnok: checks
hookonhook: bets $3
Chessnok: folds
Uncalled bet ($3) returned to hookonhook
hookonhook collected $11.76 from pot
*** SUMMARY ***
Total pot $12 | Rake $0.24
Board [2s 8h As]
Seat 2: Chessnok (big blind) folded on the Flop
Seat 3: hookonhook (button) (small blind) collected ($11.76)


PokerStars Hand #156318841086:  Hold'em Limit ($3/$6 USD) - 2016/07/22 19:50:16 ET
Table 'Priamus II' 6-max Seat #2 is the button
Seat 2: Chessnok ($72.03 in chips)
Seat 3: hookonhook ($134.22 in chips)
Chessnok: posts small blind $1
hookonhook: posts big blind $3
*** HOLE CARDS ***
Chessnok: folds
Uncalled bet ($2) returned to hookonhook
hookonhook collected $2 from pot
*** SUMMARY ***
Total pot $2 | Rake $0
Seat 2: Chessnok (button) (small blind) folded before Flop
Seat 3: hookonhook (big blind) collected ($2)


PokerStars Hand #156318844653:  Hold'em Limit ($3/$6 USD) - 2016/07/22 19:50:23 ET
Table 'Priamus II' 6-max Seat #3 is the button
Seat 2: Chessnok ($71.03 in chips)
Seat 3: hookonhook ($135.22 in chips)
hookonhook: posts small blind $1
Chessnok: posts big blind $3
*** HOLE CARDS ***
hookonhook: raises $3 to $6
Chessnok: calls $3
*** FLOP *** [9s 3d 6s]
Chessnok: checks
hookonhook: bets $3
Chessnok: raises $3 to $6
hookonhook: calls $3
*** TURN *** [9s 3d 6s] [Kc]
Chessnok: bets $6
hookonhook: raises $6 to $12
Chessnok: folds
Uncalled bet ($6) returned to hookonhook
hookonhook collected $35.50 from pot
*** SUMMARY ***
Total pot $36 | Rake $0.50
Board [9s 3d 6s Kc]
Seat 2: Chessnok (big blind) folded on the Turn
Seat 3: hookonhook (button) (small blind) collected ($35.50)


PokerStars Hand #156318871244:  Hold'em Limit ($3/$6 USD) - 2016/07/22 19:51:15 ET
Table 'Priamus II' 6-max Seat #3 is the button
Seat 2: Chessnok ($60 in chips)
Seat 3: hookonhook ($158.48 in chips)
hookonhook: posts small blind $1
Chessnok: posts big blind $3
*** HOLE CARDS ***
hookonhook: folds
Uncalled bet ($2) returned to Chessnok
Chessnok collected $2 from pot
Chessnok: doesn't show hand
*** SUMMARY ***
Total pot $2 | Rake $0
Seat 2: Chessnok (big blind) collected ($2)
Seat 3: hookonhook (button) (small blind) folded before Flop


PokerStars Hand #156318856444:  Hold'em Limit ($3/$6 USD) - 2016/07/22 19:50:46 ET
Table 'Priamus II' 6-max Seat #2 is the button
Seat 2: Chessnok ($60 in chips)
Seat 3: hookonhook ($152.72 in chips)
Chessnok: posts small blind $1
hookonhook: posts big blind $3
*** HOLE CARDS ***
Chessnok: raises $3 to $6
hookonhook: calls $3
*** FLOP *** [As Qs 8c]
hookonhook: checks
Chessnok: checks
*** TURN *** [As Qs 8c] [5s]
hookonhook: checks
Chessnok: checks
*** RIVER *** [As Qs 8c 5s] [7s]
hookonhook: checks
Chessnok: checks
*** SHOW DOWN ***
hookonhook: shows [7c Th] (a pair of Sevens)
Chessnok: mucks hand
hookonhook collected $11.76 from pot
*** SUMMARY ***
Total pot $12 | Rake $0.24
Board [As Qs 8c 5s 7s]
Seat 2: Chessnok (button) (small blind) mucked
Seat 3: hookonhook (big blind) showed [7c Th] and won ($11.76) with a pair of Sevens


PokerStars Hand #156318911599:  Hold'em Limit ($3/$6 USD) - 2016/07/22 19:52:28 ET
Table 'Priamus II' 6-max Seat #2 is the button
Seat 2: Chessnok ($66.50 in chips)
Seat 3: hookonhook ($151 in chips)
Chessnok: posts small blind $1
hookonhook: posts big blind $3
*** HOLE CARDS ***
Chessnok: raises $3 to $6
hookonhook: calls $3
*** FLOP *** [Qh 4d 6s]
hookonhook: checks
Chessnok: bets $3
hookonhook: folds
Uncalled bet ($3) returned to Chessnok
Chessnok collected $11.76 from pot
Chessnok: doesn't show hand
*** SUMMARY ***
Total pot $12 | Rake $0.24
Board [Qh 4d 6s]
Seat 2: Chessnok (button) (small blind) collected ($11.76)
Seat 3: hookonhook (big blind) folded on the Flop


PokerStars Hand #156318873871:  Hold'em Limit ($3/$6 USD) - 2016/07/22 19:51:20 ET
Table 'Priamus II' 6-max Seat #2 is the button
Seat 2: Chessnok ($61 in chips)
Seat 3: hookonhook ($157.48 in chips)
Chessnok: posts small blind $1
hookonhook: posts big blind $3
*** HOLE CARDS ***
Chessnok: raises $3 to $6
hookonhook: raises $3 to $9
Chessnok: calls $3
*** FLOP *** [7c 4h 9d]
hookonhook: bets $3
Chessnok: calls $3
*** TURN *** [7c 4h 9d] [Ts]
hookonhook: checks
Chessnok: bets $6
hookonhook: calls $6
*** RIVER *** [7c 4h 9d Ts] [2s]
hookonhook: checks
Chessnok: bets $6
hookonhook: folds
Uncalled bet ($6) returned to Chessnok
Chessnok collected $35.50 from pot
Chessnok: doesn't show hand
*** SUMMARY ***
Total pot $36 | Rake $0.50
Board [7c 4h 9d Ts 2s]
Seat 2: Chessnok (button) (small blind) collected ($35.50)
Seat 3: hookonhook (big blind) folded on the River


PokerStars Hand #156318888894:  Hold'em Limit ($3/$6 USD) - 2016/07/22 19:51:49 ET
Table 'Priamus II' 6-max Seat #3 is the button
Seat 2: Chessnok ($78.50 in chips)
Seat 3: hookonhook ($139.48 in chips)
hookonhook: posts small blind $1
Chessnok: posts big blind $3
*** HOLE CARDS ***
hookonhook: folds
Uncalled bet ($2) returned to Chessnok
Chessnok collected $2 from pot
Chessnok: doesn't show hand
*** SUMMARY ***
Total pot $2 | Rake $0
Seat 2: Chessnok (big blind) collected ($2)
Seat 3: hookonhook (button) (small blind) folded before Flop


PokerStars Hand #156318891678:  Hold'em Limit ($3/$6 USD) - 2016/07/22 19:51:54 ET
Table 'Priamus II' 6-max Seat #2 is the button
Seat 2: Chessnok ($79.50 in chips)
Seat 3: hookonhook ($138.48 in chips)
Chessnok: posts small blind $1
hookonhook: posts big blind $3
*** HOLE CARDS ***
Chessnok: folds
Uncalled bet ($2) returned to hookonhook
hookonhook collected $2 from pot
*** SUMMARY ***
Total pot $2 | Rake $0
Seat 2: Chessnok (button) (small blind) folded before Flop
Seat 3: hookonhook (big blind) collected ($2)


PokerStars Hand #156318896419:  Hold'em Limit ($3/$6 USD) - 2016/07/22 19:52:03 ET
Table 'Priamus II' 6-max Seat #3 is the button
Seat 2: Chessnok ($78.50 in chips)
Seat 3: hookonhook ($139.48 in chips)
hookonhook: posts small blind $1
Chessnok: posts big blind $3
*** HOLE CARDS ***
hookonhook: raises $3 to $6
Chessnok: calls $3
*** FLOP *** [2d 9c Ks]
Chessnok: checks
hookonhook: bets $3
Chessnok: raises $3 to $6
hookonhook: calls $3
*** TURN *** [2d 9c Ks] [As]
Chessnok: checks
hookonhook: bets $6
Chessnok: folds
Uncalled bet ($6) returned to hookonhook
hookonhook collected $23.52 from pot
*** SUMMARY ***
Total pot $24 | Rake $0.48
Board [2d 9c Ks As]
Seat 2: Chessnok (big blind) folded on the Turn
Seat 3: hookonhook (button) (small blind) collected ($23.52)


PokerStars Hand #156318929548:  Hold'em Limit ($3/$6 USD) - 2016/07/22 19:53:03 ET
Table 'Priamus II' 6-max Seat #3 is the button
Seat 2: Chessnok ($60 in chips)
Seat 3: hookonhook ($158.50 in chips)
hookonhook: posts small blind $1
Chessnok: posts big blind $3
*** HOLE CARDS ***
hookonhook: raises $3 to $6
Chessnok: calls $3
*** FLOP *** [Jc 6s Td]
Chessnok: checks
hookonhook: bets $3
Chessnok: raises $3 to $6
hookonhook: calls $3
*** TURN *** [Jc 6s Td] [Ts]
Chessnok: bets $6
hookonhook: calls $6
*** RIVER *** [Jc 6s Td Ts] [7c]
Chessnok: bets $6
hookonhook: raises $6 to $12
Chessnok: calls $6
*** SHOW DOWN ***
hookonhook: shows [5s Th] (three of a kind, Tens)
Chessnok: mucks hand
hookonhook collected $59.50 from pot
*** SUMMARY ***
Total pot $60 | Rake $0.50
Board [Jc 6s Td Ts 7c]
Seat 2: Chessnok (big blind) mucked
Seat 3: hookonhook (button) (small blind) showed [5s Th] and won ($59.50) with three of a kind, Tens


PokerStars Hand #156318945782:  Hold'em Limit ($3/$6 USD) - 2016/07/22 19:53:35 ET
Table 'Priamus II' 6-max Seat #3 is the button
Seat 2: Chessnok ($60 in chips)
Seat 3: hookonhook ($189 in chips)
hookonhook: posts small blind $1
Chessnok: posts big blind $3
*** HOLE CARDS ***
hookonhook: raises $3 to $6
Chessnok: folds
Uncalled bet ($3) returned to hookonhook
hookonhook collected $6 from pot
*** SUMMARY ***
Total pot $6 | Rake $0
Seat 2: Chessnok (big blind) folded before Flop
Seat 3: hookonhook (button) (small blind) collected ($6)


PokerStars Hand #156318942585:  Hold'em Limit ($3/$6 USD) - 2016/07/22 19:53:28 ET
Table 'Priamus II' 6-max Seat #2 is the button
Seat 2: Chessnok ($60 in chips)
Seat 3: hookonhook ($188 in chips)
Chessnok: posts small blind $1
hookonhook: posts big blind $3
*** HOLE CARDS ***
Chessnok: folds
Uncalled bet ($2) returned to hookonhook
hookonhook collected $2 from pot
*** SUMMARY ***
Total pot $2 | Rake $0
Seat 2: Chessnok (button) (small blind) folded before Flop
Seat 3: hookonhook (big blind) collected ($2)


PokerStars Hand #156318918188:  Hold'em Limit ($3/$6 USD) - 2016/07/22 19:52:41 ET
Table 'Priamus II' 6-max Seat #3 is the button
Seat 2: Chessnok ($72.26 in chips)
Seat 3: hookonhook ($145 in chips)
hookonhook: posts small blind $1
Chessnok: posts big blind $3
*** HOLE CARDS ***
hookonhook: folds
Uncalled bet ($2) returned to Chessnok
Chessnok collected $2 from pot
Chessnok: doesn't show hand
*** SUMMARY ***
Total pot $2 | Rake $0
Seat 2: Chessnok (big blind) collected ($2)
Seat 3: hookonhook (button) (small blind) folded before Flop


PokerStars Hand #156318920728:  Hold'em Limit ($3/$6 USD) - 2016/07/22 19:52:46 ET
Table 'Priamus II' 6-max Seat #2 is the button
Seat 2: Chessnok ($73.26 in chips)
Seat 3: hookonhook ($144 in chips)
Chessnok: posts small blind $1
hookonhook: posts big blind $3
*** HOLE CARDS ***
Chessnok: raises $3 to $6
hookonhook: calls $3
*** FLOP *** [Th 9d Ac]
hookonhook: checks
Chessnok: bets $3
hookonhook: calls $3
*** TURN *** [Th 9d Ac] [Ts]
hookonhook: checks
Chessnok: bets $6
hookonhook: raises $6 to $12
Chessnok: folds
Uncalled bet ($6) returned to hookonhook
hookonhook collected $29.50 from pot
*** SUMMARY ***
Total pot $30 | Rake $0.50
Board [Th 9d Ac Ts]
Seat 2: Chessnok (button) (small blind) folded on the Turn
Seat 3: hookonhook (big blind) collected ($29.50)


PokerStars Hand #156318948822:  Hold'em Limit ($3/$6 USD) - 2016/07/22 19:53:41 ET
Table 'Priamus II' 6-max Seat #2 is the button
Seat 2: Chessnok ($60 in chips)
Seat 3: hookonhook ($192 in chips)
Chessnok: posts small blind $1
hookonhook: posts big blind $3
*** HOLE CARDS ***
Chessnok: raises $3 to $6
hookonhook: calls $3
*** FLOP *** [3h 2h 5d]
hookonhook: checks
Chessnok: bets $3
hookonhook: raises $3 to $6
Chessnok: calls $3
*** TURN *** [3h 2h 5d] [Jc]
hookonhook: bets $6
Chessnok: calls $6
*** RIVER *** [3h 2h 5d Jc] [Jh]
hookonhook: bets $6
Chessnok: calls $6
*** SHOW DOWN ***
hookonhook: shows [As 5s] (two pair, Jacks and Fives)
Chessnok: mucks hand
hookonhook collected $47.50 from pot
*** SUMMARY ***
Total pot $48 | Rake $0.50
Board [3h 2h 5d Jc Jh]
Seat 2: Chessnok (button) (small blind) mucked
Seat 3: hookonhook (big blind) showed [As 5s] and won ($47.50) with two pair, Jacks and Fives


PokerStars Hand #156318961945:  Hold'em Limit ($3/$6 USD) - 2016/07/22 19:54:06 ET
Table 'Priamus II' 6-max Seat #3 is the button
Seat 2: Chessnok ($60 in chips)
Seat 3: hookonhook ($215.50 in chips)
hookonhook: posts small blind $1
Chessnok: posts big blind $3
*** HOLE CARDS ***
hookonhook: raises $3 to $6
Chessnok: raises $3 to $9
hookonhook: calls $3
*** FLOP *** [8s 3d 5c]
Chessnok: bets $3
hookonhook: calls $3
*** TURN *** [8s 3d 5c] [4s]
Chessnok: checks
hookonhook: checks
*** RIVER *** [8s 3d 5c 4s] [Kh]
Chessnok: bets $6
hookonhook: folds
Uncalled bet ($6) returned to Chessnok
Chessnok collected $23.52 from pot
Chessnok: doesn't show hand
ZinnurovZak joins the table at seat #4
*** SUMMARY ***
Total pot $24 | Rake $0.48
Board [8s 3d 5c 4s Kh]
Seat 2: Chessnok (big blind) collected ($23.52)
Seat 3: hookonhook (button) (small blind) folded on the River


PokerStars Hand #156318972664:  Hold'em Limit ($3/$6 USD) - 2016/07/22 19:54:27 ET
Table 'Priamus II' 6-max Seat #2 is the button
Seat 2: Chessnok ($71.52 in chips)
Seat 3: hookonhook ($203.50 in chips)
Chessnok: posts small blind $1
hookonhook: posts big blind $3
*** HOLE CARDS ***
Chessnok: raises $3 to $6
hookonhook: raises $3 to $9
Chessnok: calls $3
*** FLOP *** [Ah 4c 3d]
hookonhook: bets $3
Chessnok: calls $3
*** TURN *** [Ah 4c 3d] [3s]
hookonhook: bets $6
Chessnok: folds
Uncalled bet ($6) returned to hookonhook
hookonhook collected $23.52 from pot
*** SUMMARY ***
Total pot $24 | Rake $0.48
Board [Ah 4c 3d 3s]
Seat 2: Chessnok (button) (small blind) folded on the Turn
Seat 3: hookonhook (big blind) collected ($23.52)


PokerStars Hand #156319083440:  Hold'em Limit ($3/$6 USD) - 2016/07/22 19:58:43 ET
Table 'Priamus II' 6-max Seat #2 is the button
Seat 2: Chessnok ($86.35 in chips)
Seat 4: ZinnurovZak ($142.24 in chips)
Chessnok: posts small blind $1
hookonhook: is sitting out
ZinnurovZak: posts big blind $3
*** HOLE CARDS ***
Chessnok: raises $3 to $6
hookonhook leaves the table
ZinnurovZak: folds
Uncalled bet ($3) returned to Chessnok
Chessnok collected $6 from pot
Chessnok: doesn't show hand
*** SUMMARY ***
Total pot $6 | Rake $0
Seat 2: Chessnok (button) (small blind) collected ($6)
Seat 4: ZinnurovZak (big blind) folded before Flop


PokerStars Hand #156319093030:  Hold'em Limit ($3/$6 USD) - 2016/07/22 19:59:05 ET
Table 'Priamus II' 6-max Seat #4 is the button
Seat 2: Chessnok ($85.35 in chips)
Seat 4: ZinnurovZak ($143.24 in chips)
ZinnurovZak: posts small blind $1
Chessnok: posts big blind $3
*** HOLE CARDS ***
ZinnurovZak: folds
Uncalled bet ($2) returned to Chessnok
Chessnok collected $2 from pot
Chessnok: doesn't show hand
*** SUMMARY ***
Total pot $2 | Rake $0
Seat 2: Chessnok (big blind) collected ($2)
Seat 4: ZinnurovZak (button) (small blind) folded before Flop


PokerStars Hand #156319089902:  Hold'em Limit ($3/$6 USD) - 2016/07/22 19:58:58 ET
Table 'Priamus II' 6-max Seat #2 is the button
Seat 2: Chessnok ($86.35 in chips)
Seat 4: ZinnurovZak ($142.24 in chips)
Chessnok: posts small blind $1
ZinnurovZak: posts big blind $3
*** HOLE CARDS ***
Chessnok: folds
Uncalled bet ($2) returned to ZinnurovZak
ZinnurovZak collected $2 from pot
ZinnurovZak: doesn't show hand
*** SUMMARY ***
Total pot $2 | Rake $0
Seat 2: Chessnok (button) (small blind) folded before Flop
Seat 4: ZinnurovZak (big blind) collected ($2)


PokerStars Hand #156319086753:  Hold'em Limit ($3/$6 USD) - 2016/07/22 19:58:50 ET
Table 'Priamus II' 6-max Seat #4 is the button
Seat 2: Chessnok ($89.35 in chips)
Seat 4: ZinnurovZak ($139.24 in chips)
ZinnurovZak: posts small blind $1
Chessnok: posts big blind $3
*** HOLE CARDS ***
ZinnurovZak: raises $3 to $6
Chessnok: folds
Uncalled bet ($3) returned to ZinnurovZak
ZinnurovZak collected $6 from pot
ZinnurovZak: doesn't show hand
*** SUMMARY ***
Total pot $6 | Rake $0
Seat 2: Chessnok (big blind) folded before Flop
Seat 4: ZinnurovZak (button) (small blind) collected ($6)


