PokerStars Hand #156319499621:  Hold'em Limit ($3/$6 USD) - 2016/07/22 20:12:47 ET
Table 'Priamus II' 6-max Seat #6 is the button
Seat 2: Chessnok ($80.35 in chips)
Seat 6: sda.80.16 ($79.81 in chips)
sda.80.16: posts small blind $1
Chessnok: posts big blind $3
*** HOLE CARDS ***
sda.80.16: raises $3 to $6
Chessnok: calls $3
*** FLOP *** [4d 4c Kd]
Chessnok: checks
sda.80.16: bets $3
Chessnok: folds
Uncalled bet ($3) returned to sda.80.16
sda.80.16 collected $11.76 from pot
sda.80.16: doesn't show hand
*** SUMMARY ***
Total pot $12 | Rake $0.24
Board [4d 4c Kd]
Seat 2: Chessnok (big blind) folded on the Flop
Seat 6: sda.80.16 (button) (small blind) collected ($11.76)


PokerStars Hand #156319488626:  Hold'em Limit ($3/$6 USD) - 2016/07/22 20:12:24 ET
Table 'Priamus II' 6-max Seat #2 is the button
Seat 2: Chessnok ($86.35 in chips)
Seat 6: sda.80.16 ($74.05 in chips)
Chessnok: posts small blind $1
sda.80.16: posts big blind $3
*** HOLE CARDS ***
Chessnok: raises $3 to $6
sda.80.16: calls $3
*** FLOP *** [2h 6s Kh]
sda.80.16: checks
Chessnok: checks
*** TURN *** [2h 6s Kh] [7d]
sda.80.16: bets $6
Chessnok: folds
Uncalled bet ($6) returned to sda.80.16
sda.80.16 collected $11.76 from pot
sda.80.16: doesn't show hand
*** SUMMARY ***
Total pot $12 | Rake $0.24
Board [2h 6s Kh 7d]
Seat 2: Chessnok (button) (small blind) folded on the Turn
Seat 6: sda.80.16 (big blind) collected ($11.76)


PokerStars Hand #156319519122:  Hold'em Limit ($3/$6 USD) - 2016/07/22 20:13:28 ET
Table 'Priamus II' 6-max Seat #6 is the button
Seat 2: Chessnok ($94.85 in chips)
Seat 6: sda.80.16 ($64.57 in chips)
sda.80.16: posts small blind $1
Chessnok: posts big blind $3
*** HOLE CARDS ***
sda.80.16: raises $3 to $6
Chessnok: raises $3 to $9
sda.80.16: calls $3
*** FLOP *** [2c 3h 9s]
Chessnok: bets $3
sda.80.16: calls $3
*** TURN *** [2c 3h 9s] [Qc]
Chessnok: bets $6
sda.80.16: calls $6
*** RIVER *** [2c 3h 9s Qc] [4d]
Chessnok: checks
sda.80.16: bets $6
Chessnok: raises $6 to $12
sda.80.16: calls $6
*** SHOW DOWN ***
Chessnok: shows [Qs Kh] (a pair of Queens)
sda.80.16: mucks hand
Chessnok collected $59.50 from pot
*** SUMMARY ***
Total pot $60 | Rake $0.50
Board [2c 3h 9s Qc 4d]
Seat 2: Chessnok (big blind) showed [Qs Kh] and won ($59.50) with a pair of Queens
Seat 6: sda.80.16 (button) (small blind) mucked


PokerStars Hand #156319505971:  Hold'em Limit ($3/$6 USD) - 2016/07/22 20:13:00 ET
Table 'Priamus II' 6-max Seat #2 is the button
Seat 2: Chessnok ($74.35 in chips)
Seat 6: sda.80.16 ($85.57 in chips)
Chessnok: posts small blind $1
sda.80.16: posts big blind $3
*** HOLE CARDS ***
Chessnok: raises $3 to $6
sda.80.16: calls $3
*** FLOP *** [7h 9h Qc]
robergpoker joins the table at seat #5
sda.80.16: checks
Chessnok: bets $3
sda.80.16: calls $3
*** TURN *** [7h 9h Qc] [Kh]
sda.80.16: checks
Chessnok: bets $6
sda.80.16: calls $6
*** RIVER *** [7h 9h Qc Kh] [Kc]
sda.80.16: checks
Chessnok: bets $6
sda.80.16: calls $6
*** SHOW DOWN ***
Chessnok: shows [Qd Qs] (a full house, Queens full of Kings)
sda.80.16: mucks hand
Chessnok collected $41.50 from pot
*** SUMMARY ***
Total pot $42 | Rake $0.50
Board [7h 9h Qc Kh Kc]
Seat 2: Chessnok (button) (small blind) showed [Qd Qs] and won ($41.50) with a full house, Queens full of Kings
Seat 6: sda.80.16 (big blind) mucked


PokerStars Hand #156319584720:  Hold'em Limit ($3/$6 USD) - 2016/07/22 20:15:44 ET
Table 'Priamus II' 6-max Seat #5 is the button
Seat 4: cipok ($26 in chips)
Seat 5: robergpoker ($151.93 in chips)
robergpoker: posts small blind $1
Chessnok: is sitting out
cipok: posts big blind $3
*** HOLE CARDS ***
robergpoker: raises $3 to $6
cipok: raises $3 to $9
robergpoker: calls $3
*** FLOP *** [Qs 6h Ad]
sda.80.16 leaves the table
cipok: bets $3
robergpoker: calls $3
*** TURN *** [Qs 6h Ad] [3d]
cipok: bets $6
robergpoker: calls $6
*** RIVER *** [Qs 6h Ad 3d] [2d]
cipok: bets $6
robergpoker: raises $6 to $12
cipok: calls $2 and is all-in
Uncalled bet ($4) returned to robergpoker
*** SHOW DOWN ***
robergpoker: shows [2h Qc] (two pair, Queens and Deuces)
cipok: shows [4d 4c] (a pair of Fours)
robergpoker collected $51.50 from pot
*** SUMMARY ***
Total pot $52 | Rake $0.50
Board [Qs 6h Ad 3d 2d]
Seat 4: cipok (big blind) showed [4d 4c] and lost with a pair of Fours
Seat 5: robergpoker (button) (small blind) showed [2h Qc] and won ($51.50) with two pair, Queens and Deuces


PokerStars Hand #156319622228:  Hold'em Limit ($3/$6 USD) - 2016/07/22 20:17:02 ET
Table 'Priamus II' 6-max Seat #5 is the button
Seat 4: cipok ($14 in chips)
Seat 5: robergpoker ($192.83 in chips)
robergpoker: posts small blind $1
cipok: posts big blind $3
*** HOLE CARDS ***
robergpoker: raises $3 to $6
cipok: raises $3 to $9
robergpoker: raises $3 to $12
Betting is capped
cipok: calls $3
*** FLOP *** [Kd 2c 9d]
cipok: bets $2 and is all-in
robergpoker: calls $2
*** TURN *** [Kd 2c 9d] [Jh]
*** RIVER *** [Kd 2c 9d Jh] [Th]
*** SHOW DOWN ***
cipok: shows [2h Qs] (a straight, Nine to King)
robergpoker: shows [Ks Ad] (a pair of Kings)
cipok collected $27.50 from pot
*** SUMMARY ***
Total pot $28 | Rake $0.50
Board [Kd 2c 9d Jh Th]
Seat 4: cipok (big blind) showed [2h Qs] and won ($27.50) with a straight, Nine to King
Seat 5: robergpoker (button) (small blind) showed [Ks Ad] and lost with a pair of Kings


PokerStars Hand #156319611634:  Hold'em Limit ($3/$6 USD) - 2016/07/22 20:16:40 ET
Table 'Priamus II' 6-max Seat #4 is the button
Seat 4: cipok ($23 in chips)
Seat 5: robergpoker ($184.19 in chips)
cipok: posts small blind $1
robergpoker: posts big blind $3
*** HOLE CARDS ***
cipok: raises $3 to $6
robergpoker: calls $3
*** FLOP *** [7h 8h Ad]
robergpoker: checks
cipok: bets $3
robergpoker: calls $3
*** TURN *** [7h 8h Ad] [3s]
robergpoker: checks
cipok: checks
*** RIVER *** [7h 8h Ad 3s] [Js]
robergpoker: bets $6
cipok: folds
Uncalled bet ($6) returned to robergpoker
robergpoker collected $17.64 from pot
robergpoker: doesn't show hand
*** SUMMARY ***
Total pot $18 | Rake $0.36
Board [7h 8h Ad 3s Js]
Seat 4: cipok (button) (small blind) folded on the River
Seat 5: robergpoker (big blind) collected ($17.64)


PokerStars Hand #156319606722:  Hold'em Limit ($3/$6 USD) - 2016/07/22 20:16:30 ET
Table 'Priamus II' 6-max Seat #5 is the button
Seat 4: cipok ($29 in chips)
Seat 5: robergpoker ($178.43 in chips)
robergpoker: posts small blind $1
cipok: posts big blind $3
*** HOLE CARDS ***
robergpoker: raises $3 to $6
cipok: calls $3
*** FLOP *** [7s 7d 8s]
cipok: checks
robergpoker: bets $3
cipok: folds
Uncalled bet ($3) returned to robergpoker
robergpoker collected $11.76 from pot
robergpoker: doesn't show hand
*** SUMMARY ***
Total pot $12 | Rake $0.24
Board [7s 7d 8s]
Seat 4: cipok (big blind) folded on the Flop
Seat 5: robergpoker (button) (small blind) collected ($11.76)


PokerStars Hand #156319603641:  Hold'em Limit ($3/$6 USD) - 2016/07/22 20:16:24 ET
Table 'Priamus II' 6-max Seat #4 is the button
Seat 4: cipok ($30 in chips)
Seat 5: robergpoker ($177.43 in chips)
cipok: posts small blind $1
robergpoker: posts big blind $3
*** HOLE CARDS ***
cipok: folds
Uncalled bet ($2) returned to robergpoker
robergpoker collected $2 from pot
robergpoker: doesn't show hand
*** SUMMARY ***
Total pot $2 | Rake $0
Seat 4: cipok (button) (small blind) folded before Flop
Seat 5: robergpoker (big blind) collected ($2)


PokerStars Hand #156319630913:  Hold'em Limit ($3/$6 USD) - 2016/07/22 20:17:20 ET
Table 'Priamus II' 6-max Seat #4 is the button
Seat 4: cipok ($27.50 in chips)
Seat 5: robergpoker ($178.83 in chips)
cipok: posts small blind $1
robergpoker: posts big blind $3
*** HOLE CARDS ***
cipok: folds
Uncalled bet ($2) returned to robergpoker
robergpoker collected $2 from pot
robergpoker: doesn't show hand
*** SUMMARY ***
Total pot $2 | Rake $0
Seat 4: cipok (button) (small blind) folded before Flop
Seat 5: robergpoker (big blind) collected ($2)


PokerStars Hand #156319657430:  Hold'em Limit ($3/$6 USD) - 2016/07/22 20:18:16 ET
Table 'Priamus II' 6-max Seat #4 is the button
Seat 4: cipok ($52.02 in chips)
Seat 5: robergpoker ($153.33 in chips)
cipok: posts small blind $1
robergpoker: posts big blind $3
*** HOLE CARDS ***
Actionni13 joins the table at seat #6
cipok: folds
Uncalled bet ($2) returned to robergpoker
robergpoker collected $2 from pot
robergpoker: doesn't show hand
*** SUMMARY ***
Total pot $2 | Rake $0
Seat 4: cipok (button) (small blind) folded before Flop
Seat 5: robergpoker (big blind) collected ($2)


PokerStars Hand #156319645862:  Hold'em Limit ($3/$6 USD) - 2016/07/22 20:17:52 ET
Table 'Priamus II' 6-max Seat #5 is the button
Seat 4: cipok ($26.26 in chips)
Seat 5: robergpoker ($179.59 in chips)
robergpoker: posts small blind $1
cipok: posts big blind $3
*** HOLE CARDS ***
Haavard100 joins the table at seat #3
robergpoker: raises $3 to $6
cipok: raises $3 to $9
robergpoker: calls $3
*** FLOP *** [9d 8h 7h]
cipok: bets $3
robergpoker: raises $3 to $6
cipok: raises $3 to $9
robergpoker: raises $3 to $12
Betting is capped
cipok: calls $3
*** TURN *** [9d 8h 7h] [8d]
cipok: bets $5.26 and is all-in
robergpoker: calls $5.26
*** RIVER *** [9d 8h 7h 8d] [8s]
*** SHOW DOWN ***
cipok: shows [Jc Ac] (three of a kind, Eights)
robergpoker: shows [5d Tc] (three of a kind, Eights - lower kicker)
cipok collected $52.02 from pot
*** SUMMARY ***
Total pot $52.52 | Rake $0.50
Board [9d 8h 7h 8d 8s]
Seat 4: cipok (big blind) showed [Jc Ac] and won ($52.02) with three of a kind, Eights
Seat 5: robergpoker (button) (small blind) showed [5d Tc] and lost with three of a kind, Eights


PokerStars Hand #156319639959:  Hold'em Limit ($3/$6 USD) - 2016/07/22 20:17:39 ET
Table 'Priamus II' 6-max Seat #4 is the button
Seat 4: cipok ($20.50 in chips)
Seat 5: robergpoker ($185.59 in chips)
cipok: posts small blind $1
robergpoker: posts big blind $3
*** HOLE CARDS ***
cipok: raises $3 to $6
robergpoker: calls $3
*** FLOP *** [7d 7s Kh]
robergpoker: checks
cipok: bets $3
robergpoker: folds
Uncalled bet ($3) returned to cipok
cipok collected $11.76 from pot
*** SUMMARY ***
Total pot $12 | Rake $0.24
Board [7d 7s Kh]
Seat 4: cipok (button) (small blind) collected ($11.76)
Seat 5: robergpoker (big blind) folded on the Flop


PokerStars Hand #156319634741:  Hold'em Limit ($3/$6 USD) - 2016/07/22 20:17:28 ET
Table 'Priamus II' 6-max Seat #5 is the button
Seat 4: cipok ($26.50 in chips)
Seat 5: robergpoker ($179.83 in chips)
robergpoker: posts small blind $1
cipok: posts big blind $3
*** HOLE CARDS ***
robergpoker: raises $3 to $6
cipok: calls $3
*** FLOP *** [4h Qs 6d]
cipok: checks
robergpoker: bets $3
cipok: folds
Uncalled bet ($3) returned to robergpoker
robergpoker collected $11.76 from pot
robergpoker: doesn't show hand
*** SUMMARY ***
Total pot $12 | Rake $0.24
Board [4h Qs 6d]
Seat 4: cipok (big blind) folded on the Flop
Seat 5: robergpoker (button) (small blind) collected ($11.76)


PokerStars Hand #156321209848:  Hold'em Limit ($3/$6 USD) - 2016/07/22 21:17:07 ET
Table 'Priamus II' 6-max Seat #6 is the button
Seat 1: hookonhook ($175.76 in chips)
Seat 6: pulvris ($54.77 in chips)
pulvris: posts small blind $1
hookonhook: posts big blind $3
*** HOLE CARDS ***
pulvris: folds
Uncalled bet ($2) returned to hookonhook
hookonhook collected $2 from pot
*** SUMMARY ***
Total pot $2 | Rake $0
Seat 1: hookonhook (big blind) collected ($2)
Seat 6: pulvris (button) (small blind) folded before Flop


PokerStars Hand #156321204210:  Hold'em Limit ($3/$6 USD) - 2016/07/22 21:16:54 ET
Table 'Priamus II' 6-max Seat #1 is the button
Seat 1: hookonhook ($170 in chips)
Seat 6: pulvris ($60.77 in chips)
hookonhook: posts small blind $1
pulvris: posts big blind $3
*** HOLE CARDS ***
hookonhook: raises $3 to $6
pulvris: calls $3
*** FLOP *** [Ac Qc Jc]
pulvris: checks
hookonhook: bets $3
pulvris: folds
Uncalled bet ($3) returned to hookonhook
hookonhook collected $11.76 from pot
*** SUMMARY ***
Total pot $12 | Rake $0.24
Board [Ac Qc Jc]
Seat 1: hookonhook (button) (small blind) collected ($11.76)
Seat 6: pulvris (big blind) folded on the Flop


PokerStars Hand #156321191842:  Hold'em Limit ($3/$6 USD) - 2016/07/22 21:16:24 ET
Table 'Priamus II' 6-max Seat #1 is the button
Seat 1: hookonhook ($196 in chips)
Seat 6: pulvris ($35.27 in chips)
hookonhook: posts small blind $1
pulvris: posts big blind $3
*** HOLE CARDS ***
hookonhook: raises $3 to $6
pulvris: calls $3
*** FLOP *** [6d 8c Qs]
pulvris: checks
hookonhook: bets $3
pulvris: calls $3
*** TURN *** [6d 8c Qs] [7s]
pulvris: checks
hookonhook: bets $6
pulvris: calls $6
*** RIVER *** [6d 8c Qs 7s] [As]
pulvris: checks
hookonhook: bets $6
pulvris: raises $6 to $12
hookonhook: calls $6
*** SHOW DOWN ***
pulvris: shows [Ad 9s] (a pair of Aces)
hookonhook: mucks hand
pulvris collected $53.50 from pot
*** SUMMARY ***
Total pot $54 | Rake $0.50
Board [6d 8c Qs 7s As]
Seat 1: hookonhook (button) (small blind) mucked
Seat 6: pulvris (big blind) showed [Ad 9s] and won ($53.50) with a pair of Aces


PokerStars Hand #156321211947:  Hold'em Limit ($3/$6 USD) - 2016/07/22 21:17:12 ET
Table 'Priamus II' 6-max Seat #1 is the button
Seat 1: hookonhook ($176.76 in chips)
Seat 6: pulvris ($53.77 in chips)
hookonhook: posts small blind $1
pulvris: posts big blind $3
*** HOLE CARDS ***
hookonhook: raises $3 to $6
pulvris: calls $3
*** FLOP *** [5c Tc 9c]
pulvris: folds
hookonhook collected $11.76 from pot
*** SUMMARY ***
Total pot $12 | Rake $0.24
Board [5c Tc 9c]
Seat 1: hookonhook (button) (small blind) collected ($11.76)
Seat 6: pulvris (big blind) folded on the Flop


PokerStars Hand #156321202225:  Hold'em Limit ($3/$6 USD) - 2016/07/22 21:16:49 ET
Table 'Priamus II' 6-max Seat #6 is the button
Seat 1: hookonhook ($169 in chips)
Seat 6: pulvris ($61.77 in chips)
pulvris: posts small blind $1
hookonhook: posts big blind $3
*** HOLE CARDS ***
pulvris: folds
Uncalled bet ($2) returned to hookonhook
hookonhook collected $2 from pot
*** SUMMARY ***
Total pot $2 | Rake $0
Seat 1: hookonhook (big blind) collected ($2)
Seat 6: pulvris (button) (small blind) folded before Flop


