PokerStars Hand #155965993172:  Hold'em Limit ($3/$6 USD) - 2016/07/14 14:02:13 ET
Table 'Priamus' 6-max Seat #1 is the button
Seat 1: Butifara4416 ($77.50 in chips)
Seat 3: esk721 ($127.54 in chips)
Butifara4416: posts small blind $1
esk721: posts big blind $3
*** HOLE CARDS ***
Butifara4416: raises $3 to $6
esk721: folds
Uncalled bet ($3) returned to Butifara4416
Butifara4416 collected $6 from pot
Butifara4416: doesn't show hand
*** SUMMARY ***
Total pot $6 | Rake $0
Seat 1: Butifara4416 (button) (small blind) collected ($6)
Seat 3: esk721 (big blind) folded before Flop


PokerStars Hand #155965970741:  Hold'em Limit ($3/$6 USD) - 2016/07/14 14:01:41 ET
Table 'Priamus' 6-max Seat #3 is the button
Seat 1: Butifara4416 ($92.50 in chips)
Seat 3: esk721 ($113.04 in chips)
esk721: posts small blind $1
Butifara4416: posts big blind $3
*** HOLE CARDS ***
esk721: raises $3 to $6
Gungster56 leaves the table
Butifara4416: raises $3 to $9
esk721: raises $3 to $12
Betting is capped
Butifara4416: calls $3
*** FLOP *** [2c 4d 6d]
Butifara4416: checks
esk721: bets $3
Butifara4416: calls $3
*** TURN *** [2c 4d 6d] [3s]
Butifara4416: checks
esk721: bets $6
Butifara4416: folds
Uncalled bet ($6) returned to esk721
esk721 collected $29.50 from pot
esk721: doesn't show hand
*** SUMMARY ***
Total pot $30 | Rake $0.50
Board [2c 4d 6d 3s]
Seat 1: Butifara4416 (big blind) folded on the Turn
Seat 3: esk721 (button) (small blind) collected ($29.50)


PokerStars Hand #155965951329:  Hold'em Limit ($3/$6 USD) - 2016/07/14 14:01:13 ET
Table 'Priamus' 6-max Seat #1 is the button
Seat 1: Butifara4416 ($72 in chips)
Seat 3: esk721 ($134.04 in chips)
Butifara4416: posts small blind $1
esk721: posts big blind $3
*** HOLE CARDS ***
Butifara4416: raises $3 to $6
esk721: calls $3
*** FLOP *** [4c 2h 3h]
esk721: bets $3
Butifara4416: calls $3
*** TURN *** [4c 2h 3h] [Kc]
esk721: bets $6
Butifara4416: raises $6 to $12
Gungster56 joins the table at seat #2
esk721: calls $6
*** RIVER *** [4c 2h 3h Kc] [7d]
esk721: checks
Butifara4416: bets $6
esk721: folds
Uncalled bet ($6) returned to Butifara4416
Butifara4416 collected $41.50 from pot
Butifara4416: doesn't show hand
*** SUMMARY ***
Total pot $42 | Rake $0.50
Board [4c 2h 3h Kc 7d]
Seat 1: Butifara4416 (button) (small blind) collected ($41.50)
Seat 3: esk721 (big blind) folded on the River


PokerStars Hand #155966005644:  Hold'em Limit ($3/$6 USD) - 2016/07/14 14:02:31 ET
Table 'Priamus' 6-max Seat #1 is the button
Seat 1: Butifara4416 ($77.50 in chips)
Seat 3: esk721 ($127.54 in chips)
Butifara4416: posts small blind $1
esk721: posts big blind $3
*** HOLE CARDS ***
Butifara4416: folds
Uncalled bet ($2) returned to esk721
esk721 collected $2 from pot
esk721: doesn't show hand
*** SUMMARY ***
Total pot $2 | Rake $0
Seat 1: Butifara4416 (button) (small blind) folded before Flop
Seat 3: esk721 (big blind) collected ($2)


PokerStars Hand #155965999900:  Hold'em Limit ($3/$6 USD) - 2016/07/14 14:02:23 ET
Table 'Priamus' 6-max Seat #3 is the button
Seat 1: Butifara4416 ($80.50 in chips)
Seat 3: esk721 ($124.54 in chips)
esk721: posts small blind $1
Butifara4416: posts big blind $3
*** HOLE CARDS ***
esk721: raises $3 to $6
Butifara4416: folds
Uncalled bet ($3) returned to esk721
esk721 collected $6 from pot
esk721: doesn't show hand
iskambil joins the table at seat #5
*** SUMMARY ***
Total pot $6 | Rake $0
Seat 1: Butifara4416 (big blind) folded before Flop
Seat 3: esk721 (button) (small blind) collected ($6)


