PokerStars Hand #149235707086:  Hold'em Limit ($3/$6 USD) - 2016/02/22 10:12:27 ET
Table 'Priamus II' 6-max Seat #4 is the button
Seat 1: utderde ($93.04 in chips)
Seat 4: Agrotait ($73 in chips)
Agrotait: posts small blind $1
utderde: posts big blind $3
*** HOLE CARDS ***
Agrotait: raises $3 to $6
utderde: calls $3
*** FLOP *** [8h Jh Qd]
BuzovaPro joins the table at seat #2
utderde: checks
Agrotait: bets $3
utderde: calls $3
*** TURN *** [8h Jh Qd] [Kh]
utderde: bets $6
Agrotait: raises $6 to $12
utderde: calls $6
*** RIVER *** [8h Jh Qd Kh] [Ks]
utderde: checks
Agrotait: bets $6
utderde: calls $6
*** SHOW DOWN ***
Agrotait: shows [6h 2h] (a flush, King high)
utderde: mucks hand
Agrotait collected $53.50 from pot
*** SUMMARY ***
Total pot $54 | Rake $0.50
Board [8h Jh Qd Kh Ks]
Seat 1: utderde (big blind) mucked
Seat 4: Agrotait (button) (small blind) showed [6h 2h] and won ($53.50) with a flush, King high


PokerStars Hand #149236586285:  Hold'em Limit ($3/$6 USD) - 2016/02/22 10:32:13 ET
Table 'Priamus II' 6-max Seat #6 is the button
Seat 5: Günni1959 ($203.12 in chips)
Seat 6: Velbor107 ($213.53 in chips)
Velbor107: posts small blind $1
BuzovaPro: is sitting out
Chessnok: is sitting out
Günni1959: posts big blind $3
*** HOLE CARDS ***
Chessnok leaves the table
Velbor107: folds
Uncalled bet ($2) returned to Günni1959
Günni1959 collected $2 from pot
Günni1959: doesn't show hand
*** SUMMARY ***
Total pot $2 | Rake $0
Seat 5: Günni1959 (big blind) collected ($2)
Seat 6: Velbor107 (button) (small blind) folded before Flop


