PokerStars Hand #176337768830:  Hold'em Limit ($3/$6 USD) - 2017/10/01 0:16:54 ET
Table 'Priamus' 6-max Seat #5 is the button
Seat 4: Brama Br ($531.79 in chips)
Seat 5: 3Princesses ($74.06 in chips)
3Princesses: posts small blind $1
Brama Br: posts big blind $3
*** HOLE CARDS ***
3Princesses: calls $2
Brama Br: raises $3 to $6
3Princesses: calls $3
*** FLOP *** [6h 3s Qd]
Brama Br: bets $3
3Princesses: calls $3
*** TURN *** [6h 3s Qd] [Qh]
Brama Br: bets $6
3Princesses: calls $6
*** RIVER *** [6h 3s Qd Qh] [2h]
Brama Br: bets $6
3Princesses: calls $6
*** SHOW DOWN ***
Brama Br: shows [Td Ts] (two pair, Queens and Tens)
3Princesses: mucks hand
Brama Br collected $41.50 from pot
*** SUMMARY ***
Total pot $42 | Rake $0.50
Board [6h 3s Qd Qh 2h]
Seat 4: Brama Br (big blind) showed [Td Ts] and won ($41.50) with two pair, Queens and Tens
Seat 5: 3Princesses (button) (small blind) mucked


PokerStars Hand #176337766998:  Hold'em Limit ($3/$6 USD) - 2017/10/01 0:16:47 ET
Table 'Priamus' 6-max Seat #4 is the button
Seat 4: Brama Br ($532.79 in chips)
Seat 5: 3Princesses ($73.06 in chips)
Brama Br: posts small blind $1
3Princesses: posts big blind $3
*** HOLE CARDS ***
Brama Br: folds
Uncalled bet ($2) returned to 3Princesses
3Princesses collected $2 from pot
3Princesses: doesn't show hand
*** SUMMARY ***
Total pot $2 | Rake $0
Seat 4: Brama Br (button) (small blind) folded before Flop
Seat 5: 3Princesses (big blind) collected ($2)


PokerStars Hand #176337773425:  Hold'em Limit ($3/$6 USD) - 2017/10/01 0:17:13 ET
Table 'Priamus' 6-max Seat #4 is the button
Seat 4: Brama Br ($552.29 in chips)
Seat 5: 3Princesses ($53.06 in chips)
Brama Br: posts small blind $1
3Princesses: posts big blind $3
*** HOLE CARDS ***
Brama Br: raises $3 to $6
3Princesses: raises $3 to $9
Brama Br: calls $3
*** FLOP *** [2h Jh 7h]
3Princesses: bets $3
Brama Br: calls $3
*** TURN *** [2h Jh 7h] [9h]
3Princesses: bets $6
Brama Br: calls $6
*** RIVER *** [2h Jh 7h 9h] [8h]
3Princesses: bets $6
Brama Br: calls $6
*** SHOW DOWN ***
3Princesses: shows [Td 2c] (a flush, Jack high)
Brama Br: shows [Qh Ks] (a flush, Queen high)
Brama Br collected $47.50 from pot
*** SUMMARY ***
Total pot $48 | Rake $0.50
Board [2h Jh 7h 9h 8h]
Seat 4: Brama Br (button) (small blind) showed [Qh Ks] and won ($47.50) with a flush, Queen high
Seat 5: 3Princesses (big blind) showed [Td 2c] and lost with a flush, Jack high


PokerStars Hand #176337778904:  Hold'em Limit ($3/$6 USD) - 2017/10/01 0:17:34 ET
Table 'Priamus' 6-max Seat #5 is the button
Seat 4: Brama Br ($575.79 in chips)
Seat 5: 3Princesses ($29.06 in chips)
3Princesses: posts small blind $1
Brama Br: posts big blind $3
*** HOLE CARDS ***
DECAlpha joins the table at seat #6
3Princesses: raises $3 to $6
Brama Br: calls $3
*** FLOP *** [3d As 8c]
Brama Br: checks
3Princesses: bets $3
Brama Br: calls $3
*** TURN *** [3d As 8c] [Js]
Brama Br: checks
3Princesses: checks
*** RIVER *** [3d As 8c Js] [Kc]
Brama Br: bets $6
3Princesses: folds
Uncalled bet ($6) returned to Brama Br
Brama Br collected $17.64 from pot
Brama Br: doesn't show hand
*** SUMMARY ***
Total pot $18 | Rake $0.36
Board [3d As 8c Js Kc]
Seat 4: Brama Br (big blind) collected ($17.64)
Seat 5: 3Princesses (button) (small blind) folded on the River


PokerStars Hand #176337783946:  Hold'em Limit ($3/$6 USD) - 2017/10/01 0:17:54 ET
Table 'Priamus' 6-max Seat #4 is the button
Seat 4: Brama Br ($584.43 in chips)
Seat 5: 3Princesses ($20.06 in chips)
Brama Br: posts small blind $1
3Princesses: posts big blind $3
*** HOLE CARDS ***
Brama Br: raises $3 to $6
yayaya joins the table at seat #1
3Princesses: calls $3
*** FLOP *** [Ks 4s 2c]
3Princesses: checks
Brama Br: bets $3
3Princesses: raises $3 to $6
Brama Br: folds
Uncalled bet ($3) returned to 3Princesses
3Princesses collected $17.64 from pot
3Princesses: doesn't show hand
*** SUMMARY ***
Total pot $18 | Rake $0.36
Board [Ks 4s 2c]
Seat 4: Brama Br (button) (small blind) folded on the Flop
Seat 5: 3Princesses (big blind) collected ($17.64)


PokerStars Hand #176337795653:  Hold'em Limit ($3/$6 USD) - 2017/10/01 0:18:41 ET
Table 'Priamus' 6-max Seat #4 is the button
Seat 4: Brama Br ($579.43 in chips)
Seat 5: 3Princesses ($27.70 in chips)
yayaya will be allowed to play after the button
Brama Br: posts small blind $1
3Princesses: posts big blind $3
*** HOLE CARDS ***
Brama Br: raises $3 to $6
3Princesses: raises $3 to $9
Brama Br: raises $3 to $12
Betting is capped
3Princesses: calls $3
*** FLOP *** [Th Qh 2h]
3Princesses: checks
Brama Br: bets $3
3Princesses: calls $3
*** TURN *** [Th Qh 2h] [Qs]
3Princesses: checks
Brama Br: bets $6
3Princesses: calls $6
*** RIVER *** [Th Qh 2h Qs] [Ah]
3Princesses: bets $6
Brama Br: raises $6 to $12
3Princesses: calls $0.70 and is all-in
Uncalled bet ($5.30) returned to Brama Br
*** SHOW DOWN ***
Brama Br: shows [Td Ts] (a full house, Tens full of Queens)
3Princesses: shows [5d Kh] (a flush, Ace high)
Brama Br collected $54.90 from pot
*** SUMMARY ***
Total pot $55.40 | Rake $0.50
Board [Th Qh 2h Qs Ah]
Seat 4: Brama Br (button) (small blind) showed [Td Ts] and won ($54.90) with a full house, Tens full of Queens
Seat 5: 3Princesses (big blind) showed [5d Kh] and lost with a flush, Ace high


PokerStars Hand #176338776887:  Hold'em Limit ($3/$6 USD) - 2017/10/01 1:26:36 ET
Table 'Priamus' 6-max Seat #5 is the button
Seat 1: yayaya ($243.76 in chips)
Seat 5: DECAlpha ($146.04 in chips)
DECAlpha: posts small blind $1
yayaya: posts big blind $3
*** HOLE CARDS ***
DECAlpha: raises $3 to $6
yayaya: raises $3 to $9
DECAlpha: raises $3 to $12
Betting is capped
yayaya: calls $3
*** FLOP *** [2d 4c 9c]
yayaya: bets $3
DECAlpha: raises $3 to $6
yayaya: calls $3
*** TURN *** [2d 4c 9c] [Td]
yayaya: checks
DECAlpha: bets $6
yayaya: calls $6
*** RIVER *** [2d 4c 9c Td] [Ks]
yayaya: checks
DECAlpha: checks
*** SHOW DOWN ***
yayaya: shows [8d 9d] (a pair of Nines)
DECAlpha: shows [Jc Jh] (a pair of Jacks)
DECAlpha collected $47.50 from pot
*** SUMMARY ***
Total pot $48 | Rake $0.50
Board [2d 4c 9c Td Ks]
Seat 1: yayaya (big blind) showed [8d 9d] and lost with a pair of Nines
Seat 5: DECAlpha (button) (small blind) showed [Jc Jh] and won ($47.50) with a pair of Jacks


PokerStars Hand #176338780885:  Hold'em Limit ($3/$6 USD) - 2017/10/01 1:26:54 ET
Table 'Priamus' 6-max Seat #1 is the button
Seat 1: yayaya ($219.76 in chips)
Seat 5: DECAlpha ($169.54 in chips)
yayaya: posts small blind $1
DECAlpha: posts big blind $3
*** HOLE CARDS ***
yayaya: raises $3 to $6
DECAlpha: calls $3
*** FLOP *** [2s 4h Qs]
DECAlpha: checks
yayaya: bets $3
DECAlpha: folds
Uncalled bet ($3) returned to yayaya
yayaya collected $11.76 from pot
*** SUMMARY ***
Total pot $12 | Rake $0.24
Board [2s 4h Qs]
Seat 1: yayaya (button) (small blind) collected ($11.76)
Seat 5: DECAlpha (big blind) folded on the Flop


