PokerStars Hand #146983054128:  Hold'em Limit ($3/$6 USD) - 2016/01/13 14:40:47 ET
Table 'Prieska II' 6-max Seat #1 is the button
Seat 1: VolkovDmitri ($124 in chips)
Seat 3: Panebi ($146 in chips)
VolkovDmitri: posts small blind $1
Panebi: posts big blind $3
*** HOLE CARDS ***
VolkovDmitri: raises $3 to $6
Panebi: raises $3 to $9
VolkovDmitri: calls $3
*** FLOP *** [3c 5c 6c]
Panebi: bets $3
VolkovDmitri: calls $3
*** TURN *** [3c 5c 6c] [Qc]
Panebi: bets $6
scorpio04 joins the table at seat #4
VolkovDmitri: calls $6
*** RIVER *** [3c 5c 6c Qc] [Ah]
Panebi: bets $6
VolkovDmitri: calls $6
*** SHOW DOWN ***
Panebi: shows [As Ts] (a pair of Aces)
VolkovDmitri: mucks hand
Panebi collected $47.50 from pot
*** SUMMARY ***
Total pot $48 | Rake $0.50
Board [3c 5c 6c Qc Ah]
Seat 1: VolkovDmitri (button) (small blind) mucked
Seat 3: Panebi (big blind) showed [As Ts] and won ($47.50) with a pair of Aces


PokerStars Hand #146985926930:  Hold'em Limit ($3/$6 USD) - 2016/01/13 15:28:18 ET
Table 'Prieska II' 6-max Seat #4 is the button
Seat 2: svoy2 ($190.72 in chips)
Seat 4: scorpio04 ($166.93 in chips)
scorpio04: posts small blind $1
Longstaaf: is sitting out
svoy2: posts big blind $3
*** HOLE CARDS ***
scorpio04: folds
Uncalled bet ($2) returned to svoy2
svoy2 collected $2 from pot
svoy2: doesn't show hand
Longstaaf leaves the table
*** SUMMARY ***
Total pot $2 | Rake $0
Seat 2: svoy2 (big blind) collected ($2)
Seat 4: scorpio04 (button) (small blind) folded before Flop


PokerStars Hand #146985952634:  Hold'em Limit ($3/$6 USD) - 2016/01/13 15:28:42 ET
Table 'Prieska II' 6-max Seat #4 is the button
Seat 2: svoy2 ($212.22 in chips)
Seat 4: scorpio04 ($144.93 in chips)
scorpio04: posts small blind $1
svoy2: posts big blind $3
*** HOLE CARDS ***
scorpio04: raises $3 to $6
svoy2: calls $3
*** FLOP *** [7s 2d 2s]
svoy2: checks
scorpio04: bets $3
svoy2: folds
Uncalled bet ($3) returned to scorpio04
scorpio04 collected $11.76 from pot
scorpio04: doesn't show hand
*** SUMMARY ***
Total pot $12 | Rake $0.24
Board [7s 2d 2s]
Seat 2: svoy2 (big blind) folded on the Flop
Seat 4: scorpio04 (button) (small blind) collected ($11.76)


PokerStars Hand #146985932288:  Hold'em Limit ($3/$6 USD) - 2016/01/13 15:28:23 ET
Table 'Prieska II' 6-max Seat #2 is the button
Seat 2: svoy2 ($191.72 in chips)
Seat 4: scorpio04 ($165.93 in chips)
svoy2: posts small blind $1
scorpio04: posts big blind $3
*** HOLE CARDS ***
svoy2: raises $3 to $6
scorpio04: calls $3
*** FLOP *** [3h 4s 8c]
scorpio04: checks
svoy2: bets $3
scorpio04: raises $3 to $6
svoy2: raises $3 to $9
scorpio04: calls $3
*** TURN *** [3h 4s 8c] [Js]
scorpio04: checks
svoy2: bets $6
scorpio04: calls $6
*** RIVER *** [3h 4s 8c Js] [5c]
scorpio04: checks
svoy2: checks
*** SHOW DOWN ***
scorpio04: shows [Kh 4c] (a pair of Fours)
svoy2: shows [7c 5d] (a pair of Fives)
svoy2 collected $41.50 from pot
*** SUMMARY ***
Total pot $42 | Rake $0.50
Board [3h 4s 8c Js 5c]
Seat 2: svoy2 (button) (small blind) showed [7c 5d] and won ($41.50) with a pair of Fives
Seat 4: scorpio04 (big blind) showed [Kh 4c] and lost with a pair of Fours


PokerStars Hand #146985963596:  Hold'em Limit ($3/$6 USD) - 2016/01/13 15:28:52 ET
Table 'Prieska II' 6-max Seat #2 is the button
Seat 2: svoy2 ($206.22 in chips)
Seat 4: scorpio04 ($150.69 in chips)
svoy2: posts small blind $1
scorpio04: posts big blind $3
*** HOLE CARDS ***
svoy2: raises $3 to $6
scorpio04: raises $3 to $9
svoy2: calls $3
*** FLOP *** [9c 2c 6h]
scorpio04: bets $3
svoy2: raises $3 to $6
scorpio04: calls $3
*** TURN *** [9c 2c 6h] [2h]
scorpio04: checks
svoy2: bets $6
scorpio04: calls $6
*** RIVER *** [9c 2c 6h 2h] [7s]
scorpio04: bets $6
svoy2: raises $6 to $12
scorpio04: folds
Uncalled bet ($6) returned to svoy2
svoy2 collected $53.50 from pot
svoy2: doesn't show hand
*** SUMMARY ***
Total pot $54 | Rake $0.50
Board [9c 2c 6h 2h 7s]
Seat 2: svoy2 (button) (small blind) collected ($53.50)
Seat 4: scorpio04 (big blind) folded on the River


