PokerStars Hand #175574860384:  Hold'em Limit ($3/$6 USD) - 2017/09/12 22:50:51 ET
Table 'Primula' 6-max Seat #1 is the button
Seat 1: LifeisagameX ($84 in chips)
Seat 2: Zazi ($84 in chips)
LifeisagameX: posts small blind $1
Zazi: posts big blind $3
*** HOLE CARDS ***
LifeisagameX: raises $3 to $6
Zazi: raises $3 to $9
LifeisagameX: calls $3
*** FLOP *** [2s 2h 2c]
Zazi: bets $3
LifeisagameX: calls $3
*** TURN *** [2s 2h 2c] [5s]
Zazi: bets $6
LifeisagameX: raises $6 to $12
Zazi: calls $6
*** RIVER *** [2s 2h 2c 5s] [Jc]
Zazi: checks
LifeisagameX: bets $6
Zazi: calls $6
*** SHOW DOWN ***
LifeisagameX: shows [3h 5h] (a full house, Deuces full of Fives)
Zazi: mucks hand
LifeisagameX collected $59.50 from pot
*** SUMMARY ***
Total pot $60 | Rake $0.50
Board [2s 2h 2c 5s Jc]
Seat 1: LifeisagameX (button) (small blind) showed [3h 5h] and won ($59.50) with a full house, Deuces full of Fives
Seat 2: Zazi (big blind) mucked


PokerStars Hand #175574923413:  Hold'em Limit ($3/$6 USD) - 2017/09/12 22:54:09 ET
Table 'Primula' 6-max Seat #1 is the button
Seat 1: LifeisagameX ($98.02 in chips)
Seat 2: Zazi ($68.26 in chips)
LifeisagameX: posts small blind $1
Zazi: posts big blind $3
*** HOLE CARDS ***
LifeisagameX: raises $3 to $6
Zazi: folds
Uncalled bet ($3) returned to LifeisagameX
LifeisagameX collected $6 from pot
LifeisagameX: doesn't show hand
*** SUMMARY ***
Total pot $6 | Rake $0
Seat 1: LifeisagameX (button) (small blind) collected ($6)
Seat 2: Zazi (big blind) folded before Flop


PokerStars Hand #175574912761:  Hold'em Limit ($3/$6 USD) - 2017/09/12 22:53:35 ET
Table 'Primula' 6-max Seat #2 is the button
Seat 1: LifeisagameX ($104.02 in chips)
Seat 2: Zazi ($62.50 in chips)
Zazi: posts small blind $1
LifeisagameX: posts big blind $3
*** HOLE CARDS ***
Zazi: raises $3 to $6
LifeisagameX: calls $3
*** FLOP *** [Qd Ks Jh]
LifeisagameX: checks
Zazi: checks
*** TURN *** [Qd Ks Jh] [Td]
LifeisagameX: checks
Zazi: bets $6
LifeisagameX: folds
Uncalled bet ($6) returned to Zazi
Zazi collected $11.76 from pot
Zazi: doesn't show hand
*** SUMMARY ***
Total pot $12 | Rake $0.24
Board [Qd Ks Jh Td]
Seat 1: LifeisagameX (big blind) folded on the Turn
Seat 2: Zazi (button) (small blind) collected ($11.76)


PokerStars Hand #175574891845:  Hold'em Limit ($3/$6 USD) - 2017/09/12 22:52:29 ET
Table 'Primula' 6-max Seat #1 is the button
Seat 1: LifeisagameX ($92.50 in chips)
Seat 2: Zazi ($74.50 in chips)
LifeisagameX: posts small blind $1
Zazi: posts big blind $3
*** HOLE CARDS ***
LifeisagameX: raises $3 to $6
Zazi: calls $3
*** FLOP *** [Ah 3c 2h]
Zazi: checks
LifeisagameX: checks
*** TURN *** [Ah 3c 2h] [8c]
Zazi: bets $6
LifeisagameX: calls $6
*** RIVER *** [Ah 3c 2h 8c] [9s]
Zazi: checks
LifeisagameX: bets $6
Zazi: folds
Uncalled bet ($6) returned to LifeisagameX
LifeisagameX collected $23.52 from pot
LifeisagameX: doesn't show hand
*** SUMMARY ***
Total pot $24 | Rake $0.48
Board [Ah 3c 2h 8c 9s]
Seat 1: LifeisagameX (button) (small blind) collected ($23.52)
Seat 2: Zazi (big blind) folded on the River


PokerStars Hand #175574926309:  Hold'em Limit ($3/$6 USD) - 2017/09/12 22:54:18 ET
Table 'Primula' 6-max Seat #2 is the button
Seat 1: LifeisagameX ($101.02 in chips)
Seat 2: Zazi ($65.26 in chips)
Zazi: posts small blind $1
LifeisagameX: posts big blind $3
*** HOLE CARDS ***
Zazi: raises $3 to $6
LifeisagameX: calls $3
*** FLOP *** [Kc 8s 7s]
LifeisagameX: checks
Zazi: bets $3
LifeisagameX: folds
Uncalled bet ($3) returned to Zazi
Zazi collected $11.76 from pot
libaikang joins the table at seat #4
Zazi: doesn't show hand
*** SUMMARY ***
Total pot $12 | Rake $0.24
Board [Kc 8s 7s]
Seat 1: LifeisagameX (big blind) folded on the Flop
Seat 2: Zazi (button) (small blind) collected ($11.76)


PokerStars Hand #175574931166:  Hold'em Limit ($3/$6 USD) - 2017/09/12 22:54:34 ET
Table 'Primula' 6-max Seat #1 is the button
Seat 1: LifeisagameX ($95.02 in chips)
Seat 2: Zazi ($71.02 in chips)
LifeisagameX: posts small blind $1
Zazi: posts big blind $3
*** HOLE CARDS ***
LifeisagameX: raises $3 to $6
Zazi: folds
Uncalled bet ($3) returned to LifeisagameX
LifeisagameX collected $6 from pot
LifeisagameX: doesn't show hand
*** SUMMARY ***
Total pot $6 | Rake $0
Seat 1: LifeisagameX (button) (small blind) collected ($6)
Seat 2: Zazi (big blind) folded before Flop


PokerStars Hand #175574992353:  Hold'em Limit ($3/$6 USD) - 2017/09/12 22:57:41 ET
Table 'Primula' 6-max Seat #4 is the button
Seat 2: Zazi ($131.23 in chips)
Seat 4: libaikang ($131.19 in chips)
libaikang: posts small blind $1
Zazi: posts big blind $3
*** HOLE CARDS ***
libaikang: folds
Uncalled bet ($2) returned to Zazi
Zazi collected $2 from pot
Zazi: doesn't show hand
*** SUMMARY ***
Total pot $2 | Rake $0
Seat 2: Zazi (big blind) collected ($2)
Seat 4: libaikang (button) (small blind) folded before Flop


PokerStars Hand #175574975038:  Hold'em Limit ($3/$6 USD) - 2017/09/12 22:57:08 ET
Table 'Primula' 6-max Seat #2 is the button
Seat 2: Zazi ($116.73 in chips)
Seat 4: libaikang ($146.19 in chips)
Zazi: posts small blind $1
libaikang: posts big blind $3
*** HOLE CARDS ***
Zazi: raises $3 to $6
libaikang: raises $3 to $9
Zazi: calls $3
*** FLOP *** [Ks 3d 6s]
libaikang: bets $3
Zazi: raises $3 to $6
libaikang: calls $3
*** TURN *** [Ks 3d 6s] [8c]
libaikang: checks
Zazi: bets $6
libaikang: folds
Uncalled bet ($6) returned to Zazi
Zazi collected $29.50 from pot
*** SUMMARY ***
Total pot $30 | Rake $0.50
Board [Ks 3d 6s 8c]
Seat 2: Zazi (button) (small blind) collected ($29.50)
Seat 4: libaikang (big blind) folded on the Turn


PokerStars Hand #175574993703:  Hold'em Limit ($3/$6 USD) - 2017/09/12 22:57:45 ET
Table 'Primula' 6-max Seat #2 is the button
Seat 2: Zazi ($132.23 in chips)
Seat 4: libaikang ($130.19 in chips)
Zazi: posts small blind $1
libaikang: posts big blind $3
*** HOLE CARDS ***
Zazi: raises $3 to $6
libaikang: raises $3 to $9
Zazi: calls $3
*** FLOP *** [Td Ah 3s]
libaikang: checks
Zazi: checks
*** TURN *** [Td Ah 3s] [7s]
libaikang: bets $6
Zazi: calls $6
*** RIVER *** [Td Ah 3s 7s] [Ad]
libaikang: bets $6
alpha2777 joins the table at seat #6
Zazi: calls $6
*** SHOW DOWN ***
libaikang: shows [3d Jc] (two pair, Aces and Threes)
Zazi: mucks hand
libaikang collected $41.50 from pot
*** SUMMARY ***
Total pot $42 | Rake $0.50
Board [Td Ah 3s 7s Ad]
Seat 2: Zazi (button) (small blind) mucked
Seat 4: libaikang (big blind) showed [3d Jc] and won ($41.50) with two pair, Aces and Threes


