PokerStars Hand #166810757307:  Hold'em Limit ($3/$6 USD) - 2017/02/26 13:25:22 ET
Table 'Principia II' 6-max Seat #4 is the button
Seat 3: hairy1961 ($25.10 in chips)
Seat 4: vestimokrec ($119.19 in chips)
vestimokrec: posts small blind $1
hairy1961: posts big blind $3
*** HOLE CARDS ***
vestimokrec: folds
Uncalled bet ($2) returned to hairy1961
hairy1961 collected $2 from pot
*** SUMMARY ***
Total pot $2 | Rake $0
Seat 3: hairy1961 (big blind) collected ($2)
Seat 4: vestimokrec (button) (small blind) folded before Flop


PokerStars Hand #166810769031:  Hold'em Limit ($3/$6 USD) - 2017/02/26 13:25:34 ET
Table 'Principia II' 6-max Seat #3 is the button
Seat 3: hairy1961 ($26.10 in chips)
Seat 4: vestimokrec ($118.19 in chips)
hairy1961: posts small blind $1
vestimokrec: posts big blind $3
*** HOLE CARDS ***
hairy1961: folds
Uncalled bet ($2) returned to vestimokrec
vestimokrec collected $2 from pot
vestimokrec: doesn't show hand
*** SUMMARY ***
Total pot $2 | Rake $0
Seat 3: hairy1961 (button) (small blind) folded before Flop
Seat 4: vestimokrec (big blind) collected ($2)


PokerStars Hand #166810827675:  Hold'em Limit ($3/$6 USD) - 2017/02/26 13:26:33 ET
Table 'Principia II' 6-max Seat #3 is the button
Seat 3: hairy1961 ($49.70 in chips)
Seat 4: vestimokrec ($94.09 in chips)
hairy1961: posts small blind $1
vestimokrec: posts big blind $3
*** HOLE CARDS ***
hairy1961: folds
Uncalled bet ($2) returned to vestimokrec
vestimokrec collected $2 from pot
vestimokrec: doesn't show hand
*** SUMMARY ***
Total pot $2 | Rake $0
Seat 3: hairy1961 (button) (small blind) folded before Flop
Seat 4: vestimokrec (big blind) collected ($2)


PokerStars Hand #166810774684:  Hold'em Limit ($3/$6 USD) - 2017/02/26 13:25:40 ET
Table 'Principia II' 6-max Seat #4 is the button
Seat 3: hairy1961 ($25.10 in chips)
Seat 4: vestimokrec ($119.19 in chips)
vestimokrec: posts small blind $1
hairy1961: posts big blind $3
*** HOLE CARDS ***
vestimokrec: raises $3 to $6
hairy1961: calls $3
*** FLOP *** [8c Qc Ad]
hairy1961: checks
vestimokrec: bets $3
hairy1961: calls $3
*** TURN *** [8c Qc Ad] [2s]
hairy1961: checks
vestimokrec: bets $6
hairy1961: raises $6 to $12
vestimokrec: calls $6
*** RIVER *** [8c Qc Ad 2s] [Ks]
hairy1961: bets $4.10 and is all-in
vestimokrec: calls $4.10
*** SHOW DOWN ***
hairy1961: shows [As Ts] (a pair of Aces)
vestimokrec: shows [Ac 6h] (a pair of Aces - lower kicker)
hairy1961 collected $49.70 from pot
*** SUMMARY ***
Total pot $50.20 | Rake $0.50
Board [8c Qc Ad 2s Ks]
Seat 3: hairy1961 (big blind) showed [As Ts] and won ($49.70) with a pair of Aces
Seat 4: vestimokrec (button) (small blind) showed [Ac 6h] and lost with a pair of Aces


PokerStars Hand #166810868853:  Hold'em Limit ($3/$6 USD) - 2017/02/26 13:27:14 ET
Table 'Principia II' 6-max Seat #4 is the button
Seat 3: hairy1961 ($75.20 in chips)
Seat 4: vestimokrec ($68.09 in chips)
vestimokrec: posts small blind $1
hairy1961: posts big blind $3
*** HOLE CARDS ***
vestimokrec: folds
Uncalled bet ($2) returned to hairy1961
hairy1961 collected $2 from pot
*** SUMMARY ***
Total pot $2 | Rake $0
Seat 3: hairy1961 (big blind) collected ($2)
Seat 4: vestimokrec (button) (small blind) folded before Flop


PokerStars Hand #166810840374:  Hold'em Limit ($3/$6 USD) - 2017/02/26 13:26:45 ET
Table 'Principia II' 6-max Seat #3 is the button
Seat 3: hairy1961 ($45.70 in chips)
Seat 4: vestimokrec ($98.09 in chips)
hairy1961: posts small blind $1
vestimokrec: posts big blind $3
*** HOLE CARDS ***
hairy1961: raises $3 to $6
vestimokrec: calls $3
*** FLOP *** [4h Jc 3d]
vestimokrec: checks
hairy1961: bets $3
vestimokrec: raises $3 to $6
hairy1961: calls $3
*** TURN *** [4h Jc 3d] [7d]
vestimokrec: bets $6
hairy1961: raises $6 to $12
vestimokrec: calls $6
*** RIVER *** [4h Jc 3d 7d] [Jh]
vestimokrec: checks
hairy1961: bets $6
vestimokrec: calls $6
*** SHOW DOWN ***
hairy1961: shows [Jd Js] (four of a kind, Jacks)
vestimokrec: mucks hand
hairy1961 collected $59.50 from pot
*** SUMMARY ***
Total pot $60 | Rake $0.50
Board [4h Jc 3d 7d Jh]
Seat 3: hairy1961 (button) (small blind) showed [Jd Js] and won ($59.50) with four of a kind, Jacks
Seat 4: vestimokrec (big blind) mucked


PokerStars Hand #166810873872:  Hold'em Limit ($3/$6 USD) - 2017/02/26 13:27:19 ET
Table 'Principia II' 6-max Seat #3 is the button
Seat 3: hairy1961 ($76.20 in chips)
Seat 4: vestimokrec ($67.09 in chips)
hairy1961: posts small blind $1
vestimokrec: posts big blind $3
*** HOLE CARDS ***
hairy1961: raises $3 to $6
vestimokrec: folds
Uncalled bet ($3) returned to hairy1961
hairy1961 collected $6 from pot
*** SUMMARY ***
Total pot $6 | Rake $0
Seat 3: hairy1961 (button) (small blind) collected ($6)
Seat 4: vestimokrec (big blind) folded before Flop


PokerStars Hand #166810833253:  Hold'em Limit ($3/$6 USD) - 2017/02/26 13:26:38 ET
Table 'Principia II' 6-max Seat #4 is the button
Seat 3: hairy1961 ($48.70 in chips)
Seat 4: vestimokrec ($95.09 in chips)
vestimokrec: posts small blind $1
hairy1961: posts big blind $3
*** HOLE CARDS ***
vestimokrec: raises $3 to $6
hairy1961: folds
Uncalled bet ($3) returned to vestimokrec
vestimokrec collected $6 from pot
vestimokrec: doesn't show hand
*** SUMMARY ***
Total pot $6 | Rake $0
Seat 3: hairy1961 (big blind) folded before Flop
Seat 4: vestimokrec (button) (small blind) collected ($6)


PokerStars Hand #166810883119:  Hold'em Limit ($3/$6 USD) - 2017/02/26 13:27:29 ET
Table 'Principia II' 6-max Seat #4 is the button
Seat 3: hairy1961 ($79.20 in chips)
Seat 4: vestimokrec ($64.09 in chips)
vestimokrec: posts small blind $1
hairy1961: posts big blind $3
*** HOLE CARDS ***
vestimokrec: raises $3 to $6
hairy1961: calls $3
*** FLOP *** [9h 6d Th]
hairy1961: bets $3
vestimokrec: calls $3
*** TURN *** [9h 6d Th] [4c]
hairy1961: bets $6
vestimokrec: calls $6
*** RIVER *** [9h 6d Th 4c] [Kd]
hairy1961: bets $6
vestimokrec: raises $6 to $12
hairy1961: calls $6
*** SHOW DOWN ***
vestimokrec: shows [8d Jc] (high card King)
hairy1961: shows [9d Qd] (a pair of Nines)
hairy1961 collected $53.50 from pot
*** SUMMARY ***
Total pot $54 | Rake $0.50
Board [9h 6d Th 4c Kd]
Seat 3: hairy1961 (big blind) showed [9d Qd] and won ($53.50) with a pair of Nines
Seat 4: vestimokrec (button) (small blind) showed [8d Jc] and lost with high card King


PokerStars Hand #166810916304:  Hold'em Limit ($3/$6 USD) - 2017/02/26 13:28:02 ET
Table 'Principia II' 6-max Seat #4 is the button
Seat 3: hairy1961 ($104.70 in chips)
Seat 4: vestimokrec ($121 in chips)
vestimokrec: posts small blind $1
hairy1961: posts big blind $3
*** HOLE CARDS ***
vestimokrec: raises $3 to $6
hairy1961: folds
Uncalled bet ($3) returned to vestimokrec
vestimokrec collected $6 from pot
vestimokrec: doesn't show hand
*** SUMMARY ***
Total pot $6 | Rake $0
Seat 3: hairy1961 (big blind) folded before Flop
Seat 4: vestimokrec (button) (small blind) collected ($6)


PokerStars Hand #166810910179:  Hold'em Limit ($3/$6 USD) - 2017/02/26 13:27:56 ET
Table 'Principia II' 6-max Seat #3 is the button
Seat 3: hairy1961 ($105.70 in chips)
Seat 4: vestimokrec ($120 in chips)
hairy1961: posts small blind $1
vestimokrec: posts big blind $3
*** HOLE CARDS ***
hairy1961: folds
Uncalled bet ($2) returned to vestimokrec
vestimokrec collected $2 from pot
vestimokrec: doesn't show hand
*** SUMMARY ***
Total pot $2 | Rake $0
Seat 3: hairy1961 (button) (small blind) folded before Flop
Seat 4: vestimokrec (big blind) collected ($2)


PokerStars Hand #166810922564:  Hold'em Limit ($3/$6 USD) - 2017/02/26 13:28:08 ET
Table 'Principia II' 6-max Seat #3 is the button
Seat 3: hairy1961 ($101.70 in chips)
Seat 4: vestimokrec ($124 in chips)
hairy1961: posts small blind $1
vestimokrec: posts big blind $3
*** HOLE CARDS ***
hairy1961: raises $3 to $6
vestimokrec: calls $3
*** FLOP *** [Kc Kd 7d]
vestimokrec: checks
hairy1961: bets $3
vestimokrec: raises $3 to $6
hairy1961: calls $3
*** TURN *** [Kc Kd 7d] [9h]
vestimokrec: bets $6
hairy1961: raises $6 to $12
vestimokrec: raises $6 to $18
hairy1961: calls $6
*** RIVER *** [Kc Kd 7d 9h] [7h]
vestimokrec: bets $6
hairy1961: raises $6 to $12
vestimokrec: raises $6 to $18
hairy1961: raises $6 to $24
Betting is capped
vestimokrec: calls $6
*** SHOW DOWN ***
hairy1961: shows [Ah Ks] (a full house, Kings full of Sevens)
vestimokrec: shows [5d Kh] (a full house, Kings full of Sevens)
vestimokrec collected $53.75 from pot
hairy1961 collected $53.75 from pot
*** SUMMARY ***
Total pot $108 | Rake $0.50
Board [Kc Kd 7d 9h 7h]
Seat 3: hairy1961 (button) (small blind) showed [Ah Ks] and won ($53.75) with a full house, Kings full of Sevens
Seat 4: vestimokrec (big blind) showed [5d Kh] and won ($53.75) with a full house, Kings full of Sevens


PokerStars Hand #166810961784:  Hold'em Limit ($3/$6 USD) - 2017/02/26 13:28:48 ET
Table 'Principia II' 6-max Seat #4 is the button
Seat 3: hairy1961 ($101.45 in chips)
Seat 4: vestimokrec ($123.75 in chips)
vestimokrec: posts small blind $1
hairy1961: posts big blind $3
*** HOLE CARDS ***
vestimokrec: raises $3 to $6
hairy1961: calls $3
*** FLOP *** [9s 2d Kd]
hairy1961: checks
vestimokrec: bets $3
hairy1961: calls $3
*** TURN *** [9s 2d Kd] [Qc]
hairy1961: checks
vestimokrec: bets $6
hairy1961: calls $6
*** RIVER *** [9s 2d Kd Qc] [Tc]
hairy1961: checks
vestimokrec: bets $6
hairy1961: folds
Uncalled bet ($6) returned to vestimokrec
vestimokrec collected $29.50 from pot
vestimokrec: doesn't show hand
*** SUMMARY ***
Total pot $30 | Rake $0.50
Board [9s 2d Kd Qc Tc]
Seat 3: hairy1961 (big blind) folded on the River
Seat 4: vestimokrec (button) (small blind) collected ($29.50)


PokerStars Hand #166811006144:  Hold'em Limit ($3/$6 USD) - 2017/02/26 13:29:32 ET
Table 'Principia II' 6-max Seat #4 is the button
Seat 3: hairy1961 ($85.45 in chips)
Seat 4: vestimokrec ($139.25 in chips)
vestimokrec: posts small blind $1
hairy1961: posts big blind $3
*** HOLE CARDS ***
vestimokrec: folds
Uncalled bet ($2) returned to hairy1961
hairy1961 collected $2 from pot
*** SUMMARY ***
Total pot $2 | Rake $0
Seat 3: hairy1961 (big blind) collected ($2)
Seat 4: vestimokrec (button) (small blind) folded before Flop


PokerStars Hand #166811000326:  Hold'em Limit ($3/$6 USD) - 2017/02/26 13:29:26 ET
Table 'Principia II' 6-max Seat #3 is the button
Seat 3: hairy1961 ($86.45 in chips)
Seat 4: vestimokrec ($138.25 in chips)
hairy1961: posts small blind $1
vestimokrec: posts big blind $3
*** HOLE CARDS ***
hairy1961: folds
Uncalled bet ($2) returned to vestimokrec
vestimokrec collected $2 from pot
vestimokrec: doesn't show hand
*** SUMMARY ***
Total pot $2 | Rake $0
Seat 3: hairy1961 (button) (small blind) folded before Flop
Seat 4: vestimokrec (big blind) collected ($2)


PokerStars Hand #166811011099:  Hold'em Limit ($3/$6 USD) - 2017/02/26 13:29:37 ET
Table 'Principia II' 6-max Seat #3 is the button
Seat 3: hairy1961 ($86.45 in chips)
Seat 4: vestimokrec ($138.25 in chips)
hairy1961: posts small blind $1
vestimokrec: posts big blind $3
*** HOLE CARDS ***
hairy1961: raises $3 to $6
vestimokrec: calls $3
*** FLOP *** [Qc 6c 3c]
vestimokrec: checks
hairy1961: checks
*** TURN *** [Qc 6c 3c] [2s]
vestimokrec: bets $6
hairy1961: calls $6
*** RIVER *** [Qc 6c 3c 2s] [3s]
vestimokrec: bets $6
hairy1961: calls $6
*** SHOW DOWN ***
vestimokrec: shows [2d Kh] (two pair, Threes and Deuces)
hairy1961: mucks hand
vestimokrec collected $35.50 from pot
*** SUMMARY ***
Total pot $36 | Rake $0.50
Board [Qc 6c 3c 2s 3s]
Seat 3: hairy1961 (button) (small blind) mucked
Seat 4: vestimokrec (big blind) showed [2d Kh] and won ($35.50) with two pair, Threes and Deuces


PokerStars Hand #166813697457:  Hold'em Limit ($3/$6 USD) - 2017/02/26 14:15:17 ET
Table 'Principia II' 6-max Seat #4 is the button
Seat 3: killerfurbel ($296 in chips)
Seat 4: Great_Kang ($120 in chips)
Great_Kang: posts small blind $1
vestimokrec: is sitting out
killerfurbel: posts big blind $3
*** HOLE CARDS ***
vestimokrec leaves the table
Great_Kang: raises $3 to $6
killerfurbel: calls $3
*** FLOP *** [7s 8c 9s]
killerfurbel: checks
Great_Kang: checks
*** TURN *** [7s 8c 9s] [Kh]
killerfurbel: bets $6
Great_Kang: calls $6
*** RIVER *** [7s 8c 9s Kh] [9h]
killerfurbel: checks
Great_Kang: checks
*** SHOW DOWN ***
killerfurbel: shows [6h Jd] (a pair of Nines)
Great_Kang: shows [Ac 6c] (a pair of Nines - Ace kicker)
Great_Kang collected $23.52 from pot
*** SUMMARY ***
Total pot $24 | Rake $0.48
Board [7s 8c 9s Kh 9h]
Seat 3: killerfurbel (big blind) showed [6h Jd] and lost with a pair of Nines
Seat 4: Great_Kang (button) (small blind) showed [Ac 6c] and won ($23.52) with a pair of Nines


PokerStars Hand #166813828574:  Hold'em Limit ($3/$6 USD) - 2017/02/26 14:17:25 ET
Table 'Principia II' 6-max Seat #3 is the button
Seat 3: killerfurbel ($284 in chips)
Seat 4: hairy1961 ($50 in chips)
killerfurbel: posts small blind $1
hairy1961: posts big blind $3
*** HOLE CARDS ***
killerfurbel: folds
Uncalled bet ($2) returned to hairy1961
hairy1961 collected $2 from pot
*** SUMMARY ***
Total pot $2 | Rake $0
Seat 3: killerfurbel (button) (small blind) folded before Flop
Seat 4: hairy1961 (big blind) collected ($2)


PokerStars Hand #166814181087:  Hold'em Limit ($3/$6 USD) - 2017/02/26 14:23:10 ET
Table 'Principia II' 6-max Seat #1 is the button
Seat 1: Willijabo ($85.76 in chips)
Seat 3: killerfurbel ($293.55 in chips)
Willijabo: posts small blind $1
killerfurbel: posts big blind $3
*** HOLE CARDS ***
Willijabo: folds
Uncalled bet ($2) returned to killerfurbel
killerfurbel collected $2 from pot
killerfurbel: doesn't show hand
*** SUMMARY ***
Total pot $2 | Rake $0
Seat 1: Willijabo (button) (small blind) folded before Flop
Seat 3: killerfurbel (big blind) collected ($2)


PokerStars Hand #166814175901:  Hold'em Limit ($3/$6 USD) - 2017/02/26 14:23:05 ET
Table 'Principia II' 6-max Seat #3 is the button
Seat 1: Willijabo ($84.76 in chips)
Seat 3: killerfurbel ($294.55 in chips)
killerfurbel: posts small blind $1
Willijabo: posts big blind $3
*** HOLE CARDS ***
killerfurbel: folds
Uncalled bet ($2) returned to Willijabo
Willijabo collected $2 from pot
Willijabo: doesn't show hand
*** SUMMARY ***
Total pot $2 | Rake $0
Seat 1: Willijabo (big blind) collected ($2)
Seat 3: killerfurbel (button) (small blind) folded before Flop


PokerStars Hand #166814154286:  Hold'em Limit ($3/$6 USD) - 2017/02/26 14:22:44 ET
Table 'Principia II' 6-max Seat #1 is the button
Seat 1: Willijabo ($79 in chips)
Seat 3: killerfurbel ($300.55 in chips)
Willijabo: posts small blind $1
vestimokrec: is sitting out
killerfurbel: posts big blind $3
*** HOLE CARDS ***
vestimokrec leaves the table
Willijabo: raises $3 to $6
killerfurbel: calls $3
*** FLOP *** [Ah 9h 4d]
killerfurbel: checks
Willijabo: bets $3
killerfurbel: folds
Uncalled bet ($3) returned to Willijabo
Willijabo collected $11.76 from pot
Willijabo: doesn't show hand
*** SUMMARY ***
Total pot $12 | Rake $0.24
Board [Ah 9h 4d]
Seat 1: Willijabo (button) (small blind) collected ($11.76)
Seat 3: killerfurbel (big blind) folded on the Flop


PokerStars Hand #166814295616:  Hold'em Limit ($3/$6 USD) - 2017/02/26 14:25:02 ET
Table 'Principia II' 6-max Seat #3 is the button
Seat 3: killerfurbel ($294.55 in chips)
Seat 4: zarazzzza ($30 in chips)
killerfurbel: posts small blind $1
zarazzzza: posts big blind $3
*** HOLE CARDS ***
killerfurbel: raises $3 to $6
zarazzzza: calls $3
*** FLOP *** [5h 3h Js]
zarazzzza: checks
killerfurbel: bets $3
zarazzzza: calls $3
*** TURN *** [5h 3h Js] [Qh]
zarazzzza: checks
killerfurbel: checks
*** RIVER *** [5h 3h Js Qh] [As]
zarazzzza: checks
killerfurbel: bets $6
zarazzzza: calls $6
*** SHOW DOWN ***
killerfurbel: shows [Ad 4s] (a pair of Aces)
zarazzzza: mucks hand
killerfurbel collected $29.50 from pot
*** SUMMARY ***
Total pot $30 | Rake $0.50
Board [5h 3h Js Qh As]
Seat 3: killerfurbel (button) (small blind) showed [Ad 4s] and won ($29.50) with a pair of Aces
Seat 4: zarazzzza (big blind) mucked


PokerStars Hand #166814317526:  Hold'em Limit ($3/$6 USD) - 2017/02/26 14:25:23 ET
Table 'Principia II' 6-max Seat #4 is the button
Seat 3: killerfurbel ($309.05 in chips)
Seat 4: zarazzzza ($15 in chips)
zarazzzza: posts small blind $1
killerfurbel: posts big blind $3
*** HOLE CARDS ***
zarazzzza: raises $3 to $6
killerfurbel: calls $3
*** FLOP *** [Ac Jh 6h]
killerfurbel: checks
zarazzzza: bets $3
killerfurbel: raises $3 to $6
zarazzzza: raises $3 to $9 and is all-in
killerfurbel: calls $3
*** TURN *** [Ac Jh 6h] [Th]
*** RIVER *** [Ac Jh 6h Th] [4d]
*** SHOW DOWN ***
killerfurbel: shows [Js 7d] (a pair of Jacks)
zarazzzza: shows [6d Qd] (a pair of Sixes)
killerfurbel collected $29.50 from pot
*** SUMMARY ***
Total pot $30 | Rake $0.50
Board [Ac Jh 6h Th 4d]
Seat 3: killerfurbel (big blind) showed [Js 7d] and won ($29.50) with a pair of Jacks
Seat 4: zarazzzza (button) (small blind) showed [6d Qd] and lost with a pair of Sixes


PokerStars Hand #166814517265:  Hold'em Limit ($3/$6 USD) - 2017/02/26 14:28:34 ET
Table 'Principia II' 6-max Seat #3 is the button
Seat 3: killerfurbel ($323.55 in chips)
Seat 4: supersjakie ($120 in chips)
killerfurbel: posts small blind $1
supersjakie: posts big blind $3
*** HOLE CARDS ***
killerfurbel: raises $3 to $6
supersjakie: raises $3 to $9
killerfurbel: calls $3
*** FLOP *** [9h Kh Ac]
supersjakie: bets $3
killerfurbel: calls $3
*** TURN *** [9h Kh Ac] [2c]
supersjakie: bets $6
killerfurbel: calls $6
*** RIVER *** [9h Kh Ac 2c] [3c]
supersjakie: bets $6
killerfurbel: calls $6
*** SHOW DOWN ***
supersjakie: shows [Jd 9c] (a pair of Nines)
killerfurbel: mucks hand
supersjakie collected $47.50 from pot
*** SUMMARY ***
Total pot $48 | Rake $0.50
Board [9h Kh Ac 2c 3c]
Seat 3: killerfurbel (button) (small blind) mucked
Seat 4: supersjakie (big blind) showed [Jd 9c] and won ($47.50) with a pair of Nines


PokerStars Hand #166814593210:  Hold'em Limit ($3/$6 USD) - 2017/02/26 14:29:50 ET
Table 'Principia II' 6-max Seat #4 is the button
Seat 3: killerfurbel ($322.05 in chips)
Seat 4: supersjakie ($120.50 in chips)
supersjakie: posts small blind $1
killerfurbel: posts big blind $3
*** HOLE CARDS ***
linuxhunter joins the table at seat #1
supersjakie: raises $3 to $6
killerfurbel: calls $3
*** FLOP *** [3c 7d 3h]
killerfurbel: checks
supersjakie: bets $3
killerfurbel: calls $3
*** TURN *** [3c 7d 3h] [4s]
killerfurbel: checks
supersjakie: bets $6
killerfurbel: calls $6
*** RIVER *** [3c 7d 3h 4s] [Kc]
killerfurbel: checks
supersjakie: bets $6
killerfurbel: raises $6 to $12
supersjakie: folds
Uncalled bet ($6) returned to killerfurbel
killerfurbel collected $41.50 from pot
killerfurbel: doesn't show hand
*** SUMMARY ***
Total pot $42 | Rake $0.50
Board [3c 7d 3h 4s Kc]
Seat 3: killerfurbel (big blind) collected ($41.50)
Seat 4: supersjakie (button) (small blind) folded on the River


PokerStars Hand #166814589069:  Hold'em Limit ($3/$6 USD) - 2017/02/26 14:29:46 ET
Table 'Principia II' 6-max Seat #3 is the button
Seat 3: killerfurbel ($323.05 in chips)
Seat 4: supersjakie ($119.50 in chips)
killerfurbel: posts small blind $1
supersjakie: posts big blind $3
*** HOLE CARDS ***
killerfurbel: folds
Uncalled bet ($2) returned to supersjakie
supersjakie collected $2 from pot
supersjakie: doesn't show hand
*** SUMMARY ***
Total pot $2 | Rake $0
Seat 3: killerfurbel (button) (small blind) folded before Flop
Seat 4: supersjakie (big blind) collected ($2)


PokerStars Hand #166814544145:  Hold'em Limit ($3/$6 USD) - 2017/02/26 14:29:00 ET
Table 'Principia II' 6-max Seat #4 is the button
Seat 3: killerfurbel ($299.55 in chips)
Seat 4: supersjakie ($143.50 in chips)
supersjakie: posts small blind $1
killerfurbel: posts big blind $3
*** HOLE CARDS ***
supersjakie: raises $3 to $6
killerfurbel: calls $3
*** FLOP *** [5c 2c 5h]
killerfurbel: checks
supersjakie: bets $3
killerfurbel: raises $3 to $6
supersjakie: calls $3
*** TURN *** [5c 2c 5h] [Ac]
killerfurbel: bets $6
supersjakie: raises $6 to $12
killerfurbel: raises $6 to $18
supersjakie: folds
Uncalled bet ($6) returned to killerfurbel
killerfurbel collected $47.50 from pot
killerfurbel: doesn't show hand
*** SUMMARY ***
Total pot $48 | Rake $0.50
Board [5c 2c 5h Ac]
Seat 3: killerfurbel (big blind) collected ($47.50)
Seat 4: supersjakie (button) (small blind) folded on the Turn


PokerStars Hand #166814615142:  Hold'em Limit ($3/$6 USD) - 2017/02/26 14:30:11 ET
Table 'Principia II' 6-max Seat #3 is the button
Seat 3: killerfurbel ($342.55 in chips)
Seat 4: supersjakie ($99.50 in chips)
killerfurbel: posts small blind $1
supersjakie: posts big blind $3
*** HOLE CARDS ***
killerfurbel: raises $3 to $6
vestimokrec joins the table at seat #2
supersjakie: raises $3 to $9
killerfurbel: calls $3
*** FLOP *** [9h 9d 5d]
supersjakie: bets $3
killerfurbel: calls $3
*** TURN *** [9h 9d 5d] [2h]
supersjakie: bets $6
killerfurbel: calls $6
*** RIVER *** [9h 9d 5d 2h] [8c]
supersjakie: bets $6
killerfurbel: calls $6
*** SHOW DOWN ***
supersjakie: shows [Kc Jd] (a pair of Nines)
killerfurbel: shows [Kd Ah] (a pair of Nines - Ace kicker)
killerfurbel collected $47.50 from pot
*** SUMMARY ***
Total pot $48 | Rake $0.50
Board [9h 9d 5d 2h 8c]
Seat 3: killerfurbel (button) (small blind) showed [Kd Ah] and won ($47.50) with a pair of Nines
Seat 4: supersjakie (big blind) showed [Kc Jd] and lost with a pair of Nines


PokerStars Hand #166816433759:  Hold'em Limit ($3/$6 USD) - 2017/02/26 15:01:16 ET
Table 'Principia II' 6-max Seat #4 is the button
Seat 3: killerfurbel ($341.27 in chips)
Seat 4: supersjakie ($38.70 in chips)
supersjakie: posts small blind $1
killerfurbel: posts big blind $3
*** HOLE CARDS ***
supersjakie: folds
Uncalled bet ($2) returned to killerfurbel
killerfurbel collected $2 from pot
killerfurbel: doesn't show hand
*** SUMMARY ***
Total pot $2 | Rake $0
Seat 3: killerfurbel (big blind) collected ($2)
Seat 4: supersjakie (button) (small blind) folded before Flop


PokerStars Hand #166816416049:  Hold'em Limit ($3/$6 USD) - 2017/02/26 15:00:55 ET
Table 'Principia II' 6-max Seat #3 is the button
Seat 3: killerfurbel ($335.51 in chips)
Seat 4: supersjakie ($44.70 in chips)
killerfurbel: posts small blind $1
supersjakie: posts big blind $3
*** HOLE CARDS ***
MellivoraSto leaves the table
killerfurbel: raises $3 to $6
supersjakie: calls $3
*** FLOP *** [6h Ah Qd]
supersjakie: checks
killerfurbel: bets $3
supersjakie: folds
Uncalled bet ($3) returned to killerfurbel
killerfurbel collected $11.76 from pot
killerfurbel: doesn't show hand
*** SUMMARY ***
Total pot $12 | Rake $0.24
Board [6h Ah Qd]
Seat 3: killerfurbel (button) (small blind) collected ($11.76)
Seat 4: supersjakie (big blind) folded on the Flop


PokerStars Hand #166816395332:  Hold'em Limit ($3/$6 USD) - 2017/02/26 15:00:28 ET
Table 'Principia II' 6-max Seat #4 is the button
Seat 3: killerfurbel ($341.51 in chips)
Seat 4: supersjakie ($38.94 in chips)
supersjakie: posts small blind $1
boogi: is sitting out
MellivoraSto: is sitting out
killerfurbel: posts big blind $3
*** HOLE CARDS ***
boogi leaves the table
supersjakie: raises $3 to $6
killerfurbel: calls $3
*** FLOP *** [Ts 2s 3s]
killerfurbel: checks
supersjakie: bets $3
killerfurbel: folds
Uncalled bet ($3) returned to supersjakie
supersjakie collected $11.76 from pot
supersjakie: doesn't show hand
*** SUMMARY ***
Total pot $12 | Rake $0.24
Board [Ts 2s 3s]
Seat 3: killerfurbel (big blind) folded on the Flop
Seat 4: supersjakie (button) (small blind) collected ($11.76)


PokerStars Hand #166816482578:  Hold'em Limit ($3/$6 USD) - 2017/02/26 15:02:10 ET
Table 'Principia II' 6-max Seat #4 is the button
Seat 3: killerfurbel ($365.77 in chips)
Seat 4: supersjakie ($13.70 in chips)
supersjakie: posts small blind $1
killerfurbel: posts big blind $3
*** HOLE CARDS ***
supersjakie: folds
Uncalled bet ($2) returned to killerfurbel
killerfurbel collected $2 from pot
killerfurbel: doesn't show hand
*** SUMMARY ***
Total pot $2 | Rake $0
Seat 3: killerfurbel (big blind) collected ($2)
Seat 4: supersjakie (button) (small blind) folded before Flop


PokerStars Hand #166816439913:  Hold'em Limit ($3/$6 USD) - 2017/02/26 15:01:22 ET
Table 'Principia II' 6-max Seat #3 is the button
Seat 3: killerfurbel ($342.27 in chips)
Seat 4: supersjakie ($37.70 in chips)
killerfurbel: posts small blind $1
supersjakie: posts big blind $3
*** HOLE CARDS ***
killerfurbel: raises $3 to $6
supersjakie: raises $3 to $9
killerfurbel: calls $3
*** FLOP *** [3c 7s Ks]
supersjakie: bets $3
killerfurbel: calls $3
*** TURN *** [3c 7s Ks] [Ac]
supersjakie: bets $6
killerfurbel: calls $6
*** RIVER *** [3c 7s Ks Ac] [Th]
supersjakie: bets $6
killerfurbel: calls $6
*** SHOW DOWN ***
supersjakie: shows [7c 8c] (a pair of Sevens)
killerfurbel: shows [Kd 6h] (a pair of Kings)
killerfurbel collected $47.50 from pot
*** SUMMARY ***
Total pot $48 | Rake $0.50
Board [3c 7s Ks Ac Th]
Seat 3: killerfurbel (button) (small blind) showed [Kd 6h] and won ($47.50) with a pair of Kings
Seat 4: supersjakie (big blind) showed [7c 8c] and lost with a pair of Sevens


PokerStars Hand #166816489577:  Hold'em Limit ($3/$6 USD) - 2017/02/26 15:02:17 ET
Table 'Principia II' 6-max Seat #3 is the button
Seat 3: killerfurbel ($366.77 in chips)
Seat 4: supersjakie ($12.70 in chips)
killerfurbel: posts small blind $1
supersjakie: posts big blind $3
*** HOLE CARDS ***
FONBET_RULIT joins the table at seat #5
killerfurbel: raises $3 to $6
supersjakie: calls $3
*** FLOP *** [9d 5c 3d]
supersjakie: checks
killerfurbel: bets $3
supersjakie: calls $3
*** TURN *** [9d 5c 3d] [3h]
supersjakie: checks
killerfurbel: bets $6
supersjakie: folds
Uncalled bet ($6) returned to killerfurbel
killerfurbel collected $17.64 from pot
killerfurbel: doesn't show hand
*** SUMMARY ***
Total pot $18 | Rake $0.36
Board [9d 5c 3d 3h]
Seat 3: killerfurbel (button) (small blind) collected ($17.64)
Seat 4: supersjakie (big blind) folded on the Turn


PokerStars Hand #166818285609:  Hold'em Limit ($3/$6 USD) - 2017/02/26 15:31:05 ET
Table 'Principia II' 6-max Seat #4 is the button
Seat 3: killerfurbel ($363.63 in chips)
Seat 4: supersjakie ($90.85 in chips)
supersjakie: posts small blind $1
killerfurbel: posts big blind $3
*** HOLE CARDS ***
supersjakie: raises $3 to $6
killerfurbel: calls $3
*** FLOP *** [9c Tc 3s]
killerfurbel: checks
supersjakie: bets $3
killerfurbel: calls $3
*** TURN *** [9c Tc 3s] [2s]
killerfurbel: checks
supersjakie: bets $6
killerfurbel: folds
Uncalled bet ($6) returned to supersjakie
supersjakie collected $17.64 from pot
supersjakie: doesn't show hand
*** SUMMARY ***
Total pot $18 | Rake $0.36
Board [9c Tc 3s 2s]
Seat 3: killerfurbel (big blind) folded on the Turn
Seat 4: supersjakie (button) (small blind) collected ($17.64)


PokerStars Hand #166818356402:  Hold'em Limit ($3/$6 USD) - 2017/02/26 15:32:14 ET
Table 'Principia II' 6-max Seat #4 is the button
Seat 3: killerfurbel ($360.15 in chips)
Seat 4: supersjakie ($93.25 in chips)
supersjakie: posts small blind $1
killerfurbel: posts big blind $3
*** HOLE CARDS ***
supersjakie: raises $3 to $6
killerfurbel: calls $3
*** FLOP *** [3s 7c 4s]
killerfurbel: checks
supersjakie: bets $3
killerfurbel: raises $3 to $6
supersjakie: raises $3 to $9
killerfurbel: calls $3
*** TURN *** [3s 7c 4s] [3d]
killerfurbel: checks
supersjakie: checks
*** RIVER *** [3s 7c 4s 3d] [Ks]
killerfurbel: bets $6
supersjakie: raises $6 to $12
killerfurbel: calls $6
*** SHOW DOWN ***
supersjakie: shows [2s Ts] (a flush, King high)
killerfurbel: mucks hand
supersjakie collected $53.50 from pot
*** SUMMARY ***
Total pot $54 | Rake $0.50
Board [3s 7c 4s 3d Ks]
Seat 3: killerfurbel (big blind) mucked
Seat 4: supersjakie (button) (small blind) showed [2s Ts] and won ($53.50) with a flush, King high


PokerStars Hand #166818342511:  Hold'em Limit ($3/$6 USD) - 2017/02/26 15:32:00 ET
Table 'Principia II' 6-max Seat #3 is the button
Seat 3: killerfurbel ($354.39 in chips)
Seat 4: supersjakie ($99.25 in chips)
killerfurbel: posts small blind $1
supersjakie: posts big blind $3
*** HOLE CARDS ***
killerfurbel: raises $3 to $6
supersjakie: calls $3
*** FLOP *** [Kc Jc 8h]
supersjakie: checks
killerfurbel: bets $3
supersjakie: folds
Uncalled bet ($3) returned to killerfurbel
killerfurbel collected $11.76 from pot
killerfurbel: doesn't show hand
*** SUMMARY ***
Total pot $12 | Rake $0.24
Board [Kc Jc 8h]
Seat 3: killerfurbel (button) (small blind) collected ($11.76)
Seat 4: supersjakie (big blind) folded on the Flop


PokerStars Hand #166818331755:  Hold'em Limit ($3/$6 USD) - 2017/02/26 15:31:50 ET
Table 'Principia II' 6-max Seat #4 is the button
Seat 3: killerfurbel ($360.39 in chips)
Seat 4: supersjakie ($93.49 in chips)
supersjakie: posts small blind $1
killerfurbel: posts big blind $3
*** HOLE CARDS ***
supersjakie: raises $3 to $6
killerfurbel: calls $3
*** FLOP *** [6d 6h 9s]
killerfurbel: checks
supersjakie: bets $3
killerfurbel: folds
Uncalled bet ($3) returned to supersjakie
supersjakie collected $11.76 from pot
supersjakie: doesn't show hand
*** SUMMARY ***
Total pot $12 | Rake $0.24
Board [6d 6h 9s]
Seat 3: killerfurbel (big blind) folded on the Flop
Seat 4: supersjakie (button) (small blind) collected ($11.76)


PokerStars Hand #166818300117:  Hold'em Limit ($3/$6 USD) - 2017/02/26 15:31:19 ET
Table 'Principia II' 6-max Seat #3 is the button
Seat 3: killerfurbel ($354.63 in chips)
Seat 4: supersjakie ($99.49 in chips)
killerfurbel: posts small blind $1
supersjakie: posts big blind $3
*** HOLE CARDS ***
killerfurbel: raises $3 to $6
supersjakie: calls $3
*** FLOP *** [7h 2c Ks]
supersjakie: checks
killerfurbel: bets $3
supersjakie: folds
Uncalled bet ($3) returned to killerfurbel
killerfurbel collected $11.76 from pot
killerfurbel: doesn't show hand
*** SUMMARY ***
Total pot $12 | Rake $0.24
Board [7h 2c Ks]
Seat 3: killerfurbel (button) (small blind) collected ($11.76)
Seat 4: supersjakie (big blind) folded on the Flop


PokerStars Hand #166818377549:  Hold'em Limit ($3/$6 USD) - 2017/02/26 15:32:36 ET
Table 'Principia II' 6-max Seat #3 is the button
Seat 3: killerfurbel ($333.15 in chips)
Seat 4: supersjakie ($119.75 in chips)
killerfurbel: posts small blind $1
supersjakie: posts big blind $3
*** HOLE CARDS ***
killerfurbel: raises $3 to $6
supersjakie: calls $3
*** FLOP *** [7c 2c Jc]
supersjakie: checks
killerfurbel: bets $3
supersjakie: raises $3 to $6
Tnz204 joins the table at seat #5
killerfurbel: calls $3
*** TURN *** [7c 2c Jc] [Ts]
supersjakie: bets $6
killerfurbel: calls $6
*** RIVER *** [7c 2c Jc Ts] [8s]
supersjakie: bets $6
killerfurbel: folds
Uncalled bet ($6) returned to supersjakie
supersjakie collected $35.50 from pot
supersjakie: doesn't show hand
*** SUMMARY ***
Total pot $36 | Rake $0.50
Board [7c 2c Jc Ts 8s]
Seat 3: killerfurbel (button) (small blind) folded on the River
Seat 4: supersjakie (big blind) collected ($35.50)


PokerStars Hand #166821225651:  Hold'em Limit ($3/$6 USD) - 2017/02/26 16:21:38 ET
Table 'Principia II' 6-max Seat #3 is the button
Seat 3: killerfurbel ($161.17 in chips)
Seat 6: hairy1961 ($101.97 in chips)
MellivoraSto will be allowed to play after the button
killerfurbel: posts small blind $1
hairy1961: posts big blind $3
*** HOLE CARDS ***
killerfurbel: raises $3 to $6
hairy1961: calls $3
*** FLOP *** [3s 7d Jd]
zxkz leaves the table
hairy1961: checks
killerfurbel: bets $3
hairy1961: calls $3
*** TURN *** [3s 7d Jd] [5c]
hairy1961: checks
killerfurbel: bets $6
hairy1961: calls $6
*** RIVER *** [3s 7d Jd 5c] [Jc]
hairy1961: checks
killerfurbel: bets $6
hairy1961: calls $6
*** SHOW DOWN ***
killerfurbel: shows [5h As] (two pair, Jacks and Fives)
hairy1961: mucks hand
killerfurbel collected $41.50 from pot
*** SUMMARY ***
Total pot $42 | Rake $0.50
Board [3s 7d Jd 5c Jc]
Seat 3: killerfurbel (button) (small blind) showed [5h As] and won ($41.50) with two pair, Jacks and Fives
Seat 6: hairy1961 (big blind) mucked


PokerStars Hand #166826233251:  Hold'em Limit ($3/$6 USD) - 2017/02/26 17:55:26 ET
Table 'Principia II' 6-max Seat #6 is the button
Seat 1: MellivoraSto ($123 in chips)
Seat 6: hairy1961 ($322.20 in chips)
hairy1961: posts small blind $1
MellivoraSto: posts big blind $3
*** HOLE CARDS ***
hairy1961: raises $3 to $6
MellivoraSto: folds
Uncalled bet ($3) returned to hairy1961
hairy1961 collected $6 from pot
*** SUMMARY ***
Total pot $6 | Rake $0
Seat 1: MellivoraSto (big blind) folded before Flop
Seat 6: hairy1961 (button) (small blind) collected ($6)


PokerStars Hand #166826229111:  Hold'em Limit ($3/$6 USD) - 2017/02/26 17:55:19 ET
Table 'Principia II' 6-max Seat #1 is the button
Seat 1: MellivoraSto ($120 in chips)
Seat 6: hairy1961 ($325.20 in chips)
MellivoraSto: posts small blind $1
hairy1961: posts big blind $3
*** HOLE CARDS ***
MellivoraSto: raises $3 to $6
hairy1961: folds
Uncalled bet ($3) returned to MellivoraSto
MellivoraSto collected $6 from pot
MellivoraSto: doesn't show hand
*** SUMMARY ***
Total pot $6 | Rake $0
Seat 1: MellivoraSto (button) (small blind) collected ($6)
Seat 6: hairy1961 (big blind) folded before Flop


PokerStars Hand #166826217626:  Hold'em Limit ($3/$6 USD) - 2017/02/26 17:55:03 ET
Table 'Principia II' 6-max Seat #6 is the button
Seat 1: MellivoraSto ($103.14 in chips)
Seat 6: hairy1961 ($307.70 in chips)
hairy1961: posts small blind $1
MellivoraSto: posts big blind $3
*** HOLE CARDS ***
hairy1961: raises $3 to $6
MellivoraSto: calls $3
*** FLOP *** [7h 7s 6d]
MellivoraSto: checks
hairy1961: checks
*** TURN *** [7h 7s 6d] [Kh]
MellivoraSto: bets $6
hairy1961: calls $6
*** RIVER *** [7h 7s 6d Kh] [7c]
MellivoraSto: bets $6
hairy1961: calls $6
*** SHOW DOWN ***
MellivoraSto: shows [As 4c] (three of a kind, Sevens)
hairy1961: shows [Kc 5c] (a full house, Sevens full of Kings)
hairy1961 collected $35.50 from pot
*** SUMMARY ***
Total pot $36 | Rake $0.50
Board [7h 7s 6d Kh 7c]
Seat 1: MellivoraSto (big blind) showed [As 4c] and lost with three of a kind, Sevens
Seat 6: hairy1961 (button) (small blind) showed [Kc 5c] and won ($35.50) with a full house, Sevens full of Kings


PokerStars Hand #166826208294:  Hold'em Limit ($3/$6 USD) - 2017/02/26 17:54:51 ET
Table 'Principia II' 6-max Seat #1 is the button
Seat 1: MellivoraSto ($109.14 in chips)
Seat 6: hairy1961 ($301.94 in chips)
MellivoraSto: posts small blind $1
hairy1961: posts big blind $3
*** HOLE CARDS ***
MellivoraSto: raises $3 to $6
hairy1961: calls $3
*** FLOP *** [Qc 5c 7d]
hairy1961: bets $3
MellivoraSto: folds
Uncalled bet ($3) returned to hairy1961
hairy1961 collected $11.76 from pot
*** SUMMARY ***
Total pot $12 | Rake $0.24
Board [Qc 5c 7d]
Seat 1: MellivoraSto (button) (small blind) folded on the Flop
Seat 6: hairy1961 (big blind) collected ($11.76)


PokerStars Hand #166826281036:  Hold'em Limit ($3/$6 USD) - 2017/02/26 17:56:42 ET
Table 'Principia II' 6-max Seat #6 is the button
Seat 1: MellivoraSto ($146.14 in chips)
Seat 6: hairy1961 ($298.20 in chips)
hairy1961: posts small blind $1
MellivoraSto: posts big blind $3
*** HOLE CARDS ***
hairy1961: folds
Uncalled bet ($2) returned to MellivoraSto
MellivoraSto collected $2 from pot
MellivoraSto: doesn't show hand
*** SUMMARY ***
Total pot $2 | Rake $0
Seat 1: MellivoraSto (big blind) collected ($2)
Seat 6: hairy1961 (button) (small blind) folded before Flop


PokerStars Hand #166826272067:  Hold'em Limit ($3/$6 USD) - 2017/02/26 17:56:28 ET
Table 'Principia II' 6-max Seat #1 is the button
Seat 1: MellivoraSto ($137.50 in chips)
Seat 6: hairy1961 ($307.20 in chips)
MellivoraSto: posts small blind $1
hairy1961: posts big blind $3
*** HOLE CARDS ***
MellivoraSto: raises $3 to $6
hairy1961: calls $3
*** FLOP *** [Ks As 2c]
hairy1961: bets $3
MellivoraSto: raises $3 to $6
hairy1961: folds
Uncalled bet ($3) returned to MellivoraSto
MellivoraSto collected $17.64 from pot
MellivoraSto: doesn't show hand
*** SUMMARY ***
Total pot $18 | Rake $0.36
Board [Ks As 2c]
Seat 1: MellivoraSto (button) (small blind) collected ($17.64)
Seat 6: hairy1961 (big blind) folded on the Flop


PokerStars Hand #166826268441:  Hold'em Limit ($3/$6 USD) - 2017/02/26 17:56:22 ET
Table 'Principia II' 6-max Seat #6 is the button
Seat 1: MellivoraSto ($136.50 in chips)
Seat 6: hairy1961 ($308.20 in chips)
hairy1961: posts small blind $1
MellivoraSto: posts big blind $3
*** HOLE CARDS ***
hairy1961: folds
Uncalled bet ($2) returned to MellivoraSto
MellivoraSto collected $2 from pot
MellivoraSto: doesn't show hand
*** SUMMARY ***
Total pot $2 | Rake $0
Seat 1: MellivoraSto (big blind) collected ($2)
Seat 6: hairy1961 (button) (small blind) folded before Flop


PokerStars Hand #166826265115:  Hold'em Limit ($3/$6 USD) - 2017/02/26 17:56:17 ET
Table 'Principia II' 6-max Seat #1 is the button
Seat 1: MellivoraSto ($137.50 in chips)
Seat 6: hairy1961 ($307.20 in chips)
MellivoraSto: posts small blind $1
hairy1961: posts big blind $3
*** HOLE CARDS ***
MellivoraSto: folds
Uncalled bet ($2) returned to hairy1961
hairy1961 collected $2 from pot
*** SUMMARY ***
Total pot $2 | Rake $0
Seat 1: MellivoraSto (button) (small blind) folded before Flop
Seat 6: hairy1961 (big blind) collected ($2)


PokerStars Hand #166826261310:  Hold'em Limit ($3/$6 USD) - 2017/02/26 17:56:11 ET
Table 'Principia II' 6-max Seat #6 is the button
Seat 1: MellivoraSto ($136.50 in chips)
Seat 6: hairy1961 ($308.20 in chips)
hairy1961: posts small blind $1
MellivoraSto: posts big blind $3
*** HOLE CARDS ***
hairy1961: folds
Uncalled bet ($2) returned to MellivoraSto
MellivoraSto collected $2 from pot
MellivoraSto: doesn't show hand
*** SUMMARY ***
Total pot $2 | Rake $0
Seat 1: MellivoraSto (big blind) collected ($2)
Seat 6: hairy1961 (button) (small blind) folded before Flop


PokerStars Hand #166826258021:  Hold'em Limit ($3/$6 USD) - 2017/02/26 17:56:06 ET
Table 'Principia II' 6-max Seat #1 is the button
Seat 1: MellivoraSto ($137.50 in chips)
Seat 6: hairy1961 ($307.20 in chips)
MellivoraSto: posts small blind $1
hairy1961: posts big blind $3
*** HOLE CARDS ***
MellivoraSto: folds
Uncalled bet ($2) returned to hairy1961
hairy1961 collected $2 from pot
*** SUMMARY ***
Total pot $2 | Rake $0
Seat 1: MellivoraSto (button) (small blind) folded before Flop
Seat 6: hairy1961 (big blind) collected ($2)


PokerStars Hand #166826253773:  Hold'em Limit ($3/$6 USD) - 2017/02/26 17:55:59 ET
Table 'Principia II' 6-max Seat #6 is the button
Seat 1: MellivoraSto ($140.50 in chips)
Seat 6: hairy1961 ($304.20 in chips)
hairy1961: posts small blind $1
MellivoraSto: posts big blind $3
*** HOLE CARDS ***
hairy1961: raises $3 to $6
MellivoraSto: folds
Uncalled bet ($3) returned to hairy1961
hairy1961 collected $6 from pot
*** SUMMARY ***
Total pot $6 | Rake $0
Seat 1: MellivoraSto (big blind) folded before Flop
Seat 6: hairy1961 (button) (small blind) collected ($6)


PokerStars Hand #166826238356:  Hold'em Limit ($3/$6 USD) - 2017/02/26 17:55:34 ET
Table 'Principia II' 6-max Seat #1 is the button
Seat 1: MellivoraSto ($120 in chips)
Seat 6: hairy1961 ($325.20 in chips)
MellivoraSto: posts small blind $1
hairy1961: posts big blind $3
*** HOLE CARDS ***
MellivoraSto: raises $3 to $6
hairy1961: calls $3
*** FLOP *** [Kh Ad 4s]
hairy1961: checks
MellivoraSto: bets $3
hairy1961: calls $3
*** TURN *** [Kh Ad 4s] [9s]
hairy1961: checks
MellivoraSto: bets $6
hairy1961: calls $6
*** RIVER *** [Kh Ad 4s 9s] [8s]
hairy1961: checks
MellivoraSto: bets $6
hairy1961: calls $6
*** SHOW DOWN ***
MellivoraSto: shows [Qd Ac] (a pair of Aces)
hairy1961: mucks hand
MellivoraSto collected $41.50 from pot
*** SUMMARY ***
Total pot $42 | Rake $0.50
Board [Kh Ad 4s 9s 8s]
Seat 1: MellivoraSto (button) (small blind) showed [Qd Ac] and won ($41.50) with a pair of Aces
Seat 6: hairy1961 (big blind) mucked


PokerStars Hand #166826303855:  Hold'em Limit ($3/$6 USD) - 2017/02/26 17:57:18 ET
Table 'Principia II' 6-max Seat #6 is the button
Seat 1: MellivoraSto ($134.14 in chips)
Seat 6: hairy1961 ($309.70 in chips)
hairy1961: posts small blind $1
MellivoraSto: posts big blind $3
*** HOLE CARDS ***
hairy1961: folds
Uncalled bet ($2) returned to MellivoraSto
MellivoraSto collected $2 from pot
MellivoraSto: doesn't show hand
*** SUMMARY ***
Total pot $2 | Rake $0
Seat 1: MellivoraSto (big blind) collected ($2)
Seat 6: hairy1961 (button) (small blind) folded before Flop


PokerStars Hand #166826300553:  Hold'em Limit ($3/$6 USD) - 2017/02/26 17:57:13 ET
Table 'Principia II' 6-max Seat #1 is the button
Seat 1: MellivoraSto ($135.14 in chips)
Seat 6: hairy1961 ($308.70 in chips)
MellivoraSto: posts small blind $1
hairy1961: posts big blind $3
*** HOLE CARDS ***
MellivoraSto: folds
Uncalled bet ($2) returned to hairy1961
hairy1961 collected $2 from pot
*** SUMMARY ***
Total pot $2 | Rake $0
Seat 1: MellivoraSto (button) (small blind) folded before Flop
Seat 6: hairy1961 (big blind) collected ($2)


PokerStars Hand #166826288289:  Hold'em Limit ($3/$6 USD) - 2017/02/26 17:56:53 ET
Table 'Principia II' 6-max Seat #6 is the button
Seat 1: MellivoraSto ($150.14 in chips)
Seat 6: hairy1961 ($294.20 in chips)
hairy1961: posts small blind $1
MellivoraSto: posts big blind $3
*** HOLE CARDS ***
hairy1961: raises $3 to $6
MellivoraSto: calls $3
*** FLOP *** [9h 3c Qs]
MellivoraSto: checks
hairy1961: bets $3
MellivoraSto: calls $3
*** TURN *** [9h 3c Qs] [4d]
MellivoraSto: checks
hairy1961: bets $6
MellivoraSto: calls $6
*** RIVER *** [9h 3c Qs 4d] [3s]
MellivoraSto: checks
hairy1961: checks
*** SHOW DOWN ***
MellivoraSto: shows [Jh Kc] (a pair of Threes)
hairy1961: shows [8c 8d] (two pair, Eights and Threes)
hairy1961 collected $29.50 from pot
*** SUMMARY ***
Total pot $30 | Rake $0.50
Board [9h 3c Qs 4d 3s]
Seat 1: MellivoraSto (big blind) showed [Jh Kc] and lost with a pair of Threes
Seat 6: hairy1961 (button) (small blind) showed [8c 8d] and won ($29.50) with two pair, Eights and Threes


PokerStars Hand #166826284492:  Hold'em Limit ($3/$6 USD) - 2017/02/26 17:56:47 ET
Table 'Principia II' 6-max Seat #1 is the button
Seat 1: MellivoraSto ($147.14 in chips)
Seat 6: hairy1961 ($297.20 in chips)
MellivoraSto: posts small blind $1
hairy1961: posts big blind $3
*** HOLE CARDS ***
MellivoraSto: raises $3 to $6
hairy1961: folds
Uncalled bet ($3) returned to MellivoraSto
MellivoraSto collected $6 from pot
MellivoraSto: doesn't show hand
*** SUMMARY ***
Total pot $6 | Rake $0
Seat 1: MellivoraSto (button) (small blind) collected ($6)
Seat 6: hairy1961 (big blind) folded before Flop


PokerStars Hand #166826358260:  Hold'em Limit ($3/$6 USD) - 2017/02/26 17:58:44 ET
Table 'Principia II' 6-max Seat #1 is the button
Seat 1: MellivoraSto ($122.64 in chips)
Seat 6: hairy1961 ($319.96 in chips)
MellivoraSto: posts small blind $1
hairy1961: posts big blind $3
*** HOLE CARDS ***
MellivoraSto: raises $3 to $6
hairy1961: folds
Uncalled bet ($3) returned to MellivoraSto
MellivoraSto collected $6 from pot
MellivoraSto: doesn't show hand
*** SUMMARY ***
Total pot $6 | Rake $0
Seat 1: MellivoraSto (button) (small blind) collected ($6)
Seat 6: hairy1961 (big blind) folded before Flop


PokerStars Hand #166826351753:  Hold'em Limit ($3/$6 USD) - 2017/02/26 17:58:34 ET
Table 'Principia II' 6-max Seat #6 is the button
Seat 1: MellivoraSto ($128.64 in chips)
Seat 6: hairy1961 ($314.20 in chips)
hairy1961: posts small blind $1
MellivoraSto: posts big blind $3
*** HOLE CARDS ***
hairy1961: raises $3 to $6
MellivoraSto: calls $3
*** FLOP *** [6h Js As]
MellivoraSto: checks
hairy1961: bets $3
MellivoraSto: folds
Uncalled bet ($3) returned to hairy1961
hairy1961 collected $11.76 from pot
*** SUMMARY ***
Total pot $12 | Rake $0.24
Board [6h Js As]
Seat 1: MellivoraSto (big blind) folded on the Flop
Seat 6: hairy1961 (button) (small blind) collected ($11.76)


PokerStars Hand #166826347990:  Hold'em Limit ($3/$6 USD) - 2017/02/26 17:58:28 ET
Table 'Principia II' 6-max Seat #1 is the button
Seat 1: MellivoraSto ($125.64 in chips)
Seat 6: hairy1961 ($317.20 in chips)
MellivoraSto: posts small blind $1
hairy1961: posts big blind $3
*** HOLE CARDS ***
MellivoraSto: raises $3 to $6
hairy1961: folds
Uncalled bet ($3) returned to MellivoraSto
MellivoraSto collected $6 from pot
MellivoraSto: doesn't show hand
*** SUMMARY ***
Total pot $6 | Rake $0
Seat 1: MellivoraSto (button) (small blind) collected ($6)
Seat 6: hairy1961 (big blind) folded before Flop


PokerStars Hand #166826344289:  Hold'em Limit ($3/$6 USD) - 2017/02/26 17:58:22 ET
Table 'Principia II' 6-max Seat #6 is the button
Seat 1: MellivoraSto ($124.64 in chips)
Seat 6: hairy1961 ($318.20 in chips)
hairy1961: posts small blind $1
MellivoraSto: posts big blind $3
*** HOLE CARDS ***
hairy1961: folds
Uncalled bet ($2) returned to MellivoraSto
MellivoraSto collected $2 from pot
MellivoraSto: doesn't show hand
*** SUMMARY ***
Total pot $2 | Rake $0
Seat 1: MellivoraSto (big blind) collected ($2)
Seat 6: hairy1961 (button) (small blind) folded before Flop


PokerStars Hand #166826341291:  Hold'em Limit ($3/$6 USD) - 2017/02/26 17:58:17 ET
Table 'Principia II' 6-max Seat #1 is the button
Seat 1: MellivoraSto ($125.64 in chips)
Seat 6: hairy1961 ($317.20 in chips)
MellivoraSto: posts small blind $1
hairy1961: posts big blind $3
*** HOLE CARDS ***
MellivoraSto: folds
Uncalled bet ($2) returned to hairy1961
hairy1961 collected $2 from pot
*** SUMMARY ***
Total pot $2 | Rake $0
Seat 1: MellivoraSto (button) (small blind) folded before Flop
Seat 6: hairy1961 (big blind) collected ($2)


PokerStars Hand #166826328084:  Hold'em Limit ($3/$6 USD) - 2017/02/26 17:57:57 ET
Table 'Principia II' 6-max Seat #6 is the button
Seat 1: MellivoraSto ($149.64 in chips)
Seat 6: hairy1961 ($293.70 in chips)
hairy1961: posts small blind $1
MellivoraSto: posts big blind $3
*** HOLE CARDS ***
hairy1961: raises $3 to $6
MellivoraSto: raises $3 to $9
hairy1961: calls $3
*** FLOP *** [Kc Kd 4h]
MellivoraSto: bets $3
hairy1961: calls $3
*** TURN *** [Kc Kd 4h] [Td]
MellivoraSto: bets $6
hairy1961: calls $6
*** RIVER *** [Kc Kd 4h Td] [9s]
MellivoraSto: checks
hairy1961: bets $6
MellivoraSto: calls $6
*** SHOW DOWN ***
hairy1961: shows [3c Ks] (three of a kind, Kings)
MellivoraSto: mucks hand
hairy1961 collected $47.50 from pot
*** SUMMARY ***
Total pot $48 | Rake $0.50
Board [Kc Kd 4h Td 9s]
Seat 1: MellivoraSto (big blind) mucked
Seat 6: hairy1961 (button) (small blind) showed [3c Ks] and won ($47.50) with three of a kind, Kings


PokerStars Hand #166826307505:  Hold'em Limit ($3/$6 USD) - 2017/02/26 17:57:24 ET
Table 'Principia II' 6-max Seat #1 is the button
Seat 1: MellivoraSto ($135.14 in chips)
Seat 6: hairy1961 ($308.70 in chips)
MellivoraSto: posts small blind $1
hairy1961: posts big blind $3
*** HOLE CARDS ***
MellivoraSto: raises $3 to $6
hairy1961: calls $3
*** FLOP *** [6c Qs Tc]
hairy1961: checks
MellivoraSto: bets $3
hairy1961: calls $3
*** TURN *** [6c Qs Tc] [8s]
hairy1961: checks
MellivoraSto: bets $6
hairy1961: calls $6
*** RIVER *** [6c Qs Tc 8s] [Jh]
hairy1961: checks
MellivoraSto: checks
*** SHOW DOWN ***
hairy1961: shows [5d Jd] (a pair of Jacks)
MellivoraSto: shows [Jc Ad] (a pair of Jacks - Ace kicker)
MellivoraSto collected $29.50 from pot
*** SUMMARY ***
Total pot $30 | Rake $0.50
Board [6c Qs Tc 8s Jh]
Seat 1: MellivoraSto (button) (small blind) showed [Jc Ad] and won ($29.50) with a pair of Jacks
Seat 6: hairy1961 (big blind) showed [5d Jd] and lost with a pair of Jacks


PokerStars Hand #166826390714:  Hold'em Limit ($3/$6 USD) - 2017/02/26 17:59:35 ET
Table 'Principia II' 6-max Seat #1 is the button
Seat 1: MellivoraSto ($145.14 in chips)
Seat 6: hairy1961 ($296.96 in chips)
MellivoraSto: posts small blind $1
hairy1961: posts big blind $3
*** HOLE CARDS ***
MellivoraSto: folds
Uncalled bet ($2) returned to hairy1961
hairy1961 collected $2 from pot
*** SUMMARY ***
Total pot $2 | Rake $0
Seat 1: MellivoraSto (button) (small blind) folded before Flop
Seat 6: hairy1961 (big blind) collected ($2)


PokerStars Hand #166826387351:  Hold'em Limit ($3/$6 USD) - 2017/02/26 17:59:30 ET
Table 'Principia II' 6-max Seat #6 is the button
Seat 1: MellivoraSto ($144.14 in chips)
Seat 6: hairy1961 ($297.96 in chips)
hairy1961: posts small blind $1
MellivoraSto: posts big blind $3
*** HOLE CARDS ***
hairy1961: folds
Uncalled bet ($2) returned to MellivoraSto
MellivoraSto collected $2 from pot
MellivoraSto: doesn't show hand
*** SUMMARY ***
Total pot $2 | Rake $0
Seat 1: MellivoraSto (big blind) collected ($2)
Seat 6: hairy1961 (button) (small blind) folded before Flop


PokerStars Hand #166826383576:  Hold'em Limit ($3/$6 USD) - 2017/02/26 17:59:24 ET
Table 'Principia II' 6-max Seat #1 is the button
Seat 1: MellivoraSto ($145.14 in chips)
Seat 6: hairy1961 ($296.96 in chips)
MellivoraSto: posts small blind $1
hairy1961: posts big blind $3
*** HOLE CARDS ***
MellivoraSto: folds
Uncalled bet ($2) returned to hairy1961
hairy1961 collected $2 from pot
*** SUMMARY ***
Total pot $2 | Rake $0
Seat 1: MellivoraSto (button) (small blind) folded before Flop
Seat 6: hairy1961 (big blind) collected ($2)


PokerStars Hand #166826380016:  Hold'em Limit ($3/$6 USD) - 2017/02/26 17:59:18 ET
Table 'Principia II' 6-max Seat #6 is the button
Seat 1: MellivoraSto ($144.14 in chips)
Seat 6: hairy1961 ($297.96 in chips)
hairy1961: posts small blind $1
MellivoraSto: posts big blind $3
*** HOLE CARDS ***
hairy1961: folds
Uncalled bet ($2) returned to MellivoraSto
MellivoraSto collected $2 from pot
MellivoraSto: doesn't show hand
*** SUMMARY ***
Total pot $2 | Rake $0
Seat 1: MellivoraSto (big blind) collected ($2)
Seat 6: hairy1961 (button) (small blind) folded before Flop


PokerStars Hand #166826366458:  Hold'em Limit ($3/$6 USD) - 2017/02/26 17:58:57 ET
Table 'Principia II' 6-max Seat #1 is the button
Seat 1: MellivoraSto ($126.64 in chips)
Seat 6: hairy1961 ($315.96 in chips)
MellivoraSto: posts small blind $1
hairy1961: posts big blind $3
*** HOLE CARDS ***
MellivoraSto: raises $3 to $6
hairy1961: raises $3 to $9
MellivoraSto: raises $3 to $12
Betting is capped
hairy1961: calls $3
*** FLOP *** [4h 5c 6d]
hairy1961: bets $3
MellivoraSto: raises $3 to $6
hairy1961: calls $3
*** TURN *** [4h 5c 6d] [9h]
hairy1961: checks
MellivoraSto: bets $6
hairy1961: folds
Uncalled bet ($6) returned to MellivoraSto
MellivoraSto collected $35.50 from pot
MellivoraSto: doesn't show hand
*** SUMMARY ***
Total pot $36 | Rake $0.50
Board [4h 5c 6d 9h]
Seat 1: MellivoraSto (button) (small blind) collected ($35.50)
Seat 6: hairy1961 (big blind) folded on the Turn


PokerStars Hand #166826362528:  Hold'em Limit ($3/$6 USD) - 2017/02/26 17:58:51 ET
Table 'Principia II' 6-max Seat #6 is the button
Seat 1: MellivoraSto ($125.64 in chips)
Seat 6: hairy1961 ($316.96 in chips)
hairy1961: posts small blind $1
MellivoraSto: posts big blind $3
*** HOLE CARDS ***
hairy1961: folds
Uncalled bet ($2) returned to MellivoraSto
MellivoraSto collected $2 from pot
MellivoraSto: doesn't show hand
*** SUMMARY ***
Total pot $2 | Rake $0
Seat 1: MellivoraSto (big blind) collected ($2)
Seat 6: hairy1961 (button) (small blind) folded before Flop


PokerStars Hand #166826423891:  Hold'em Limit ($3/$6 USD) - 2017/02/26 18:00:27 ET
Table 'Principia II' 6-max Seat #1 is the button
Seat 1: MellivoraSto ($125.89 in chips)
Seat 6: hairy1961 ($314.99 in chips)
MellivoraSto: posts small blind $1
hairy1961: posts big blind $3
*** HOLE CARDS ***
MellivoraSto: folds
Uncalled bet ($2) returned to hairy1961
hairy1961 collected $2 from pot
*** SUMMARY ***
Total pot $2 | Rake $0
Seat 1: MellivoraSto (button) (small blind) folded before Flop
Seat 6: hairy1961 (big blind) collected ($2)


PokerStars Hand #166826417119:  Hold'em Limit ($3/$6 USD) - 2017/02/26 18:00:16 ET
Table 'Principia II' 6-max Seat #6 is the button
Seat 1: MellivoraSto ($131.89 in chips)
Seat 6: hairy1961 ($309.23 in chips)
hairy1961: posts small blind $1
MellivoraSto: posts big blind $3
*** HOLE CARDS ***
hairy1961: raises $3 to $6
MellivoraSto: calls $3
*** FLOP *** [Js Ad As]
MellivoraSto: checks
hairy1961: bets $3
MellivoraSto: folds
Uncalled bet ($3) returned to hairy1961
hairy1961 collected $11.76 from pot
*** SUMMARY ***
Total pot $12 | Rake $0.24
Board [Js Ad As]
Seat 1: MellivoraSto (big blind) folded on the Flop
Seat 6: hairy1961 (button) (small blind) collected ($11.76)


PokerStars Hand #166826404915:  Hold'em Limit ($3/$6 USD) - 2017/02/26 17:59:58 ET
Table 'Principia II' 6-max Seat #1 is the button
Seat 1: MellivoraSto ($132.14 in chips)
Seat 6: hairy1961 ($309.48 in chips)
MellivoraSto: posts small blind $1
hairy1961: posts big blind $3
*** HOLE CARDS ***
MellivoraSto: raises $3 to $6
hairy1961: calls $3
*** FLOP *** [Td 5h 4s]
hairy1961: checks
MellivoraSto: bets $3
hairy1961: calls $3
*** TURN *** [Td 5h 4s] [4d]
hairy1961: bets $6
MellivoraSto: calls $6
*** RIVER *** [Td 5h 4s 4d] [2s]
hairy1961: bets $6
MellivoraSto: calls $6
*** SHOW DOWN ***
hairy1961: shows [Kh 9c] (a pair of Fours)
MellivoraSto: shows [9s Kc] (a pair of Fours)
hairy1961 collected $20.75 from pot
MellivoraSto collected $20.75 from pot
*** SUMMARY ***
Total pot $42 | Rake $0.50
Board [Td 5h 4s 4d 2s]
Seat 1: MellivoraSto (button) (small blind) showed [9s Kc] and won ($20.75) with a pair of Fours
Seat 6: hairy1961 (big blind) showed [Kh 9c] and won ($20.75) with a pair of Fours


PokerStars Hand #166826394083:  Hold'em Limit ($3/$6 USD) - 2017/02/26 17:59:41 ET
Table 'Principia II' 6-max Seat #6 is the button
Seat 1: MellivoraSto ($144.14 in chips)
Seat 6: hairy1961 ($297.96 in chips)
hairy1961: posts small blind $1
MellivoraSto: posts big blind $3
*** HOLE CARDS ***
hairy1961: raises $3 to $6
MellivoraSto: calls $3
*** FLOP *** [6d Qh 4d]
MellivoraSto: checks
hairy1961: checks
*** TURN *** [6d Qh 4d] [Jc]
MellivoraSto: bets $6
hairy1961: calls $6
*** RIVER *** [6d Qh 4d Jc] [Ad]
MellivoraSto: checks
hairy1961: checks
*** SHOW DOWN ***
MellivoraSto: shows [Kc 4s] (a pair of Fours)
hairy1961: shows [Jh 9s] (a pair of Jacks)
hairy1961 collected $23.52 from pot
*** SUMMARY ***
Total pot $24 | Rake $0.48
Board [6d Qh 4d Jc Ad]
Seat 1: MellivoraSto (big blind) showed [Kc 4s] and lost with a pair of Fours
Seat 6: hairy1961 (button) (small blind) showed [Jh 9s] and won ($23.52) with a pair of Jacks


PokerStars Hand #166826479630:  Hold'em Limit ($3/$6 USD) - 2017/02/26 18:01:45 ET
Table 'Principia II' 6-max Seat #1 is the button
Seat 1: MellivoraSto ($124 in chips)
Seat 6: hairy1961 ($353.99 in chips)
MellivoraSto: posts small blind $1
hairy1961: posts big blind $3
*** HOLE CARDS ***
MellivoraSto: folds
Uncalled bet ($2) returned to hairy1961
hairy1961 collected $2 from pot
*** SUMMARY ***
Total pot $2 | Rake $0
Seat 1: MellivoraSto (button) (small blind) folded before Flop
Seat 6: hairy1961 (big blind) collected ($2)


PokerStars Hand #166826475811:  Hold'em Limit ($3/$6 USD) - 2017/02/26 18:01:40 ET
Table 'Principia II' 6-max Seat #6 is the button
Seat 1: MellivoraSto ($123 in chips)
Seat 6: hairy1961 ($354.99 in chips)
hairy1961: posts small blind $1
MellivoraSto: posts big blind $3
*** HOLE CARDS ***
hairy1961: folds
Uncalled bet ($2) returned to MellivoraSto
MellivoraSto collected $2 from pot
MellivoraSto: doesn't show hand
*** SUMMARY ***
Total pot $2 | Rake $0
Seat 1: MellivoraSto (big blind) collected ($2)
Seat 6: hairy1961 (button) (small blind) folded before Flop


PokerStars Hand #166826470770:  Hold'em Limit ($3/$6 USD) - 2017/02/26 18:01:33 ET
Table 'Principia II' 6-max Seat #1 is the button
Seat 1: MellivoraSto ($120 in chips)
Seat 6: hairy1961 ($357.99 in chips)
MellivoraSto: posts small blind $1
hairy1961: posts big blind $3
*** HOLE CARDS ***
MellivoraSto: raises $3 to $6
hairy1961: folds
Uncalled bet ($3) returned to MellivoraSto
MellivoraSto collected $6 from pot
MellivoraSto: doesn't show hand
*** SUMMARY ***
Total pot $6 | Rake $0
Seat 1: MellivoraSto (button) (small blind) collected ($6)
Seat 6: hairy1961 (big blind) folded before Flop


PokerStars Hand #166826458001:  Hold'em Limit ($3/$6 USD) - 2017/02/26 18:01:16 ET
Table 'Principia II' 6-max Seat #6 is the button
Seat 1: MellivoraSto ($99.89 in chips)
Seat 6: hairy1961 ($340.49 in chips)
hairy1961: posts small blind $1
MellivoraSto: posts big blind $3
*** HOLE CARDS ***
hairy1961: raises $3 to $6
MellivoraSto: raises $3 to $9
hairy1961: calls $3
*** FLOP *** [8c 7c As]
MellivoraSto: bets $3
hairy1961: calls $3
*** TURN *** [8c 7c As] [7h]
MellivoraSto: bets $6
hairy1961: calls $6
*** RIVER *** [8c 7c As 7h] [9c]
MellivoraSto: checks
hairy1961: checks
*** SHOW DOWN ***
MellivoraSto: shows [Jc Ks] (a pair of Sevens)
hairy1961: shows [2s 2d] (two pair, Sevens and Deuces)
hairy1961 collected $35.50 from pot
*** SUMMARY ***
Total pot $36 | Rake $0.50
Board [8c 7c As 7h 9c]
Seat 1: MellivoraSto (big blind) showed [Jc Ks] and lost with a pair of Sevens
Seat 6: hairy1961 (button) (small blind) showed [2s 2d] and won ($35.50) with two pair, Sevens and Deuces


PokerStars Hand #166826452999:  Hold'em Limit ($3/$6 USD) - 2017/02/26 18:01:09 ET
Table 'Principia II' 6-max Seat #1 is the button
Seat 1: MellivoraSto ($100.89 in chips)
Seat 6: hairy1961 ($339.49 in chips)
MellivoraSto: posts small blind $1
hairy1961: posts big blind $3
*** HOLE CARDS ***
MellivoraSto: folds
Uncalled bet ($2) returned to hairy1961
hairy1961 collected $2 from pot
*** SUMMARY ***
Total pot $2 | Rake $0
Seat 1: MellivoraSto (button) (small blind) folded before Flop
Seat 6: hairy1961 (big blind) collected ($2)


PokerStars Hand #166826427214:  Hold'em Limit ($3/$6 USD) - 2017/02/26 18:00:32 ET
Table 'Principia II' 6-max Seat #6 is the button
Seat 1: MellivoraSto ($124.89 in chips)
Seat 6: hairy1961 ($315.99 in chips)
hairy1961: posts small blind $1
MellivoraSto: posts big blind $3
*** HOLE CARDS ***
hairy1961: raises $3 to $6
MellivoraSto: raises $3 to $9
hairy1961: calls $3
*** FLOP *** [Tc 4d 8h]
MellivoraSto: bets $3
hairy1961: calls $3
*** TURN *** [Tc 4d 8h] [8d]
MellivoraSto: bets $6
hairy1961: calls $6
*** RIVER *** [Tc 4d 8h 8d] [Jh]
MellivoraSto: bets $6
hairy1961: calls $6
*** SHOW DOWN ***
MellivoraSto: shows [6s Ks] (a pair of Eights)
hairy1961: shows [Ac 5h] (a pair of Eights - Ace kicker)
hairy1961 collected $47.50 from pot
*** SUMMARY ***
Total pot $48 | Rake $0.50
Board [Tc 4d 8h 8d Jh]
Seat 1: MellivoraSto (big blind) showed [6s Ks] and lost with a pair of Eights
Seat 6: hairy1961 (button) (small blind) showed [Ac 5h] and won ($47.50) with a pair of Eights


PokerStars Hand #166826511141:  Hold'em Limit ($3/$6 USD) - 2017/02/26 18:02:26 ET
Table 'Principia II' 6-max Seat #6 is the button
Seat 1: MellivoraSto ($146.14 in chips)
Seat 6: hairy1961 ($330.99 in chips)
hairy1961: posts small blind $1
MellivoraSto: posts big blind $3
*** HOLE CARDS ***
hairy1961: raises $3 to $6
MellivoraSto: calls $3
*** FLOP *** [8c 9h Td]
MellivoraSto: checks
hairy1961: checks
*** TURN *** [8c 9h Td] [4s]
MellivoraSto: bets $6
hairy1961: calls $6
*** RIVER *** [8c 9h Td 4s] [6s]
MellivoraSto: bets $6
hairy1961: calls $6
*** SHOW DOWN ***
MellivoraSto: shows [9c Qs] (a pair of Nines)
hairy1961: shows [9d Kh] (a pair of Nines - King kicker)
hairy1961 collected $35.50 from pot
*** SUMMARY ***
Total pot $36 | Rake $0.50
Board [8c 9h Td 4s 6s]
Seat 1: MellivoraSto (big blind) showed [9c Qs] and lost with a pair of Nines
Seat 6: hairy1961 (button) (small blind) showed [9d Kh] and won ($35.50) with a pair of Nines


PokerStars Hand #166826497014:  Hold'em Limit ($3/$6 USD) - 2017/02/26 18:02:08 ET
Table 'Principia II' 6-max Seat #1 is the button
Seat 1: MellivoraSto ($131.64 in chips)
Seat 6: hairy1961 ($345.99 in chips)
MellivoraSto: posts small blind $1
hairy1961: posts big blind $3
*** HOLE CARDS ***
MellivoraSto: raises $3 to $6
hairy1961: calls $3
*** FLOP *** [9d Ac 2h]
hairy1961: bets $3
MellivoraSto: calls $3
*** TURN *** [9d Ac 2h] [As]
hairy1961: bets $6
MellivoraSto: raises $6 to $12
hairy1961: folds
Uncalled bet ($6) returned to MellivoraSto
MellivoraSto collected $29.50 from pot
MellivoraSto: doesn't show hand
*** SUMMARY ***
Total pot $30 | Rake $0.50
Board [9d Ac 2h As]
Seat 1: MellivoraSto (button) (small blind) collected ($29.50)
Seat 6: hairy1961 (big blind) folded on the Turn


PokerStars Hand #166826484114:  Hold'em Limit ($3/$6 USD) - 2017/02/26 18:01:51 ET
Table 'Principia II' 6-max Seat #6 is the button
Seat 1: MellivoraSto ($123 in chips)
Seat 6: hairy1961 ($354.99 in chips)
hairy1961: posts small blind $1
MellivoraSto: posts big blind $3
*** HOLE CARDS ***
hairy1961: raises $3 to $6
MellivoraSto: calls $3
*** FLOP *** [7d 3s Ah]
MellivoraSto: checks
hairy1961: bets $3
MellivoraSto: calls $3
*** TURN *** [7d 3s Ah] [Qc]
MellivoraSto: checks
hairy1961: checks
*** RIVER *** [7d 3s Ah Qc] [4d]
MellivoraSto: bets $6
hairy1961: folds
Uncalled bet ($6) returned to MellivoraSto
MellivoraSto collected $17.64 from pot
MellivoraSto: doesn't show hand
*** SUMMARY ***
Total pot $18 | Rake $0.36
Board [7d 3s Ah Qc 4d]
Seat 1: MellivoraSto (big blind) collected ($17.64)
Seat 6: hairy1961 (button) (small blind) folded on the River


PokerStars Hand #166826573323:  Hold'em Limit ($3/$6 USD) - 2017/02/26 18:03:44 ET
Table 'Principia II' 6-max Seat #1 is the button
Seat 1: MellivoraSto ($115.90 in chips)
Seat 6: hairy1961 ($359.99 in chips)
MellivoraSto: posts small blind $1
hairy1961: posts big blind $3
*** HOLE CARDS ***
MellivoraSto: folds
Uncalled bet ($2) returned to hairy1961
hairy1961 collected $2 from pot
*** SUMMARY ***
Total pot $2 | Rake $0
Seat 1: MellivoraSto (button) (small blind) folded before Flop
Seat 6: hairy1961 (big blind) collected ($2)


PokerStars Hand #166826568825:  Hold'em Limit ($3/$6 USD) - 2017/02/26 18:03:38 ET
Table 'Principia II' 6-max Seat #6 is the button
Seat 1: MellivoraSto ($114.90 in chips)
Seat 6: hairy1961 ($360.99 in chips)
hairy1961: posts small blind $1
MellivoraSto: posts big blind $3
*** HOLE CARDS ***
hairy1961: folds
Uncalled bet ($2) returned to MellivoraSto
MellivoraSto collected $2 from pot
MellivoraSto: doesn't show hand
*** SUMMARY ***
Total pot $2 | Rake $0
Seat 1: MellivoraSto (big blind) collected ($2)
Seat 6: hairy1961 (button) (small blind) folded before Flop


PokerStars Hand #166826564959:  Hold'em Limit ($3/$6 USD) - 2017/02/26 18:03:33 ET
Table 'Principia II' 6-max Seat #1 is the button
Seat 1: MellivoraSto ($115.90 in chips)
Seat 6: hairy1961 ($359.99 in chips)
MellivoraSto: posts small blind $1
hairy1961: posts big blind $3
*** HOLE CARDS ***
MellivoraSto: folds
Uncalled bet ($2) returned to hairy1961
hairy1961 collected $2 from pot
*** SUMMARY ***
Total pot $2 | Rake $0
Seat 1: MellivoraSto (button) (small blind) folded before Flop
Seat 6: hairy1961 (big blind) collected ($2)


PokerStars Hand #166826549872:  Hold'em Limit ($3/$6 USD) - 2017/02/26 18:03:15 ET
Table 'Principia II' 6-max Seat #6 is the button
Seat 1: MellivoraSto ($133.90 in chips)
Seat 6: hairy1961 ($342.49 in chips)
hairy1961: posts small blind $1
MellivoraSto: posts big blind $3
*** HOLE CARDS ***
hairy1961: raises $3 to $6
MellivoraSto: raises $3 to $9
hairy1961: calls $3
*** FLOP *** [Jc Jd 8h]
MellivoraSto: bets $3
hairy1961: calls $3
*** TURN *** [Jc Jd 8h] [Kh]
MellivoraSto: bets $6
hairy1961: calls $6
*** RIVER *** [Jc Jd 8h Kh] [Td]
MellivoraSto: checks
hairy1961: checks
*** SHOW DOWN ***
MellivoraSto: shows [Ah 5h] (a pair of Jacks)
hairy1961: shows [Kc 7c] (two pair, Kings and Jacks)
hairy1961 collected $35.50 from pot
*** SUMMARY ***
Total pot $36 | Rake $0.50
Board [Jc Jd 8h Kh Td]
Seat 1: MellivoraSto (big blind) showed [Ah 5h] and lost with a pair of Jacks
Seat 6: hairy1961 (button) (small blind) showed [Kc 7c] and won ($35.50) with two pair, Kings and Jacks


PokerStars Hand #166826546013:  Hold'em Limit ($3/$6 USD) - 2017/02/26 18:03:10 ET
Table 'Principia II' 6-max Seat #1 is the button
Seat 1: MellivoraSto ($134.90 in chips)
Seat 6: hairy1961 ($341.49 in chips)
MellivoraSto: posts small blind $1
hairy1961: posts big blind $3
*** HOLE CARDS ***
MellivoraSto: folds
Uncalled bet ($2) returned to hairy1961
hairy1961 collected $2 from pot
*** SUMMARY ***
Total pot $2 | Rake $0
Seat 1: MellivoraSto (button) (small blind) folded before Flop
Seat 6: hairy1961 (big blind) collected ($2)


PokerStars Hand #166826541844:  Hold'em Limit ($3/$6 USD) - 2017/02/26 18:03:04 ET
Table 'Principia II' 6-max Seat #6 is the button
Seat 1: MellivoraSto ($133.90 in chips)
Seat 6: hairy1961 ($342.49 in chips)
hairy1961: posts small blind $1
MellivoraSto: posts big blind $3
*** HOLE CARDS ***
hairy1961: folds
Uncalled bet ($2) returned to MellivoraSto
MellivoraSto collected $2 from pot
MellivoraSto: doesn't show hand
*** SUMMARY ***
Total pot $2 | Rake $0
Seat 1: MellivoraSto (big blind) collected ($2)
Seat 6: hairy1961 (button) (small blind) folded before Flop


PokerStars Hand #166826526062:  Hold'em Limit ($3/$6 USD) - 2017/02/26 18:02:44 ET
Table 'Principia II' 6-max Seat #1 is the button
Seat 1: MellivoraSto ($128.14 in chips)
Seat 6: hairy1961 ($348.49 in chips)
MellivoraSto: posts small blind $1
hairy1961: posts big blind $3
*** HOLE CARDS ***
MellivoraSto: raises $3 to $6
hairy1961: calls $3
*** FLOP *** [Kh Td Ad]
hairy1961: checks
MellivoraSto: bets $3
hairy1961: folds
Uncalled bet ($3) returned to MellivoraSto
MellivoraSto collected $11.76 from pot
MellivoraSto: doesn't show hand
*** SUMMARY ***
Total pot $12 | Rake $0.24
Board [Kh Td Ad]
Seat 1: MellivoraSto (button) (small blind) collected ($11.76)
Seat 6: hairy1961 (big blind) folded on the Flop


PokerStars Hand #166826603558:  Hold'em Limit ($3/$6 USD) - 2017/02/26 18:04:22 ET
Table 'Principia II' 6-max Seat #6 is the button
Seat 1: MellivoraSto ($96.90 in chips)
Seat 6: hairy1961 ($378.27 in chips)
hairy1961: posts small blind $1
MellivoraSto: posts big blind $3
*** HOLE CARDS ***
hairy1961: raises $3 to $6
LWNS joins the table at seat #3
MellivoraSto: raises $3 to $9
hairy1961: calls $3
*** FLOP *** [Kd 9s 4d]
MellivoraSto: bets $3
hairy1961: calls $3
*** TURN *** [Kd 9s 4d] [7h]
MellivoraSto: bets $6
hairy1961: calls $6
*** RIVER *** [Kd 9s 4d 7h] [9h]
MellivoraSto: bets $6
CaolilaH2O joins the table at seat #2
hairy1961: calls $6
*** SHOW DOWN ***
MellivoraSto: shows [Ad 3s] (a pair of Nines)
hairy1961: shows [7s Qs] (two pair, Nines and Sevens)
hairy1961 collected $47.50 from pot
*** SUMMARY ***
Total pot $48 | Rake $0.50
Board [Kd 9s 4d 7h 9h]
Seat 1: MellivoraSto (big blind) showed [Ad 3s] and lost with a pair of Nines
Seat 6: hairy1961 (button) (small blind) showed [7s Qs] and won ($47.50) with two pair, Nines and Sevens


PokerStars Hand #166826577460:  Hold'em Limit ($3/$6 USD) - 2017/02/26 18:03:49 ET
Table 'Principia II' 6-max Seat #6 is the button
Seat 1: MellivoraSto ($114.90 in chips)
Seat 6: hairy1961 ($360.99 in chips)
hairy1961: posts small blind $1
MellivoraSto: posts big blind $3
*** HOLE CARDS ***
hairy1961: raises $3 to $6
MellivoraSto: calls $3
*** FLOP *** [6s 7d Qd]
MellivoraSto: checks
hairy1961: bets $3
MellivoraSto: folds
Uncalled bet ($3) returned to hairy1961
hairy1961 collected $11.76 from pot
*** SUMMARY ***
Total pot $12 | Rake $0.24
Board [6s 7d Qd]
Seat 1: MellivoraSto (big blind) folded on the Flop
Seat 6: hairy1961 (button) (small blind) collected ($11.76)


PokerStars Hand #166828649983:  Hold'em Limit ($3/$6 USD) - 2017/02/26 18:50:19 ET
Table 'Principia II' 6-max Seat #4 is the button
Seat 1: MellivoraSto ($345.77 in chips)
Seat 4: Mike_Denton ($186.94 in chips)
Mike_Denton: posts small blind $1
MellivoraSto: posts big blind $3
*** HOLE CARDS ***
Mike_Denton: folds
Uncalled bet ($2) returned to MellivoraSto
MellivoraSto collected $2 from pot
MellivoraSto: doesn't show hand
*** SUMMARY ***
Total pot $2 | Rake $0
Seat 1: MellivoraSto (big blind) collected ($2)
Seat 4: Mike_Denton (button) (small blind) folded before Flop


PokerStars Hand #166828645620:  Hold'em Limit ($3/$6 USD) - 2017/02/26 18:50:13 ET
Table 'Principia II' 6-max Seat #1 is the button
Seat 1: MellivoraSto ($342.77 in chips)
Seat 4: Mike_Denton ($189.94 in chips)
MellivoraSto: posts small blind $1
Yarra56: is sitting out
Mike_Denton: posts big blind $3
*** HOLE CARDS ***
MellivoraSto: raises $3 to $6
Yarra56 leaves the table
Mike_Denton: folds
Uncalled bet ($3) returned to MellivoraSto
MellivoraSto collected $6 from pot
MellivoraSto: doesn't show hand
*** SUMMARY ***
Total pot $6 | Rake $0
Seat 1: MellivoraSto (button) (small blind) collected ($6)
Seat 4: Mike_Denton (big blind) folded before Flop


PokerStars Hand #166828653500:  Hold'em Limit ($3/$6 USD) - 2017/02/26 18:50:25 ET
Table 'Principia II' 6-max Seat #1 is the button
Seat 1: MellivoraSto ($346.77 in chips)
Seat 4: Mike_Denton ($185.94 in chips)
MellivoraSto: posts small blind $1
Mike_Denton: posts big blind $3
*** HOLE CARDS ***
MellivoraSto: raises $3 to $6
Mike_Denton: raises $3 to $9
MellivoraSto: calls $3
*** FLOP *** [Qh 7d Ad]
Mike_Denton: bets $3
MellivoraSto: calls $3
*** TURN *** [Qh 7d Ad] [9d]
Mike_Denton: bets $6
MellivoraSto: raises $6 to $12
Mike_Denton: calls $6
*** RIVER *** [Qh 7d Ad 9d] [Jd]
Mike_Denton: checks
MellivoraSto: bets $6
Mike_Denton: folds
Uncalled bet ($6) returned to MellivoraSto
MellivoraSto collected $47.50 from pot
MellivoraSto: doesn't show hand
*** SUMMARY ***
Total pot $48 | Rake $0.50
Board [Qh 7d Ad 9d Jd]
Seat 1: MellivoraSto (button) (small blind) collected ($47.50)
Seat 4: Mike_Denton (big blind) folded on the River


PokerStars Hand #166828700111:  Hold'em Limit ($3/$6 USD) - 2017/02/26 18:51:33 ET
Table 'Principia II' 6-max Seat #1 is the button
Seat 1: MellivoraSto ($396.19 in chips)
Seat 4: Mike_Denton ($134.94 in chips)
MellivoraSto: posts small blind $1
Mike_Denton: posts big blind $3
*** HOLE CARDS ***
MellivoraSto: raises $3 to $6
Mike_Denton: calls $3
*** FLOP *** [Td 9h 7c]
Mike_Denton: checks
MellivoraSto: bets $3
Mike_Denton: folds
Uncalled bet ($3) returned to MellivoraSto
MellivoraSto collected $11.76 from pot
MellivoraSto: doesn't show hand
*** SUMMARY ***
Total pot $12 | Rake $0.24
Board [Td 9h 7c]
Seat 1: MellivoraSto (button) (small blind) collected ($11.76)
Seat 4: Mike_Denton (big blind) folded on the Flop


PokerStars Hand #166828692638:  Hold'em Limit ($3/$6 USD) - 2017/02/26 18:51:22 ET
Table 'Principia II' 6-max Seat #4 is the button
Seat 1: MellivoraSto ($387.55 in chips)
Seat 4: Mike_Denton ($143.94 in chips)
Mike_Denton: posts small blind $1
MellivoraSto: posts big blind $3
*** HOLE CARDS ***
Mike_Denton: raises $3 to $6
MellivoraSto: calls $3
*** FLOP *** [Ah 2d 6d]
MellivoraSto: checks
Mike_Denton: bets $3
MellivoraSto: raises $3 to $6
Mike_Denton: folds
Uncalled bet ($3) returned to MellivoraSto
MellivoraSto collected $17.64 from pot
MellivoraSto: doesn't show hand
*** SUMMARY ***
Total pot $18 | Rake $0.36
Board [Ah 2d 6d]
Seat 1: MellivoraSto (big blind) collected ($17.64)
Seat 4: Mike_Denton (button) (small blind) folded on the Flop


PokerStars Hand #166828685883:  Hold'em Limit ($3/$6 USD) - 2017/02/26 18:51:12 ET
Table 'Principia II' 6-max Seat #1 is the button
Seat 1: MellivoraSto ($381.79 in chips)
Seat 4: Mike_Denton ($149.94 in chips)
MellivoraSto: posts small blind $1
Mike_Denton: posts big blind $3
*** HOLE CARDS ***
MellivoraSto: raises $3 to $6
Mike_Denton: calls $3
*** FLOP *** [Qc Qs 9d]
Mike_Denton: checks
MellivoraSto: bets $3
Mike_Denton: folds
Uncalled bet ($3) returned to MellivoraSto
MellivoraSto collected $11.76 from pot
MellivoraSto: doesn't show hand
*** SUMMARY ***
Total pot $12 | Rake $0.24
Board [Qc Qs 9d]
Seat 1: MellivoraSto (button) (small blind) collected ($11.76)
Seat 4: Mike_Denton (big blind) folded on the Flop


PokerStars Hand #166828674996:  Hold'em Limit ($3/$6 USD) - 2017/02/26 18:50:56 ET
Table 'Principia II' 6-max Seat #4 is the button
Seat 1: MellivoraSto ($370.27 in chips)
Seat 4: Mike_Denton ($161.94 in chips)
Mike_Denton: posts small blind $1
MellivoraSto: posts big blind $3
*** HOLE CARDS ***
Mike_Denton: raises $3 to $6
MellivoraSto: calls $3
*** FLOP *** [2s 4c 3h]
MellivoraSto: checks
Mike_Denton: bets $3
MellivoraSto: raises $3 to $6
Mike_Denton: calls $3
*** TURN *** [2s 4c 3h] [Qd]
MellivoraSto: bets $6
Mike_Denton: folds
Uncalled bet ($6) returned to MellivoraSto
MellivoraSto collected $23.52 from pot
MellivoraSto: doesn't show hand
*** SUMMARY ***
Total pot $24 | Rake $0.48
Board [2s 4c 3h Qd]
Seat 1: MellivoraSto (big blind) collected ($23.52)
Seat 4: Mike_Denton (button) (small blind) folded on the Turn


PokerStars Hand #166828708705:  Hold'em Limit ($3/$6 USD) - 2017/02/26 18:51:45 ET
Table 'Principia II' 6-max Seat #4 is the button
Seat 1: MellivoraSto ($401.95 in chips)
Seat 4: Mike_Denton ($128.94 in chips)
Mike_Denton: posts small blind $1
MellivoraSto: posts big blind $3
*** HOLE CARDS ***
Mike_Denton: folds
Uncalled bet ($2) returned to MellivoraSto
MellivoraSto collected $2 from pot
MellivoraSto: doesn't show hand
TheMuppet joins the table at seat #3
*** SUMMARY ***
Total pot $2 | Rake $0
Seat 1: MellivoraSto (big blind) collected ($2)
Seat 4: Mike_Denton (button) (small blind) folded before Flop


PokerStars Hand #166828869172:  Hold'em Limit ($3/$6 USD) - 2017/02/26 18:55:45 ET
Table 'Principia II' 6-max Seat #4 is the button
Seat 3: TheMuppet ($43.81 in chips)
Seat 4: Mike_Denton ($124.31 in chips)
Mike_Denton: posts small blind $1
Pfuenph: is sitting out
TheMuppet: posts big blind $3
*** HOLE CARDS ***
Pfuenph leaves the table
Mike_Denton: folds
Uncalled bet ($2) returned to TheMuppet
TheMuppet collected $2 from pot
TheMuppet: doesn't show hand
*** SUMMARY ***
Total pot $2 | Rake $0
Seat 3: TheMuppet (big blind) collected ($2)
Seat 4: Mike_Denton (button) (small blind) folded before Flop


PokerStars Hand #166828902923:  Hold'em Limit ($3/$6 USD) - 2017/02/26 18:56:48 ET
Table 'Principia II' 6-max Seat #3 is the button
Seat 3: TheMuppet ($44.81 in chips)
Seat 4: Mike_Denton ($123.31 in chips)
TheMuppet: posts small blind $1
Mike_Denton: posts big blind $3
*** HOLE CARDS ***
TheMuppet: raises $3 to $6
Mike_Denton: calls $3
*** FLOP *** [8h Qs Qd]
Mike_Denton: checks
TheMuppet: bets $3
Mike_Denton: folds
Uncalled bet ($3) returned to TheMuppet
TheMuppet collected $11.76 from pot
TheMuppet: doesn't show hand
*** SUMMARY ***
Total pot $12 | Rake $0.24
Board [8h Qs Qd]
Seat 3: TheMuppet (button) (small blind) collected ($11.76)
Seat 4: Mike_Denton (big blind) folded on the Flop


PokerStars Hand #166828928740:  Hold'em Limit ($3/$6 USD) - 2017/02/26 18:57:36 ET
Table 'Principia II' 6-max Seat #4 is the button
Seat 3: TheMuppet ($103.23 in chips)
Seat 4: Mike_Denton ($63.31 in chips)
Mike_Denton: posts small blind $1
TheMuppet: posts big blind $3
*** HOLE CARDS ***
Mike_Denton: raises $3 to $6
TheMuppet: folds
Uncalled bet ($3) returned to Mike_Denton
Mike_Denton collected $6 from pot
Mike_Denton: doesn't show hand
*** SUMMARY ***
Total pot $6 | Rake $0
Seat 3: TheMuppet (big blind) folded before Flop
Seat 4: Mike_Denton (button) (small blind) collected ($6)


PokerStars Hand #166828926173:  Hold'em Limit ($3/$6 USD) - 2017/02/26 18:57:32 ET
Table 'Principia II' 6-max Seat #3 is the button
Seat 3: TheMuppet ($100.23 in chips)
Seat 4: Mike_Denton ($66.31 in chips)
TheMuppet: posts small blind $1
Mike_Denton: posts big blind $3
*** HOLE CARDS ***
TheMuppet: raises $3 to $6
Mike_Denton: folds
Uncalled bet ($3) returned to TheMuppet
TheMuppet collected $6 from pot
TheMuppet: doesn't show hand
*** SUMMARY ***
Total pot $6 | Rake $0
Seat 3: TheMuppet (button) (small blind) collected ($6)
Seat 4: Mike_Denton (big blind) folded before Flop


PokerStars Hand #166828920818:  Hold'em Limit ($3/$6 USD) - 2017/02/26 18:57:22 ET
Table 'Principia II' 6-max Seat #4 is the button
Seat 3: TheMuppet ($88.71 in chips)
Seat 4: Mike_Denton ($78.31 in chips)
Mike_Denton: posts small blind $1
TheMuppet: posts big blind $3
*** HOLE CARDS ***
Mike_Denton: raises $3 to $6
TheMuppet: calls $3
*** FLOP *** [9h 2s 7d]
TheMuppet: checks
Mike_Denton: bets $3
TheMuppet: raises $3 to $6
Mike_Denton: calls $3
*** TURN *** [9h 2s 7d] [5d]
TheMuppet: bets $6
Mike_Denton: folds
Uncalled bet ($6) returned to TheMuppet
TheMuppet collected $23.52 from pot
TheMuppet: doesn't show hand
*** SUMMARY ***
Total pot $24 | Rake $0.48
Board [9h 2s 7d 5d]
Seat 3: TheMuppet (big blind) collected ($23.52)
Seat 4: Mike_Denton (button) (small blind) folded on the Turn


PokerStars Hand #166828911518:  Hold'em Limit ($3/$6 USD) - 2017/02/26 18:57:04 ET
Table 'Principia II' 6-max Seat #3 is the button
Seat 3: TheMuppet ($59.21 in chips)
Seat 4: Mike_Denton ($108.31 in chips)
TheMuppet: posts small blind $1
Mike_Denton: posts big blind $3
*** HOLE CARDS ***
TheMuppet: raises $3 to $6
Mike_Denton: calls $3
*** FLOP *** [Tc 7d 9s]
Mike_Denton: checks
TheMuppet: bets $3
Mike_Denton: raises $3 to $6
TheMuppet: raises $3 to $9
Mike_Denton: raises $3 to $12
Betting is capped
TheMuppet: calls $3
*** TURN *** [Tc 7d 9s] [3d]
Mike_Denton: bets $6
TheMuppet: calls $6
*** RIVER *** [Tc 7d 9s 3d] [Jd]
Mike_Denton: bets $6
TheMuppet: raises $6 to $12
Mike_Denton: folds
Uncalled bet ($6) returned to TheMuppet
TheMuppet collected $59.50 from pot
TheMuppet: doesn't show hand
*** SUMMARY ***
Total pot $60 | Rake $0.50
Board [Tc 7d 9s 3d Jd]
Seat 3: TheMuppet (button) (small blind) collected ($59.50)
Seat 4: Mike_Denton (big blind) folded on the River


PokerStars Hand #166828907524:  Hold'em Limit ($3/$6 USD) - 2017/02/26 18:56:57 ET
Table 'Principia II' 6-max Seat #4 is the button
Seat 3: TheMuppet ($50.57 in chips)
Seat 4: Mike_Denton ($117.31 in chips)
Mike_Denton: posts small blind $1
TheMuppet: posts big blind $3
*** HOLE CARDS ***
Mike_Denton: raises $3 to $6
TheMuppet: raises $3 to $9
Mike_Denton: calls $3
*** FLOP *** [4s 7d Kh]
TheMuppet: bets $3
Mike_Denton: folds
Uncalled bet ($3) returned to TheMuppet
TheMuppet collected $17.64 from pot
TheMuppet: doesn't show hand
*** SUMMARY ***
Total pot $18 | Rake $0.36
Board [4s 7d Kh]
Seat 3: TheMuppet (big blind) collected ($17.64)
Seat 4: Mike_Denton (button) (small blind) folded on the Flop


PokerStars Hand #166828931099:  Hold'em Limit ($3/$6 USD) - 2017/02/26 18:57:40 ET
Table 'Principia II' 6-max Seat #3 is the button
Seat 3: TheMuppet ($100.23 in chips)
Seat 4: Mike_Denton ($66.31 in chips)
TheMuppet: posts small blind $1
Mike_Denton: posts big blind $3
*** HOLE CARDS ***
TheMuppet: raises $3 to $6
Mike_Denton: raises $3 to $9
TheMuppet: calls $3
*** FLOP *** [7s 8s Ac]
Mike_Denton: bets $3
TheMuppet: calls $3
*** TURN *** [7s 8s Ac] [4s]
Mike_Denton: bets $6
TheMuppet: raises $6 to $12
Mike_Denton: calls $6
*** RIVER *** [7s 8s Ac 4s] [2d]
Mike_Denton: checks
TheMuppet: bets $6
Mike_Denton: calls $6
*** SHOW DOWN ***
TheMuppet: shows [4h 4c] (three of a kind, Fours)
Mike_Denton: mucks hand
TheMuppet collected $59.50 from pot
*** SUMMARY ***
Total pot $60 | Rake $0.50
Board [7s 8s Ac 4s 2d]
Seat 3: TheMuppet (button) (small blind) showed [4h 4c] and won ($59.50) with three of a kind, Fours
Seat 4: Mike_Denton (big blind) mucked


PokerStars Hand #166828961848:  Hold'em Limit ($3/$6 USD) - 2017/02/26 18:58:38 ET
Table 'Principia II' 6-max Seat #4 is the button
Seat 3: TheMuppet ($154.65 in chips)
Seat 4: Mike_Denton ($10.31 in chips)
Mike_Denton: posts small blind $1
TheMuppet: posts big blind $3
*** HOLE CARDS ***
Mike_Denton: raises $3 to $6
TheMuppet: calls $3
*** FLOP *** [9d 9s 8s]
TheMuppet: checks
Mike_Denton: bets $3
TheMuppet: calls $3
*** TURN *** [9d 9s 8s] [Tc]
TheMuppet: checks
Mike_Denton: bets $1.31 and is all-in
TheMuppet: calls $1.31
*** RIVER *** [9d 9s 8s Tc] [3d]
*** SHOW DOWN ***
TheMuppet: shows [6s 7d] (a straight, Six to Ten)
Mike_Denton: shows [4h 4s] (two pair, Nines and Fours)
TheMuppet collected $20.21 from pot
*** SUMMARY ***
Total pot $20.62 | Rake $0.41
Board [9d 9s 8s Tc 3d]
Seat 3: TheMuppet (big blind) showed [6s 7d] and won ($20.21) with a straight, Six to Ten
Seat 4: Mike_Denton (button) (small blind) showed [4h 4s] and lost with two pair, Nines and Fours


PokerStars Hand #166828959104:  Hold'em Limit ($3/$6 USD) - 2017/02/26 18:58:33 ET
Table 'Principia II' 6-max Seat #3 is the button
Seat 3: TheMuppet ($155.65 in chips)
Seat 4: Mike_Denton ($9.31 in chips)
TheMuppet: posts small blind $1
Mike_Denton: posts big blind $3
*** HOLE CARDS ***
TheMuppet: folds
Uncalled bet ($2) returned to Mike_Denton
Mike_Denton collected $2 from pot
Mike_Denton: doesn't show hand
*** SUMMARY ***
Total pot $2 | Rake $0
Seat 3: TheMuppet (button) (small blind) folded before Flop
Seat 4: Mike_Denton (big blind) collected ($2)


PokerStars Hand #166828955424:  Hold'em Limit ($3/$6 USD) - 2017/02/26 18:58:26 ET
Table 'Principia II' 6-max Seat #4 is the button
Seat 3: TheMuppet ($147.01 in chips)
Seat 4: Mike_Denton ($18.31 in chips)
Mike_Denton: posts small blind $1
TheMuppet: posts big blind $3
*** HOLE CARDS ***
Mike_Denton: raises $3 to $6
TheMuppet: raises $3 to $9
Mike_Denton: calls $3
*** FLOP *** [As Qc 6h]
TheMuppet: bets $3
Mike_Denton: folds
Uncalled bet ($3) returned to TheMuppet
TheMuppet collected $17.64 from pot
TheMuppet: doesn't show hand
*** SUMMARY ***
Total pot $18 | Rake $0.36
Board [As Qc 6h]
Seat 3: TheMuppet (big blind) collected ($17.64)
Seat 4: Mike_Denton (button) (small blind) folded on the Flop


PokerStars Hand #166828951210:  Hold'em Limit ($3/$6 USD) - 2017/02/26 18:58:18 ET
Table 'Principia II' 6-max Seat #3 is the button
Seat 3: TheMuppet ($141.25 in chips)
Seat 4: Mike_Denton ($24.31 in chips)
TheMuppet: posts small blind $1
Mike_Denton: posts big blind $3
*** HOLE CARDS ***
TheMuppet: raises $3 to $6
Mike_Denton: calls $3
*** FLOP *** [Jc 5c 3h]
Mike_Denton: checks
TheMuppet: bets $3
Mike_Denton: folds
Uncalled bet ($3) returned to TheMuppet
TheMuppet collected $11.76 from pot
TheMuppet: doesn't show hand
*** SUMMARY ***
Total pot $12 | Rake $0.24
Board [Jc 5c 3h]
Seat 3: TheMuppet (button) (small blind) collected ($11.76)
Seat 4: Mike_Denton (big blind) folded on the Flop


PokerStars Hand #166828945439:  Hold'em Limit ($3/$6 USD) - 2017/02/26 18:58:07 ET
Table 'Principia II' 6-max Seat #4 is the button
Seat 3: TheMuppet ($129.73 in chips)
Seat 4: Mike_Denton ($36.31 in chips)
Mike_Denton: posts small blind $1
TheMuppet: posts big blind $3
*** HOLE CARDS ***
Mike_Denton: raises $3 to $6
TheMuppet: calls $3
*** FLOP *** [Jd 5d 3c]
TheMuppet: checks
Mike_Denton: bets $3
TheMuppet: raises $3 to $6
Mike_Denton: calls $3
*** TURN *** [Jd 5d 3c] [4h]
TheMuppet: bets $6
Mike_Denton: folds
Uncalled bet ($6) returned to TheMuppet
TheMuppet collected $23.52 from pot
TheMuppet: doesn't show hand
*** SUMMARY ***
Total pot $24 | Rake $0.48
Board [Jd 5d 3c 4h]
Seat 3: TheMuppet (big blind) collected ($23.52)
Seat 4: Mike_Denton (button) (small blind) folded on the Turn


