PokerStars Hand #170468257823:  Hold'em Limit ($3/$6 USD) - 2017/05/15 16:22:07 ET
Table 'Prisma' 6-max Seat #4 is the button
Seat 2: Korish9506 ($11.06 in chips)
Seat 4: Actionni13 ($168.32 in chips)
Actionni13: posts small blind $1
Korish9506: posts big blind $3
*** HOLE CARDS ***
Actionni13: raises $3 to $6
harbour leaves the table
Korish9506: folds
Uncalled bet ($3) returned to Actionni13
Actionni13 collected $6 from pot
Actionni13: doesn't show hand
*** SUMMARY ***
Total pot $6 | Rake $0
Seat 2: Korish9506 (big blind) folded before Flop
Seat 4: Actionni13 (button) (small blind) collected ($6)


PokerStars Hand #170468208261:  Hold'em Limit ($3/$6 USD) - 2017/05/15 16:21:13 ET
Table 'Prisma' 6-max Seat #4 is the button
Seat 2: Korish9506 ($27.06 in chips)
Seat 4: Actionni13 ($152.82 in chips)
Actionni13: posts small blind $1
Korish9506: posts big blind $3
*** HOLE CARDS ***
Actionni13: raises $3 to $6
Korish9506: calls $3
*** FLOP *** [7d 4c 7s]
Korish9506: checks
Actionni13: bets $3
Korish9506: calls $3
*** TURN *** [7d 4c 7s] [7h]
Korish9506: checks
Actionni13: bets $6
Korish9506: calls $6
*** RIVER *** [7d 4c 7s 7h] [3h]
Korish9506: checks
Actionni13: bets $6
Korish9506: folds
Uncalled bet ($6) returned to Actionni13
Actionni13 collected $29.50 from pot
Actionni13: doesn't show hand
*** SUMMARY ***
Total pot $30 | Rake $0.50
Board [7d 4c 7s 7h 3h]
Seat 2: Korish9506 (big blind) folded on the River
Seat 4: Actionni13 (button) (small blind) collected ($29.50)


PokerStars Hand #170468252410:  Hold'em Limit ($3/$6 USD) - 2017/05/15 16:22:01 ET
Table 'Prisma' 6-max Seat #2 is the button
Seat 2: Korish9506 ($12.06 in chips)
Seat 4: Actionni13 ($167.32 in chips)
Korish9506: posts small blind $1
Actionni13: posts big blind $3
*** HOLE CARDS ***
Korish9506: folds
Uncalled bet ($2) returned to Actionni13
Actionni13 collected $2 from pot
Actionni13: doesn't show hand
*** SUMMARY ***
Total pot $2 | Rake $0
Seat 2: Korish9506 (button) (small blind) folded before Flop
Seat 4: Actionni13 (big blind) collected ($2)


PokerStars Hand #170468273207:  Hold'em Limit ($3/$6 USD) - 2017/05/15 16:22:24 ET
Table 'Prisma' 6-max Seat #2 is the button
Seat 2: Korish9506 ($8.06 in chips)
Seat 4: Actionni13 ($171.32 in chips)
Korish9506: posts small blind $1
Actionni13: posts big blind $3
*** HOLE CARDS ***
Korish9506: calls $2
Actionni13: raises $3 to $6
Korish9506: calls $3
*** FLOP *** [4d 7h Td]
Actionni13: bets $3
Korish9506: calls $2.06 and is all-in
Uncalled bet ($0.94) returned to Actionni13
*** TURN *** [4d 7h Td] [8c]
*** RIVER *** [4d 7h Td 8c] [Ad]
*** SHOW DOWN ***
Actionni13: shows [Ah 7c] (two pair, Aces and Sevens)
Korish9506: shows [3c 6c] (high card Ace)
Actionni13 collected $15.80 from pot
*** SUMMARY ***
Total pot $16.12 | Rake $0.32
Board [4d 7h Td 8c Ad]
Seat 2: Korish9506 (button) (small blind) showed [3c 6c] and lost with high card Ace
Seat 4: Actionni13 (big blind) showed [Ah 7c] and won ($15.80) with two pair, Aces and Sevens


PokerStars Hand #170469109159:  Hold'em Limit ($3/$6 USD) - 2017/05/15 16:37:19 ET
Table 'Prisma' 6-max Seat #3 is the button
Seat 3: Fetish73 ($25.06 in chips)
Seat 4: Actionni13 ($187.56 in chips)
Fetish73: posts small blind $1
Actionni13: posts big blind $3
*** HOLE CARDS ***
Fetish73: raises $3 to $6
Actionni13: raises $3 to $9
Fetish73: calls $3
*** FLOP *** [Ac 5s 3s]
Actionni13: bets $3
Fetish73: calls $3
*** TURN *** [Ac 5s 3s] [8d]
Actionni13: bets $6
Fetish73: calls $6
*** RIVER *** [Ac 5s 3s 8d] [3c]
Actionni13: checks
Fetish73: checks
*** SHOW DOWN ***
Actionni13: shows [Qs Kh] (a pair of Threes)
Fetish73: shows [5d 7h] (two pair, Fives and Threes)
Fetish73 collected $35.50 from pot
*** SUMMARY ***
Total pot $36 | Rake $0.50
Board [Ac 5s 3s 8d 3c]
Seat 3: Fetish73 (button) (small blind) showed [5d 7h] and won ($35.50) with two pair, Fives and Threes
Seat 4: Actionni13 (big blind) showed [Qs Kh] and lost with a pair of Threes


PokerStars Hand #170469130051:  Hold'em Limit ($3/$6 USD) - 2017/05/15 16:37:41 ET
Table 'Prisma' 6-max Seat #3 is the button
Seat 3: Fetish73 ($36.56 in chips)
Seat 4: Actionni13 ($175.32 in chips)
Fetish73: posts small blind $1
Actionni13: posts big blind $3
*** HOLE CARDS ***
Fetish73: raises $3 to $6
Actionni13: calls $3
*** FLOP *** [Js 4h 5h]
Actionni13: checks
Fetish73: bets $3
Actionni13: calls $3
*** TURN *** [Js 4h 5h] [Jd]
Actionni13: checks
Fetish73: checks
*** RIVER *** [Js 4h 5h Jd] [3c]
Actionni13: checks
Fetish73: checks
*** SHOW DOWN ***
Actionni13: shows [Td 6c] (a pair of Jacks)
Fetish73: shows [Ac Th] (a pair of Jacks - Ace kicker)
Fetish73 collected $17.64 from pot
*** SUMMARY ***
Total pot $18 | Rake $0.36
Board [Js 4h 5h Jd 3c]
Seat 3: Fetish73 (button) (small blind) showed [Ac Th] and won ($17.64) with a pair of Jacks
Seat 4: Actionni13 (big blind) showed [Td 6c] and lost with a pair of Jacks


PokerStars Hand #170469120997:  Hold'em Limit ($3/$6 USD) - 2017/05/15 16:37:32 ET
Table 'Prisma' 6-max Seat #4 is the button
Seat 3: Fetish73 ($42.56 in chips)
Seat 4: Actionni13 ($169.56 in chips)
Actionni13: posts small blind $1
Fetish73: posts big blind $3
*** HOLE CARDS ***
Actionni13: raises $3 to $6
Fetish73: calls $3
*** FLOP *** [Kc Th As]
Fetish73: checks
Actionni13: bets $3
Fetish73: folds
Uncalled bet ($3) returned to Actionni13
Actionni13 collected $11.76 from pot
Actionni13: doesn't show hand
*** SUMMARY ***
Total pot $12 | Rake $0.24
Board [Kc Th As]
Seat 3: Fetish73 (big blind) folded on the Flop
Seat 4: Actionni13 (button) (small blind) collected ($11.76)


PokerStars Hand #170469168785:  Hold'em Limit ($3/$6 USD) - 2017/05/15 16:38:24 ET
Table 'Prisma' 6-max Seat #3 is the button
Seat 3: Fetish73 ($39.20 in chips)
Seat 4: Actionni13 ($172.08 in chips)
Fetish73: posts small blind $1
Actionni13: posts big blind $3
*** HOLE CARDS ***
Fetish73: folds
Uncalled bet ($2) returned to Actionni13
Actionni13 collected $2 from pot
Actionni13: doesn't show hand
*** SUMMARY ***
Total pot $2 | Rake $0
Seat 3: Fetish73 (button) (small blind) folded before Flop
Seat 4: Actionni13 (big blind) collected ($2)


PokerStars Hand #170469153027:  Hold'em Limit ($3/$6 USD) - 2017/05/15 16:38:07 ET
Table 'Prisma' 6-max Seat #4 is the button
Seat 3: Fetish73 ($45.20 in chips)
Seat 4: Actionni13 ($166.32 in chips)
Actionni13: posts small blind $1
Fetish73: posts big blind $3
*** HOLE CARDS ***
Actionni13: raises $3 to $6
Fetish73: calls $3
*** FLOP *** [6d Kc Ts]
Fetish73: checks
Actionni13: bets $3
Fetish73: folds
Uncalled bet ($3) returned to Actionni13
Actionni13 collected $11.76 from pot
Actionni13: doesn't show hand
CatPuppy1999 joins the table at seat #5
*** SUMMARY ***
Total pot $12 | Rake $0.24
Board [6d Kc Ts]
Seat 3: Fetish73 (big blind) folded on the Flop
Seat 4: Actionni13 (button) (small blind) collected ($11.76)


PokerStars Hand #170469279155:  Hold'em Limit ($3/$6 USD) - 2017/05/15 16:40:23 ET
Table 'Prisma' 6-max Seat #3 is the button
Seat 3: Fetish73 ($36.27 in chips)
Seat 5: CatPuppy1999 ($78.74 in chips)
Fetish73: posts small blind $1
CatPuppy1999: posts big blind $3
*** HOLE CARDS ***
Fetish73: folds
Uncalled bet ($2) returned to CatPuppy1999
CatPuppy1999 collected $2 from pot
CatPuppy1999: doesn't show hand
*** SUMMARY ***
Total pot $2 | Rake $0
Seat 3: Fetish73 (button) (small blind) folded before Flop
Seat 5: CatPuppy1999 (big blind) collected ($2)


PokerStars Hand #170469323590:  Hold'em Limit ($3/$6 USD) - 2017/05/15 16:41:11 ET
Table 'Prisma' 6-max Seat #3 is the button
Seat 3: Fetish73 ($20.27 in chips)
Seat 5: CatPuppy1999 ($94.24 in chips)
Fetish73: posts small blind $1
CatPuppy1999: posts big blind $3
*** HOLE CARDS ***
Fetish73: raises $3 to $6
CatPuppy1999: calls $3
*** FLOP *** [Qh 4h 3d]
CatPuppy1999: checks
Fetish73: bets $3
CatPuppy1999: calls $3
*** TURN *** [Qh 4h 3d] [Qc]
CatPuppy1999: checks
Fetish73: bets $6
CatPuppy1999: raises $6 to $12
Fetish73: calls $5.27 and is all-in
Uncalled bet ($0.73) returned to CatPuppy1999
*** RIVER *** [Qh 4h 3d Qc] [Tc]
*** SHOW DOWN ***
CatPuppy1999: shows [6c 3s] (two pair, Queens and Threes)
Fetish73: shows [7s 7c] (two pair, Queens and Sevens)
Fetish73 collected $40.04 from pot
*** SUMMARY ***
Total pot $40.54 | Rake $0.50
Board [Qh 4h 3d Qc Tc]
Seat 3: Fetish73 (button) (small blind) showed [7s 7c] and won ($40.04) with two pair, Queens and Sevens
Seat 5: CatPuppy1999 (big blind) showed [6c 3s] and lost with two pair, Queens and Threes


PokerStars Hand #170469359276:  Hold'em Limit ($3/$6 USD) - 2017/05/15 16:41:50 ET
Table 'Prisma' 6-max Seat #3 is the button
Seat 3: Fetish73 ($45.80 in chips)
Seat 5: CatPuppy1999 ($72 in chips)
Fetish73: posts small blind $1
CatPuppy1999: posts big blind $3
*** HOLE CARDS ***
Fetish73: raises $3 to $6
CatPuppy1999: calls $3
*** FLOP *** [2s Ad 4d]
CatPuppy1999: checks
Fetish73: bets $3
CatPuppy1999: raises $3 to $6
Fetish73: calls $3
*** TURN *** [2s Ad 4d] [3d]
CatPuppy1999: bets $6
Fetish73: folds
Uncalled bet ($6) returned to CatPuppy1999
CatPuppy1999 collected $23.52 from pot
CatPuppy1999: doesn't show hand
*** SUMMARY ***
Total pot $24 | Rake $0.48
Board [2s Ad 4d 3d]
Seat 3: Fetish73 (button) (small blind) folded on the Turn
Seat 5: CatPuppy1999 (big blind) collected ($23.52)


PokerStars Hand #170469342993:  Hold'em Limit ($3/$6 USD) - 2017/05/15 16:41:32 ET
Table 'Prisma' 6-max Seat #5 is the button
Seat 3: Fetish73 ($40.04 in chips)
Seat 5: CatPuppy1999 ($73.97 in chips)
CatPuppy1999: posts small blind $1
Fetish73: posts big blind $3
*** HOLE CARDS ***
CatPuppy1999: raises $3 to $6
Fetish73: calls $3
*** FLOP *** [4c As 8h]
Fetish73: checks
CatPuppy1999: checks
*** TURN *** [4c As 8h] [Ah]
Fetish73: bets $6
CatPuppy1999: folds
Uncalled bet ($6) returned to Fetish73
Fetish73 collected $11.76 from pot
*** SUMMARY ***
Total pot $12 | Rake $0.24
Board [4c As 8h Ah]
Seat 3: Fetish73 (big blind) collected ($11.76)
Seat 5: CatPuppy1999 (button) (small blind) folded on the Turn


PokerStars Hand #170469283710:  Hold'em Limit ($3/$6 USD) - 2017/05/15 16:40:28 ET
Table 'Prisma' 6-max Seat #5 is the button
Seat 3: Fetish73 ($35.27 in chips)
Seat 5: CatPuppy1999 ($79.74 in chips)
CatPuppy1999: posts small blind $1
Fetish73: posts big blind $3
*** HOLE CARDS ***
CatPuppy1999: raises $3 to $6
Fetish73: calls $3
*** FLOP *** [Ac 9d 2h]
Fetish73: checks
CatPuppy1999: bets $3
Fetish73: calls $3
*** TURN *** [Ac 9d 2h] [9s]
Fetish73: checks
CatPuppy1999: bets $6
Fetish73: calls $6
*** RIVER *** [Ac 9d 2h 9s] [3d]
Fetish73: checks
CatPuppy1999: bets $6
Fetish73: folds
Uncalled bet ($6) returned to CatPuppy1999
CatPuppy1999 collected $29.50 from pot
CatPuppy1999: doesn't show hand
*** SUMMARY ***
Total pot $30 | Rake $0.50
Board [Ac 9d 2h 9s 3d]
Seat 3: Fetish73 (big blind) folded on the River
Seat 5: CatPuppy1999 (button) (small blind) collected ($29.50)


PokerStars Hand #170469402070:  Hold'em Limit ($3/$6 USD) - 2017/05/15 16:42:36 ET
Table 'Prisma' 6-max Seat #3 is the button
Seat 3: Fetish73 ($7.80 in chips)
Seat 5: CatPuppy1999 ($108.66 in chips)
Fetish73: posts small blind $1
CatPuppy1999: posts big blind $3
*** HOLE CARDS ***
Fetish73: raises $3 to $6
CatPuppy1999: raises $3 to $9
Fetish73: calls $1.80 and is all-in
Uncalled bet ($1.20) returned to CatPuppy1999
*** FLOP *** [7h 3d 8h]
*** TURN *** [7h 3d 8h] [Tc]
*** RIVER *** [7h 3d 8h Tc] [8c]
*** SHOW DOWN ***
CatPuppy1999: shows [6s 5s] (a pair of Eights)
Fetish73: shows [Ad 4d] (a pair of Eights - Ace kicker)
Fetish73 collected $15.29 from pot
*** SUMMARY ***
Total pot $15.60 | Rake $0.31
Board [7h 3d 8h Tc 8c]
Seat 3: Fetish73 (button) (small blind) showed [Ad 4d] and won ($15.29) with a pair of Eights
Seat 5: CatPuppy1999 (big blind) showed [6s 5s] and lost with a pair of Eights


PokerStars Hand #170469372356:  Hold'em Limit ($3/$6 USD) - 2017/05/15 16:42:04 ET
Table 'Prisma' 6-max Seat #5 is the button
Seat 3: Fetish73 ($33.80 in chips)
Seat 5: CatPuppy1999 ($83.52 in chips)
CatPuppy1999: posts small blind $1
Fetish73: posts big blind $3
*** HOLE CARDS ***
CatPuppy1999: raises $3 to $6
Fetish73: calls $3
*** FLOP *** [Kd 6h 7c]
Fetish73: checks
CatPuppy1999: bets $3
Fetish73: raises $3 to $6
CatPuppy1999: calls $3
*** TURN *** [Kd 6h 7c] [Th]
Fetish73: bets $6
CatPuppy1999: raises $6 to $12
Fetish73: folds
Uncalled bet ($6) returned to CatPuppy1999
CatPuppy1999 collected $35.50 from pot
CatPuppy1999: doesn't show hand
*** SUMMARY ***
Total pot $36 | Rake $0.50
Board [Kd 6h 7c Th]
Seat 3: Fetish73 (big blind) folded on the Turn
Seat 5: CatPuppy1999 (button) (small blind) collected ($35.50)


PokerStars Hand #170469413800:  Hold'em Limit ($3/$6 USD) - 2017/05/15 16:42:48 ET
Table 'Prisma' 6-max Seat #5 is the button
Seat 3: Fetish73 ($15.29 in chips)
Seat 5: CatPuppy1999 ($100.86 in chips)
CatPuppy1999: posts small blind $1
Fetish73: posts big blind $3
*** HOLE CARDS ***
CatPuppy1999: raises $3 to $6
Fetish73: calls $3
*** FLOP *** [9s Js Kc]
Fetish73: checks
CatPuppy1999: bets $3
Fetish73: raises $3 to $6
CatPuppy1999: raises $3 to $9
Fetish73: raises $0.29 to $9.29 and is all-in
Betting is capped
CatPuppy1999: calls $0.29
*** TURN *** [9s Js Kc] [4h]
*** RIVER *** [9s Js Kc 4h] [9d]
*** SHOW DOWN ***
Fetish73: shows [3d Ks] (two pair, Kings and Nines)
CatPuppy1999: shows [4s 7s] (two pair, Nines and Fours)
Fetish73 collected $30.08 from pot
*** SUMMARY ***
Total pot $30.58 | Rake $0.50
Board [9s Js Kc 4h 9d]
Seat 3: Fetish73 (big blind) showed [3d Ks] and won ($30.08) with two pair, Kings and Nines
Seat 5: CatPuppy1999 (button) (small blind) showed [4s 7s] and lost with two pair, Nines and Fours


PokerStars Hand #170469397925:  Hold'em Limit ($3/$6 USD) - 2017/05/15 16:42:31 ET
Table 'Prisma' 6-max Seat #5 is the button
Seat 3: Fetish73 ($6.80 in chips)
Seat 5: CatPuppy1999 ($109.66 in chips)
CatPuppy1999: posts small blind $1
Fetish73: posts big blind $3
*** HOLE CARDS ***
CatPuppy1999: folds
Uncalled bet ($2) returned to Fetish73
Fetish73 collected $2 from pot
Fetish73: doesn't show hand
*** SUMMARY ***
Total pot $2 | Rake $0
Seat 3: Fetish73 (big blind) collected ($2)
Seat 5: CatPuppy1999 (button) (small blind) folded before Flop


PokerStars Hand #170469388779:  Hold'em Limit ($3/$6 USD) - 2017/05/15 16:42:22 ET
Table 'Prisma' 6-max Seat #3 is the button
Seat 3: Fetish73 ($15.80 in chips)
Seat 5: CatPuppy1999 ($101.02 in chips)
Fetish73: posts small blind $1
CatPuppy1999: posts big blind $3
*** HOLE CARDS ***
Fetish73: raises $3 to $6
CatPuppy1999: raises $3 to $9
Fetish73: calls $3
*** FLOP *** [2s Ts Qs]
CatPuppy1999: bets $3
Fetish73: folds
Uncalled bet ($3) returned to CatPuppy1999
CatPuppy1999 collected $17.64 from pot
CatPuppy1999: doesn't show hand
*** SUMMARY ***
Total pot $18 | Rake $0.36
Board [2s Ts Qs]
Seat 3: Fetish73 (button) (small blind) folded on the Flop
Seat 5: CatPuppy1999 (big blind) collected ($17.64)


PokerStars Hand #170469428644:  Hold'em Limit ($3/$6 USD) - 2017/05/15 16:43:05 ET
Table 'Prisma' 6-max Seat #3 is the button
Seat 3: Fetish73 ($30.08 in chips)
Seat 5: CatPuppy1999 ($85.57 in chips)
Fetish73: posts small blind $1
CatPuppy1999: posts big blind $3
*** HOLE CARDS ***
Fetish73: raises $3 to $6
CatPuppy1999: calls $3
*** FLOP *** [Th 4c 9d]
CatPuppy1999: checks
Fetish73: checks
*** TURN *** [Th 4c 9d] [8d]
CatPuppy1999: bets $6
Fetish73: calls $6
*** RIVER *** [Th 4c 9d 8d] [Tc]
CatPuppy1999: bets $6
Fetish73: folds
Uncalled bet ($6) returned to CatPuppy1999
CatPuppy1999 collected $23.52 from pot
CatPuppy1999: doesn't show hand
*** SUMMARY ***
Total pot $24 | Rake $0.48
Board [Th 4c 9d 8d Tc]
Seat 3: Fetish73 (button) (small blind) folded on the River
Seat 5: CatPuppy1999 (big blind) collected ($23.52)


PokerStars Hand #170469453629:  Hold'em Limit ($3/$6 USD) - 2017/05/15 16:43:32 ET
Table 'Prisma' 6-max Seat #3 is the button
Seat 3: Fetish73 ($26.72 in chips)
Seat 5: CatPuppy1999 ($88.09 in chips)
Fetish73: posts small blind $1
CatPuppy1999: posts big blind $3
*** HOLE CARDS ***
Fetish73: folds
Uncalled bet ($2) returned to CatPuppy1999
CatPuppy1999 collected $2 from pot
CatPuppy1999: doesn't show hand
*** SUMMARY ***
Total pot $2 | Rake $0
Seat 3: Fetish73 (button) (small blind) folded before Flop
Seat 5: CatPuppy1999 (big blind) collected ($2)


PokerStars Hand #170469443823:  Hold'em Limit ($3/$6 USD) - 2017/05/15 16:43:21 ET
Table 'Prisma' 6-max Seat #5 is the button
Seat 3: Fetish73 ($18.08 in chips)
Seat 5: CatPuppy1999 ($97.09 in chips)
CatPuppy1999: posts small blind $1
Fetish73: posts big blind $3
*** HOLE CARDS ***
CatPuppy1999: raises $3 to $6
Fetish73: calls $3
*** FLOP *** [Jc 7s Ah]
Fetish73: checks
CatPuppy1999: bets $3
Fetish73: raises $3 to $6
CatPuppy1999: folds
Uncalled bet ($3) returned to Fetish73
Fetish73 collected $17.64 from pot
*** SUMMARY ***
Total pot $18 | Rake $0.36
Board [Jc 7s Ah]
Seat 3: Fetish73 (big blind) collected ($17.64)
Seat 5: CatPuppy1999 (button) (small blind) folded on the Flop


PokerStars Hand #170469457695:  Hold'em Limit ($3/$6 USD) - 2017/05/15 16:43:36 ET
Table 'Prisma' 6-max Seat #5 is the button
Seat 3: Fetish73 ($25.72 in chips)
Seat 5: CatPuppy1999 ($89.09 in chips)
CatPuppy1999: posts small blind $1
Fetish73: posts big blind $3
*** HOLE CARDS ***
CatPuppy1999: raises $3 to $6
Fetish73: calls $3
*** FLOP *** [Kc 4h 2s]
Fetish73: checks
CatPuppy1999: checks
*** TURN *** [Kc 4h 2s] [Th]
Fetish73: bets $6
CatPuppy1999: folds
Uncalled bet ($6) returned to Fetish73
Fetish73 collected $11.76 from pot
*** SUMMARY ***
Total pot $12 | Rake $0.24
Board [Kc 4h 2s Th]
Seat 3: Fetish73 (big blind) collected ($11.76)
Seat 5: CatPuppy1999 (button) (small blind) folded on the Turn


PokerStars Hand #170469498360:  Hold'em Limit ($3/$6 USD) - 2017/05/15 16:44:21 ET
Table 'Prisma' 6-max Seat #5 is the button
Seat 3: Fetish73 ($41.98 in chips)
Seat 5: CatPuppy1999 ($76 in chips)
CatPuppy1999: posts small blind $1
Fetish73: posts big blind $3
*** HOLE CARDS ***
CatPuppy1999: folds
Uncalled bet ($2) returned to Fetish73
Fetish73 collected $2 from pot
Fetish73: doesn't show hand
*** SUMMARY ***
Total pot $2 | Rake $0
Seat 3: Fetish73 (big blind) collected ($2)
Seat 5: CatPuppy1999 (button) (small blind) folded before Flop


PokerStars Hand #170469502768:  Hold'em Limit ($3/$6 USD) - 2017/05/15 16:44:26 ET
Table 'Prisma' 6-max Seat #3 is the button
Seat 3: Fetish73 ($42.98 in chips)
Seat 5: CatPuppy1999 ($75 in chips)
Fetish73: posts small blind $1
CatPuppy1999: posts big blind $3
*** HOLE CARDS ***
Fetish73: raises $3 to $6
CatPuppy1999: raises $3 to $9
Fetish73: calls $3
*** FLOP *** [Jh Tc 5d]
CatPuppy1999: bets $3
Fetish73: calls $3
*** TURN *** [Jh Tc 5d] [2c]
CatPuppy1999: bets $6
Fetish73: calls $6
*** RIVER *** [Jh Tc 5d 2c] [7s]
CatPuppy1999: bets $6
Fetish73: calls $6
*** SHOW DOWN ***
CatPuppy1999: shows [9d Td] (a pair of Tens)
Fetish73: shows [9s Jd] (a pair of Jacks)
Fetish73 collected $47.50 from pot
*** SUMMARY ***
Total pot $48 | Rake $0.50
Board [Jh Tc 5d 2c 7s]
Seat 3: Fetish73 (button) (small blind) showed [9s Jd] and won ($47.50) with a pair of Jacks
Seat 5: CatPuppy1999 (big blind) showed [9d Td] and lost with a pair of Tens


PokerStars Hand #170469494348:  Hold'em Limit ($3/$6 USD) - 2017/05/15 16:44:17 ET
Table 'Prisma' 6-max Seat #3 is the button
Seat 3: Fetish73 ($42.98 in chips)
Seat 5: CatPuppy1999 ($75 in chips)
Fetish73: posts small blind $1
CatPuppy1999: posts big blind $3
*** HOLE CARDS ***
Fetish73: folds
Uncalled bet ($2) returned to CatPuppy1999
CatPuppy1999 collected $2 from pot
CatPuppy1999: doesn't show hand
*** SUMMARY ***
Total pot $2 | Rake $0
Seat 3: Fetish73 (button) (small blind) folded before Flop
Seat 5: CatPuppy1999 (big blind) collected ($2)


PokerStars Hand #170469489935:  Hold'em Limit ($3/$6 USD) - 2017/05/15 16:44:12 ET
Table 'Prisma' 6-max Seat #5 is the button
Seat 3: Fetish73 ($45.98 in chips)
Seat 5: CatPuppy1999 ($72 in chips)
CatPuppy1999: posts small blind $1
Fetish73: posts big blind $3
*** HOLE CARDS ***
CatPuppy1999: raises $3 to $6
Fetish73: folds
Uncalled bet ($3) returned to CatPuppy1999
CatPuppy1999 collected $6 from pot
CatPuppy1999: doesn't show hand
*** SUMMARY ***
Total pot $6 | Rake $0
Seat 3: Fetish73 (big blind) folded before Flop
Seat 5: CatPuppy1999 (button) (small blind) collected ($6)


PokerStars Hand #170469468555:  Hold'em Limit ($3/$6 USD) - 2017/05/15 16:43:48 ET
Table 'Prisma' 6-max Seat #3 is the button
Seat 3: Fetish73 ($31.48 in chips)
Seat 5: CatPuppy1999 ($83.09 in chips)
Fetish73: posts small blind $1
CatPuppy1999: posts big blind $3
*** HOLE CARDS ***
Fetish73: raises $3 to $6
CatPuppy1999: calls $3
*** FLOP *** [Tc Ad 4d]
CatPuppy1999: checks
Fetish73: bets $3
CatPuppy1999: calls $3
*** TURN *** [Tc Ad 4d] [Kh]
CatPuppy1999: checks
Fetish73: bets $6
CatPuppy1999: calls $6
*** RIVER *** [Tc Ad 4d Kh] [Jc]
CatPuppy1999: checks
Fetish73: checks
*** SHOW DOWN ***
CatPuppy1999: shows [8d Kd] (a pair of Kings)
Fetish73: shows [Ah 2d] (a pair of Aces)
Fetish73 collected $29.50 from pot
*** SUMMARY ***
Total pot $30 | Rake $0.50
Board [Tc Ad 4d Kh Jc]
Seat 3: Fetish73 (button) (small blind) showed [Ah 2d] and won ($29.50) with a pair of Aces
Seat 5: CatPuppy1999 (big blind) showed [8d Kd] and lost with a pair of Kings


PokerStars Hand #170469516249:  Hold'em Limit ($3/$6 USD) - 2017/05/15 16:44:40 ET
Table 'Prisma' 6-max Seat #5 is the button
Seat 3: Fetish73 ($66.48 in chips)
Seat 5: CatPuppy1999 ($72 in chips)
CatPuppy1999: posts small blind $1
Fetish73: posts big blind $3
*** HOLE CARDS ***
CatPuppy1999: raises $3 to $6
Fetish73: calls $3
*** FLOP *** [3d 8d 4s]
Fetish73: checks
CatPuppy1999: bets $3
Fetish73: calls $3
*** TURN *** [3d 8d 4s] [8s]
Fetish73: checks
CatPuppy1999: bets $6
Fetish73: calls $6
*** RIVER *** [3d 8d 4s 8s] [Kc]
Fetish73: checks
CatPuppy1999: bets $6
Fetish73: calls $6
*** SHOW DOWN ***
CatPuppy1999: shows [8h Qh] (three of a kind, Eights)
Fetish73: mucks hand
CatPuppy1999 collected $41.50 from pot
*** SUMMARY ***
Total pot $42 | Rake $0.50
Board [3d 8d 4s 8s Kc]
Seat 3: Fetish73 (big blind) mucked
Seat 5: CatPuppy1999 (button) (small blind) showed [8h Qh] and won ($41.50) with three of a kind, Eights


PokerStars Hand #170469545294:  Hold'em Limit ($3/$6 USD) - 2017/05/15 16:45:12 ET
Table 'Prisma' 6-max Seat #5 is the button
Seat 3: Fetish73 ($27.48 in chips)
Seat 5: CatPuppy1999 ($110 in chips)
CatPuppy1999: posts small blind $1
Fetish73: posts big blind $3
*** HOLE CARDS ***
CatPuppy1999: raises $3 to $6
Fetish73: folds
Uncalled bet ($3) returned to CatPuppy1999
CatPuppy1999 collected $6 from pot
CatPuppy1999: doesn't show hand
*** SUMMARY ***
Total pot $6 | Rake $0
Seat 3: Fetish73 (big blind) folded before Flop
Seat 5: CatPuppy1999 (button) (small blind) collected ($6)


PokerStars Hand #170469531348:  Hold'em Limit ($3/$6 USD) - 2017/05/15 16:44:57 ET
Table 'Prisma' 6-max Seat #3 is the button
Seat 3: Fetish73 ($45.48 in chips)
Seat 5: CatPuppy1999 ($92.50 in chips)
Fetish73: posts small blind $1
CatPuppy1999: posts big blind $3
*** HOLE CARDS ***
Fetish73: raises $3 to $6
CatPuppy1999: calls $3
*** FLOP *** [7h 7s 5s]
CatPuppy1999: checks
Fetish73: checks
*** TURN *** [7h 7s 5s] [Jd]
CatPuppy1999: checks
Fetish73: checks
*** RIVER *** [7h 7s 5s Jd] [Jh]
CatPuppy1999: bets $6
Fetish73: raises $6 to $12
CatPuppy1999: calls $6
*** SHOW DOWN ***
Fetish73: shows [3h 9h] (two pair, Jacks and Sevens)
CatPuppy1999: shows [5h Ad] (two pair, Jacks and Sevens - Ace kicker)
CatPuppy1999 collected $35.50 from pot
*** SUMMARY ***
Total pot $36 | Rake $0.50
Board [7h 7s 5s Jd Jh]
Seat 3: Fetish73 (button) (small blind) showed [3h 9h] and lost with two pair, Jacks and Sevens
Seat 5: CatPuppy1999 (big blind) showed [5h Ad] and won ($35.50) with two pair, Jacks and Sevens


PokerStars Hand #170469550409:  Hold'em Limit ($3/$6 USD) - 2017/05/15 16:45:18 ET
Table 'Prisma' 6-max Seat #3 is the button
Seat 3: Fetish73 ($24.48 in chips)
Seat 5: CatPuppy1999 ($113 in chips)
Fetish73: posts small blind $1
CatPuppy1999: posts big blind $3
*** HOLE CARDS ***
Fetish73: raises $3 to $6
CatPuppy1999: folds
Uncalled bet ($3) returned to Fetish73
Fetish73 collected $6 from pot
Fetish73: doesn't show hand
*** SUMMARY ***
Total pot $6 | Rake $0
Seat 3: Fetish73 (button) (small blind) collected ($6)
Seat 5: CatPuppy1999 (big blind) folded before Flop


PokerStars Hand #170469581724:  Hold'em Limit ($3/$6 USD) - 2017/05/15 16:45:53 ET
Table 'Prisma' 6-max Seat #3 is the button
Seat 3: Fetish73 ($28.48 in chips)
Seat 5: CatPuppy1999 ($109 in chips)
Fetish73: posts small blind $1
CatPuppy1999: posts big blind $3
*** HOLE CARDS ***
Fetish73: folds
Uncalled bet ($2) returned to CatPuppy1999
CatPuppy1999 collected $2 from pot
CatPuppy1999: doesn't show hand
*** SUMMARY ***
Total pot $2 | Rake $0
Seat 3: Fetish73 (button) (small blind) folded before Flop
Seat 5: CatPuppy1999 (big blind) collected ($2)


PokerStars Hand #170469577760:  Hold'em Limit ($3/$6 USD) - 2017/05/15 16:45:49 ET
Table 'Prisma' 6-max Seat #5 is the button
Seat 3: Fetish73 ($27.48 in chips)
Seat 5: CatPuppy1999 ($110 in chips)
CatPuppy1999: posts small blind $1
Fetish73: posts big blind $3
*** HOLE CARDS ***
CatPuppy1999: folds
Uncalled bet ($2) returned to Fetish73
Fetish73 collected $2 from pot
Fetish73: doesn't show hand
*** SUMMARY ***
Total pot $2 | Rake $0
Seat 3: Fetish73 (big blind) collected ($2)
Seat 5: CatPuppy1999 (button) (small blind) folded before Flop


PokerStars Hand #170469601952:  Hold'em Limit ($3/$6 USD) - 2017/05/15 16:46:16 ET
Table 'Prisma' 6-max Seat #3 is the button
Seat 3: Fetish73 ($54.46 in chips)
Seat 5: CatPuppy1999 ($82.52 in chips)
Fetish73: posts small blind $1
CatPuppy1999: posts big blind $3
*** HOLE CARDS ***
Fetish73: raises $3 to $6
CatPuppy1999: calls $3
*** FLOP *** [8h 6h Kd]
CatPuppy1999: checks
Fetish73: checks
*** TURN *** [8h 6h Kd] [Qd]
CatPuppy1999: bets $6
Fetish73: folds
Uncalled bet ($6) returned to CatPuppy1999
CatPuppy1999 collected $11.76 from pot
*** SUMMARY ***
Total pot $12 | Rake $0.24
Board [8h 6h Kd Qd]
Seat 3: Fetish73 (button) (small blind) folded on the Turn
Seat 5: CatPuppy1999 (big blind) collected ($11.76)


PokerStars Hand #170469633329:  Hold'em Limit ($3/$6 USD) - 2017/05/15 16:46:50 ET
Table 'Prisma' 6-max Seat #5 is the button
Seat 3: Fetish73 ($33.46 in chips)
Seat 5: CatPuppy1999 ($102.78 in chips)
CatPuppy1999: posts small blind $1
Fetish73: posts big blind $3
*** HOLE CARDS ***
CatPuppy1999: raises $3 to $6
Fetish73: raises $3 to $9
CatPuppy1999: calls $3
*** FLOP *** [2s Ah 8c]
Fetish73: bets $3
CatPuppy1999: calls $3
*** TURN *** [2s Ah 8c] [3c]
Fetish73: bets $6
CatPuppy1999: calls $6
*** RIVER *** [2s Ah 8c 3c] [9d]
Fetish73: bets $6
CatPuppy1999: calls $6
*** SHOW DOWN ***
Fetish73: shows [Qc Qh] (a pair of Queens)
CatPuppy1999: mucks hand
Fetish73 collected $47.50 from pot
*** SUMMARY ***
Total pot $48 | Rake $0.50
Board [2s Ah 8c 3c 9d]
Seat 3: Fetish73 (big blind) showed [Qc Qh] and won ($47.50) with a pair of Queens
Seat 5: CatPuppy1999 (button) (small blind) mucked


PokerStars Hand #170469585682:  Hold'em Limit ($3/$6 USD) - 2017/05/15 16:45:58 ET
Table 'Prisma' 6-max Seat #5 is the button
Seat 3: Fetish73 ($27.48 in chips)
Seat 5: CatPuppy1999 ($110 in chips)
CatPuppy1999: posts small blind $1
Fetish73: posts big blind $3
*** HOLE CARDS ***
CatPuppy1999: raises $3 to $6
Fetish73: calls $3
*** FLOP *** [Kh 8d Kc]
Fetish73: checks
CatPuppy1999: bets $3
Fetish73: raises $3 to $6
CatPuppy1999: calls $3
*** TURN *** [Kh 8d Kc] [2d]
Fetish73: bets $6
CatPuppy1999: raises $6 to $12
Fetish73: raises $3.48 to $15.48 and is all-in
CatPuppy1999: calls $3.48
*** RIVER *** [Kh 8d Kc 2d] [7c]
*** SHOW DOWN ***
Fetish73: shows [8s Ah] (two pair, Kings and Eights)
CatPuppy1999: shows [8c Jd] (two pair, Kings and Eights - lower kicker)
Fetish73 collected $54.46 from pot
*** SUMMARY ***
Total pot $54.96 | Rake $0.50
Board [Kh 8d Kc 2d 7c]
Seat 3: Fetish73 (big blind) showed [8s Ah] and won ($54.46) with two pair, Kings and Eights
Seat 5: CatPuppy1999 (button) (small blind) showed [8c Jd] and lost with two pair, Kings and Eights


PokerStars Hand #170469628295:  Hold'em Limit ($3/$6 USD) - 2017/05/15 16:46:45 ET
Table 'Prisma' 6-max Seat #3 is the button
Seat 3: Fetish73 ($30.46 in chips)
Seat 5: CatPuppy1999 ($105.78 in chips)
Fetish73: posts small blind $1
CatPuppy1999: posts big blind $3
*** HOLE CARDS ***
Fetish73: raises $3 to $6
CatPuppy1999: folds
Uncalled bet ($3) returned to Fetish73
Fetish73 collected $6 from pot
Fetish73: doesn't show hand
*** SUMMARY ***
Total pot $6 | Rake $0
Seat 3: Fetish73 (button) (small blind) collected ($6)
Seat 5: CatPuppy1999 (big blind) folded before Flop


PokerStars Hand #170469611615:  Hold'em Limit ($3/$6 USD) - 2017/05/15 16:46:26 ET
Table 'Prisma' 6-max Seat #5 is the button
Seat 3: Fetish73 ($48.46 in chips)
Seat 5: CatPuppy1999 ($88.28 in chips)
CatPuppy1999: posts small blind $1
Fetish73: posts big blind $3
*** HOLE CARDS ***
CatPuppy1999: raises $3 to $6
Fetish73: raises $3 to $9
CatPuppy1999: calls $3
*** FLOP *** [7c 6s 3s]
Fetish73: bets $3
CatPuppy1999: calls $3
*** TURN *** [7c 6s 3s] [8d]
Fetish73: checks
CatPuppy1999: checks
*** RIVER *** [7c 6s 3s 8d] [4h]
Fetish73: checks
CatPuppy1999: bets $6
Fetish73: calls $6
*** SHOW DOWN ***
CatPuppy1999: shows [4c Kh] (a pair of Fours)
Fetish73: mucks hand
CatPuppy1999 collected $35.50 from pot
*** SUMMARY ***
Total pot $36 | Rake $0.50
Board [7c 6s 3s 8d 4h]
Seat 3: Fetish73 (big blind) mucked
Seat 5: CatPuppy1999 (button) (small blind) showed [4c Kh] and won ($35.50) with a pair of Fours


PokerStars Hand #170469671786:  Hold'em Limit ($3/$6 USD) - 2017/05/15 16:47:32 ET
Table 'Prisma' 6-max Seat #5 is the button
Seat 3: Fetish73 ($65.60 in chips)
Seat 5: CatPuppy1999 ($72 in chips)
CatPuppy1999: posts small blind $1
Fetish73: posts big blind $3
*** HOLE CARDS ***
CatPuppy1999: raises $3 to $6
Fetish73: calls $3
*** FLOP *** [7h 3s Th]
Fetish73: checks
CatPuppy1999: checks
*** TURN *** [7h 3s Th] [Jc]
Fetish73: checks
CatPuppy1999: checks
*** RIVER *** [7h 3s Th Jc] [6s]
Fetish73: checks
CatPuppy1999: checks
*** SHOW DOWN ***
Fetish73: shows [8d Qs] (high card Queen)
CatPuppy1999: shows [2s As] (high card Ace)
CatPuppy1999 collected $11.76 from pot
*** SUMMARY ***
Total pot $12 | Rake $0.24
Board [7h 3s Th Jc 6s]
Seat 3: Fetish73 (big blind) showed [8d Qs] and lost with high card Queen
Seat 5: CatPuppy1999 (button) (small blind) showed [2s As] and won ($11.76) with high card Ace


PokerStars Hand #170469692731:  Hold'em Limit ($3/$6 USD) - 2017/05/15 16:47:55 ET
Table 'Prisma' 6-max Seat #5 is the button
Seat 3: Fetish73 ($58.60 in chips)
Seat 5: CatPuppy1999 ($78.76 in chips)
CatPuppy1999: posts small blind $1
Fetish73: posts big blind $3
*** HOLE CARDS ***
CatPuppy1999: raises $3 to $6
Fetish73: calls $3
*** FLOP *** [2d 9s 2c]
Fetish73: checks
CatPuppy1999: checks
*** TURN *** [2d 9s 2c] [4c]
Fetish73: checks
CatPuppy1999: checks
*** RIVER *** [2d 9s 2c 4c] [Jh]
Fetish73: checks
CatPuppy1999: bets $6
Fetish73: folds
Uncalled bet ($6) returned to CatPuppy1999
CatPuppy1999 collected $11.76 from pot
CatPuppy1999: doesn't show hand
*** SUMMARY ***
Total pot $12 | Rake $0.24
Board [2d 9s 2c 4c Jh]
Seat 3: Fetish73 (big blind) folded on the River
Seat 5: CatPuppy1999 (button) (small blind) collected ($11.76)


PokerStars Hand #170469652181:  Hold'em Limit ($3/$6 USD) - 2017/05/15 16:47:11 ET
Table 'Prisma' 6-max Seat #3 is the button
Seat 3: Fetish73 ($56.96 in chips)
Seat 5: CatPuppy1999 ($78.78 in chips)
Fetish73: posts small blind $1
CatPuppy1999: posts big blind $3
*** HOLE CARDS ***
Fetish73: raises $3 to $6
CatPuppy1999: calls $3
*** FLOP *** [5d 7d 5c]
CatPuppy1999: checks
Fetish73: bets $3
CatPuppy1999: calls $3
*** TURN *** [5d 7d 5c] [8d]
CatPuppy1999: checks
Fetish73: bets $6
CatPuppy1999: folds
Uncalled bet ($6) returned to Fetish73
Fetish73 collected $17.64 from pot
Fetish73: doesn't show hand
*** SUMMARY ***
Total pot $18 | Rake $0.36
Board [5d 7d 5c 8d]
Seat 3: Fetish73 (button) (small blind) collected ($17.64)
Seat 5: CatPuppy1999 (big blind) folded on the Turn


PokerStars Hand #170469688288:  Hold'em Limit ($3/$6 USD) - 2017/05/15 16:47:50 ET
Table 'Prisma' 6-max Seat #3 is the button
Seat 3: Fetish73 ($59.60 in chips)
Seat 5: CatPuppy1999 ($77.76 in chips)
Fetish73: posts small blind $1
CatPuppy1999: posts big blind $3
*** HOLE CARDS ***
Fetish73: folds
Uncalled bet ($2) returned to CatPuppy1999
CatPuppy1999 collected $2 from pot
CatPuppy1999: doesn't show hand
*** SUMMARY ***
Total pot $2 | Rake $0
Seat 3: Fetish73 (button) (small blind) folded before Flop
Seat 5: CatPuppy1999 (big blind) collected ($2)


PokerStars Hand #170469704638:  Hold'em Limit ($3/$6 USD) - 2017/05/15 16:48:08 ET
Table 'Prisma' 6-max Seat #3 is the button
Seat 3: Fetish73 ($52.60 in chips)
Seat 5: CatPuppy1999 ($84.52 in chips)
Fetish73: posts small blind $1
CatPuppy1999: posts big blind $3
*** HOLE CARDS ***
Fetish73: raises $3 to $6
CatPuppy1999: raises $3 to $9
Fetish73: calls $3
*** FLOP *** [5s Th 4s]
CatPuppy1999: bets $3
Fetish73: calls $3
*** TURN *** [5s Th 4s] [3s]
CatPuppy1999: bets $6
Fetish73: calls $6
*** RIVER *** [5s Th 4s 3s] [Kd]
CatPuppy1999: bets $6
Fetish73: calls $6
*** SHOW DOWN ***
CatPuppy1999: shows [Jc Tc] (a pair of Tens)
Fetish73: mucks hand
CatPuppy1999 collected $47.50 from pot
*** SUMMARY ***
Total pot $48 | Rake $0.50
Board [5s Th 4s 3s Kd]
Seat 3: Fetish73 (button) (small blind) mucked
Seat 5: CatPuppy1999 (big blind) showed [Jc Tc] and won ($47.50) with a pair of Tens


PokerStars Hand #170469734178:  Hold'em Limit ($3/$6 USD) - 2017/05/15 16:48:41 ET
Table 'Prisma' 6-max Seat #5 is the button
Seat 3: Fetish73 ($36.24 in chips)
Seat 5: CatPuppy1999 ($100.02 in chips)
CatPuppy1999: posts small blind $1
Fetish73: posts big blind $3
*** HOLE CARDS ***
CatPuppy1999: raises $3 to $6
Fetish73: calls $3
*** FLOP *** [Ac 8h 5d]
Fetish73: checks
CatPuppy1999: checks
*** TURN *** [Ac 8h 5d] [2h]
Fetish73: checks
CatPuppy1999: bets $6
Fetish73: calls $6
*** RIVER *** [Ac 8h 5d 2h] [8s]
Fetish73: checks
CatPuppy1999: bets $6
Fetish73: calls $6
*** SHOW DOWN ***
CatPuppy1999: shows [Jd 5c] (two pair, Eights and Fives)
NewRocker joins the table at seat #2
Fetish73: mucks hand
CatPuppy1999 collected $35.50 from pot
*** SUMMARY ***
Total pot $36 | Rake $0.50
Board [Ac 8h 5d 2h 8s]
Seat 3: Fetish73 (big blind) mucked
Seat 5: CatPuppy1999 (button) (small blind) showed [Jd 5c] and won ($35.50) with two pair, Eights and Fives


PokerStars Hand #170469730169:  Hold'em Limit ($3/$6 USD) - 2017/05/15 16:48:36 ET
Table 'Prisma' 6-max Seat #3 is the button
Seat 3: Fetish73 ($37.24 in chips)
Seat 5: CatPuppy1999 ($99.02 in chips)
Fetish73: posts small blind $1
CatPuppy1999: posts big blind $3
*** HOLE CARDS ***
Fetish73: folds
Uncalled bet ($2) returned to CatPuppy1999
CatPuppy1999 collected $2 from pot
CatPuppy1999: doesn't show hand
*** SUMMARY ***
Total pot $2 | Rake $0
Seat 3: Fetish73 (button) (small blind) folded before Flop
Seat 5: CatPuppy1999 (big blind) collected ($2)


PokerStars Hand #170469720216:  Hold'em Limit ($3/$6 USD) - 2017/05/15 16:48:25 ET
Table 'Prisma' 6-max Seat #5 is the button
Seat 3: Fetish73 ($28.60 in chips)
Seat 5: CatPuppy1999 ($108.02 in chips)
CatPuppy1999: posts small blind $1
Fetish73: posts big blind $3
*** HOLE CARDS ***
CatPuppy1999: raises $3 to $6
Fetish73: calls $3
*** FLOP *** [9d Qs Td]
Fetish73: checks
CatPuppy1999: bets $3
Fetish73: raises $3 to $6
CatPuppy1999: folds
Uncalled bet ($3) returned to Fetish73
Fetish73 collected $17.64 from pot
*** SUMMARY ***
Total pot $18 | Rake $0.36
Board [9d Qs Td]
Seat 3: Fetish73 (big blind) collected ($17.64)
Seat 5: CatPuppy1999 (button) (small blind) folded on the Flop


PokerStars Hand #170469755078:  Hold'em Limit ($3/$6 USD) - 2017/05/15 16:49:04 ET
Table 'Prisma' 6-max Seat #3 is the button
Seat 3: Fetish73 ($18.24 in chips)
Seat 5: CatPuppy1999 ($117.52 in chips)
Fetish73: posts small blind $1
CatPuppy1999: posts big blind $3
*** HOLE CARDS ***
Fetish73: raises $3 to $6
CatPuppy1999: calls $3
*** FLOP *** [6c 5s Ts]
CatPuppy1999: checks
Fetish73: checks
*** TURN *** [6c 5s Ts] [2h]
CatPuppy1999: checks
Fetish73: checks
*** RIVER *** [6c 5s Ts 2h] [Td]
CatPuppy1999: checks
Fetish73: checks
*** SHOW DOWN ***
CatPuppy1999: shows [Js Kd] (a pair of Tens)
Fetish73: mucks hand
CatPuppy1999 collected $11.76 from pot
*** SUMMARY ***
Total pot $12 | Rake $0.24
Board [6c 5s Ts 2h Td]
Seat 3: Fetish73 (button) (small blind) mucked
Seat 5: CatPuppy1999 (big blind) showed [Js Kd] and won ($11.76) with a pair of Tens


PokerStars Hand #170469836404:  Hold'em Limit ($3/$6 USD) - 2017/05/15 16:50:34 ET
Table 'Prisma' 6-max Seat #2 is the button
Seat 2: NewRocker ($128.38 in chips)
Seat 5: CatPuppy1999 ($125.14 in chips)
NewRocker: posts small blind $1
CatPuppy1999: posts big blind $3
*** HOLE CARDS ***
NewRocker: folds
Uncalled bet ($2) returned to CatPuppy1999
CatPuppy1999 collected $2 from pot
CatPuppy1999: doesn't show hand
*** SUMMARY ***
Total pot $2 | Rake $0
Seat 2: NewRocker (button) (small blind) folded before Flop
Seat 5: CatPuppy1999 (big blind) collected ($2)


PokerStars Hand #170469851541:  Hold'em Limit ($3/$6 USD) - 2017/05/15 16:50:51 ET
Table 'Prisma' 6-max Seat #2 is the button
Seat 2: NewRocker ($136.02 in chips)
Seat 5: CatPuppy1999 ($117.14 in chips)
NewRocker: posts small blind $1
CatPuppy1999: posts big blind $3
*** HOLE CARDS ***
NewRocker: folds
Uncalled bet ($2) returned to CatPuppy1999
CatPuppy1999 collected $2 from pot
CatPuppy1999: doesn't show hand
*** SUMMARY ***
Total pot $2 | Rake $0
Seat 2: NewRocker (button) (small blind) folded before Flop
Seat 5: CatPuppy1999 (big blind) collected ($2)


PokerStars Hand #170469841562:  Hold'em Limit ($3/$6 USD) - 2017/05/15 16:50:40 ET
Table 'Prisma' 6-max Seat #5 is the button
Seat 2: NewRocker ($127.38 in chips)
Seat 5: CatPuppy1999 ($126.14 in chips)
CatPuppy1999: posts small blind $1
NewRocker: posts big blind $3
*** HOLE CARDS ***
CatPuppy1999: raises $3 to $6
NewRocker: raises $3 to $9
CatPuppy1999: calls $3
*** FLOP *** [8d Qh 4d]
NewRocker: bets $3
CatPuppy1999: folds
Uncalled bet ($3) returned to NewRocker
NewRocker collected $17.64 from pot
NewRocker: doesn't show hand
*** SUMMARY ***
Total pot $18 | Rake $0.36
Board [8d Qh 4d]
Seat 2: NewRocker (big blind) collected ($17.64)
Seat 5: CatPuppy1999 (button) (small blind) folded on the Flop


PokerStars Hand #170469855525:  Hold'em Limit ($3/$6 USD) - 2017/05/15 16:50:56 ET
Table 'Prisma' 6-max Seat #5 is the button
Seat 2: NewRocker ($135.02 in chips)
Seat 5: CatPuppy1999 ($118.14 in chips)
CatPuppy1999: posts small blind $1
NewRocker: posts big blind $3
*** HOLE CARDS ***
CatPuppy1999: raises $3 to $6
NewRocker: folds
Uncalled bet ($3) returned to CatPuppy1999
CatPuppy1999 collected $6 from pot
CatPuppy1999: doesn't show hand
*** SUMMARY ***
Total pot $6 | Rake $0
Seat 2: NewRocker (big blind) folded before Flop
Seat 5: CatPuppy1999 (button) (small blind) collected ($6)


PokerStars Hand #170469866338:  Hold'em Limit ($3/$6 USD) - 2017/05/15 16:51:07 ET
Table 'Prisma' 6-max Seat #2 is the button
Seat 2: NewRocker ($132.02 in chips)
Seat 5: CatPuppy1999 ($121.14 in chips)
NewRocker: posts small blind $1
CatPuppy1999: posts big blind $3
*** HOLE CARDS ***
NewRocker: raises $3 to $6
CatPuppy1999: calls $3
*** FLOP *** [2s Ts 9s]
CatPuppy1999: checks
NewRocker: bets $3
CatPuppy1999: raises $3 to $6
Fetish73 is disconnected
NewRocker: calls $3
*** TURN *** [2s Ts 9s] [5c]
CatPuppy1999: bets $6
NewRocker: folds
Uncalled bet ($6) returned to CatPuppy1999
CatPuppy1999 collected $23.52 from pot
CatPuppy1999: doesn't show hand
*** SUMMARY ***
Total pot $24 | Rake $0.48
Board [2s Ts 9s 5c]
Seat 2: NewRocker (button) (small blind) folded on the Turn
Seat 5: CatPuppy1999 (big blind) collected ($23.52)


PokerStars Hand #170469894383:  Hold'em Limit ($3/$6 USD) - 2017/05/15 16:51:38 ET
Table 'Prisma' 6-max Seat #5 is the button
Seat 2: NewRocker ($120.02 in chips)
Seat 5: CatPuppy1999 ($132.66 in chips)
CatPuppy1999: posts small blind $1
NewRocker: posts big blind $3
*** HOLE CARDS ***
CatPuppy1999: raises $3 to $6
NewRocker: calls $3
*** FLOP *** [9h 8h Qc]
NewRocker: checks
CatPuppy1999: bets $3
NewRocker: calls $3
*** TURN *** [9h 8h Qc] [2h]
NewRocker: checks
CatPuppy1999: bets $6
NewRocker: calls $6
*** RIVER *** [9h 8h Qc 2h] [Th]
NewRocker: checks
CatPuppy1999: bets $6
NewRocker: calls $6
*** SHOW DOWN ***
CatPuppy1999: shows [4c 5c] (high card Queen)
NewRocker: shows [9d 7h] (a flush, Ten high)
NewRocker collected $41.50 from pot
*** SUMMARY ***
Total pot $42 | Rake $0.50
Board [9h 8h Qc 2h Th]
Seat 2: NewRocker (big blind) showed [9d 7h] and won ($41.50) with a flush, Ten high
Seat 5: CatPuppy1999 (button) (small blind) showed [4c 5c] and lost with high card Queen


