PokerStars Hand #166586355434:  Hold'em Limit ($3/$6 USD) - 2017/02/21 23:57:27 ET
Table 'Priska' 6-max Seat #3 is the button
Seat 3: nipper142 ($31.99 in chips)
Seat 4: Agrotait ($72 in chips)
nipper142: posts small blind $1
Agrotait: posts big blind $3
*** HOLE CARDS ***
nipper142: folds
Uncalled bet ($2) returned to Agrotait
Agrotait collected $2 from pot
Agrotait: doesn't show hand
*** SUMMARY ***
Total pot $2 | Rake $0
Seat 3: nipper142 (button) (small blind) folded before Flop
Seat 4: Agrotait (big blind) collected ($2)


PokerStars Hand #166586371282:  Hold'em Limit ($3/$6 USD) - 2017/02/21 23:58:17 ET
Table 'Priska' 6-max Seat #3 is the button
Seat 3: nipper142 ($48.49 in chips)
Seat 4: Agrotait ($72 in chips)
nipper142: posts small blind $1
Agrotait: posts big blind $3
*** HOLE CARDS ***
nipper142: folds
Uncalled bet ($2) returned to Agrotait
Agrotait collected $2 from pot
Agrotait: doesn't show hand
*** SUMMARY ***
Total pot $2 | Rake $0
Seat 3: nipper142 (button) (small blind) folded before Flop
Seat 4: Agrotait (big blind) collected ($2)


PokerStars Hand #166586427730:  Hold'em Limit ($3/$6 USD) - 2017/02/22 0:01:55 ET
Table 'Priska' 6-max Seat #5 is the button
Seat 4: Agrotait ($97.53 in chips)
Seat 5: LouisB ($113.64 in chips)
LouisB: posts small blind $1
tttzzz: is sitting out
Agrotait: posts big blind $3
*** HOLE CARDS ***
LouisB: folds
Uncalled bet ($2) returned to Agrotait
Agrotait collected $2 from pot
Agrotait: doesn't show hand
*** SUMMARY ***
Total pot $2 | Rake $0
Seat 4: Agrotait (big blind) collected ($2)
Seat 5: LouisB (button) (small blind) folded before Flop


PokerStars Hand #166586449776:  Hold'em Limit ($3/$6 USD) - 2017/02/22 0:03:15 ET
Table 'Priska' 6-max Seat #5 is the button
Seat 4: Agrotait ($86.53 in chips)
Seat 5: LouisB ($124.16 in chips)
LouisB: posts small blind $1
Agrotait: posts big blind $3
*** HOLE CARDS ***
LouisB: folds
Uncalled bet ($2) returned to Agrotait
Agrotait collected $2 from pot
Agrotait: doesn't show hand
*** SUMMARY ***
Total pot $2 | Rake $0
Seat 4: Agrotait (big blind) collected ($2)
Seat 5: LouisB (button) (small blind) folded before Flop


PokerStars Hand #166586429078:  Hold'em Limit ($3/$6 USD) - 2017/02/22 0:02:00 ET
Table 'Priska' 6-max Seat #4 is the button
Seat 4: Agrotait ($98.53 in chips)
Seat 5: LouisB ($112.64 in chips)
Agrotait: posts small blind $1
LouisB: posts big blind $3
*** HOLE CARDS ***
Agrotait: raises $3 to $6
LouisB: raises $3 to $9
Agrotait: calls $3
*** FLOP *** [7h 3c 3d]
LouisB: bets $3
Agrotait: calls $3
*** TURN *** [7h 3c 3d] [2c]
LouisB: bets $6
Agrotait: folds
Uncalled bet ($6) returned to LouisB
LouisB collected $23.52 from pot
LouisB: doesn't show hand
*** SUMMARY ***
Total pot $24 | Rake $0.48
Board [7h 3c 3d 2c]
Seat 4: Agrotait (button) (small blind) folded on the Turn
Seat 5: LouisB (big blind) collected ($23.52)


PokerStars Hand #166586451594:  Hold'em Limit ($3/$6 USD) - 2017/02/22 0:03:21 ET
Table 'Priska' 6-max Seat #4 is the button
Seat 4: Agrotait ($87.53 in chips)
Seat 5: LouisB ($123.16 in chips)
Agrotait: posts small blind $1
LouisB: posts big blind $3
*** HOLE CARDS ***
Agrotait: raises $3 to $6
LouisB: raises $3 to $9
Agrotait: calls $3
*** FLOP *** [4d 8s Jh]
LouisB: bets $3
Agrotait: calls $3
*** TURN *** [4d 8s Jh] [Ks]
LouisB: bets $6
Agrotait: folds
Uncalled bet ($6) returned to LouisB
LouisB collected $23.52 from pot
LouisB: doesn't show hand
*** SUMMARY ***
Total pot $24 | Rake $0.48
Board [4d 8s Jh Ks]
Seat 4: Agrotait (button) (small blind) folded on the Turn
Seat 5: LouisB (big blind) collected ($23.52)


