PokerStars Hand #151287443403:  Hold'em Limit ($3/$6 USD) - 2016/04/01 17:42:28 ET
Table 'Priska' 6-max Seat #6 is the button
Seat 1: balletgirls ($86.80 in chips)
Seat 6: anetkaapro ($72 in chips)
anetkaapro: posts small blind $1
balletgirls: posts big blind $3
*** HOLE CARDS ***
anetkaapro: raises $3 to $6
balletgirls: calls $3
*** FLOP *** [Jh Jc 3c]
balletgirls: checks
anetkaapro: bets $3
balletgirls: folds
Uncalled bet ($3) returned to anetkaapro
anetkaapro collected $11.76 from pot
anetkaapro: doesn't show hand
*** SUMMARY ***
Total pot $12 | Rake $0.24
Board [Jh Jc 3c]
Seat 1: balletgirls (big blind) folded on the Flop
Seat 6: anetkaapro (button) (small blind) collected ($11.76)


PokerStars Hand #151287429763:  Hold'em Limit ($3/$6 USD) - 2016/04/01 17:42:14 ET
Table 'Priska' 6-max Seat #1 is the button
Seat 1: balletgirls ($83.92 in chips)
Seat 6: anetkaapro ($72 in chips)
balletgirls: posts small blind $1
anetkaapro: posts big blind $3
*** HOLE CARDS ***
balletgirls: calls $2
anetkaapro: checks
*** FLOP *** [Jh As Js]
anetkaapro: checks
balletgirls: bets $3
anetkaapro: folds
Uncalled bet ($3) returned to balletgirls
balletgirls collected $5.88 from pot
*** SUMMARY ***
Total pot $6 | Rake $0.12
Board [Jh As Js]
Seat 1: balletgirls (button) (small blind) collected ($5.88)
Seat 6: anetkaapro (big blind) folded on the Flop


PokerStars Hand #151287380745:  Hold'em Limit ($3/$6 USD) - 2016/04/01 17:41:20 ET
Table 'Priska' 6-max Seat #6 is the button
Seat 1: balletgirls ($63.42 in chips)
Seat 6: anetkaapro ($73 in chips)
anetkaapro: posts small blind $1
balletgirls: posts big blind $3
*** HOLE CARDS ***
anetkaapro: raises $3 to $6
balletgirls: calls $3
*** FLOP *** [Ac 6h 6s]
balletgirls: checks
anetkaapro: bets $3
balletgirls: calls $3
*** TURN *** [Ac 6h 6s] [Jh]
balletgirls: checks
anetkaapro: bets $6
balletgirls: raises $6 to $12
anetkaapro: calls $6
*** RIVER *** [Ac 6h 6s Jh] [Ts]
balletgirls: bets $6
anetkaapro: folds
Uncalled bet ($6) returned to balletgirls
balletgirls collected $41.50 from pot
*** SUMMARY ***
Total pot $42 | Rake $0.50
Board [Ac 6h 6s Jh Ts]
Seat 1: balletgirls (big blind) collected ($41.50)
Seat 6: anetkaapro (button) (small blind) folded on the River


PokerStars Hand #151287497929:  Hold'em Limit ($3/$6 USD) - 2016/04/01 17:43:29 ET
Table 'Priska' 6-max Seat #1 is the button
Seat 1: balletgirls ($83.44 in chips)
Seat 6: anetkaapro ($74.52 in chips)
balletgirls: posts small blind $1
anetkaapro: posts big blind $3
*** HOLE CARDS ***
balletgirls: folds
Uncalled bet ($2) returned to anetkaapro
anetkaapro collected $2 from pot
anetkaapro: doesn't show hand
*** SUMMARY ***
Total pot $2 | Rake $0
Seat 1: balletgirls (button) (small blind) folded before Flop
Seat 6: anetkaapro (big blind) collected ($2)


PokerStars Hand #151287459384:  Hold'em Limit ($3/$6 USD) - 2016/04/01 17:42:46 ET
Table 'Priska' 6-max Seat #6 is the button
Seat 1: balletgirls ($74.80 in chips)
Seat 6: anetkaapro ($83.52 in chips)
anetkaapro: posts small blind $1
balletgirls: posts big blind $3
*** HOLE CARDS ***
anetkaapro: raises $3 to $6
balletgirls: calls $3
*** FLOP *** [6s 5s 4s]
balletgirls: bets $3
anetkaapro: calls $3
*** TURN *** [6s 5s 4s] [5h]
balletgirls: checks
anetkaapro: checks
*** RIVER *** [6s 5s 4s 5h] [4d]
balletgirls: bets $6
anetkaapro: folds
Uncalled bet ($6) returned to balletgirls
balletgirls collected $17.64 from pot
*** SUMMARY ***
Total pot $18 | Rake $0.36
Board [6s 5s 4s 5h 4d]
Seat 1: balletgirls (big blind) collected ($17.64)
Seat 6: anetkaapro (button) (small blind) folded on the River


PokerStars Hand #151287451101:  Hold'em Limit ($3/$6 USD) - 2016/04/01 17:42:37 ET
Table 'Priska' 6-max Seat #1 is the button
Seat 1: balletgirls ($80.80 in chips)
Seat 6: anetkaapro ($77.76 in chips)
balletgirls: posts small blind $1
anetkaapro: posts big blind $3
*** HOLE CARDS ***
balletgirls: calls $2
anetkaapro: raises $3 to $6
balletgirls: calls $3
*** FLOP *** [2h Ac Ks]
anetkaapro: bets $3
balletgirls: folds
Uncalled bet ($3) returned to anetkaapro
anetkaapro collected $11.76 from pot
anetkaapro: doesn't show hand
*** SUMMARY ***
Total pot $12 | Rake $0.24
Board [2h Ac Ks]
Seat 1: balletgirls (button) (small blind) folded on the Flop
Seat 6: anetkaapro (big blind) collected ($11.76)


PokerStars Hand #151287544723:  Hold'em Limit ($3/$6 USD) - 2016/04/01 17:44:20 ET
Table 'Priska' 6-max Seat #1 is the button
Seat 1: balletgirls ($67.44 in chips)
Seat 6: anetkaapro ($90.02 in chips)
balletgirls: posts small blind $1
anetkaapro: posts big blind $3
*** HOLE CARDS ***
balletgirls: calls $2
anetkaapro: checks
*** FLOP *** [8s 5s Kc]
anetkaapro: bets $3
balletgirls: folds
Uncalled bet ($3) returned to anetkaapro
anetkaapro collected $5.88 from pot
anetkaapro: doesn't show hand
*** SUMMARY ***
Total pot $6 | Rake $0.12
Board [8s 5s Kc]
Seat 1: balletgirls (button) (small blind) folded on the Flop
Seat 6: anetkaapro (big blind) collected ($5.88)


PokerStars Hand #151287502145:  Hold'em Limit ($3/$6 USD) - 2016/04/01 17:43:33 ET
Table 'Priska' 6-max Seat #6 is the button
Seat 1: balletgirls ($82.44 in chips)
Seat 6: anetkaapro ($75.52 in chips)
anetkaapro: posts small blind $1
balletgirls: posts big blind $3
*** HOLE CARDS ***
anetkaapro: raises $3 to $6
balletgirls: calls $3
*** FLOP *** [5s 7s 6s]
balletgirls: checks
anetkaapro: bets $3
balletgirls: calls $3
*** TURN *** [5s 7s 6s] [2h]
balletgirls: checks
anetkaapro: bets $6
balletgirls: calls $6
*** RIVER *** [5s 7s 6s 2h] [3c]
balletgirls: checks
anetkaapro: bets $6
balletgirls: folds
Uncalled bet ($6) returned to anetkaapro
anetkaapro collected $29.50 from pot
anetkaapro: doesn't show hand
*** SUMMARY ***
Total pot $30 | Rake $0.50
Board [5s 7s 6s 2h 3c]
Seat 1: balletgirls (big blind) folded on the River
Seat 6: anetkaapro (button) (small blind) collected ($29.50)


PokerStars Hand #151287580644:  Hold'em Limit ($3/$6 USD) - 2016/04/01 17:45:00 ET
Table 'Priska' 6-max Seat #1 is the button
Seat 1: balletgirls ($43.44 in chips)
Seat 6: anetkaapro ($113.40 in chips)
balletgirls: posts small blind $1
anetkaapro: posts big blind $3
*** HOLE CARDS ***
balletgirls: calls $2
anetkaapro: checks
*** FLOP *** [3c As Jh]
anetkaapro: checks
balletgirls: bets $3
anetkaapro: folds
Uncalled bet ($3) returned to balletgirls
balletgirls collected $5.88 from pot
*** SUMMARY ***
Total pot $6 | Rake $0.12
Board [3c As Jh]
Seat 1: balletgirls (button) (small blind) collected ($5.88)
Seat 6: anetkaapro (big blind) folded on the Flop


PokerStars Hand #151287553583:  Hold'em Limit ($3/$6 USD) - 2016/04/01 17:44:30 ET
Table 'Priska' 6-max Seat #6 is the button
Seat 1: balletgirls ($64.44 in chips)
Seat 6: anetkaapro ($92.90 in chips)
anetkaapro: posts small blind $1
balletgirls: posts big blind $3
*** HOLE CARDS ***
anetkaapro: raises $3 to $6
balletgirls: calls $3
*** FLOP *** [Ad 2h Jd]
balletgirls: checks
anetkaapro: bets $3
balletgirls: calls $3
*** TURN *** [Ad 2h Jd] [Qc]
balletgirls: checks
anetkaapro: bets $6
balletgirls: calls $6
*** RIVER *** [Ad 2h Jd Qc] [Jh]
balletgirls: bets $6
anetkaapro: calls $6
*** SHOW DOWN ***
balletgirls: shows [5h 5d] (two pair, Jacks and Fives)
anetkaapro: shows [Qh 7s] (two pair, Queens and Jacks)
anetkaapro collected $41.50 from pot
*** SUMMARY ***
Total pot $42 | Rake $0.50
Board [Ad 2h Jd Qc Jh]
Seat 1: balletgirls (big blind) showed [5h 5d] and lost with two pair, Jacks and Fives
Seat 6: anetkaapro (button) (small blind) showed [Qh 7s] and won ($41.50) with two pair, Queens and Jacks


PokerStars Hand #151287615806:  Hold'em Limit ($3/$6 USD) - 2016/04/01 17:45:39 ET
Table 'Priska' 6-max Seat #1 is the button
Seat 1: balletgirls ($54.96 in chips)
Seat 6: anetkaapro ($101.40 in chips)
balletgirls: posts small blind $1
anetkaapro: posts big blind $3
*** HOLE CARDS ***
balletgirls: calls $2
anetkaapro: checks
*** FLOP *** [4s 2c Qd]
vestimokrec joins the table at seat #2
anetkaapro: bets $3
balletgirls: folds
Uncalled bet ($3) returned to anetkaapro
anetkaapro collected $5.88 from pot
anetkaapro: doesn't show hand
*** SUMMARY ***
Total pot $6 | Rake $0.12
Board [4s 2c Qd]
Seat 1: balletgirls (button) (small blind) folded on the Flop
Seat 6: anetkaapro (big blind) collected ($5.88)


PokerStars Hand #151287595005:  Hold'em Limit ($3/$6 USD) - 2016/04/01 17:45:16 ET
Table 'Priska' 6-max Seat #6 is the button
Seat 1: balletgirls ($46.32 in chips)
Seat 6: anetkaapro ($110.40 in chips)
anetkaapro: posts small blind $1
balletgirls: posts big blind $3
*** HOLE CARDS ***
anetkaapro: raises $3 to $6
balletgirls: calls $3
*** FLOP *** [6d 4h 5s]
balletgirls: bets $3
anetkaapro: calls $3
*** TURN *** [6d 4h 5s] [8s]
balletgirls: checks
anetkaapro: checks
*** RIVER *** [6d 4h 5s 8s] [9s]
balletgirls: checks
anetkaapro: checks
*** SHOW DOWN ***
balletgirls: shows [2d 6s] (a pair of Sixes)
anetkaapro: mucks hand
balletgirls collected $17.64 from pot
*** SUMMARY ***
Total pot $18 | Rake $0.36
Board [6d 4h 5s 8s 9s]
Seat 1: balletgirls (big blind) showed [2d 6s] and won ($17.64) with a pair of Sixes
Seat 6: anetkaapro (button) (small blind) mucked


PokerStars Hand #151287702114:  Hold'em Limit ($3/$6 USD) - 2016/04/01 17:47:16 ET
Table 'Priska' 6-max Seat #6 is the button
Seat 1: balletgirls ($25.96 in chips)
Seat 6: anetkaapro ($129.30 in chips)
anetkaapro: posts small blind $1
balletgirls: posts big blind $3
*** HOLE CARDS ***
anetkaapro: raises $3 to $6
balletgirls: calls $3
*** FLOP *** [8s Qs Kd]
balletgirls: checks
anetkaapro: bets $3
balletgirls: folds
Uncalled bet ($3) returned to anetkaapro
anetkaapro collected $11.76 from pot
anetkaapro: doesn't show hand
*** SUMMARY ***
Total pot $12 | Rake $0.24
Board [8s Qs Kd]
Seat 1: balletgirls (big blind) folded on the Flop
Seat 6: anetkaapro (button) (small blind) collected ($11.76)


PokerStars Hand #151287682797:  Hold'em Limit ($3/$6 USD) - 2016/04/01 17:46:54 ET
Table 'Priska' 6-max Seat #1 is the button
Seat 1: balletgirls ($34.96 in chips)
Seat 6: anetkaapro ($120.66 in chips)
balletgirls: posts small blind $1
anetkaapro: posts big blind $3
*** HOLE CARDS ***
balletgirls: calls $2
anetkaapro: raises $3 to $6
balletgirls: calls $3
*** FLOP *** [4c 7c Ks]
anetkaapro: bets $3
balletgirls: calls $3
*** TURN *** [4c 7c Ks] [Tc]
anetkaapro: bets $6
balletgirls: folds
Uncalled bet ($6) returned to anetkaapro
anetkaapro collected $17.64 from pot
anetkaapro: doesn't show hand
*** SUMMARY ***
Total pot $18 | Rake $0.36
Board [4c 7c Ks Tc]
Seat 1: balletgirls (button) (small blind) folded on the Turn
Seat 6: anetkaapro (big blind) collected ($17.64)


PokerStars Hand #151287679097:  Hold'em Limit ($3/$6 USD) - 2016/04/01 17:46:50 ET
Table 'Priska' 6-max Seat #6 is the button
Seat 1: balletgirls ($33.96 in chips)
Seat 6: anetkaapro ($121.66 in chips)
anetkaapro: posts small blind $1
balletgirls: posts big blind $3
*** HOLE CARDS ***
anetkaapro: folds
Uncalled bet ($2) returned to balletgirls
balletgirls collected $2 from pot
*** SUMMARY ***
Total pot $2 | Rake $0
Seat 1: balletgirls (big blind) collected ($2)
Seat 6: anetkaapro (button) (small blind) folded before Flop


PokerStars Hand #151287668955:  Hold'em Limit ($3/$6 USD) - 2016/04/01 17:46:38 ET
Table 'Priska' 6-max Seat #1 is the button
Seat 1: balletgirls ($36.96 in chips)
Seat 6: anetkaapro ($118.78 in chips)
balletgirls: posts small blind $1
anetkaapro: posts big blind $3
*** HOLE CARDS ***
balletgirls: calls $2
anetkaapro: checks
*** FLOP *** [6h 8d 2d]
anetkaapro: bets $3
balletgirls: folds
Uncalled bet ($3) returned to anetkaapro
anetkaapro collected $5.88 from pot
anetkaapro: doesn't show hand
*** SUMMARY ***
Total pot $6 | Rake $0.12
Board [6h 8d 2d]
Seat 1: balletgirls (button) (small blind) folded on the Flop
Seat 6: anetkaapro (big blind) collected ($5.88)


PokerStars Hand #151287638414:  Hold'em Limit ($3/$6 USD) - 2016/04/01 17:46:05 ET
Table 'Priska' 6-max Seat #6 is the button
Seat 1: balletgirls ($51.96 in chips)
Seat 6: anetkaapro ($104.28 in chips)
anetkaapro: posts small blind $1
balletgirls: posts big blind $3
*** HOLE CARDS ***
anetkaapro: raises $3 to $6
balletgirls: calls $3
*** FLOP *** [5d 7h Tc]
balletgirls: checks
anetkaapro: bets $3
balletgirls: calls $3
*** TURN *** [5d 7h Tc] [Ks]
balletgirls: checks
anetkaapro: checks
*** RIVER *** [5d 7h Tc Ks] [5s]
balletgirls: checks
anetkaapro: bets $6
balletgirls: calls $6
*** SHOW DOWN ***
anetkaapro: shows [6d 5h] (three of a kind, Fives)
balletgirls: mucks hand
anetkaapro collected $29.50 from pot
*** SUMMARY ***
Total pot $30 | Rake $0.50
Board [5d 7h Tc Ks 5s]
Seat 1: balletgirls (big blind) mucked
Seat 6: anetkaapro (button) (small blind) showed [6d 5h] and won ($29.50) with three of a kind, Fives


PokerStars Hand #151287753767:  Hold'em Limit ($3/$6 USD) - 2016/04/01 17:48:14 ET
Table 'Priska' 6-max Seat #1 is the button
Seat 1: balletgirls ($52.98 in chips)
Seat 6: anetkaapro ($101.06 in chips)
balletgirls: posts small blind $1
anetkaapro: posts big blind $3
*** HOLE CARDS ***
balletgirls: calls $2
anetkaapro: raises $3 to $6
balletgirls: calls $3
*** FLOP *** [Qd 2d Ac]
anetkaapro: bets $3
balletgirls: calls $3
*** TURN *** [Qd 2d Ac] [6c]
anetkaapro: checks
balletgirls: checks
*** RIVER *** [Qd 2d Ac 6c] [4d]
anetkaapro: checks
balletgirls: checks
*** SHOW DOWN ***
anetkaapro: shows [Kh 5s] (high card Ace)
balletgirls: mucks hand
anetkaapro collected $17.64 from pot
*** SUMMARY ***
Total pot $18 | Rake $0.36
Board [Qd 2d Ac 6c 4d]
Seat 1: balletgirls (button) (small blind) mucked
Seat 6: anetkaapro (big blind) showed [Kh 5s] and won ($17.64) with high card Ace


PokerStars Hand #151287746587:  Hold'em Limit ($3/$6 USD) - 2016/04/01 17:48:06 ET
Table 'Priska' 6-max Seat #6 is the button
Seat 1: balletgirls ($47.22 in chips)
Seat 6: anetkaapro ($107.06 in chips)
anetkaapro: posts small blind $1
balletgirls: posts big blind $3
*** HOLE CARDS ***
anetkaapro: raises $3 to $6
balletgirls: calls $3
*** FLOP *** [Td Kd 2c]
balletgirls: bets $3
anetkaapro: folds
Uncalled bet ($3) returned to balletgirls
balletgirls collected $11.76 from pot
*** SUMMARY ***
Total pot $12 | Rake $0.24
Board [Td Kd 2c]
Seat 1: balletgirls (big blind) collected ($11.76)
Seat 6: anetkaapro (button) (small blind) folded on the Flop


PokerStars Hand #151287731386:  Hold'em Limit ($3/$6 USD) - 2016/04/01 17:47:48 ET
Table 'Priska' 6-max Seat #1 is the button
Seat 1: balletgirls ($26.72 in chips)
Seat 6: anetkaapro ($128.06 in chips)
balletgirls: posts small blind $1
anetkaapro: posts big blind $3
*** HOLE CARDS ***
balletgirls: calls $2
anetkaapro: raises $3 to $6
balletgirls: calls $3
*** FLOP *** [8d 3s 7d]
anetkaapro: bets $3
balletgirls: calls $3
*** TURN *** [8d 3s 7d] [8s]
anetkaapro: bets $6
balletgirls: calls $6
*** RIVER *** [8d 3s 7d 8s] [3c]
anetkaapro: bets $6
balletgirls: raises $5.72 to $11.72 and is all-in
anetkaapro: folds
Uncalled bet ($5.72) returned to balletgirls
balletgirls collected $41.50 from pot
*** SUMMARY ***
Total pot $42 | Rake $0.50
Board [8d 3s 7d 8s 3c]
Seat 1: balletgirls (button) (small blind) collected ($41.50)
Seat 6: anetkaapro (big blind) folded on the River


PokerStars Hand #151287726994:  Hold'em Limit ($3/$6 USD) - 2016/04/01 17:47:44 ET
Table 'Priska' 6-max Seat #6 is the button
Seat 1: balletgirls ($25.72 in chips)
Seat 6: anetkaapro ($129.06 in chips)
anetkaapro: posts small blind $1
balletgirls: posts big blind $3
*** HOLE CARDS ***
anetkaapro: folds
Uncalled bet ($2) returned to balletgirls
balletgirls collected $2 from pot
*** SUMMARY ***
Total pot $2 | Rake $0
Seat 1: balletgirls (big blind) collected ($2)
Seat 6: anetkaapro (button) (small blind) folded before Flop


PokerStars Hand #151287712381:  Hold'em Limit ($3/$6 USD) - 2016/04/01 17:47:27 ET
Table 'Priska' 6-max Seat #1 is the button
Seat 1: balletgirls ($19.96 in chips)
Seat 6: anetkaapro ($135.06 in chips)
balletgirls: posts small blind $1
anetkaapro: posts big blind $3
*** HOLE CARDS ***
balletgirls: calls $2
anetkaapro: checks
*** FLOP *** [Td Kh 6s]
anetkaapro: bets $3
balletgirls: calls $3
*** TURN *** [Td Kh 6s] [9s]
anetkaapro: checks
balletgirls: checks
*** RIVER *** [Td Kh 6s 9s] [8c]
anetkaapro: checks
balletgirls: bets $6
anetkaapro: folds
Uncalled bet ($6) returned to balletgirls
balletgirls collected $11.76 from pot
*** SUMMARY ***
Total pot $12 | Rake $0.24
Board [Td Kh 6s 9s 8c]
Seat 1: balletgirls (button) (small blind) collected ($11.76)
Seat 6: anetkaapro (big blind) folded on the River


PokerStars Hand #151287773964:  Hold'em Limit ($3/$6 USD) - 2016/04/01 17:48:37 ET
Table 'Priska' 6-max Seat #6 is the button
Seat 1: balletgirls ($43.98 in chips)
Seat 6: anetkaapro ($109.70 in chips)
anetkaapro: posts small blind $1
balletgirls: posts big blind $3
*** HOLE CARDS ***
anetkaapro: raises $3 to $6
balletgirls: calls $3
*** FLOP *** [Th Ad 8s]
balletgirls: bets $3
anetkaapro: folds
Uncalled bet ($3) returned to balletgirls
balletgirls collected $11.76 from pot
*** SUMMARY ***
Total pot $12 | Rake $0.24
Board [Th Ad 8s]
Seat 1: balletgirls (big blind) collected ($11.76)
Seat 6: anetkaapro (button) (small blind) folded on the Flop


PokerStars Hand #151287876613:  Hold'em Limit ($3/$6 USD) - 2016/04/01 17:50:33 ET
Table 'Priska' 6-max Seat #1 is the button
Seat 1: balletgirls ($40.81 in chips)
Seat 2: vestimokrec ($142.86 in chips)
balletgirls: posts small blind $1
vestimokrec: posts big blind $3
*** HOLE CARDS ***
balletgirls: folds
Uncalled bet ($2) returned to vestimokrec
vestimokrec collected $2 from pot
vestimokrec: doesn't show hand
*** SUMMARY ***
Total pot $2 | Rake $0
Seat 1: balletgirls (button) (small blind) folded before Flop
Seat 2: vestimokrec (big blind) collected ($2)


PokerStars Hand #151287860462:  Hold'em Limit ($3/$6 USD) - 2016/04/01 17:50:15 ET
Table 'Priska' 6-max Seat #2 is the button
Seat 1: balletgirls ($46.81 in chips)
Seat 2: vestimokrec ($137.10 in chips)
vestimokrec: posts small blind $1
anetkaapro: is sitting out
balletgirls: posts big blind $3
*** HOLE CARDS ***
vestimokrec: raises $3 to $6
balletgirls: calls $3
*** FLOP *** [5c 7c 3c]
balletgirls: checks
vestimokrec: bets $3
balletgirls: folds
Uncalled bet ($3) returned to vestimokrec
vestimokrec collected $11.76 from pot
vestimokrec: doesn't show hand
*** SUMMARY ***
Total pot $12 | Rake $0.24
Board [5c 7c 3c]
Seat 1: balletgirls (big blind) folded on the Flop
Seat 2: vestimokrec (button) (small blind) collected ($11.76)


PokerStars Hand #151287913943:  Hold'em Limit ($3/$6 USD) - 2016/04/01 17:51:16 ET
Table 'Priska' 6-max Seat #1 is the button
Seat 1: balletgirls ($30.81 in chips)
Seat 2: vestimokrec ($152.50 in chips)
balletgirls: posts small blind $1
vestimokrec: posts big blind $3
*** HOLE CARDS ***
balletgirls: calls $2
vestimokrec: checks
*** FLOP *** [4s 8h 8c]
vestimokrec: checks
balletgirls: checks
*** TURN *** [4s 8h 8c] [4d]
vestimokrec: checks
balletgirls: checks
*** RIVER *** [4s 8h 8c 4d] [7c]
vestimokrec: checks
balletgirls: checks
*** SHOW DOWN ***
vestimokrec: shows [2h 3s] (two pair, Eights and Fours)
balletgirls: shows [9c 6d] (two pair, Eights and Fours - Nine kicker)
balletgirls collected $5.88 from pot
*** SUMMARY ***
Total pot $6 | Rake $0.12
Board [4s 8h 8c 4d 7c]
Seat 1: balletgirls (button) (small blind) showed [9c 6d] and won ($5.88) with two pair, Eights and Fours
Seat 2: vestimokrec (big blind) showed [2h 3s] and lost with two pair, Eights and Fours


PokerStars Hand #151287880446:  Hold'em Limit ($3/$6 USD) - 2016/04/01 17:50:38 ET
Table 'Priska' 6-max Seat #2 is the button
Seat 1: balletgirls ($39.81 in chips)
Seat 2: vestimokrec ($143.86 in chips)
vestimokrec: posts small blind $1
balletgirls: posts big blind $3
*** HOLE CARDS ***
vestimokrec: raises $3 to $6
balletgirls: calls $3
*** FLOP *** [5s 9d 6h]
balletgirls: checks
vestimokrec: bets $3
balletgirls: calls $3
*** TURN *** [5s 9d 6h] [4c]
balletgirls: checks
vestimokrec: bets $6
balletgirls: folds
Uncalled bet ($6) returned to vestimokrec
vestimokrec collected $17.64 from pot
vestimokrec: doesn't show hand
*** SUMMARY ***
Total pot $18 | Rake $0.36
Board [5s 9d 6h 4c]
Seat 1: balletgirls (big blind) folded on the Turn
Seat 2: vestimokrec (button) (small blind) collected ($17.64)


PokerStars Hand #151287939918:  Hold'em Limit ($3/$6 USD) - 2016/04/01 17:51:46 ET
Table 'Priska' 6-max Seat #1 is the button
Seat 1: balletgirls ($27.69 in chips)
Seat 2: vestimokrec ($155.26 in chips)
balletgirls: posts small blind $1
vestimokrec: posts big blind $3
*** HOLE CARDS ***
balletgirls: calls $2
vestimokrec: checks
*** FLOP *** [2h 2s Qd]
vestimokrec: checks
balletgirls: checks
*** TURN *** [2h 2s Qd] [7s]
vestimokrec: checks
balletgirls: checks
*** RIVER *** [2h 2s Qd 7s] [6c]
vestimokrec: checks
balletgirls: checks
*** SHOW DOWN ***
vestimokrec: shows [Js 8c] (a pair of Deuces)
balletgirls: mucks hand
vestimokrec collected $5.88 from pot
*** SUMMARY ***
Total pot $6 | Rake $0.12
Board [2h 2s Qd 7s 6c]
Seat 1: balletgirls (button) (small blind) mucked
Seat 2: vestimokrec (big blind) showed [Js 8c] and won ($5.88) with a pair of Deuces


PokerStars Hand #151287929167:  Hold'em Limit ($3/$6 USD) - 2016/04/01 17:51:34 ET
Table 'Priska' 6-max Seat #2 is the button
Seat 1: balletgirls ($33.69 in chips)
Seat 2: vestimokrec ($149.50 in chips)
vestimokrec: posts small blind $1
balletgirls: posts big blind $3
*** HOLE CARDS ***
vestimokrec: raises $3 to $6
balletgirls: calls $3
*** FLOP *** [Ad 5c 7s]
balletgirls: checks
vestimokrec: bets $3
balletgirls: folds
Uncalled bet ($3) returned to vestimokrec
vestimokrec collected $11.76 from pot
vestimokrec: doesn't show hand
*** SUMMARY ***
Total pot $12 | Rake $0.24
Board [Ad 5c 7s]
Seat 1: balletgirls (big blind) folded on the Flop
Seat 2: vestimokrec (button) (small blind) collected ($11.76)


PokerStars Hand #151287980645:  Hold'em Limit ($3/$6 USD) - 2016/04/01 17:52:25 ET
Table 'Priska' 6-max Seat #2 is the button
Seat 1: balletgirls ($24.69 in chips)
Seat 2: vestimokrec ($158.14 in chips)
vestimokrec: posts small blind $1
balletgirls: posts big blind $3
*** HOLE CARDS ***
vestimokrec: raises $3 to $6
balletgirls: calls $3
*** FLOP *** [Ks Kc 7h]
balletgirls: bets $3
vestimokrec: calls $3
*** TURN *** [Ks Kc 7h] [4s]
balletgirls: bets $6
vestimokrec: folds
Uncalled bet ($6) returned to balletgirls
balletgirls collected $17.64 from pot
*** SUMMARY ***
Total pot $18 | Rake $0.36
Board [Ks Kc 7h 4s]
Seat 1: balletgirls (big blind) collected ($17.64)
Seat 2: vestimokrec (button) (small blind) folded on the Turn


PokerStars Hand #151287998423:  Hold'em Limit ($3/$6 USD) - 2016/04/01 17:52:45 ET
Table 'Priska' 6-max Seat #1 is the button
Seat 1: balletgirls ($33.33 in chips)
Seat 2: vestimokrec ($149.14 in chips)
balletgirls: posts small blind $1
vestimokrec: posts big blind $3
*** HOLE CARDS ***
balletgirls: calls $2
vestimokrec: checks
*** FLOP *** [Jd 5d Ks]
vestimokrec: checks
balletgirls: checks
*** TURN *** [Jd 5d Ks] [2h]
vestimokrec: checks
balletgirls: checks
*** RIVER *** [Jd 5d Ks 2h] [Jc]
vestimokrec: checks
balletgirls: bets $6
vestimokrec: folds
Uncalled bet ($6) returned to balletgirls
balletgirls collected $5.88 from pot
*** SUMMARY ***
Total pot $6 | Rake $0.12
Board [Jd 5d Ks 2h Jc]
Seat 1: balletgirls (button) (small blind) collected ($5.88)
Seat 2: vestimokrec (big blind) folded on the River


PokerStars Hand #151288083045:  Hold'em Limit ($3/$6 USD) - 2016/04/01 17:54:24 ET
Table 'Priska' 6-max Seat #1 is the button
Seat 1: balletgirls ($27.21 in chips)
Seat 2: vestimokrec ($154.78 in chips)
balletgirls: posts small blind $1
vestimokrec: posts big blind $3
*** HOLE CARDS ***
balletgirls: folds
Uncalled bet ($2) returned to vestimokrec
vestimokrec collected $2 from pot
vestimokrec: doesn't show hand
*** SUMMARY ***
Total pot $2 | Rake $0
Seat 1: balletgirls (button) (small blind) folded before Flop
Seat 2: vestimokrec (big blind) collected ($2)


PokerStars Hand #151288052917:  Hold'em Limit ($3/$6 USD) - 2016/04/01 17:53:49 ET
Table 'Priska' 6-max Seat #2 is the button
Seat 1: balletgirls ($36.21 in chips)
Seat 2: vestimokrec ($146.14 in chips)
vestimokrec: posts small blind $1
balletgirls: posts big blind $3
*** HOLE CARDS ***
vestimokrec: raises $3 to $6
balletgirls: calls $3
*** FLOP *** [Td 7h 5c]
balletgirls: checks
vestimokrec: bets $3
balletgirls: calls $3
*** TURN *** [Td 7h 5c] [2s]
balletgirls: checks
vestimokrec: bets $6
balletgirls: folds
Uncalled bet ($6) returned to vestimokrec
vestimokrec collected $17.64 from pot
vestimokrec: doesn't show hand
*** SUMMARY ***
Total pot $18 | Rake $0.36
Board [Td 7h 5c 2s]
Seat 1: balletgirls (big blind) folded on the Turn
Seat 2: vestimokrec (button) (small blind) collected ($17.64)


PokerStars Hand #151288086949:  Hold'em Limit ($3/$6 USD) - 2016/04/01 17:54:28 ET
Table 'Priska' 6-max Seat #2 is the button
Seat 1: balletgirls ($26.21 in chips)
Seat 2: vestimokrec ($155.78 in chips)
vestimokrec: posts small blind $1
balletgirls: posts big blind $3
*** HOLE CARDS ***
vestimokrec: folds
Uncalled bet ($2) returned to balletgirls
balletgirls collected $2 from pot
*** SUMMARY ***
Total pot $2 | Rake $0
Seat 1: balletgirls (big blind) collected ($2)
Seat 2: vestimokrec (button) (small blind) folded before Flop


PokerStars Hand #151288152275:  Hold'em Limit ($3/$6 USD) - 2016/04/01 17:55:52 ET
Table 'Priska' 6-max Seat #2 is the button
Seat 1: balletgirls ($12.21 in chips)
Seat 2: vestimokrec ($169.28 in chips)
vestimokrec: posts small blind $1
balletgirls: posts big blind $3
*** HOLE CARDS ***
vestimokrec: raises $3 to $6
balletgirls: folds
Uncalled bet ($3) returned to vestimokrec
vestimokrec collected $6 from pot
vestimokrec: doesn't show hand
*** SUMMARY ***
Total pot $6 | Rake $0
Seat 1: balletgirls (big blind) folded before Flop
Seat 2: vestimokrec (button) (small blind) collected ($6)


PokerStars Hand #151288095254:  Hold'em Limit ($3/$6 USD) - 2016/04/01 17:54:38 ET
Table 'Priska' 6-max Seat #1 is the button
Seat 1: balletgirls ($27.21 in chips)
Seat 2: vestimokrec ($154.78 in chips)
balletgirls: posts small blind $1
vestimokrec: posts big blind $3
*** HOLE CARDS ***
balletgirls: calls $2
vestimokrec: raises $3 to $6
balletgirls: calls $3
*** FLOP *** [Ac 8h 5h]
vestimokrec: bets $3
balletgirls: calls $3
*** TURN *** [Ac 8h 5h] [6s]
vestimokrec: bets $6
balletgirls: calls $6
*** RIVER *** [Ac 8h 5h 6s] [9s]
vestimokrec: bets $6
balletgirls: folds
Uncalled bet ($6) returned to vestimokrec
vestimokrec collected $29.50 from pot
vestimokrec: doesn't show hand
*** SUMMARY ***
Total pot $30 | Rake $0.50
Board [Ac 8h 5h 6s 9s]
Seat 1: balletgirls (button) (small blind) folded on the River
Seat 2: vestimokrec (big blind) collected ($29.50)


PokerStars Hand #151288155908:  Hold'em Limit ($3/$6 USD) - 2016/04/01 17:55:58 ET
Table 'Priska' 6-max Seat #1 is the button
Seat 1: balletgirls ($9.21 in chips)
Seat 2: vestimokrec ($172.28 in chips)
balletgirls: posts small blind $1
vestimokrec: posts big blind $3
*** HOLE CARDS ***
balletgirls: folds
Uncalled bet ($2) returned to vestimokrec
vestimokrec collected $2 from pot
vestimokrec: doesn't show hand
*** SUMMARY ***
Total pot $2 | Rake $0
Seat 1: balletgirls (button) (small blind) folded before Flop
Seat 2: vestimokrec (big blind) collected ($2)


PokerStars Hand #151288174411:  Hold'em Limit ($3/$6 USD) - 2016/04/01 17:56:24 ET
Table 'Priska' 6-max Seat #1 is the button
Seat 1: balletgirls ($16.09 in chips)
Seat 2: vestimokrec ($165.07 in chips)
balletgirls: posts small blind $1
vestimokrec: posts big blind $3
*** HOLE CARDS ***
balletgirls: folds
Uncalled bet ($2) returned to vestimokrec
vestimokrec collected $2 from pot
vestimokrec: doesn't show hand
*** SUMMARY ***
Total pot $2 | Rake $0
Seat 1: balletgirls (button) (small blind) folded before Flop
Seat 2: vestimokrec (big blind) collected ($2)


PokerStars Hand #151288158943:  Hold'em Limit ($3/$6 USD) - 2016/04/01 17:56:02 ET
Table 'Priska' 6-max Seat #2 is the button
Seat 1: balletgirls ($8.21 in chips)
Seat 2: vestimokrec ($173.28 in chips)
vestimokrec: posts small blind $1
balletgirls: posts big blind $3
*** HOLE CARDS ***
vestimokrec: raises $3 to $6
balletgirls: raises $2.21 to $8.21 and is all-in
vestimokrec: calls $2.21
*** FLOP *** [4h 5d 7d]
*** TURN *** [4h 5d 7d] [8c]
*** RIVER *** [4h 5d 7d 8c] [4s]
*** SHOW DOWN ***
balletgirls: shows [Qd 8d] (two pair, Eights and Fours)
vestimokrec: mucks hand
balletgirls collected $16.09 from pot
*** SUMMARY ***
Total pot $16.42 | Rake $0.33
Board [4h 5d 7d 8c 4s]
Seat 1: balletgirls (big blind) showed [Qd 8d] and won ($16.09) with two pair, Eights and Fours
Seat 2: vestimokrec (button) (small blind) mucked


PokerStars Hand #151288177846:  Hold'em Limit ($3/$6 USD) - 2016/04/01 17:56:29 ET
Table 'Priska' 6-max Seat #2 is the button
Seat 1: balletgirls ($15.09 in chips)
Seat 2: vestimokrec ($166.07 in chips)
vestimokrec: posts small blind $1
balletgirls: posts big blind $3
*** HOLE CARDS ***
vestimokrec: raises $3 to $6
balletgirls: calls $3
*** FLOP *** [Tc 9d Ah]
balletgirls: bets $3
vestimokrec: calls $3
*** TURN *** [Tc 9d Ah] [9s]
balletgirls: bets $6
vestimokrec: calls $6
*** RIVER *** [Tc 9d Ah 9s] [Jc]
balletgirls: bets $0.09 and is all-in
vestimokrec: calls $0.09
*** SHOW DOWN ***
balletgirls: shows [Qh Td] (two pair, Tens and Nines)
vestimokrec: shows [Js Qs] (two pair, Jacks and Nines)
vestimokrec collected $29.68 from pot
*** SUMMARY ***
Total pot $30.18 | Rake $0.50
Board [Tc 9d Ah 9s Jc]
Seat 1: balletgirls (big blind) showed [Qh Td] and lost with two pair, Tens and Nines
Seat 2: vestimokrec (button) (small blind) showed [Js Qs] and won ($29.68) with two pair, Jacks and Nines


