PokerStars Hand #165374828378:  Hold'em Limit ($3/$6 USD) - 2017/01/29 16:54:41 ET
Table 'Priska II' 6-max Seat #4 is the button
Seat 3: laubes04 ($480.77 in chips)
Seat 4: Chessnok ($60 in chips)
Chessnok: posts small blind $1
belik555: is sitting out
laubes04: posts big blind $3
*** HOLE CARDS ***
Chessnok: raises $3 to $6
laubes04: calls $3
*** FLOP *** [4h 9d 2s]
laubes04: checks
Chessnok: bets $3
laubes04: calls $3
*** TURN *** [4h 9d 2s] [5s]
belik555 leaves the table
laubes04: checks
Chessnok: bets $6
laubes04: raises $6 to $12
Chessnok: raises $6 to $18
laubes04: calls $6
*** RIVER *** [4h 9d 2s 5s] [6d]
laubes04: checks
Chessnok: bets $6
laubes04: calls $6
*** SHOW DOWN ***
Chessnok: shows [8s 3s] (a straight, Deuce to Six)
laubes04: mucks hand
Chessnok collected $65.50 from pot
*** SUMMARY ***
Total pot $66 | Rake $0.50
Board [4h 9d 2s 5s 6d]
Seat 3: laubes04 (big blind) mucked
Seat 4: Chessnok (button) (small blind) showed [8s 3s] and won ($65.50) with a straight, Deuce to Six


PokerStars Hand #165374877374:  Hold'em Limit ($3/$6 USD) - 2017/01/29 16:55:35 ET
Table 'Priska II' 6-max Seat #3 is the button
Seat 3: laubes04 ($447.77 in chips)
Seat 6: popeluha ($30 in chips)
laubes04: posts small blind $1
popeluha: posts big blind $3
*** HOLE CARDS ***
laubes04: raises $3 to $6
popeluha: calls $3
*** FLOP *** [6d 7d Th]
popeluha: checks
laubes04: bets $3
popeluha: calls $3
*** TURN *** [6d 7d Th] [6c]
popeluha: checks
laubes04: bets $6
popeluha: calls $6
*** RIVER *** [6d 7d Th 6c] [4h]
popeluha: checks
laubes04: bets $6
popeluha: folds
Uncalled bet ($6) returned to laubes04
laubes04 collected $29.50 from pot
laubes04: doesn't show hand
*** SUMMARY ***
Total pot $30 | Rake $0.50
Board [6d 7d Th 6c 4h]
Seat 3: laubes04 (button) (small blind) collected ($29.50)
Seat 6: popeluha (big blind) folded on the River


PokerStars Hand #165374899584:  Hold'em Limit ($3/$6 USD) - 2017/01/29 16:56:06 ET
Table 'Priska II' 6-max Seat #6 is the button
Seat 3: laubes04 ($462.27 in chips)
Seat 6: popeluha ($15 in chips)
popeluha: posts small blind $1
laubes04: posts big blind $3
*** HOLE CARDS ***
popeluha: folds
Uncalled bet ($2) returned to laubes04
laubes04 collected $2 from pot
laubes04: doesn't show hand
*** SUMMARY ***
Total pot $2 | Rake $0
Seat 3: laubes04 (big blind) collected ($2)
Seat 6: popeluha (button) (small blind) folded before Flop


PokerStars Hand #165374903305:  Hold'em Limit ($3/$6 USD) - 2017/01/29 16:56:11 ET
Table 'Priska II' 6-max Seat #3 is the button
Seat 3: laubes04 ($463.27 in chips)
Seat 6: popeluha ($14 in chips)
laubes04: posts small blind $1
popeluha: posts big blind $3
*** HOLE CARDS ***
laubes04: raises $3 to $6
popeluha: calls $3
*** FLOP *** [9h 8c 2s]
popeluha: checks
laubes04: bets $3
popeluha: calls $3
*** TURN *** [9h 8c 2s] [9s]
popeluha: checks
laubes04: bets $6
popeluha: folds
Uncalled bet ($6) returned to laubes04
laubes04 collected $17.64 from pot
laubes04: doesn't show hand
*** SUMMARY ***
Total pot $18 | Rake $0.36
Board [9h 8c 2s 9s]
Seat 3: laubes04 (button) (small blind) collected ($17.64)
Seat 6: popeluha (big blind) folded on the Turn


PokerStars Hand #165374917370:  Hold'em Limit ($3/$6 USD) - 2017/01/29 16:56:30 ET
Table 'Priska II' 6-max Seat #6 is the button
Seat 3: laubes04 ($471.91 in chips)
Seat 6: popeluha ($5 in chips)
popeluha: posts small blind $1
laubes04: posts big blind $3
*** HOLE CARDS ***
popeluha: raises $2 to $5 and is all-in
laubes04: calls $2
*** FLOP *** [6c 4h 3c]
*** TURN *** [6c 4h 3c] [Ah]
*** RIVER *** [6c 4h 3c Ah] [8h]
*** SHOW DOWN ***
laubes04: shows [8c 9c] (a pair of Eights)
popeluha: shows [7s 5d] (a straight, Four to Eight)
popeluha collected $9.80 from pot
*** SUMMARY ***
Total pot $10 | Rake $0.20
Board [6c 4h 3c Ah 8h]
Seat 3: laubes04 (big blind) showed [8c 9c] and lost with a pair of Eights
Seat 6: popeluha (button) (small blind) showed [7s 5d] and won ($9.80) with a straight, Four to Eight


PokerStars Hand #165374932714:  Hold'em Limit ($3/$6 USD) - 2017/01/29 16:56:50 ET
Table 'Priska II' 6-max Seat #3 is the button
Seat 3: laubes04 ($466.91 in chips)
Seat 6: popeluha ($39.80 in chips)
laubes04: posts small blind $1
popeluha: posts big blind $3
*** HOLE CARDS ***
laubes04: raises $3 to $6
popeluha: calls $3
*** FLOP *** [8s 5h 3c]
popeluha: checks
laubes04: bets $3
popeluha: calls $3
*** TURN *** [8s 5h 3c] [4c]
popeluha: checks
laubes04: checks
*** RIVER *** [8s 5h 3c 4c] [Kd]
popeluha: bets $6
laubes04: calls $6
*** SHOW DOWN ***
popeluha: shows [Qh 6h] (high card King)
laubes04: shows [Ts As] (high card Ace)
laubes04 collected $29.50 from pot
*** SUMMARY ***
Total pot $30 | Rake $0.50
Board [8s 5h 3c 4c Kd]
Seat 3: laubes04 (button) (small blind) showed [Ts As] and won ($29.50) with high card Ace
Seat 6: popeluha (big blind) showed [Qh 6h] and lost with high card King


PokerStars Hand #165374950666:  Hold'em Limit ($3/$6 USD) - 2017/01/29 16:57:13 ET
Table 'Priska II' 6-max Seat #6 is the button
Seat 3: laubes04 ($481.41 in chips)
Seat 6: popeluha ($24.80 in chips)
popeluha: posts small blind $1
laubes04: posts big blind $3
*** HOLE CARDS ***
popeluha: calls $2
laubes04: checks
*** FLOP *** [Ad 8s Qh]
laubes04: bets $3
popeluha: raises $3 to $6
FHstyles joins the table at seat #5
laubes04: folds
Uncalled bet ($3) returned to popeluha
popeluha collected $11.76 from pot
popeluha: doesn't show hand
*** SUMMARY ***
Total pot $12 | Rake $0.24
Board [Ad 8s Qh]
Seat 3: laubes04 (big blind) folded on the Flop
Seat 6: popeluha (button) (small blind) collected ($11.76)


PokerStars Hand #165378454120:  Hold'em Limit ($3/$6 USD) - 2017/01/29 17:58:41 ET
Table 'Priska II' 6-max Seat #1 is the button
Seat 1: Chessnok ($266.68 in chips)
Seat 6: conkris ($103.07 in chips)
Chessnok: posts small blind $1
markusfriebe: is sitting out
conkris: posts big blind $3
*** HOLE CARDS ***
Chessnok: raises $3 to $6
conkris: raises $3 to $9
Chessnok: calls $3
*** FLOP *** [2d 8h Qs]
conkris: bets $3
Chessnok: calls $3
*** TURN *** [2d 8h Qs] [Ac]
markusfriebe leaves the table
conkris: bets $6
Chessnok: calls $6
*** RIVER *** [2d 8h Qs Ac] [4s]
conkris: bets $6
Chessnok: calls $6
*** SHOW DOWN ***
conkris: shows [Ah Th] (a pair of Aces)
Chessnok: mucks hand
conkris collected $47.50 from pot
*** SUMMARY ***
Total pot $48 | Rake $0.50
Board [2d 8h Qs Ac 4s]
Seat 1: Chessnok (button) (small blind) mucked
Seat 6: conkris (big blind) showed [Ah Th] and won ($47.50) with a pair of Aces


PokerStars Hand #165378478554:  Hold'em Limit ($3/$6 USD) - 2017/01/29 17:59:18 ET
Table 'Priska II' 6-max Seat #1 is the button
Seat 1: Chessnok ($260.18 in chips)
Seat 6: conkris ($108.57 in chips)
Chessnok: posts small blind $1
conkris: posts big blind $3
*** HOLE CARDS ***
Chessnok: raises $3 to $6
conkris: folds
Uncalled bet ($3) returned to Chessnok
Chessnok collected $6 from pot
Chessnok: doesn't show hand
*** SUMMARY ***
Total pot $6 | Rake $0
Seat 1: Chessnok (button) (small blind) collected ($6)
Seat 6: conkris (big blind) folded before Flop


PokerStars Hand #165378468880:  Hold'em Limit ($3/$6 USD) - 2017/01/29 17:59:03 ET
Table 'Priska II' 6-max Seat #6 is the button
Seat 1: Chessnok ($242.68 in chips)
Seat 6: conkris ($126.57 in chips)
conkris: posts small blind $1
Chessnok: posts big blind $3
*** HOLE CARDS ***
conkris: raises $3 to $6
Chessnok: raises $3 to $9
conkris: calls $3
*** FLOP *** [6h 2d 7c]
Chessnok: bets $3
conkris: calls $3
*** TURN *** [6h 2d 7c] [Th]
Chessnok: bets $6
conkris: calls $6
*** RIVER *** [6h 2d 7c Th] [Kh]
Chessnok: bets $6
conkris: folds
Uncalled bet ($6) returned to Chessnok
Chessnok collected $35.50 from pot
Chessnok: doesn't show hand
*** SUMMARY ***
Total pot $36 | Rake $0.50
Board [6h 2d 7c Th Kh]
Seat 1: Chessnok (big blind) collected ($35.50)
Seat 6: conkris (button) (small blind) folded on the River


PokerStars Hand #165378524445:  Hold'em Limit ($3/$6 USD) - 2017/01/29 18:00:24 ET
Table 'Priska II' 6-max Seat #1 is the button
Seat 1: Chessnok ($184.18 in chips)
Seat 6: conkris ($183.57 in chips)
Chessnok: posts small blind $1
conkris: posts big blind $3
*** HOLE CARDS ***
Chessnok: raises $3 to $6
conkris: folds
Uncalled bet ($3) returned to Chessnok
Chessnok collected $6 from pot
Chessnok: doesn't show hand
*** SUMMARY ***
Total pot $6 | Rake $0
Seat 1: Chessnok (button) (small blind) collected ($6)
Seat 6: conkris (big blind) folded before Flop


PokerStars Hand #165378501212:  Hold'em Limit ($3/$6 USD) - 2017/01/29 17:59:51 ET
Table 'Priska II' 6-max Seat #1 is the button
Seat 1: Chessnok ($212.18 in chips)
Seat 6: conkris ($156.07 in chips)
Chessnok: posts small blind $1
conkris: posts big blind $3
*** HOLE CARDS ***
Chessnok: folds
Uncalled bet ($2) returned to conkris
conkris collected $2 from pot
conkris: doesn't show hand
*** SUMMARY ***
Total pot $2 | Rake $0
Seat 1: Chessnok (button) (small blind) folded before Flop
Seat 6: conkris (big blind) collected ($2)


PokerStars Hand #165378483173:  Hold'em Limit ($3/$6 USD) - 2017/01/29 17:59:25 ET
Table 'Priska II' 6-max Seat #6 is the button
Seat 1: Chessnok ($263.18 in chips)
Seat 6: conkris ($105.57 in chips)
conkris: posts small blind $1
Chessnok: posts big blind $3
*** HOLE CARDS ***
conkris: raises $3 to $6
Chessnok: raises $3 to $9
conkris: raises $3 to $12
Betting is capped
Chessnok: calls $3
*** FLOP *** [Ac 5d 4h]
Chessnok: checks
conkris: bets $3
Chessnok: calls $3
*** TURN *** [Ac 5d 4h] [Kd]
Chessnok: checks
conkris: bets $6
Chessnok: raises $6 to $12
conkris: raises $6 to $18
Chessnok: raises $6 to $24
Betting is capped
conkris: calls $6
*** RIVER *** [Ac 5d 4h Kd] [8d]
Chessnok: bets $6
conkris: raises $6 to $12
Chessnok: calls $6
*** SHOW DOWN ***
conkris: shows [Ks Kc] (three of a kind, Kings)
Chessnok: mucks hand
conkris collected $101.50 from pot
*** SUMMARY ***
Total pot $102 | Rake $0.50
Board [Ac 5d 4h Kd 8d]
Seat 1: Chessnok (big blind) mucked
Seat 6: conkris (button) (small blind) showed [Ks Kc] and won ($101.50) with three of a kind, Kings


PokerStars Hand #165378504686:  Hold'em Limit ($3/$6 USD) - 2017/01/29 17:59:56 ET
Table 'Priska II' 6-max Seat #6 is the button
Seat 1: Chessnok ($211.18 in chips)
Seat 6: conkris ($157.07 in chips)
conkris: posts small blind $1
Chessnok: posts big blind $3
*** HOLE CARDS ***
conkris: raises $3 to $6
Chessnok: calls $3
*** FLOP *** [Kh 5s Td]
Chessnok: checks
conkris: bets $3
Chessnok: calls $3
*** TURN *** [Kh 5s Td] [6c]
Chessnok: checks
conkris: bets $6
Chessnok: raises $6 to $12
conkris: calls $6
*** RIVER *** [Kh 5s Td 6c] [6d]
Chessnok: bets $6
conkris: calls $6
*** SHOW DOWN ***
Chessnok: shows [4d Kd] (two pair, Kings and Sixes)
conkris: shows [Ks Jd] (two pair, Kings and Sixes - Jack kicker)
conkris collected $53.50 from pot
*** SUMMARY ***
Total pot $54 | Rake $0.50
Board [Kh 5s Td 6c 6d]
Seat 1: Chessnok (big blind) showed [4d Kd] and lost with two pair, Kings and Sixes
Seat 6: conkris (button) (small blind) showed [Ks Jd] and won ($53.50) with two pair, Kings and Sixes


PokerStars Hand #165378520481:  Hold'em Limit ($3/$6 USD) - 2017/01/29 18:00:19 ET
Table 'Priska II' 6-max Seat #6 is the button
Seat 1: Chessnok ($183.18 in chips)
Seat 6: conkris ($184.57 in chips)
conkris: posts small blind $1
Chessnok: posts big blind $3
*** HOLE CARDS ***
conkris: folds
Uncalled bet ($2) returned to Chessnok
Chessnok collected $2 from pot
Chessnok: doesn't show hand
*** SUMMARY ***
Total pot $2 | Rake $0
Seat 1: Chessnok (big blind) collected ($2)
Seat 6: conkris (button) (small blind) folded before Flop


PokerStars Hand #165378517385:  Hold'em Limit ($3/$6 USD) - 2017/01/29 18:00:14 ET
Table 'Priska II' 6-max Seat #1 is the button
Seat 1: Chessnok ($184.18 in chips)
Seat 6: conkris ($183.57 in chips)
Chessnok: posts small blind $1
conkris: posts big blind $3
*** HOLE CARDS ***
Chessnok: folds
Uncalled bet ($2) returned to conkris
conkris collected $2 from pot
conkris: doesn't show hand
*** SUMMARY ***
Total pot $2 | Rake $0
Seat 1: Chessnok (button) (small blind) folded before Flop
Seat 6: conkris (big blind) collected ($2)


PokerStars Hand #165378574586:  Hold'em Limit ($3/$6 USD) - 2017/01/29 18:01:31 ET
Table 'Priska II' 6-max Seat #6 is the button
Seat 1: Chessnok ($192.68 in chips)
Seat 6: conkris ($174.07 in chips)
conkris: posts small blind $1
Chessnok: posts big blind $3
*** HOLE CARDS ***
conkris: folds
Uncalled bet ($2) returned to Chessnok
Chessnok collected $2 from pot
Chessnok: doesn't show hand
*** SUMMARY ***
Total pot $2 | Rake $0
Seat 1: Chessnok (big blind) collected ($2)
Seat 6: conkris (button) (small blind) folded before Flop


PokerStars Hand #165378531914:  Hold'em Limit ($3/$6 USD) - 2017/01/29 18:00:35 ET
Table 'Priska II' 6-max Seat #6 is the button
Seat 1: Chessnok ($187.18 in chips)
Seat 6: conkris ($180.57 in chips)
conkris: posts small blind $1
Chessnok: posts big blind $3
*** HOLE CARDS ***
conkris: raises $3 to $6
Chessnok: calls $3
*** FLOP *** [Ac Kd 3c]
Chessnok: checks
conkris: bets $3
Chessnok: calls $3
*** TURN *** [Ac Kd 3c] [3s]
Chessnok: checks
conkris: checks
*** RIVER *** [Ac Kd 3c 3s] [Jh]
Chessnok: checks
conkris: bets $6
Chessnok: calls $6
*** SHOW DOWN ***
conkris: shows [Th Qc] (a straight, Ten to Ace)
Chessnok: mucks hand
conkris collected $29.50 from pot
*** SUMMARY ***
Total pot $30 | Rake $0.50
Board [Ac Kd 3c 3s Jh]
Seat 1: Chessnok (big blind) mucked
Seat 6: conkris (button) (small blind) showed [Th Qc] and won ($29.50) with a straight, Ten to Ace


PokerStars Hand #165378555817:  Hold'em Limit ($3/$6 USD) - 2017/01/29 18:01:07 ET
Table 'Priska II' 6-max Seat #1 is the button
Seat 1: Chessnok ($172.18 in chips)
Seat 6: conkris ($195.07 in chips)
Chessnok: posts small blind $1
conkris: posts big blind $3
*** HOLE CARDS ***
Chessnok: raises $3 to $6
conkris: calls $3
*** FLOP *** [2h Jc Kc]
conkris: checks
Chessnok: bets $3
conkris: calls $3
*** TURN *** [2h Jc Kc] [2d]
conkris: checks
Chessnok: bets $6
conkris: calls $6
*** RIVER *** [2h Jc Kc 2d] [7c]
conkris: bets $6
Chessnok: calls $6
*** SHOW DOWN ***
conkris: shows [Jd 7d] (two pair, Jacks and Sevens)
Chessnok: shows [Kd 3h] (two pair, Kings and Deuces)
Chessnok collected $41.50 from pot
*** SUMMARY ***
Total pot $42 | Rake $0.50
Board [2h Jc Kc 2d 7c]
Seat 1: Chessnok (button) (small blind) showed [Kd 3h] and won ($41.50) with two pair, Kings and Deuces
Seat 6: conkris (big blind) showed [Jd 7d] and lost with two pair, Jacks and Sevens


PokerStars Hand #165378585755:  Hold'em Limit ($3/$6 USD) - 2017/01/29 18:01:44 ET
Table 'Priska II' 6-max Seat #1 is the button
Seat 1: Chessnok ($193.68 in chips)
Seat 6: conkris ($173.07 in chips)
Chessnok: posts small blind $1
conkris: posts big blind $3
*** HOLE CARDS ***
Chessnok: raises $3 to $6
conkris: calls $3
*** FLOP *** [5c 6d Kh]
conkris: bets $3
Chessnok: raises $3 to $6
conkris: calls $3
*** TURN *** [5c 6d Kh] [5s]
conkris: checks
Chessnok: bets $6
conkris: calls $6
*** RIVER *** [5c 6d Kh 5s] [8h]
conkris: checks
Chessnok: checks
*** SHOW DOWN ***
conkris: shows [Tc Kd] (two pair, Kings and Fives)
Chessnok: mucks hand
conkris collected $35.50 from pot
*** SUMMARY ***
Total pot $36 | Rake $0.50
Board [5c 6d Kh 5s 8h]
Seat 1: Chessnok (button) (small blind) mucked
Seat 6: conkris (big blind) showed [Tc Kd] and won ($35.50) with two pair, Kings and Fives


PokerStars Hand #165378601173:  Hold'em Limit ($3/$6 USD) - 2017/01/29 18:02:03 ET
Table 'Priska II' 6-max Seat #6 is the button
Seat 1: Chessnok ($175.68 in chips)
Seat 6: conkris ($190.57 in chips)
conkris: posts small blind $1
Chessnok: posts big blind $3
*** HOLE CARDS ***
conkris: raises $3 to $6
Chessnok: calls $3
*** FLOP *** [Ks Kh Td]
Chessnok: checks
conkris: bets $3
Chessnok: raises $3 to $6
conkris: calls $3
*** TURN *** [Ks Kh Td] [9h]
Chessnok: bets $6
conkris: calls $6
*** RIVER *** [Ks Kh Td 9h] [Qd]
Chessnok: checks
conkris: bets $6
Chessnok: calls $6
*** SHOW DOWN ***
conkris: shows [Qh Kc] (a full house, Kings full of Queens)
Chessnok: mucks hand
conkris collected $47.50 from pot
*** SUMMARY ***
Total pot $48 | Rake $0.50
Board [Ks Kh Td 9h Qd]
Seat 1: Chessnok (big blind) mucked
Seat 6: conkris (button) (small blind) showed [Qh Kc] and won ($47.50) with a full house, Kings full of Queens


PokerStars Hand #165378619271:  Hold'em Limit ($3/$6 USD) - 2017/01/29 18:02:25 ET
Table 'Priska II' 6-max Seat #1 is the button
Seat 1: Chessnok ($151.68 in chips)
Seat 6: conkris ($214.07 in chips)
Chessnok: posts small blind $1
conkris: posts big blind $3
*** HOLE CARDS ***
Chessnok: raises $3 to $6
conkris: folds
Uncalled bet ($3) returned to Chessnok
Chessnok collected $6 from pot
Chessnok: doesn't show hand
*** SUMMARY ***
Total pot $6 | Rake $0
Seat 1: Chessnok (button) (small blind) collected ($6)
Seat 6: conkris (big blind) folded before Flop


PokerStars Hand #165378650693:  Hold'em Limit ($3/$6 USD) - 2017/01/29 18:03:01 ET
Table 'Priska II' 6-max Seat #1 is the button
Seat 1: Chessnok ($131.68 in chips)
Seat 6: conkris ($233.57 in chips)
Chessnok: posts small blind $1
conkris: posts big blind $3
*** HOLE CARDS ***
Chessnok: raises $3 to $6
conkris: folds
Uncalled bet ($3) returned to Chessnok
Chessnok collected $6 from pot
Chessnok: doesn't show hand
*** SUMMARY ***
Total pot $6 | Rake $0
Seat 1: Chessnok (button) (small blind) collected ($6)
Seat 6: conkris (big blind) folded before Flop


PokerStars Hand #165378646742:  Hold'em Limit ($3/$6 USD) - 2017/01/29 18:02:56 ET
Table 'Priska II' 6-max Seat #6 is the button
Seat 1: Chessnok ($130.68 in chips)
Seat 6: conkris ($234.57 in chips)
conkris: posts small blind $1
Chessnok: posts big blind $3
*** HOLE CARDS ***
conkris: folds
Uncalled bet ($2) returned to Chessnok
Chessnok collected $2 from pot
Chessnok: doesn't show hand
*** SUMMARY ***
Total pot $2 | Rake $0
Seat 1: Chessnok (big blind) collected ($2)
Seat 6: conkris (button) (small blind) folded before Flop


PokerStars Hand #165378642116:  Hold'em Limit ($3/$6 USD) - 2017/01/29 18:02:50 ET
Table 'Priska II' 6-max Seat #1 is the button
Seat 1: Chessnok ($127.68 in chips)
Seat 6: conkris ($237.57 in chips)
Chessnok: posts small blind $1
conkris: posts big blind $3
*** HOLE CARDS ***
Chessnok: raises $3 to $6
conkris: folds
Uncalled bet ($3) returned to Chessnok
Chessnok collected $6 from pot
Chessnok: doesn't show hand
*** SUMMARY ***
Total pot $6 | Rake $0
Seat 1: Chessnok (button) (small blind) collected ($6)
Seat 6: conkris (big blind) folded before Flop


PokerStars Hand #165378625009:  Hold'em Limit ($3/$6 USD) - 2017/01/29 18:02:31 ET
Table 'Priska II' 6-max Seat #6 is the button
Seat 1: Chessnok ($154.68 in chips)
Seat 6: conkris ($211.07 in chips)
conkris: posts small blind $1
Chessnok: posts big blind $3
*** HOLE CARDS ***
conkris: raises $3 to $6
Chessnok: calls $3
*** FLOP *** [5h 7d 3s]
Chessnok: checks
conkris: bets $3
Chessnok: calls $3
*** TURN *** [5h 7d 3s] [Ac]
Chessnok: checks
conkris: bets $6
Chessnok: raises $6 to $12
conkris: calls $6
*** RIVER *** [5h 7d 3s Ac] [Js]
Chessnok: bets $6
conkris: calls $6
*** SHOW DOWN ***
Chessnok: shows [8c 9s] (high card Ace)
conkris: shows [As 8s] (a pair of Aces)
conkris collected $53.50 from pot
*** SUMMARY ***
Total pot $54 | Rake $0.50
Board [5h 7d 3s Ac Js]
Seat 1: Chessnok (big blind) showed [8c 9s] and lost with high card Ace
Seat 6: conkris (button) (small blind) showed [As 8s] and won ($53.50) with a pair of Aces


PokerStars Hand #165378656115:  Hold'em Limit ($3/$6 USD) - 2017/01/29 18:03:07 ET
Table 'Priska II' 6-max Seat #6 is the button
Seat 1: Chessnok ($134.68 in chips)
Seat 6: conkris ($230.57 in chips)
conkris: posts small blind $1
Chessnok: posts big blind $3
*** HOLE CARDS ***
conkris: calls $2
Chessnok: raises $3 to $6
conkris: calls $3
*** FLOP *** [8c 7c Ks]
Chessnok: bets $3
conkris: calls $3
*** TURN *** [8c 7c Ks] [Tc]
Chessnok: bets $6
conkris: calls $6
*** RIVER *** [8c 7c Ks Tc] [5c]
Chessnok: bets $6
conkris: calls $6
*** SHOW DOWN ***
Chessnok: shows [Jc Kc] (a flush, King high)
conkris: mucks hand
Chessnok collected $41.50 from pot
*** SUMMARY ***
Total pot $42 | Rake $0.50
Board [8c 7c Ks Tc 5c]
Seat 1: Chessnok (big blind) showed [Jc Kc] and won ($41.50) with a flush, King high
Seat 6: conkris (button) (small blind) mucked


PokerStars Hand #165378685030:  Hold'em Limit ($3/$6 USD) - 2017/01/29 18:03:40 ET
Table 'Priska II' 6-max Seat #1 is the button
Seat 1: Chessnok ($155.18 in chips)
Seat 6: conkris ($209.57 in chips)
Chessnok: posts small blind $1
conkris: posts big blind $3
*** HOLE CARDS ***
Chessnok: raises $3 to $6
conkris: calls $3
*** FLOP *** [9h 3d As]
conkris: checks
Chessnok: bets $3
conkris: folds
Uncalled bet ($3) returned to Chessnok
Chessnok collected $11.76 from pot
Chessnok: doesn't show hand
*** SUMMARY ***
Total pot $12 | Rake $0.24
Board [9h 3d As]
Seat 1: Chessnok (button) (small blind) collected ($11.76)
Seat 6: conkris (big blind) folded on the Flop


PokerStars Hand #165378702192:  Hold'em Limit ($3/$6 USD) - 2017/01/29 18:03:59 ET
Table 'Priska II' 6-max Seat #1 is the button
Seat 1: Chessnok ($157.94 in chips)
Seat 6: conkris ($206.57 in chips)
Chessnok: posts small blind $1
conkris: posts big blind $3
*** HOLE CARDS ***
Chessnok: raises $3 to $6
conkris: folds
Uncalled bet ($3) returned to Chessnok
Chessnok collected $6 from pot
Chessnok: doesn't show hand
*** SUMMARY ***
Total pot $6 | Rake $0
Seat 1: Chessnok (button) (small blind) collected ($6)
Seat 6: conkris (big blind) folded before Flop


PokerStars Hand #165378695498:  Hold'em Limit ($3/$6 USD) - 2017/01/29 18:03:52 ET
Table 'Priska II' 6-max Seat #6 is the button
Seat 1: Chessnok ($160.94 in chips)
Seat 6: conkris ($203.57 in chips)
conkris: posts small blind $1
Chessnok: posts big blind $3
*** HOLE CARDS ***
conkris: raises $3 to $6
Chessnok: folds
Uncalled bet ($3) returned to conkris
conkris collected $6 from pot
conkris: doesn't show hand
*** SUMMARY ***
Total pot $6 | Rake $0
Seat 1: Chessnok (big blind) folded before Flop
Seat 6: conkris (button) (small blind) collected ($6)


PokerStars Hand #165378711176:  Hold'em Limit ($3/$6 USD) - 2017/01/29 18:04:09 ET
Table 'Priska II' 6-max Seat #1 is the button
Seat 1: Chessnok ($161.94 in chips)
Seat 6: conkris ($202.57 in chips)
Chessnok: posts small blind $1
conkris: posts big blind $3
*** HOLE CARDS ***
Chessnok: folds
Uncalled bet ($2) returned to conkris
conkris collected $2 from pot
conkris: doesn't show hand
*** SUMMARY ***
Total pot $2 | Rake $0
Seat 1: Chessnok (button) (small blind) folded before Flop
Seat 6: conkris (big blind) collected ($2)


PokerStars Hand #165378706863:  Hold'em Limit ($3/$6 USD) - 2017/01/29 18:04:04 ET
Table 'Priska II' 6-max Seat #6 is the button
Seat 1: Chessnok ($160.94 in chips)
Seat 6: conkris ($203.57 in chips)
conkris: posts small blind $1
Chessnok: posts big blind $3
*** HOLE CARDS ***
conkris: folds
Uncalled bet ($2) returned to Chessnok
Chessnok collected $2 from pot
Chessnok: doesn't show hand
*** SUMMARY ***
Total pot $2 | Rake $0
Seat 1: Chessnok (big blind) collected ($2)
Seat 6: conkris (button) (small blind) folded before Flop


PokerStars Hand #165378715909:  Hold'em Limit ($3/$6 USD) - 2017/01/29 18:04:15 ET
Table 'Priska II' 6-max Seat #6 is the button
Seat 1: Chessnok ($160.94 in chips)
Seat 6: conkris ($203.57 in chips)
conkris: posts small blind $1
Chessnok: posts big blind $3
*** HOLE CARDS ***
conkris: folds
Uncalled bet ($2) returned to Chessnok
Chessnok collected $2 from pot
Chessnok: doesn't show hand
*** SUMMARY ***
Total pot $2 | Rake $0
Seat 1: Chessnok (big blind) collected ($2)
Seat 6: conkris (button) (small blind) folded before Flop


PokerStars Hand #165378719909:  Hold'em Limit ($3/$6 USD) - 2017/01/29 18:04:19 ET
Table 'Priska II' 6-max Seat #1 is the button
Seat 1: Chessnok ($161.94 in chips)
Seat 6: conkris ($202.57 in chips)
Chessnok: posts small blind $1
conkris: posts big blind $3
*** HOLE CARDS ***
Chessnok: raises $3 to $6
conkris: raises $3 to $9
Chessnok: calls $3
*** FLOP *** [7h Ah Ad]
conkris: bets $3
Chessnok: calls $3
*** TURN *** [7h Ah Ad] [6s]
conkris: bets $6
Chessnok: raises $6 to $12
conkris: calls $6
*** RIVER *** [7h Ah Ad 6s] [Tc]
conkris: checks
Chessnok: checks
*** SHOW DOWN ***
conkris: shows [Jh Js] (two pair, Aces and Jacks)
Chessnok: mucks hand
conkris collected $47.50 from pot
*** SUMMARY ***
Total pot $48 | Rake $0.50
Board [7h Ah Ad 6s Tc]
Seat 1: Chessnok (button) (small blind) mucked
Seat 6: conkris (big blind) showed [Jh Js] and won ($47.50) with two pair, Aces and Jacks


PokerStars Hand #165378753917:  Hold'em Limit ($3/$6 USD) - 2017/01/29 18:04:49 ET
Table 'Priska II' 6-max Seat #1 is the button
Seat 1: Chessnok ($138.94 in chips)
Seat 6: conkris ($225.07 in chips)
Chessnok: posts small blind $1
conkris: posts big blind $3
*** HOLE CARDS ***
Chessnok: raises $3 to $6
conkris: folds
Uncalled bet ($3) returned to Chessnok
Chessnok collected $6 from pot
Chessnok: doesn't show hand
*** SUMMARY ***
Total pot $6 | Rake $0
Seat 1: Chessnok (button) (small blind) collected ($6)
Seat 6: conkris (big blind) folded before Flop


PokerStars Hand #165378749258:  Hold'em Limit ($3/$6 USD) - 2017/01/29 18:04:44 ET
Table 'Priska II' 6-max Seat #6 is the button
Seat 1: Chessnok ($137.94 in chips)
Seat 6: conkris ($226.07 in chips)
conkris: posts small blind $1
Chessnok: posts big blind $3
*** HOLE CARDS ***
conkris: folds
Uncalled bet ($2) returned to Chessnok
Chessnok collected $2 from pot
Chessnok: doesn't show hand
*** SUMMARY ***
Total pot $2 | Rake $0
Seat 1: Chessnok (big blind) collected ($2)
Seat 6: conkris (button) (small blind) folded before Flop


PokerStars Hand #165378761706:  Hold'em Limit ($3/$6 USD) - 2017/01/29 18:04:58 ET
Table 'Priska II' 6-max Seat #6 is the button
Seat 1: Chessnok ($141.94 in chips)
Seat 6: conkris ($222.07 in chips)
conkris: posts small blind $1
Chessnok: posts big blind $3
*** HOLE CARDS ***
conkris: raises $3 to $6
Chessnok: calls $3
*** FLOP *** [6c Qs Jh]
Chessnok: checks
conkris: checks
*** TURN *** [6c Qs Jh] [2d]
Chessnok: checks
conkris: checks
*** RIVER *** [6c Qs Jh 2d] [As]
Chessnok: checks
conkris: checks
*** SHOW DOWN ***
Chessnok: shows [4c 9s] (high card Ace)
conkris: shows [7d Ks] (high card Ace - King kicker)
conkris collected $11.76 from pot
*** SUMMARY ***
Total pot $12 | Rake $0.24
Board [6c Qs Jh 2d As]
Seat 1: Chessnok (big blind) showed [4c 9s] and lost with high card Ace
Seat 6: conkris (button) (small blind) showed [7d Ks] and won ($11.76) with high card Ace


PokerStars Hand #165378775859:  Hold'em Limit ($3/$6 USD) - 2017/01/29 18:05:14 ET
Table 'Priska II' 6-max Seat #1 is the button
Seat 1: Chessnok ($135.94 in chips)
Seat 6: conkris ($227.83 in chips)
Chessnok: posts small blind $1
conkris: posts big blind $3
*** HOLE CARDS ***
Chessnok: raises $3 to $6
conkris: folds
Uncalled bet ($3) returned to Chessnok
Chessnok collected $6 from pot
*** SUMMARY ***
Total pot $6 | Rake $0
Seat 1: Chessnok (button) (small blind) collected ($6)
Seat 6: conkris (big blind) folded before Flop


PokerStars Hand #165378780647:  Hold'em Limit ($3/$6 USD) - 2017/01/29 18:05:19 ET
Table 'Priska II' 6-max Seat #6 is the button
Seat 1: Chessnok ($138.94 in chips)
Seat 6: conkris ($224.83 in chips)
conkris: posts small blind $1
Chessnok: posts big blind $3
*** HOLE CARDS ***
conkris: raises $3 to $6
Chessnok: calls $3
*** FLOP *** [7h Kd Td]
Chessnok: checks
conkris: bets $3
Chessnok: calls $3
*** TURN *** [7h Kd Td] [Qc]
Chessnok: checks
conkris: bets $6
Chessnok: calls $6
*** RIVER *** [7h Kd Td Qc] [2c]
Chessnok: checks
conkris: bets $6
Chessnok: calls $6
*** SHOW DOWN ***
conkris: shows [Jd Qs] (a pair of Queens)
Chessnok: mucks hand
conkris collected $41.50 from pot
*** SUMMARY ***
Total pot $42 | Rake $0.50
Board [7h Kd Td Qc 2c]
Seat 1: Chessnok (big blind) mucked
Seat 6: conkris (button) (small blind) showed [Jd Qs] and won ($41.50) with a pair of Queens


PokerStars Hand #165378815610:  Hold'em Limit ($3/$6 USD) - 2017/01/29 18:05:59 ET
Table 'Priska II' 6-max Seat #6 is the button
Seat 1: Chessnok ($102.94 in chips)
Seat 6: conkris ($259.83 in chips)
conkris: posts small blind $1
Chessnok: posts big blind $3
*** HOLE CARDS ***
conkris: raises $3 to $6
Chessnok: calls $3
*** FLOP *** [Kc As Qc]
Chessnok: checks
conkris: bets $3
Chessnok: calls $3
*** TURN *** [Kc As Qc] [Jh]
Chessnok: checks
conkris: bets $6
Chessnok: calls $6
*** RIVER *** [Kc As Qc Jh] [2h]
Chessnok: checks
conkris: bets $6
Chessnok: calls $6
*** SHOW DOWN ***
conkris: shows [Ac 3c] (a pair of Aces)
Chessnok: mucks hand
conkris collected $41.50 from pot
popeluha joins the table at seat #5
*** SUMMARY ***
Total pot $42 | Rake $0.50
Board [Kc As Qc Jh 2h]
Seat 1: Chessnok (big blind) mucked
Seat 6: conkris (button) (small blind) showed [Ac 3c] and won ($41.50) with a pair of Aces


PokerStars Hand #165378798073:  Hold'em Limit ($3/$6 USD) - 2017/01/29 18:05:39 ET
Table 'Priska II' 6-max Seat #1 is the button
Seat 1: Chessnok ($117.94 in chips)
Seat 6: conkris ($245.33 in chips)
Chessnok: posts small blind $1
conkris: posts big blind $3
*** HOLE CARDS ***
Chessnok: raises $3 to $6
conkris: calls $3
*** FLOP *** [2c 9h 3h]
conkris: bets $3
Chessnok: calls $3
*** TURN *** [2c 9h 3h] [9c]
conkris: bets $6
Chessnok: calls $6
*** RIVER *** [2c 9h 3h 9c] [Qs]
conkris: bets $6
Chessnok: folds
Uncalled bet ($6) returned to conkris
conkris collected $29.50 from pot
conkris: doesn't show hand
*** SUMMARY ***
Total pot $30 | Rake $0.50
Board [2c 9h 3h 9c Qs]
Seat 1: Chessnok (button) (small blind) folded on the River
Seat 6: conkris (big blind) collected ($29.50)


PokerStars Hand #165378942503:  Hold'em Limit ($3/$6 USD) - 2017/01/29 18:08:24 ET
Table 'Priska II' 6-max Seat #6 is the button
Seat 1: Chessnok ($119.76 in chips)
Seat 6: conkris ($266.51 in chips)
conkris: posts small blind $1
Chessnok: posts big blind $3
*** HOLE CARDS ***
conkris: raises $3 to $6
Chessnok: raises $3 to $9
conkris: calls $3
*** FLOP *** [Td Qh Jc]
Chessnok: bets $3
conkris: calls $3
*** TURN *** [Td Qh Jc] [2d]
Chessnok: bets $6
conkris: raises $6 to $12
Chessnok: calls $6
*** RIVER *** [Td Qh Jc 2d] [Kh]
Chessnok: bets $6
conkris: calls $6
*** SHOW DOWN ***
Chessnok: shows [Kc Tc] (two pair, Kings and Tens)
conkris: shows [9d Ks] (a straight, Nine to King)
conkris collected $59.50 from pot
*** SUMMARY ***
Total pot $60 | Rake $0.50
Board [Td Qh Jc 2d Kh]
Seat 1: Chessnok (big blind) showed [Kc Tc] and lost with two pair, Kings and Tens
Seat 6: conkris (button) (small blind) showed [9d Ks] and won ($59.50) with a straight, Nine to King


