PokerStars Hand #151237961426:  Hold'em Limit ($3/$6 USD) - 2016/03/31 17:30:47 ET
Table 'Prisma II' 6-max Seat #4 is the button
Seat 3: buddhasway ($105 in chips)
Seat 4: BuzovaPro ($89.50 in chips)
BuzovaPro: posts small blind $1
buddhasway: posts big blind $3
*** HOLE CARDS ***
BuzovaPro: folds
Uncalled bet ($2) returned to buddhasway
buddhasway collected $2 from pot
*** SUMMARY ***
Total pot $2 | Rake $0
Seat 3: buddhasway (big blind) collected ($2)
Seat 4: BuzovaPro (button) (small blind) folded before Flop


PokerStars Hand #151237948264:  Hold'em Limit ($3/$6 USD) - 2016/03/31 17:30:36 ET
Table 'Prisma II' 6-max Seat #3 is the button
Seat 3: buddhasway ($102 in chips)
Seat 4: BuzovaPro ($92.50 in chips)
buddhasway: posts small blind $1
BuzovaPro: posts big blind $3
*** HOLE CARDS ***
buddhasway: raises $3 to $6
BuzovaPro: folds
Uncalled bet ($3) returned to buddhasway
buddhasway collected $6 from pot
buddhasway: doesn't show hand
*** SUMMARY ***
Total pot $6 | Rake $0
Seat 3: buddhasway (button) (small blind) collected ($6)
Seat 4: BuzovaPro (big blind) folded before Flop


PokerStars Hand #151237886149:  Hold'em Limit ($3/$6 USD) - 2016/03/31 17:29:40 ET
Table 'Prisma II' 6-max Seat #4 is the button
Seat 3: buddhasway ($123 in chips)
Seat 4: BuzovaPro ($72 in chips)
BuzovaPro: posts small blind $1
buddhasway: posts big blind $3
*** HOLE CARDS ***
BuzovaPro: raises $3 to $6
buddhasway: raises $3 to $9
BuzovaPro: calls $3
*** FLOP *** [8h Js 6s]
buddhasway: checks
BuzovaPro: checks
*** TURN *** [8h Js 6s] [8s]
buddhasway: bets $6
BuzovaPro: calls $6
*** RIVER *** [8h Js 6s 8s] [3c]
buddhasway: bets $6
BuzovaPro: calls $6
*** SHOW DOWN ***
buddhasway: shows [Ah Kc] (a pair of Eights)
BuzovaPro: shows [6d Ad] (two pair, Eights and Sixes)
BuzovaPro collected $41.50 from pot
*** SUMMARY ***
Total pot $42 | Rake $0.50
Board [8h Js 6s 8s 3c]
Seat 3: buddhasway (big blind) showed [Ah Kc] and lost with a pair of Eights
Seat 4: BuzovaPro (button) (small blind) showed [6d Ad] and won ($41.50) with two pair, Eights and Sixes


PokerStars Hand #151238034286:  Hold'em Limit ($3/$6 USD) - 2016/03/31 17:31:50 ET
Table 'Prisma II' 6-max Seat #4 is the button
Seat 3: buddhasway ($103 in chips)
Seat 4: BuzovaPro ($91.38 in chips)
BuzovaPro: posts small blind $1
buddhasway: posts big blind $3
*** HOLE CARDS ***
BuzovaPro: folds
Uncalled bet ($2) returned to buddhasway
buddhasway collected $2 from pot
buddhasway: doesn't show hand
*** SUMMARY ***
Total pot $2 | Rake $0
Seat 3: buddhasway (big blind) collected ($2)
Seat 4: BuzovaPro (button) (small blind) folded before Flop


PokerStars Hand #151237983915:  Hold'em Limit ($3/$6 USD) - 2016/03/31 17:31:07 ET
Table 'Prisma II' 6-max Seat #3 is the button
Seat 3: buddhasway ($106 in chips)
Seat 4: BuzovaPro ($88.50 in chips)
buddhasway: posts small blind $1
BuzovaPro: posts big blind $3
*** HOLE CARDS ***
buddhasway: calls $2
BuzovaPro: checks
*** FLOP *** [5c 7s 7c]
BuzovaPro: checks
buddhasway: checks
*** TURN *** [5c 7s 7c] [2d]
BuzovaPro: bets $6
buddhasway: folds
Uncalled bet ($6) returned to BuzovaPro
BuzovaPro collected $5.88 from pot
BuzovaPro: doesn't show hand
*** SUMMARY ***
Total pot $6 | Rake $0.12
Board [5c 7s 7c 2d]
Seat 3: buddhasway (button) (small blind) folded on the Turn
Seat 4: BuzovaPro (big blind) collected ($5.88)


PokerStars Hand #151238083445:  Hold'em Limit ($3/$6 USD) - 2016/03/31 17:32:38 ET
Table 'Prisma II' 6-max Seat #4 is the button
Seat 3: buddhasway ($83 in chips)
Seat 4: BuzovaPro ($110.88 in chips)
BuzovaPro: posts small blind $1
buddhasway: posts big blind $3
*** HOLE CARDS ***
BuzovaPro: raises $3 to $6
buddhasway: calls $3
*** FLOP *** [Tc 7d Ts]
buddhasway: checks
BuzovaPro: bets $3
buddhasway: calls $3
*** TURN *** [Tc 7d Ts] [4c]
buddhasway: checks
BuzovaPro: bets $6
buddhasway: calls $6
*** RIVER *** [Tc 7d Ts 4c] [7c]
buddhasway: bets $6
BuzovaPro: raises $6 to $12
buddhasway: calls $6
*** SHOW DOWN ***
BuzovaPro: shows [6h 7h] (a full house, Sevens full of Tens)
buddhasway: shows [5s 7s] (a full house, Sevens full of Tens)
buddhasway collected $26.75 from pot
BuzovaPro collected $26.75 from pot
*** SUMMARY ***
Total pot $54 | Rake $0.50
Board [Tc 7d Ts 4c 7c]
Seat 3: buddhasway (big blind) showed [5s 7s] and won ($26.75) with a full house, Sevens full of Tens
Seat 4: BuzovaPro (button) (small blind) showed [6h 7h] and won ($26.75) with a full house, Sevens full of Tens


PokerStars Hand #151238041026:  Hold'em Limit ($3/$6 USD) - 2016/03/31 17:31:56 ET
Table 'Prisma II' 6-max Seat #3 is the button
Seat 3: buddhasway ($104 in chips)
Seat 4: BuzovaPro ($90.38 in chips)
buddhasway: posts small blind $1
BuzovaPro: posts big blind $3
*** HOLE CARDS ***
buddhasway: raises $3 to $6
BuzovaPro: calls $3
*** FLOP *** [6c 9s Js]
BuzovaPro: checks
buddhasway: bets $3
BuzovaPro: raises $3 to $6
buddhasway: raises $3 to $9
BuzovaPro: calls $3
*** TURN *** [6c 9s Js] [4h]
BuzovaPro: checks
buddhasway: checks
*** RIVER *** [6c 9s Js 4h] [7s]
BuzovaPro: checks
buddhasway: bets $6
BuzovaPro: calls $6
*** SHOW DOWN ***
buddhasway: shows [Qh 8h] (high card Queen)
BuzovaPro: shows [9d 5h] (a pair of Nines)
BuzovaPro collected $41.50 from pot
*** SUMMARY ***
Total pot $42 | Rake $0.50
Board [6c 9s Js 4h 7s]
Seat 3: buddhasway (button) (small blind) showed [Qh 8h] and lost with high card Queen
Seat 4: BuzovaPro (big blind) showed [9d 5h] and won ($41.50) with a pair of Nines


PokerStars Hand #151238166946:  Hold'em Limit ($3/$6 USD) - 2016/03/31 17:34:03 ET
Table 'Prisma II' 6-max Seat #3 is the button
Seat 3: buddhasway ($103.25 in chips)
Seat 4: BuzovaPro ($89.39 in chips)
buddhasway: posts small blind $1
BuzovaPro: posts big blind $3
*** HOLE CARDS ***
buddhasway: folds
Uncalled bet ($2) returned to BuzovaPro
BuzovaPro collected $2 from pot
BuzovaPro: doesn't show hand
*** SUMMARY ***
Total pot $2 | Rake $0
Seat 3: buddhasway (button) (small blind) folded before Flop
Seat 4: BuzovaPro (big blind) collected ($2)


PokerStars Hand #151238140135:  Hold'em Limit ($3/$6 USD) - 2016/03/31 17:33:35 ET
Table 'Prisma II' 6-max Seat #4 is the button
Seat 3: buddhasway ($109.25 in chips)
Seat 4: BuzovaPro ($83.63 in chips)
BuzovaPro: posts small blind $1
buddhasway: posts big blind $3
*** HOLE CARDS ***
BuzovaPro: raises $3 to $6
buddhasway: calls $3
*** FLOP *** [8d 9h Jh]
buddhasway: checks
BuzovaPro: checks
*** TURN *** [8d 9h Jh] [4d]
buddhasway: checks
BuzovaPro: bets $6
buddhasway: folds
Uncalled bet ($6) returned to BuzovaPro
BuzovaPro collected $11.76 from pot
BuzovaPro: doesn't show hand
*** SUMMARY ***
Total pot $12 | Rake $0.24
Board [8d 9h Jh 4d]
Seat 3: buddhasway (big blind) folded on the Turn
Seat 4: BuzovaPro (button) (small blind) collected ($11.76)


PokerStars Hand #151238112164:  Hold'em Limit ($3/$6 USD) - 2016/03/31 17:33:07 ET
Table 'Prisma II' 6-max Seat #3 is the button
Seat 3: buddhasway ($82.75 in chips)
Seat 4: BuzovaPro ($110.63 in chips)
buddhasway: posts small blind $1
BuzovaPro: posts big blind $3
*** HOLE CARDS ***
buddhasway: calls $2
BuzovaPro: raises $3 to $6
buddhasway: calls $3
*** FLOP *** [4s 7s 4h]
BuzovaPro: bets $3
buddhasway: calls $3
*** TURN *** [4s 7s 4h] [Kd]
BuzovaPro: bets $6
buddhasway: raises $6 to $12
BuzovaPro: calls $6
*** RIVER *** [4s 7s 4h Kd] [9c]
BuzovaPro: checks
buddhasway: bets $6
BuzovaPro: calls $6
*** SHOW DOWN ***
buddhasway: shows [3d 4c] (three of a kind, Fours)
BuzovaPro: mucks hand
buddhasway collected $53.50 from pot
*** SUMMARY ***
Total pot $54 | Rake $0.50
Board [4s 7s 4h Kd 9c]
Seat 3: buddhasway (button) (small blind) showed [3d 4c] and won ($53.50) with three of a kind, Fours
Seat 4: BuzovaPro (big blind) mucked


PokerStars Hand #151238224261:  Hold'em Limit ($3/$6 USD) - 2016/03/31 17:35:04 ET
Table 'Prisma II' 6-max Seat #3 is the button
Seat 3: buddhasway ($79.25 in chips)
Seat 4: BuzovaPro ($112.65 in chips)
buddhasway: posts small blind $1
BuzovaPro: posts big blind $3
*** HOLE CARDS ***
buddhasway: folds
Uncalled bet ($2) returned to BuzovaPro
BuzovaPro collected $2 from pot
BuzovaPro: doesn't show hand
*** SUMMARY ***
Total pot $2 | Rake $0
Seat 3: buddhasway (button) (small blind) folded before Flop
Seat 4: BuzovaPro (big blind) collected ($2)


PokerStars Hand #151238206741:  Hold'em Limit ($3/$6 USD) - 2016/03/31 17:34:45 ET
Table 'Prisma II' 6-max Seat #4 is the button
Seat 3: buddhasway ($97.25 in chips)
Seat 4: BuzovaPro ($95.15 in chips)
BuzovaPro: posts small blind $1
buddhasway: posts big blind $3
*** HOLE CARDS ***
BuzovaPro: raises $3 to $6
buddhasway: calls $3
*** FLOP *** [Js Th 8c]
buddhasway: checks
BuzovaPro: checks
*** TURN *** [Js Th 8c] [Jc]
buddhasway: bets $6
BuzovaPro: calls $6
*** RIVER *** [Js Th 8c Jc] [5s]
buddhasway: bets $6
BuzovaPro: calls $6
*** SHOW DOWN ***
buddhasway: shows [4d Ks] (a pair of Jacks)
BuzovaPro: shows [8s Kc] (two pair, Jacks and Eights)
BuzovaPro collected $35.50 from pot
*** SUMMARY ***
Total pot $36 | Rake $0.50
Board [Js Th 8c Jc 5s]
Seat 3: buddhasway (big blind) showed [4d Ks] and lost with a pair of Jacks
Seat 4: BuzovaPro (button) (small blind) showed [8s Kc] and won ($35.50) with two pair, Jacks and Eights


PokerStars Hand #151238200971:  Hold'em Limit ($3/$6 USD) - 2016/03/31 17:34:39 ET
Table 'Prisma II' 6-max Seat #3 is the button
Seat 3: buddhasway ($98.25 in chips)
Seat 4: BuzovaPro ($94.15 in chips)
buddhasway: posts small blind $1
BuzovaPro: posts big blind $3
*** HOLE CARDS ***
buddhasway: folds
Uncalled bet ($2) returned to BuzovaPro
BuzovaPro collected $2 from pot
BuzovaPro: doesn't show hand
*** SUMMARY ***
Total pot $2 | Rake $0
Seat 3: buddhasway (button) (small blind) folded before Flop
Seat 4: BuzovaPro (big blind) collected ($2)


PokerStars Hand #151238191176:  Hold'em Limit ($3/$6 USD) - 2016/03/31 17:34:29 ET
Table 'Prisma II' 6-max Seat #4 is the button
Seat 3: buddhasway ($97.25 in chips)
Seat 4: BuzovaPro ($95.15 in chips)
BuzovaPro: posts small blind $1
buddhasway: posts big blind $3
*** HOLE CARDS ***
BuzovaPro: folds
Uncalled bet ($2) returned to buddhasway
buddhasway collected $2 from pot
buddhasway: doesn't show hand
*** SUMMARY ***
Total pot $2 | Rake $0
Seat 3: buddhasway (big blind) collected ($2)
Seat 4: BuzovaPro (button) (small blind) folded before Flop


PokerStars Hand #151238176588:  Hold'em Limit ($3/$6 USD) - 2016/03/31 17:34:13 ET
Table 'Prisma II' 6-max Seat #3 is the button
Seat 3: buddhasway ($103.25 in chips)
Seat 4: BuzovaPro ($89.39 in chips)
buddhasway: posts small blind $1
BuzovaPro: posts big blind $3
*** HOLE CARDS ***
buddhasway: raises $3 to $6
BuzovaPro: calls $3
*** FLOP *** [8h 6h Td]
BuzovaPro: checks
buddhasway: checks
*** TURN *** [8h 6h Td] [3h]
BuzovaPro: bets $6
buddhasway: folds
Uncalled bet ($6) returned to BuzovaPro
BuzovaPro collected $11.76 from pot
BuzovaPro: doesn't show hand
*** SUMMARY ***
Total pot $12 | Rake $0.24
Board [8h 6h Td 3h]
Seat 3: buddhasway (button) (small blind) folded on the Turn
Seat 4: BuzovaPro (big blind) collected ($11.76)


PokerStars Hand #151238171921:  Hold'em Limit ($3/$6 USD) - 2016/03/31 17:34:09 ET
Table 'Prisma II' 6-max Seat #4 is the button
Seat 3: buddhasway ($102.25 in chips)
Seat 4: BuzovaPro ($90.39 in chips)
BuzovaPro: posts small blind $1
buddhasway: posts big blind $3
*** HOLE CARDS ***
BuzovaPro: folds
Uncalled bet ($2) returned to buddhasway
buddhasway collected $2 from pot
buddhasway: doesn't show hand
*** SUMMARY ***
Total pot $2 | Rake $0
Seat 3: buddhasway (big blind) collected ($2)
Seat 4: BuzovaPro (button) (small blind) folded before Flop


PokerStars Hand #151238228894:  Hold'em Limit ($3/$6 USD) - 2016/03/31 17:35:08 ET
Table 'Prisma II' 6-max Seat #4 is the button
Seat 3: buddhasway ($78.25 in chips)
Seat 4: BuzovaPro ($113.65 in chips)
BuzovaPro: posts small blind $1
buddhasway: posts big blind $3
*** HOLE CARDS ***
BuzovaPro: raises $3 to $6
buddhasway: calls $3
*** FLOP *** [6s 3s Ad]
buddhasway: checks
BuzovaPro: bets $3
buddhasway: folds
Uncalled bet ($3) returned to BuzovaPro
BuzovaPro collected $11.76 from pot
BuzovaPro: doesn't show hand
*** SUMMARY ***
Total pot $12 | Rake $0.24
Board [6s 3s Ad]
Seat 3: buddhasway (big blind) folded on the Flop
Seat 4: BuzovaPro (button) (small blind) collected ($11.76)


PokerStars Hand #151238309941:  Hold'em Limit ($3/$6 USD) - 2016/03/31 17:36:34 ET
Table 'Prisma II' 6-max Seat #4 is the button
Seat 3: buddhasway ($86.75 in chips)
Seat 4: BuzovaPro ($104.41 in chips)
BuzovaPro: posts small blind $1
buddhasway: posts big blind $3
*** HOLE CARDS ***
BuzovaPro: raises $3 to $6
buddhasway: calls $3
*** FLOP *** [Js Kd 4h]
buddhasway: bets $3
BuzovaPro: calls $3
*** TURN *** [Js Kd 4h] [5s]
buddhasway: bets $6
BuzovaPro: calls $6
*** RIVER *** [Js Kd 4h 5s] [Ts]
buddhasway: bets $6
BuzovaPro: calls $6
*** SHOW DOWN ***
buddhasway: shows [7d Qd] (high card King)
BuzovaPro: shows [6c 4c] (a pair of Fours)
BuzovaPro collected $41.50 from pot
*** SUMMARY ***
Total pot $42 | Rake $0.50
Board [Js Kd 4h 5s Ts]
Seat 3: buddhasway (big blind) showed [7d Qd] and lost with high card King
Seat 4: BuzovaPro (button) (small blind) showed [6c 4c] and won ($41.50) with a pair of Fours


PokerStars Hand #151238258667:  Hold'em Limit ($3/$6 USD) - 2016/03/31 17:35:40 ET
Table 'Prisma II' 6-max Seat #3 is the button
Seat 3: buddhasway ($72.25 in chips)
Seat 4: BuzovaPro ($119.41 in chips)
buddhasway: posts small blind $1
BuzovaPro: posts big blind $3
*** HOLE CARDS ***
buddhasway: raises $3 to $6
BuzovaPro: calls $3
*** FLOP *** [Th Qh 7s]
BuzovaPro: checks
buddhasway: bets $3
BuzovaPro: calls $3
*** TURN *** [Th Qh 7s] [Jd]
BuzovaPro: checks
buddhasway: bets $6
BuzovaPro: calls $6
*** RIVER *** [Th Qh 7s Jd] [3s]
BuzovaPro: checks
buddhasway: bets $6
BuzovaPro: folds
Uncalled bet ($6) returned to buddhasway
buddhasway collected $29.50 from pot
buddhasway: doesn't show hand
*** SUMMARY ***
Total pot $30 | Rake $0.50
Board [Th Qh 7s Jd 3s]
Seat 3: buddhasway (button) (small blind) collected ($29.50)
Seat 4: BuzovaPro (big blind) folded on the River


PokerStars Hand #151238375298:  Hold'em Limit ($3/$6 USD) - 2016/03/31 17:37:44 ET
Table 'Prisma II' 6-max Seat #3 is the button
Seat 3: buddhasway ($44.51 in chips)
Seat 4: BuzovaPro ($145.41 in chips)
buddhasway: posts small blind $1
BuzovaPro: posts big blind $3
*** HOLE CARDS ***
buddhasway: calls $2
BuzovaPro: checks
*** FLOP *** [5s 7s 9c]
BuzovaPro: bets $3
buddhasway: calls $3
*** TURN *** [5s 7s 9c] [3s]
BuzovaPro: checks
buddhasway: checks
*** RIVER *** [5s 7s 9c 3s] [5c]
BuzovaPro: checks
buddhasway: bets $6
BuzovaPro: calls $6
*** SHOW DOWN ***
buddhasway: shows [3h Kc] (two pair, Fives and Threes)
BuzovaPro: shows [9d 4s] (two pair, Nines and Fives)
BuzovaPro collected $23.52 from pot
*** SUMMARY ***
Total pot $24 | Rake $0.48
Board [5s 7s 9c 3s 5c]
Seat 3: buddhasway (button) (small blind) showed [3h Kc] and lost with two pair, Fives and Threes
Seat 4: BuzovaPro (big blind) showed [9d 4s] and won ($23.52) with two pair, Nines and Fives


PokerStars Hand #151238349395:  Hold'em Limit ($3/$6 USD) - 2016/03/31 17:37:16 ET
Table 'Prisma II' 6-max Seat #4 is the button
Seat 3: buddhasway ($71.51 in chips)
Seat 4: BuzovaPro ($118.91 in chips)
BuzovaPro: posts small blind $1
buddhasway: posts big blind $3
*** HOLE CARDS ***
BuzovaPro: raises $3 to $6
buddhasway: calls $3
*** FLOP *** [Th Kc 6c]
buddhasway: checks
BuzovaPro: bets $3
buddhasway: calls $3
*** TURN *** [Th Kc 6c] [8c]
buddhasway: checks
BuzovaPro: bets $6
buddhasway: calls $6
*** RIVER *** [Th Kc 6c 8c] [Jc]
buddhasway: bets $6
BuzovaPro: raises $6 to $12
buddhasway: calls $6
*** SHOW DOWN ***
BuzovaPro: shows [Ac Kd] (a flush, Ace high)
buddhasway: mucks hand
BuzovaPro collected $53.50 from pot
*** SUMMARY ***
Total pot $54 | Rake $0.50
Board [Th Kc 6c 8c Jc]
Seat 3: buddhasway (big blind) mucked
Seat 4: BuzovaPro (button) (small blind) showed [Ac Kd] and won ($53.50) with a flush, Ace high


PokerStars Hand #151238335547:  Hold'em Limit ($3/$6 USD) - 2016/03/31 17:37:01 ET
Table 'Prisma II' 6-max Seat #3 is the button
Seat 3: buddhasway ($65.75 in chips)
Seat 4: BuzovaPro ($124.91 in chips)
buddhasway: posts small blind $1
BuzovaPro: posts big blind $3
*** HOLE CARDS ***
buddhasway: raises $3 to $6
BuzovaPro: calls $3
*** FLOP *** [Kh Kc Js]
BuzovaPro: checks
buddhasway: bets $3
BuzovaPro: folds
Uncalled bet ($3) returned to buddhasway
buddhasway collected $11.76 from pot
buddhasway: doesn't show hand
*** SUMMARY ***
Total pot $12 | Rake $0.24
Board [Kh Kc Js]
Seat 3: buddhasway (button) (small blind) collected ($11.76)
Seat 4: BuzovaPro (big blind) folded on the Flop


PokerStars Hand #151238433974:  Hold'em Limit ($3/$6 USD) - 2016/03/31 17:38:47 ET
Table 'Prisma II' 6-max Seat #4 is the button
Seat 3: buddhasway ($51.01 in chips)
Seat 4: BuzovaPro ($137.93 in chips)
BuzovaPro: posts small blind $1
buddhasway: posts big blind $3
*** HOLE CARDS ***
BuzovaPro: raises $3 to $6
buddhasway: calls $3
*** FLOP *** [8c 6h 6s]
buddhasway: checks
BuzovaPro: bets $3
buddhasway: calls $3
*** TURN *** [8c 6h 6s] [Jc]
buddhasway: checks
BuzovaPro: bets $6
gertjan75 joins the table at seat #2
buddhasway: raises $6 to $12
BuzovaPro: folds
Uncalled bet ($6) returned to buddhasway
buddhasway collected $29.50 from pot
buddhasway: doesn't show hand
*** SUMMARY ***
Total pot $30 | Rake $0.50
Board [8c 6h 6s Jc]
Seat 3: buddhasway (big blind) collected ($29.50)
Seat 4: BuzovaPro (button) (small blind) folded on the Turn


PokerStars Hand #151238404021:  Hold'em Limit ($3/$6 USD) - 2016/03/31 17:38:15 ET
Table 'Prisma II' 6-max Seat #3 is the button
Seat 3: buddhasway ($33.51 in chips)
Seat 4: BuzovaPro ($155.93 in chips)
buddhasway: posts small blind $1
BuzovaPro: posts big blind $3
*** HOLE CARDS ***
buddhasway: calls $2
BuzovaPro: raises $3 to $6
buddhasway: calls $3
*** FLOP *** [Ad 2d 3d]
BuzovaPro: bets $3
buddhasway: raises $3 to $6
BuzovaPro: calls $3
*** TURN *** [Ad 2d 3d] [Jh]
BuzovaPro: checks
buddhasway: bets $6
BuzovaPro: calls $6
*** RIVER *** [Ad 2d 3d Jh] [4c]
BuzovaPro: checks
buddhasway: checks
*** SHOW DOWN ***
BuzovaPro: shows [Qh Kd] (high card Ace)
buddhasway: shows [8h Jd] (a pair of Jacks)
buddhasway collected $35.50 from pot
*** SUMMARY ***
Total pot $36 | Rake $0.50
Board [Ad 2d 3d Jh 4c]
Seat 3: buddhasway (button) (small blind) showed [8h Jd] and won ($35.50) with a pair of Jacks
Seat 4: BuzovaPro (big blind) showed [Qh Kd] and lost with high card Ace


PokerStars Hand #151238396100:  Hold'em Limit ($3/$6 USD) - 2016/03/31 17:38:06 ET
Table 'Prisma II' 6-max Seat #4 is the button
Seat 3: buddhasway ($32.51 in chips)
Seat 4: BuzovaPro ($156.93 in chips)
BuzovaPro: posts small blind $1
buddhasway: posts big blind $3
*** HOLE CARDS ***
BuzovaPro: folds
Uncalled bet ($2) returned to buddhasway
buddhasway collected $2 from pot
buddhasway: doesn't show hand
*** SUMMARY ***
Total pot $2 | Rake $0
Seat 3: buddhasway (big blind) collected ($2)
Seat 4: BuzovaPro (button) (small blind) folded before Flop


PokerStars Hand #151238458025:  Hold'em Limit ($3/$6 USD) - 2016/03/31 17:39:13 ET
Table 'Prisma II' 6-max Seat #3 is the button
Seat 3: buddhasway ($65.51 in chips)
Seat 4: BuzovaPro ($122.93 in chips)
buddhasway: posts small blind $1
BuzovaPro: posts big blind $3
*** HOLE CARDS ***
buddhasway: calls $2
BuzovaPro: checks
*** FLOP *** [6c 3s 6s]
BuzovaPro: bets $3
buddhasway: calls $3
*** TURN *** [6c 3s 6s] [Ks]
BuzovaPro: bets $6
buddhasway: calls $6
*** RIVER *** [6c 3s 6s Ks] [5c]
BuzovaPro: checks
buddhasway: bets $6
BuzovaPro: raises $6 to $12
buddhasway: calls $6
*** SHOW DOWN ***
BuzovaPro: shows [6h 8s] (three of a kind, Sixes)
buddhasway: mucks hand
BuzovaPro collected $47.50 from pot
*** SUMMARY ***
Total pot $48 | Rake $0.50
Board [6c 3s 6s Ks 5c]
Seat 3: buddhasway (button) (small blind) mucked
Seat 4: BuzovaPro (big blind) showed [6h 8s] and won ($47.50) with three of a kind, Sixes


PokerStars Hand #151240273079:  Hold'em Limit ($3/$6 USD) - 2016/03/31 18:14:19 ET
Table 'Prisma II' 6-max Seat #6 is the button
Seat 4: BuzovaPro ($91.87 in chips)
Seat 6: Chessnok ($85.12 in chips)
Chessnok: posts small blind $1
vestimokrec: is sitting out
buddhasway: is sitting out
BuzovaPro: posts big blind $3
*** HOLE CARDS ***
buddhasway leaves the table
Chessnok: raises $3 to $6
alasad444 joins the table at seat #3
BuzovaPro: calls $3
*** FLOP *** [4s Qs 3s]
BuzovaPro: checks
Chessnok: bets $3
BuzovaPro: calls $3
*** TURN *** [4s Qs 3s] [8c]
BuzovaPro: checks
Chessnok: bets $6
BuzovaPro: raises $6 to $12
Chessnok: calls $6
*** RIVER *** [4s Qs 3s 8c] [Ks]
BuzovaPro: checks
Chessnok: bets $6
BuzovaPro: folds
Uncalled bet ($6) returned to Chessnok
Chessnok collected $41.50 from pot
Chessnok: doesn't show hand
*** SUMMARY ***
Total pot $42 | Rake $0.50
Board [4s Qs 3s 8c Ks]
Seat 4: BuzovaPro (big blind) folded on the River
Seat 6: Chessnok (button) (small blind) collected ($41.50)


