PokerStars Hand #171132662306:  Hold'em Limit ($3/$6 USD) - 2017/05/30 17:50:44 ET
Table 'Probitas' 6-max Seat #6 is the button
Seat 3: Chessnok ($60 in chips)
Seat 6: scorpio04 ($198.80 in chips)
scorpio04: posts small blind $1
Chessnok: posts big blind $3
*** HOLE CARDS ***
scorpio04: raises $3 to $6
Chessnok: raises $3 to $9
scorpio04: calls $3
*** FLOP *** [5s 4s Ts]
Chessnok: bets $3
scorpio04: calls $3
*** TURN *** [5s 4s Ts] [5d]
Chessnok: bets $6
scorpio04: calls $6
*** RIVER *** [5s 4s Ts 5d] [5c]
Chessnok: bets $6
scorpio04: raises $6 to $12
Chessnok: calls $6
*** SHOW DOWN ***
scorpio04: shows [Th 4d] (a full house, Fives full of Tens)
Chessnok: mucks hand
scorpio04 collected $59.50 from pot
*** SUMMARY ***
Total pot $60 | Rake $0.50
Board [5s 4s Ts 5d 5c]
Seat 3: Chessnok (big blind) mucked
Seat 6: scorpio04 (button) (small blind) showed [Th 4d] and won ($59.50) with a full house, Fives full of Tens


PokerStars Hand #171132782229:  Hold'em Limit ($3/$6 USD) - 2017/05/30 17:53:21 ET
Table 'Probitas' 6-max Seat #2 is the button
Seat 2: foksas111 ($152.35 in chips)
Seat 3: Chessnok ($60 in chips)
foksas111: posts small blind $1
Chessnok: posts big blind $3
*** HOLE CARDS ***
ExtraResistance joins the table at seat #6
foksas111: raises $3 to $6
Chessnok: folds
Uncalled bet ($3) returned to foksas111
foksas111 collected $6 from pot
foksas111: doesn't show hand
*** SUMMARY ***
Total pot $6 | Rake $0
Seat 2: foksas111 (button) (small blind) collected ($6)
Seat 3: Chessnok (big blind) folded before Flop


PokerStars Hand #171132776996:  Hold'em Limit ($3/$6 USD) - 2017/05/30 17:53:14 ET
Table 'Probitas' 6-max Seat #3 is the button
Seat 2: foksas111 ($151.35 in chips)
Seat 3: Chessnok ($60 in chips)
Chessnok: posts small blind $1
foksas111: posts big blind $3
*** HOLE CARDS ***
Chessnok: folds
Uncalled bet ($2) returned to foksas111
foksas111 collected $2 from pot
foksas111: doesn't show hand
*** SUMMARY ***
Total pot $2 | Rake $0
Seat 2: foksas111 (big blind) collected ($2)
Seat 3: Chessnok (button) (small blind) folded before Flop


PokerStars Hand #171132944501:  Hold'em Limit ($3/$6 USD) - 2017/05/30 17:57:18 ET
Table 'Probitas' 6-max Seat #3 is the button
Seat 3: Chessnok ($148.57 in chips)
Seat 5: scorpio04 ($150 in chips)
Chessnok: posts small blind $1
ede56 was removed from the table for failing to post
scorpio04: posts big blind $3
*** HOLE CARDS ***
Chessnok: raises $3 to $6
scorpio04: calls $3
*** FLOP *** [2d Kh As]
scorpio04: checks
zxkz leaves the table
Chessnok: bets $3
scorpio04: raises $3 to $6
Chessnok: calls $3
*** TURN *** [2d Kh As] [9h]
scorpio04: bets $6
Chessnok: folds
Uncalled bet ($6) returned to scorpio04
scorpio04 collected $23.52 from pot
scorpio04: doesn't show hand
*** SUMMARY ***
Total pot $24 | Rake $0.48
Board [2d Kh As 9h]
Seat 3: Chessnok (button) (small blind) folded on the Turn
Seat 5: scorpio04 (big blind) collected ($23.52)


PokerStars Hand #171133117546:  Hold'em Limit ($3/$6 USD) - 2017/05/30 18:01:43 ET
Table 'Probitas' 6-max Seat #5 is the button
Seat 1: Pro-Negerman ($35.98 in chips)
Seat 5: scorpio04 ($161.52 in chips)
scorpio04: posts small blind $1
Pro-Negerman: posts big blind $3
*** HOLE CARDS ***
scorpio04: raises $3 to $6
Pro-Negerman: calls $3
*** FLOP *** [Ts Jd 9s]
Pro-Negerman: checks
scorpio04: bets $3
Pro-Negerman: folds
Uncalled bet ($3) returned to scorpio04
scorpio04 collected $11.76 from pot
scorpio04: doesn't show hand
*** SUMMARY ***
Total pot $12 | Rake $0.24
Board [Ts Jd 9s]
Seat 1: Pro-Negerman (big blind) folded on the Flop
Seat 5: scorpio04 (button) (small blind) collected ($11.76)


PokerStars Hand #171133213566:  Hold'em Limit ($3/$6 USD) - 2017/05/30 18:03:52 ET
Table 'Probitas' 6-max Seat #5 is the button
Seat 1: Pro-Negerman ($15.98 in chips)
Seat 5: scorpio04 ($180.68 in chips)
scorpio04: posts small blind $1
Pro-Negerman: posts big blind $3
*** HOLE CARDS ***
scorpio04: folds
Uncalled bet ($2) returned to Pro-Negerman
Pro-Negerman collected $2 from pot
Pro-Negerman: doesn't show hand
*** SUMMARY ***
Total pot $2 | Rake $0
Seat 1: Pro-Negerman (big blind) collected ($2)
Seat 5: scorpio04 (button) (small blind) folded before Flop


PokerStars Hand #171133194638:  Hold'em Limit ($3/$6 USD) - 2017/05/30 18:03:27 ET
Table 'Probitas' 6-max Seat #1 is the button
Seat 1: Pro-Negerman ($21.98 in chips)
Seat 5: scorpio04 ($174.92 in chips)
Pro-Negerman: posts small blind $1
scorpio04: posts big blind $3
*** HOLE CARDS ***
Pro-Negerman: calls $2
scorpio04: raises $3 to $6
Pro-Negerman: calls $3
*** FLOP *** [Qd Ad 9s]
scorpio04: bets $3
Pro-Negerman: folds
Uncalled bet ($3) returned to scorpio04
scorpio04 collected $11.76 from pot
scorpio04: doesn't show hand
*** SUMMARY ***
Total pot $12 | Rake $0.24
Board [Qd Ad 9s]
Seat 1: Pro-Negerman (button) (small blind) folded on the Flop
Seat 5: scorpio04 (big blind) collected ($11.76)


PokerStars Hand #171133185406:  Hold'em Limit ($3/$6 USD) - 2017/05/30 18:03:15 ET
Table 'Probitas' 6-max Seat #5 is the button
Seat 1: Pro-Negerman ($20.98 in chips)
Seat 5: scorpio04 ($175.92 in chips)
scorpio04: posts small blind $1
Pro-Negerman: posts big blind $3
*** HOLE CARDS ***
scorpio04: folds
Uncalled bet ($2) returned to Pro-Negerman
Pro-Negerman collected $2 from pot
Pro-Negerman: doesn't show hand
*** SUMMARY ***
Total pot $2 | Rake $0
Seat 1: Pro-Negerman (big blind) collected ($2)
Seat 5: scorpio04 (button) (small blind) folded before Flop


PokerStars Hand #171133138081:  Hold'em Limit ($3/$6 USD) - 2017/05/30 18:02:11 ET
Table 'Probitas' 6-max Seat #1 is the button
Seat 1: Pro-Negerman ($29.98 in chips)
Seat 5: scorpio04 ($167.28 in chips)
Pro-Negerman: posts small blind $1
scorpio04: posts big blind $3
*** HOLE CARDS ***
Pro-Negerman: raises $3 to $6
scorpio04: raises $3 to $9
Pro-Negerman: calls $3
*** FLOP *** [Ts 6c 2s]
scorpio04: bets $3
Pro-Negerman is disconnected
Pro-Negerman is connected
Pro-Negerman: folds
Uncalled bet ($3) returned to scorpio04
scorpio04 collected $17.64 from pot
scorpio04: doesn't show hand
*** SUMMARY ***
Total pot $18 | Rake $0.36
Board [Ts 6c 2s]
Seat 1: Pro-Negerman (button) (small blind) folded on the Flop
Seat 5: scorpio04 (big blind) collected ($17.64)


PokerStars Hand #171133220657:  Hold'em Limit ($3/$6 USD) - 2017/05/30 18:04:02 ET
Table 'Probitas' 6-max Seat #1 is the button
Seat 1: Pro-Negerman ($16.98 in chips)
Seat 5: scorpio04 ($179.68 in chips)
Pro-Negerman: posts small blind $1
scorpio04: posts big blind $3
*** HOLE CARDS ***
Pro-Negerman: raises $3 to $6
scorpio04: raises $3 to $9
Pro-Negerman: raises $3 to $12
Betting is capped
scorpio04: calls $3
*** FLOP *** [Th 3c Qh]
scorpio04: checks
Pro-Negerman: bets $3
scorpio04: calls $3
*** TURN *** [Th 3c Qh] [5c]
scorpio04: checks
Pro-Negerman: bets $1.98 and is all-in
scorpio04: calls $1.98
*** RIVER *** [Th 3c Qh 5c] [2s]
*** SHOW DOWN ***
scorpio04: shows [6s 3s] (a pair of Threes)
Pro-Negerman: shows [Jd Kc] (high card King)
scorpio04 collected $33.46 from pot
*** SUMMARY ***
Total pot $33.96 | Rake $0.50
Board [Th 3c Qh 5c 2s]
Seat 1: Pro-Negerman (button) (small blind) showed [Jd Kc] and lost with high card King
Seat 5: scorpio04 (big blind) showed [6s 3s] and won ($33.46) with a pair of Threes


