PokerStars Hand #152918740069:  Hold'em Limit ($3/$6 USD) - 2016/05/06 2:20:59 ET
Table 'Procyon' 6-max Seat #4 is the button
Seat 4: pipuuu ($134.22 in chips)
Seat 5: Ag3r0n ($86.50 in chips)
pipuuu: posts small blind $1
Ag3r0n: posts big blind $3
*** HOLE CARDS ***
pipuuu: folds
Uncalled bet ($2) returned to Ag3r0n
Ag3r0n collected $2 from pot
*** SUMMARY ***
Total pot $2 | Rake $0
Seat 4: pipuuu (button) (small blind) folded before Flop
Seat 5: Ag3r0n (big blind) collected ($2)


PokerStars Hand #152918733941:  Hold'em Limit ($3/$6 USD) - 2016/05/06 2:20:35 ET
Table 'Procyon' 6-max Seat #4 is the button
Seat 4: pipuuu ($146.22 in chips)
Seat 5: Ag3r0n ($72 in chips)
pipuuu: posts small blind $1
Ag3r0n: posts big blind $3
*** HOLE CARDS ***
pipuuu: raises $3 to $6
Ag3r0n: folds
Uncalled bet ($3) returned to pipuuu
pipuuu collected $6 from pot
*** SUMMARY ***
Total pot $6 | Rake $0
Seat 4: pipuuu (button) (small blind) collected ($6)
Seat 5: Ag3r0n (big blind) folded before Flop


PokerStars Hand #152918735347:  Hold'em Limit ($3/$6 USD) - 2016/05/06 2:20:40 ET
Table 'Procyon' 6-max Seat #5 is the button
Seat 4: pipuuu ($149.22 in chips)
Seat 5: Ag3r0n ($72 in chips)
Ag3r0n: posts small blind $1
pipuuu: posts big blind $3
*** HOLE CARDS ***
Ag3r0n: raises $3 to $6
pipuuu: calls $3
*** FLOP *** [Tc 5c 7d]
belik555 joins the table at seat #6
pipuuu: checks
Ag3r0n: bets $3
pipuuu: calls $3
*** TURN *** [Tc 5c 7d] [Th]
pipuuu: checks
Ag3r0n: checks
*** RIVER *** [Tc 5c 7d Th] [8d]
pipuuu: bets $6
Ag3r0n: raises $6 to $12
pipuuu: folds
Uncalled bet ($6) returned to Ag3r0n
Ag3r0n collected $29.50 from pot
*** SUMMARY ***
Total pot $30 | Rake $0.50
Board [Tc 5c 7d Th 8d]
Seat 4: pipuuu (big blind) folded on the River
Seat 5: Ag3r0n (button) (small blind) collected ($29.50)


PokerStars Hand #152918984308:  Hold'em Limit ($3/$6 USD) - 2016/05/06 2:36:35 ET
Table 'Procyon' 6-max Seat #1 is the button
Seat 1: ChawkDee ($7.93 in chips)
Seat 5: Ag3r0n ($72 in chips)
ChawkDee: posts small blind $1
belik555: is sitting out
Ag3r0n: posts big blind $3
*** HOLE CARDS ***
belik555 leaves the table
ChawkDee: folds
Uncalled bet ($2) returned to Ag3r0n
Ag3r0n collected $2 from pot
*** SUMMARY ***
Total pot $2 | Rake $0
Seat 1: ChawkDee (button) (small blind) folded before Flop
Seat 5: Ag3r0n (big blind) collected ($2)


