PokerStars Hand #154817403837:  Hold'em Limit ($3/$6 USD) - 2016/06/16 14:33:45 ET
Table 'Prokne' 6-max Seat #6 is the button
Seat 2: Tryptamean ($139.04 in chips)
Seat 6: beng_51 ($173.38 in chips)
beng_51: posts small blind $1
Tryptamean: posts big blind $3
*** HOLE CARDS ***
beng_51: raises $3 to $6
Tryptamean: calls $3
*** FLOP *** [7d 2c Js]
Tryptamean: checks
beng_51: bets $3
Tryptamean: folds
Uncalled bet ($3) returned to beng_51
beng_51 collected $11.76 from pot
*** SUMMARY ***
Total pot $12 | Rake $0.24
Board [7d 2c Js]
Seat 2: Tryptamean (big blind) folded on the Flop
Seat 6: beng_51 (button) (small blind) collected ($11.76)


PokerStars Hand #154818541150:  Hold'em Limit ($3/$6 USD) - 2016/06/16 14:59:13 ET
Table 'Prokne' 6-max Seat #2 is the button
Seat 2: D Juice11 ($187.39 in chips)
Seat 3: Tryptamean ($110.76 in chips)
D Juice11: posts small blind $1
Tryptamean: posts big blind $3
*** HOLE CARDS ***
D Juice11: calls $2
Tryptamean: raises $3 to $6
D Juice11: calls $3
*** FLOP *** [Kd 6d 6s]
Tryptamean: bets $3
D Juice11: folds
Uncalled bet ($3) returned to Tryptamean
Tryptamean collected $11.76 from pot
Tryptamean: doesn't show hand
*** SUMMARY ***
Total pot $12 | Rake $0.24
Board [Kd 6d 6s]
Seat 2: D Juice11 (button) (small blind) folded on the Flop
Seat 3: Tryptamean (big blind) collected ($11.76)


PokerStars Hand #154818530050:  Hold'em Limit ($3/$6 USD) - 2016/06/16 14:58:54 ET
Table 'Prokne' 6-max Seat #3 is the button
Seat 2: D Juice11 ($193.39 in chips)
Seat 3: Tryptamean ($105 in chips)
Tryptamean: posts small blind $1
D Juice11: posts big blind $3
*** HOLE CARDS ***
Tryptamean: raises $3 to $6
D Juice11: calls $3
*** FLOP *** [4h As 6c]
D Juice11: checks
Tryptamean: bets $3
D Juice11: folds
Uncalled bet ($3) returned to Tryptamean
Tryptamean collected $11.76 from pot
Tryptamean: doesn't show hand
*** SUMMARY ***
Total pot $12 | Rake $0.24
Board [4h As 6c]
Seat 2: D Juice11 (big blind) folded on the Flop
Seat 3: Tryptamean (button) (small blind) collected ($11.76)


PokerStars Hand #154818504026:  Hold'em Limit ($3/$6 USD) - 2016/06/16 14:58:11 ET
Table 'Prokne' 6-max Seat #2 is the button
Seat 2: D Juice11 ($178.89 in chips)
Seat 3: Tryptamean ($120 in chips)
D Juice11: posts small blind $1
Tryptamean: posts big blind $3
*** HOLE CARDS ***
D Juice11: raises $3 to $6
Tryptamean: calls $3
*** FLOP *** [6s 3s 9d]
Tryptamean: checks
D Juice11: bets $3
Tryptamean: calls $3
*** TURN *** [6s 3s 9d] [4h]
Tryptamean: checks
D Juice11: checks
*** RIVER *** [6s 3s 9d 4h] [8c]
Tryptamean: checks
D Juice11: bets $6
Tryptamean: calls $6
*** SHOW DOWN ***
D Juice11: shows [8s Ah] (a pair of Eights)
Tryptamean: mucks hand
D Juice11 collected $29.50 from pot
*** SUMMARY ***
Total pot $30 | Rake $0.50
Board [6s 3s 9d 4h 8c]
Seat 2: D Juice11 (button) (small blind) showed [8s Ah] and won ($29.50) with a pair of Eights
Seat 3: Tryptamean (big blind) mucked


PokerStars Hand #154818564029:  Hold'em Limit ($3/$6 USD) - 2016/06/16 14:59:52 ET
Table 'Prokne' 6-max Seat #2 is the button
Seat 2: D Juice11 ($175.39 in chips)
Seat 3: Tryptamean ($122.28 in chips)
D Juice11: posts small blind $1
Tryptamean: posts big blind $3
*** HOLE CARDS ***
D Juice11: raises $3 to $6
Tryptamean: calls $3
*** FLOP *** [6c 9c 7c]
Tryptamean: checks
D Juice11: checks
*** TURN *** [6c 9c 7c] [Kd]
Tryptamean: bets $6
D Juice11: calls $6
*** RIVER *** [6c 9c 7c Kd] [Kh]
Tryptamean: checks
D Juice11: bets $6
Tryptamean: folds
Uncalled bet ($6) returned to D Juice11
D Juice11 collected $23.52 from pot
D Juice11: doesn't show hand
*** SUMMARY ***
Total pot $24 | Rake $0.48
Board [6c 9c 7c Kd Kh]
Seat 2: D Juice11 (button) (small blind) collected ($23.52)
Seat 3: Tryptamean (big blind) folded on the River


PokerStars Hand #154818553837:  Hold'em Limit ($3/$6 USD) - 2016/06/16 14:59:34 ET
Table 'Prokne' 6-max Seat #3 is the button
Seat 2: D Juice11 ($181.39 in chips)
Seat 3: Tryptamean ($116.52 in chips)
Tryptamean: posts small blind $1
D Juice11: posts big blind $3
*** HOLE CARDS ***
Tryptamean: raises $3 to $6
D Juice11: calls $3
*** FLOP *** [2s Ks Jc]
D Juice11: checks
Tryptamean: bets $3
D Juice11: folds
Uncalled bet ($3) returned to Tryptamean
Tryptamean collected $11.76 from pot
Tryptamean: doesn't show hand
*** SUMMARY ***
Total pot $12 | Rake $0.24
Board [2s Ks Jc]
Seat 2: D Juice11 (big blind) folded on the Flop
Seat 3: Tryptamean (button) (small blind) collected ($11.76)


PokerStars Hand #154818633507:  Hold'em Limit ($3/$6 USD) - 2016/06/16 15:01:36 ET
Table 'Prokne' 6-max Seat #2 is the button
Seat 2: D Juice11 ($217.93 in chips)
Seat 3: Tryptamean ($78.28 in chips)
D Juice11: posts small blind $1
Tryptamean: posts big blind $3
*** HOLE CARDS ***
D Juice11: folds
Uncalled bet ($2) returned to Tryptamean
Tryptamean collected $2 from pot
Tryptamean: doesn't show hand
*** SUMMARY ***
Total pot $2 | Rake $0
Seat 2: D Juice11 (button) (small blind) folded before Flop
Seat 3: Tryptamean (big blind) collected ($2)


PokerStars Hand #154818613701:  Hold'em Limit ($3/$6 USD) - 2016/06/16 15:01:08 ET
Table 'Prokne' 6-max Seat #3 is the button
Seat 2: D Juice11 ($206.41 in chips)
Seat 3: Tryptamean ($90.28 in chips)
Tryptamean: posts small blind $1
D Juice11: posts big blind $3
*** HOLE CARDS ***
Tryptamean: raises $3 to $6
D Juice11: calls $3
*** FLOP *** [2d Qd 3d]
D Juice11: checks
Tryptamean: bets $3
D Juice11: raises $3 to $6
Tryptamean: calls $3
*** TURN *** [2d Qd 3d] [6d]
D Juice11: bets $6
Tryptamean: folds
Uncalled bet ($6) returned to D Juice11
D Juice11 collected $23.52 from pot
D Juice11: doesn't show hand
*** SUMMARY ***
Total pot $24 | Rake $0.48
Board [2d Qd 3d 6d]
Seat 2: D Juice11 (big blind) collected ($23.52)
Seat 3: Tryptamean (button) (small blind) folded on the Turn


PokerStars Hand #154818608623:  Hold'em Limit ($3/$6 USD) - 2016/06/16 15:01:00 ET
Table 'Prokne' 6-max Seat #2 is the button
Seat 2: D Juice11 ($207.41 in chips)
Seat 3: Tryptamean ($89.28 in chips)
D Juice11: posts small blind $1
Tryptamean: posts big blind $3
*** HOLE CARDS ***
D Juice11: folds
Uncalled bet ($2) returned to Tryptamean
Tryptamean collected $2 from pot
Tryptamean: doesn't show hand
*** SUMMARY ***
Total pot $2 | Rake $0
Seat 2: D Juice11 (button) (small blind) folded before Flop
Seat 3: Tryptamean (big blind) collected ($2)


PokerStars Hand #154818585744:  Hold'em Limit ($3/$6 USD) - 2016/06/16 15:00:24 ET
Table 'Prokne' 6-max Seat #3 is the button
Seat 2: D Juice11 ($186.91 in chips)
Seat 3: Tryptamean ($110.28 in chips)
Tryptamean: posts small blind $1
D Juice11: posts big blind $3
*** HOLE CARDS ***
Tryptamean: raises $3 to $6
D Juice11: calls $3
*** FLOP *** [7s 9s 9d]
D Juice11: bets $3
Tryptamean: calls $3
*** TURN *** [7s 9s 9d] [4c]
D Juice11: bets $6
Tryptamean: calls $6
*** RIVER *** [7s 9s 9d 4c] [Ts]
D Juice11: bets $6
Tryptamean: calls $6
*** SHOW DOWN ***
D Juice11: shows [8h 6c] (a straight, Six to Ten)
Tryptamean: mucks hand
D Juice11 collected $41.50 from pot
*** SUMMARY ***
Total pot $42 | Rake $0.50
Board [7s 9s 9d 4c Ts]
Seat 2: D Juice11 (big blind) showed [8h 6c] and won ($41.50) with a straight, Six to Ten
Seat 3: Tryptamean (button) (small blind) mucked


PokerStars Hand #154818644605:  Hold'em Limit ($3/$6 USD) - 2016/06/16 15:01:50 ET
Table 'Prokne' 6-max Seat #2 is the button
Seat 2: D Juice11 ($213.93 in chips)
Seat 3: Tryptamean ($82.28 in chips)
D Juice11: posts small blind $1
Tryptamean: posts big blind $3
*** HOLE CARDS ***
D Juice11: folds
Uncalled bet ($2) returned to Tryptamean
Tryptamean collected $2 from pot
Tryptamean: doesn't show hand
*** SUMMARY ***
Total pot $2 | Rake $0
Seat 2: D Juice11 (button) (small blind) folded before Flop
Seat 3: Tryptamean (big blind) collected ($2)


PokerStars Hand #154818638188:  Hold'em Limit ($3/$6 USD) - 2016/06/16 15:01:42 ET
Table 'Prokne' 6-max Seat #3 is the button
Seat 2: D Juice11 ($216.93 in chips)
Seat 3: Tryptamean ($79.28 in chips)
Tryptamean: posts small blind $1
D Juice11: posts big blind $3
*** HOLE CARDS ***
dirtygame93 joins the table at seat #1
Tryptamean: raises $3 to $6
D Juice11: folds
Uncalled bet ($3) returned to Tryptamean
Tryptamean collected $6 from pot
Tryptamean: doesn't show hand
*** SUMMARY ***
Total pot $6 | Rake $0
Seat 2: D Juice11 (big blind) folded before Flop
Seat 3: Tryptamean (button) (small blind) collected ($6)


PokerStars Hand #154818942566:  Hold'em Limit ($3/$6 USD) - 2016/06/16 15:08:19 ET
Table 'Prokne' 6-max Seat #3 is the button
Seat 3: Tryptamean ($78.26 in chips)
Seat 4: 125678724 ($11.88 in chips)
Tryptamean: posts small blind $1
125678724: posts big blind $3
*** HOLE CARDS ***
Tryptamean: raises $3 to $6
125678724: folds
Uncalled bet ($3) returned to Tryptamean
Tryptamean collected $6 from pot
Tryptamean: doesn't show hand
*** SUMMARY ***
Total pot $6 | Rake $0
Seat 3: Tryptamean (button) (small blind) collected ($6)
Seat 4: 125678724 (big blind) folded before Flop


PokerStars Hand #154818938596:  Hold'em Limit ($3/$6 USD) - 2016/06/16 15:08:14 ET
Table 'Prokne' 6-max Seat #4 is the button
Seat 3: Tryptamean ($77.26 in chips)
Seat 4: 125678724 ($12.88 in chips)
125678724: posts small blind $1
Tryptamean: posts big blind $3
*** HOLE CARDS ***
125678724: folds
Uncalled bet ($2) returned to Tryptamean
Tryptamean collected $2 from pot
Tryptamean: doesn't show hand
*** SUMMARY ***
Total pot $2 | Rake $0
Seat 3: Tryptamean (big blind) collected ($2)
Seat 4: 125678724 (button) (small blind) folded before Flop


PokerStars Hand #154818973850:  Hold'em Limit ($3/$6 USD) - 2016/06/16 15:08:59 ET
Table 'Prokne' 6-max Seat #4 is the button
Seat 3: Tryptamean ($75.38 in chips)
Seat 4: 125678724 ($14.40 in chips)
125678724: posts small blind $1
Tryptamean: posts big blind $3
*** HOLE CARDS ***
125678724: raises $3 to $6
Tryptamean: calls $3
*** FLOP *** [8h 3c 2d]
Tryptamean: checks
125678724: bets $3
Tryptamean: folds
Uncalled bet ($3) returned to 125678724
125678724 collected $11.76 from pot
*** SUMMARY ***
Total pot $12 | Rake $0.24
Board [8h 3c 2d]
Seat 3: Tryptamean (big blind) folded on the Flop
Seat 4: 125678724 (button) (small blind) collected ($11.76)


PokerStars Hand #154818968656:  Hold'em Limit ($3/$6 USD) - 2016/06/16 15:08:53 ET
Table 'Prokne' 6-max Seat #3 is the button
Seat 3: Tryptamean ($72.38 in chips)
Seat 4: 125678724 ($17.40 in chips)
Tryptamean: posts small blind $1
125678724: posts big blind $3
*** HOLE CARDS ***
Tryptamean: raises $3 to $6
125678724: folds
Uncalled bet ($3) returned to Tryptamean
Tryptamean collected $6 from pot
Tryptamean: doesn't show hand
*** SUMMARY ***
Total pot $6 | Rake $0
Seat 3: Tryptamean (button) (small blind) collected ($6)
Seat 4: 125678724 (big blind) folded before Flop


PokerStars Hand #154818947910:  Hold'em Limit ($3/$6 USD) - 2016/06/16 15:08:26 ET
Table 'Prokne' 6-max Seat #4 is the button
Seat 3: Tryptamean ($81.26 in chips)
Seat 4: 125678724 ($8.88 in chips)
125678724: posts small blind $1
Tryptamean: posts big blind $3
*** HOLE CARDS ***
125678724: raises $3 to $6
Tryptamean: calls $3
*** FLOP *** [7s 6d Jh]
Tryptamean: checks
125678724: bets $2.88 and is all-in
Tryptamean: calls $2.88
*** TURN *** [7s 6d Jh] [Js]
*** RIVER *** [7s 6d Jh Js] [Td]
*** SHOW DOWN ***
Tryptamean: shows [Kh 4c] (a pair of Jacks)
125678724: shows [Ac Qs] (a pair of Jacks - Ace kicker)
125678724 collected $17.40 from pot
*** SUMMARY ***
Total pot $17.76 | Rake $0.36
Board [7s 6d Jh Js Td]
Seat 3: Tryptamean (big blind) showed [Kh 4c] and lost with a pair of Jacks
Seat 4: 125678724 (button) (small blind) showed [Ac Qs] and won ($17.40) with a pair of Jacks


PokerStars Hand #154818994928:  Hold'em Limit ($3/$6 USD) - 2016/06/16 15:09:27 ET
Table 'Prokne' 6-max Seat #3 is the button
Seat 3: Tryptamean ($69.38 in chips)
Seat 4: 125678724 ($20.16 in chips)
Tryptamean: posts small blind $1
125678724: posts big blind $3
*** HOLE CARDS ***
Tryptamean: raises $3 to $6
125678724: raises $3 to $9
Tryptamean: calls $3
*** FLOP *** [Qd 3s Js]
125678724: bets $3
Tryptamean: calls $3
*** TURN *** [Qd 3s Js] [7s]
125678724: bets $6
Tryptamean: calls $6
*** RIVER *** [Qd 3s Js 7s] [8s]
125678724: bets $2.16 and is all-in
Tryptamean: calls $2.16
*** SHOW DOWN ***
125678724: shows [Ac Ts] (a flush, Jack high)
Tryptamean: shows [Kd 9d] (high card King)
125678724 collected $39.82 from pot
*** SUMMARY ***
Total pot $40.32 | Rake $0.50
Board [Qd 3s Js 7s 8s]
Seat 3: Tryptamean (button) (small blind) showed [Kd 9d] and lost with high card King
Seat 4: 125678724 (big blind) showed [Ac Ts] and won ($39.82) with a flush, Jack high


PokerStars Hand #154819727628:  Hold'em Limit ($3/$6 USD) - 2016/06/16 15:25:31 ET
Table 'Prokne' 6-max Seat #4 is the button
Seat 3: Tryptamean ($130.19 in chips)
Seat 4: Uhadmebeat ($80.75 in chips)
Uhadmebeat: posts small blind $1
Tryptamean: posts big blind $3
*** HOLE CARDS ***
Uhadmebeat: raises $3 to $6
Tryptamean: raises $3 to $9
Uhadmebeat: calls $3
*** FLOP *** [5d Jc 7c]
Tryptamean: bets $3
Uhadmebeat: calls $3
*** TURN *** [5d Jc 7c] [Th]
Tryptamean: bets $6
Uhadmebeat: raises $6 to $12
Tryptamean: calls $6
*** RIVER *** [5d Jc 7c Th] [4h]
Tryptamean: checks
Uhadmebeat: bets $6
Tryptamean: folds
Uncalled bet ($6) returned to Uhadmebeat
Uhadmebeat collected $47.50 from pot
Uhadmebeat: doesn't show hand
*** SUMMARY ***
Total pot $48 | Rake $0.50
Board [5d Jc 7c Th 4h]
Seat 3: Tryptamean (big blind) folded on the River
Seat 4: Uhadmebeat (button) (small blind) collected ($47.50)


PokerStars Hand #154819769915:  Hold'em Limit ($3/$6 USD) - 2016/06/16 15:26:27 ET
Table 'Prokne' 6-max Seat #3 is the button
Seat 3: Tryptamean ($106.19 in chips)
Seat 5: 30KOLIN ($39.46 in chips)
Tryptamean: posts small blind $1
30KOLIN: posts big blind $3
*** HOLE CARDS ***
Tryptamean: raises $3 to $6
30KOLIN: raises $3 to $9
Tryptamean: calls $3
*** FLOP *** [5d 7h Jc]
30KOLIN: bets $3
Tryptamean: folds
Uncalled bet ($3) returned to 30KOLIN
30KOLIN collected $17.64 from pot
30KOLIN: doesn't show hand
*** SUMMARY ***
Total pot $18 | Rake $0.36
Board [5d 7h Jc]
Seat 3: Tryptamean (button) (small blind) folded on the Flop
Seat 5: 30KOLIN (big blind) collected ($17.64)


PokerStars Hand #154819783940:  Hold'em Limit ($3/$6 USD) - 2016/06/16 15:26:45 ET
Table 'Prokne' 6-max Seat #5 is the button
Seat 3: Tryptamean ($97.19 in chips)
Seat 5: 30KOLIN ($48.10 in chips)
30KOLIN: posts small blind $1
Tryptamean: posts big blind $3
*** HOLE CARDS ***
30KOLIN: raises $3 to $6
Tryptamean: raises $3 to $9
30KOLIN: calls $3
*** FLOP *** [8s Kd Ts]
Tryptamean: bets $3
30KOLIN: calls $3
*** TURN *** [8s Kd Ts] [Kh]
Tryptamean: checks
30KOLIN: bets $6
Tryptamean: calls $6
*** RIVER *** [8s Kd Ts Kh] [Ad]
Tryptamean: checks
30KOLIN: bets $6
Tryptamean: folds
Uncalled bet ($6) returned to 30KOLIN
30KOLIN collected $35.50 from pot
30KOLIN: doesn't show hand
*** SUMMARY ***
Total pot $36 | Rake $0.50
Board [8s Kd Ts Kh Ad]
Seat 3: Tryptamean (big blind) folded on the River
Seat 5: 30KOLIN (button) (small blind) collected ($35.50)


PokerStars Hand #154819810600:  Hold'em Limit ($3/$6 USD) - 2016/06/16 15:27:21 ET
Table 'Prokne' 6-max Seat #3 is the button
Seat 3: Tryptamean ($79.19 in chips)
Seat 5: 30KOLIN ($65.60 in chips)
Tryptamean: posts small blind $1
30KOLIN: posts big blind $3
*** HOLE CARDS ***
Tryptamean: raises $3 to $6
30KOLIN: raises $3 to $9
Tryptamean: calls $3
*** FLOP *** [8s Ts 3c]
30KOLIN: bets $3
Tryptamean: calls $3
*** TURN *** [8s Ts 3c] [Th]
30KOLIN: bets $6
Tryptamean: raises $6 to $12
30KOLIN: calls $6
*** RIVER *** [8s Ts 3c Th] [5s]
30KOLIN: checks
Tryptamean: bets $6
30KOLIN: raises $6 to $12
Tryptamean: calls $6
*** SHOW DOWN ***
30KOLIN: shows [Qs Ks] (a flush, King high)
Tryptamean: mucks hand
30KOLIN collected $71.50 from pot
*** SUMMARY ***
Total pot $72 | Rake $0.50
Board [8s Ts 3c Th 5s]
Seat 3: Tryptamean (button) (small blind) mucked
Seat 5: 30KOLIN (big blind) showed [Qs Ks] and won ($71.50) with a flush, King high


PokerStars Hand #154819847983:  Hold'em Limit ($3/$6 USD) - 2016/06/16 15:28:05 ET
Table 'Prokne' 6-max Seat #5 is the button
Seat 3: Tryptamean ($120 in chips)
Seat 5: 30KOLIN ($101.10 in chips)
30KOLIN: posts small blind $1
Tryptamean: posts big blind $3
*** HOLE CARDS ***
30KOLIN: raises $3 to $6
Tryptamean: raises $3 to $9
30KOLIN: calls $3
*** FLOP *** [2c Tc 4d]
Tryptamean: bets $3
30KOLIN: raises $3 to $6
Tryptamean: calls $3
*** TURN *** [2c Tc 4d] [Td]
Tryptamean: checks
30KOLIN: bets $6
Tryptamean: calls $6
*** RIVER *** [2c Tc 4d Td] [6c]
Tryptamean: checks
30KOLIN: checks
*** SHOW DOWN ***
Tryptamean: shows [7c Kc] (a flush, King high)
30KOLIN: mucks hand
Tryptamean collected $41.50 from pot
*** SUMMARY ***
Total pot $42 | Rake $0.50
Board [2c Tc 4d Td 6c]
Seat 3: Tryptamean (big blind) showed [7c Kc] and won ($41.50) with a flush, King high
Seat 5: 30KOLIN (button) (small blind) mucked


PokerStars Hand #154821115052:  Hold'em Limit ($3/$6 USD) - 2016/06/16 15:55:32 ET
Table 'Prokne' 6-max Seat #4 is the button
Seat 4: mareshkin ($30 in chips)
Seat 5: hairy1961 ($60 in chips)
mareshkin: posts small blind $1
hairy1961: posts big blind $3
*** HOLE CARDS ***
tomte999 joins the table at seat #6
ValeryRon joins the table at seat #1
mareshkin: calls $2
hairy1961: checks
*** FLOP *** [6c 7c 6d]
SALZHERZ joins the table at seat #2
hairy1961: bets $3
Uhadmebeat joins the table at seat #3
mareshkin: calls $3
*** TURN *** [6c 7c 6d] [Jd]
hairy1961: bets $6
mareshkin: raises $6 to $12
hairy1961: folds
Uncalled bet ($6) returned to mareshkin
mareshkin collected $23.52 from pot
mareshkin: doesn't show hand
*** SUMMARY ***
Total pot $24 | Rake $0.48
Board [6c 7c 6d Jd]
Seat 4: mareshkin (button) (small blind) collected ($23.52)
Seat 5: hairy1961 (big blind) folded on the Turn


PokerStars Hand #154825611522:  Hold'em Limit ($3/$6 USD) - 2016/06/16 17:34:54 ET
Table 'Prokne' 6-max Seat #4 is the button
Seat 4: mareshkin ($89.19 in chips)
Seat 6: krytalex ($100.02 in chips)
mareshkin: posts small blind $1
vinipooh09: is sitting out
krytalex: posts big blind $3
*** HOLE CARDS ***
mareshkin: folds
Uncalled bet ($2) returned to krytalex
krytalex collected $2 from pot
*** SUMMARY ***
Total pot $2 | Rake $0
Seat 4: mareshkin (button) (small blind) folded before Flop
Seat 6: krytalex (big blind) collected ($2)


PokerStars Hand #154825627938:  Hold'em Limit ($3/$6 USD) - 2016/06/16 17:35:14 ET
Table 'Prokne' 6-max Seat #6 is the button
Seat 4: mareshkin ($88.19 in chips)
Seat 6: krytalex ($101.02 in chips)
krytalex: posts small blind $1
mareshkin: posts big blind $3
*** HOLE CARDS ***
krytalex: folds
Uncalled bet ($2) returned to mareshkin
mareshkin collected $2 from pot
mareshkin: doesn't show hand
*** SUMMARY ***
Total pot $2 | Rake $0
Seat 4: mareshkin (big blind) collected ($2)
Seat 6: krytalex (button) (small blind) folded before Flop


PokerStars Hand #154825633126:  Hold'em Limit ($3/$6 USD) - 2016/06/16 17:35:20 ET
Table 'Prokne' 6-max Seat #4 is the button
Seat 4: mareshkin ($89.19 in chips)
Seat 6: krytalex ($100.02 in chips)
mareshkin: posts small blind $1
krytalex: posts big blind $3
*** HOLE CARDS ***
mareshkin: calls $2
krytalex: checks
*** FLOP *** [5c Jh Jd]
krytalex: checks
mareshkin: checks
*** TURN *** [5c Jh Jd] [Td]
krytalex: checks
mareshkin: checks
*** RIVER *** [5c Jh Jd Td] [Qs]
krytalex: checks
mareshkin: bets $6
krytalex: folds
Uncalled bet ($6) returned to mareshkin
mareshkin collected $5.88 from pot
mareshkin: doesn't show hand
*** SUMMARY ***
Total pot $6 | Rake $0.12
Board [5c Jh Jd Td Qs]
Seat 4: mareshkin (button) (small blind) collected ($5.88)
Seat 6: krytalex (big blind) folded on the River


PokerStars Hand #154825681974:  Hold'em Limit ($3/$6 USD) - 2016/06/16 17:36:22 ET
Table 'Prokne' 6-max Seat #6 is the button
Seat 4: mareshkin ($92.07 in chips)
Seat 6: krytalex ($97.02 in chips)
krytalex: posts small blind $1
mareshkin: posts big blind $3
*** HOLE CARDS ***
krytalex: raises $3 to $6
mareshkin: calls $3
*** FLOP *** [Td Th Ac]
mareshkin: bets $3
krytalex: calls $3
*** TURN *** [Td Th Ac] [2d]
mareshkin: bets $6
krytalex: calls $6
*** RIVER *** [Td Th Ac 2d] [5d]
mareshkin: bets $6
krytalex: raises $6 to $12
mareshkin: calls $6
*** SHOW DOWN ***
krytalex: shows [8d Jd] (a flush, Jack high)
mareshkin: shows [Ad 4d] (a flush, Ace high)
mareshkin collected $53.50 from pot
*** SUMMARY ***
Total pot $54 | Rake $0.50
Board [Td Th Ac 2d 5d]
Seat 4: mareshkin (big blind) showed [Ad 4d] and won ($53.50) with a flush, Ace high
Seat 6: krytalex (button) (small blind) showed [8d Jd] and lost with a flush, Jack high


PokerStars Hand #154825741057:  Hold'em Limit ($3/$6 USD) - 2016/06/16 17:37:39 ET
Table 'Prokne' 6-max Seat #4 is the button
Seat 4: mareshkin ($73.57 in chips)
Seat 6: krytalex ($116.50 in chips)
mareshkin: posts small blind $1
krytalex: posts big blind $3
*** HOLE CARDS ***
mareshkin: folds
Uncalled bet ($2) returned to krytalex
krytalex collected $2 from pot
*** SUMMARY ***
Total pot $2 | Rake $0
Seat 4: mareshkin (button) (small blind) folded before Flop
Seat 6: krytalex (big blind) collected ($2)


PokerStars Hand #154825734157:  Hold'em Limit ($3/$6 USD) - 2016/06/16 17:37:30 ET
Table 'Prokne' 6-max Seat #6 is the button
Seat 4: mareshkin ($76.57 in chips)
Seat 6: krytalex ($113.50 in chips)
krytalex: posts small blind $1
mareshkin: posts big blind $3
*** HOLE CARDS ***
krytalex: raises $3 to $6
mareshkin: folds
Uncalled bet ($3) returned to krytalex
krytalex collected $6 from pot
*** SUMMARY ***
Total pot $6 | Rake $0
Seat 4: mareshkin (big blind) folded before Flop
Seat 6: krytalex (button) (small blind) collected ($6)


PokerStars Hand #154825712180:  Hold'em Limit ($3/$6 USD) - 2016/06/16 17:37:01 ET
Table 'Prokne' 6-max Seat #4 is the button
Seat 4: mareshkin ($118.57 in chips)
Seat 6: krytalex ($72 in chips)
mareshkin: posts small blind $1
krytalex: posts big blind $3
*** HOLE CARDS ***
mareshkin: calls $2
krytalex: raises $3 to $6
mareshkin: calls $3
*** FLOP *** [5d Kd Ah]
krytalex: bets $3
mareshkin: raises $3 to $6
krytalex: raises $3 to $9
mareshkin: raises $3 to $12
Betting is capped
krytalex: calls $3
*** TURN *** [5d Kd Ah] [Jh]
krytalex: bets $6
mareshkin: raises $6 to $12
krytalex: raises $6 to $18
mareshkin: calls $6
*** RIVER *** [5d Kd Ah Jh] [5c]
krytalex: bets $6
mareshkin: calls $6
*** SHOW DOWN ***
krytalex: shows [Kc Kh] (a full house, Kings full of Fives)
mareshkin: mucks hand
krytalex collected $83.50 from pot
*** SUMMARY ***
Total pot $84 | Rake $0.50
Board [5d Kd Ah Jh 5c]
Seat 4: mareshkin (button) (small blind) mucked
Seat 6: krytalex (big blind) showed [Kc Kh] and won ($83.50) with a full house, Kings full of Fives


PokerStars Hand #154825746165:  Hold'em Limit ($3/$6 USD) - 2016/06/16 17:37:46 ET
Table 'Prokne' 6-max Seat #6 is the button
Seat 4: mareshkin ($72.57 in chips)
Seat 6: krytalex ($117.50 in chips)
krytalex: posts small blind $1
mareshkin: posts big blind $3
*** HOLE CARDS ***
krytalex: raises $3 to $6
mareshkin: calls $3
*** FLOP *** [3s Ts 5d]
mareshkin: checks
krytalex: checks
*** TURN *** [3s Ts 5d] [6s]
mareshkin: bets $6
krytalex: calls $6
*** RIVER *** [3s Ts 5d 6s] [2d]
mareshkin: bets $6
krytalex: calls $6
*** SHOW DOWN ***
mareshkin: shows [Js 4s] (a flush, Jack high)
krytalex: mucks hand
mareshkin collected $35.50 from pot
*** SUMMARY ***
Total pot $36 | Rake $0.50
Board [3s Ts 5d 6s 2d]
Seat 4: mareshkin (big blind) showed [Js 4s] and won ($35.50) with a flush, Jack high
Seat 6: krytalex (button) (small blind) mucked


PokerStars Hand #154825772497:  Hold'em Limit ($3/$6 USD) - 2016/06/16 17:38:21 ET
Table 'Prokne' 6-max Seat #4 is the button
Seat 4: mareshkin ($90.07 in chips)
Seat 6: krytalex ($99.50 in chips)
mareshkin: posts small blind $1
krytalex: posts big blind $3
*** HOLE CARDS ***
mareshkin: raises $3 to $6
krytalex: raises $3 to $9
Pelurile joins the table at seat #1
mareshkin: calls $3
*** FLOP *** [6c Ts As]
krytalex: bets $3
mareshkin: raises $3 to $6
krytalex: calls $3
*** TURN *** [6c Ts As] [Qh]
krytalex: checks
mareshkin: bets $6
krytalex: calls $6
*** RIVER *** [6c Ts As Qh] [2s]
krytalex: checks
mareshkin: bets $6
krytalex: calls $6
*** SHOW DOWN ***
mareshkin: shows [Ad 5h] (a pair of Aces)
krytalex: mucks hand
mareshkin collected $53.50 from pot
*** SUMMARY ***
Total pot $54 | Rake $0.50
Board [6c Ts As Qh 2s]
Seat 4: mareshkin (button) (small blind) showed [Ad 5h] and won ($53.50) with a pair of Aces
Seat 6: krytalex (big blind) mucked


