PokerStars Hand #148078057890:  Hold'em Limit ($3/$6 USD) - 2016/02/01 17:25:12 ET
Table 'Prokne' 6-max Seat #3 is the button
Seat 3: MilPopov ($87 in chips)
Seat 4: AzureCaper ($86.52 in chips)
MilPopov: posts small blind $1
AzureCaper: posts big blind $3
*** HOLE CARDS ***
MilPopov: raises $3 to $6
AzureCaper: raises $3 to $9
MilPopov: raises $3 to $12
Betting is capped
AzureCaper: calls $3
*** FLOP *** [Kh 3c 3d]
AzureCaper: bets $3
MilPopov: raises $3 to $6
AzureCaper: calls $3
*** TURN *** [Kh 3c 3d] [8d]
AzureCaper: checks
MilPopov: checks
*** RIVER *** [Kh 3c 3d 8d] [9s]
AzureCaper: bets $6
MilPopov: folds
Uncalled bet ($6) returned to AzureCaper
AzureCaper collected $35.50 from pot
AzureCaper: doesn't show hand
*** SUMMARY ***
Total pot $36 | Rake $0.50
Board [Kh 3c 3d 8d 9s]
Seat 3: MilPopov (button) (small blind) folded on the River
Seat 4: AzureCaper (big blind) collected ($35.50)


PokerStars Hand #148078052162:  Hold'em Limit ($3/$6 USD) - 2016/02/01 17:25:07 ET
Table 'Prokne' 6-max Seat #4 is the button
Seat 3: MilPopov ($90 in chips)
Seat 4: AzureCaper ($83.52 in chips)
AzureCaper: posts small blind $1
Griffin2400 joins the table at seat #5
MilPopov: posts big blind $3
*** HOLE CARDS ***
AzureCaper: raises $3 to $6
MilPopov: folds
Uncalled bet ($3) returned to AzureCaper
AzureCaper collected $6 from pot
AzureCaper: doesn't show hand
*** SUMMARY ***
Total pot $6 | Rake $0
Seat 3: MilPopov (big blind) folded before Flop
Seat 4: AzureCaper (button) (small blind) collected ($6)


PokerStars Hand #148078046047:  Hold'em Limit ($3/$6 USD) - 2016/02/01 17:25:01 ET
Table 'Prokne' 6-max Seat #3 is the button
Seat 3: MilPopov ($87 in chips)
Seat 4: AzureCaper ($86.52 in chips)
MilPopov: posts small blind $1
AzureCaper: posts big blind $3
*** HOLE CARDS ***
MilPopov: raises $3 to $6
AzureCaper: folds
Uncalled bet ($3) returned to MilPopov
MilPopov collected $6 from pot
MilPopov: doesn't show hand
*** SUMMARY ***
Total pot $6 | Rake $0
Seat 3: MilPopov (button) (small blind) collected ($6)
Seat 4: AzureCaper (big blind) folded before Flop


PokerStars Hand #148078039511:  Hold'em Limit ($3/$6 USD) - 2016/02/01 17:24:54 ET
Table 'Prokne' 6-max Seat #4 is the button
Seat 3: MilPopov ($90 in chips)
Seat 4: AzureCaper ($83.52 in chips)
AzureCaper: posts small blind $1
MilPopov: posts big blind $3
*** HOLE CARDS ***
AzureCaper: raises $3 to $6
MilPopov: folds
Uncalled bet ($3) returned to AzureCaper
AzureCaper collected $6 from pot
AzureCaper: doesn't show hand
*** SUMMARY ***
Total pot $6 | Rake $0
Seat 3: MilPopov (big blind) folded before Flop
Seat 4: AzureCaper (button) (small blind) collected ($6)


PokerStars Hand #148078021648:  Hold'em Limit ($3/$6 USD) - 2016/02/01 17:24:36 ET
Table 'Prokne' 6-max Seat #3 is the button
Seat 3: MilPopov ($102 in chips)
Seat 4: AzureCaper ($72 in chips)
MilPopov: posts small blind $1
AzureCaper: posts big blind $3
*** HOLE CARDS ***
MilPopov: raises $3 to $6
AzureCaper: raises $3 to $9
MilPopov: calls $3
*** FLOP *** [9s 5s 7c]
AzureCaper: bets $3
MilPopov: calls $3
*** TURN *** [9s 5s 7c] [Ks]
AzureCaper: bets $6
MilPopov: folds
Uncalled bet ($6) returned to AzureCaper
AzureCaper collected $23.52 from pot
AzureCaper: doesn't show hand
*** SUMMARY ***
Total pot $24 | Rake $0.48
Board [9s 5s 7c Ks]
Seat 3: MilPopov (button) (small blind) folded on the Turn
Seat 4: AzureCaper (big blind) collected ($23.52)


PokerStars Hand #148078310735:  Hold'em Limit ($3/$6 USD) - 2016/02/01 17:29:25 ET
Table 'Prokne' 6-max Seat #4 is the button
Seat 3: MilPopov ($48.97 in chips)
Seat 4: AzureCaper ($158.64 in chips)
AzureCaper: posts small blind $1
MilPopov: posts big blind $3
*** HOLE CARDS ***
AzureCaper: raises $3 to $6
MilPopov: calls $3
*** FLOP *** [Tc 3c 9s]
MilPopov: checks
AzureCaper: bets $3
MilPopov: raises $3 to $6
AzureCaper: raises $3 to $9
MilPopov: calls $3
*** TURN *** [Tc 3c 9s] [4d]
MilPopov: checks
AzureCaper: bets $6
MilPopov: calls $6
*** RIVER *** [Tc 3c 9s 4d] [7s]
MilPopov: checks
AzureCaper: bets $6
MilPopov: folds
Uncalled bet ($6) returned to AzureCaper
AzureCaper collected $41.50 from pot
AzureCaper: doesn't show hand
*** SUMMARY ***
Total pot $42 | Rake $0.50
Board [Tc 3c 9s 4d 7s]
Seat 3: MilPopov (big blind) folded on the River
Seat 4: AzureCaper (button) (small blind) collected ($41.50)


PokerStars Hand #148078304590:  Hold'em Limit ($3/$6 USD) - 2016/02/01 17:29:19 ET
Table 'Prokne' 6-max Seat #3 is the button
Seat 3: MilPopov ($49.97 in chips)
Seat 4: AzureCaper ($157.64 in chips)
MilPopov: posts small blind $1
AzureCaper: posts big blind $3
*** HOLE CARDS ***
MilPopov: folds
Uncalled bet ($2) returned to AzureCaper
AzureCaper collected $2 from pot
AzureCaper: doesn't show hand
*** SUMMARY ***
Total pot $2 | Rake $0
Seat 3: MilPopov (button) (small blind) folded before Flop
Seat 4: AzureCaper (big blind) collected ($2)


PokerStars Hand #148078298801:  Hold'em Limit ($3/$6 USD) - 2016/02/01 17:29:13 ET
Table 'Prokne' 6-max Seat #4 is the button
Seat 3: MilPopov ($48.97 in chips)
Seat 4: AzureCaper ($158.64 in chips)
AzureCaper: posts small blind $1
MilPopov: posts big blind $3
*** HOLE CARDS ***
AzureCaper: folds
Uncalled bet ($2) returned to MilPopov
MilPopov collected $2 from pot
*** SUMMARY ***
Total pot $2 | Rake $0
Seat 3: MilPopov (big blind) collected ($2)
Seat 4: AzureCaper (button) (small blind) folded before Flop


PokerStars Hand #148078291811:  Hold'em Limit ($3/$6 USD) - 2016/02/01 17:29:06 ET
Table 'Prokne' 6-max Seat #3 is the button
Seat 3: MilPopov ($45.97 in chips)
Seat 4: AzureCaper ($161.64 in chips)
MilPopov: posts small blind $1
AzureCaper: posts big blind $3
*** HOLE CARDS ***
MilPopov: raises $3 to $6
AzureCaper: folds
Uncalled bet ($3) returned to MilPopov
MilPopov collected $6 from pot
MilPopov: doesn't show hand
*** SUMMARY ***
Total pot $6 | Rake $0
Seat 3: MilPopov (button) (small blind) collected ($6)
Seat 4: AzureCaper (big blind) folded before Flop


PokerStars Hand #148078285535:  Hold'em Limit ($3/$6 USD) - 2016/02/01 17:29:00 ET
Table 'Prokne' 6-max Seat #4 is the button
Seat 3: MilPopov ($48.97 in chips)
Seat 4: AzureCaper ($158.64 in chips)
AzureCaper: posts small blind $1
MilPopov: posts big blind $3
*** HOLE CARDS ***
Griffin2400 leaves the table
AzureCaper: raises $3 to $6
MilPopov: folds
Uncalled bet ($3) returned to AzureCaper
AzureCaper collected $6 from pot
AzureCaper: doesn't show hand
*** SUMMARY ***
Total pot $6 | Rake $0
Seat 3: MilPopov (big blind) folded before Flop
Seat 4: AzureCaper (button) (small blind) collected ($6)


PokerStars Hand #148078370830:  Hold'em Limit ($3/$6 USD) - 2016/02/01 17:30:25 ET
Table 'Prokne' 6-max Seat #3 is the button
Seat 3: MilPopov ($21.73 in chips)
Seat 4: AzureCaper ($184.66 in chips)
MilPopov: posts small blind $1
AzureCaper: posts big blind $3
*** HOLE CARDS ***
MilPopov: raises $3 to $6
AzureCaper: calls $3
*** FLOP *** [6d Tc 9c]
AzureCaper: checks
MilPopov: bets $3
AzureCaper: calls $3
*** TURN *** [6d Tc 9c] [8s]
AzureCaper: bets $6
MilPopov: raises $6 to $12
AzureCaper: calls $6
*** RIVER *** [6d Tc 9c 8s] [6c]
AzureCaper: checks
MilPopov: bets $0.73 and is all-in
AzureCaper: calls $0.73
*** SHOW DOWN ***
MilPopov: shows [Th Kd] (two pair, Tens and Sixes)
AzureCaper: shows [Qd 8d] (two pair, Eights and Sixes)
MilPopov collected $42.96 from pot
*** SUMMARY ***
Total pot $43.46 | Rake $0.50
Board [6d Tc 9c 8s 6c]
Seat 3: MilPopov (button) (small blind) showed [Th Kd] and won ($42.96) with two pair, Tens and Sixes
Seat 4: AzureCaper (big blind) showed [Qd 8d] and lost with two pair, Eights and Sixes


PokerStars Hand #148078353779:  Hold'em Limit ($3/$6 USD) - 2016/02/01 17:30:08 ET
Table 'Prokne' 6-max Seat #4 is the button
Seat 3: MilPopov ($33.73 in chips)
Seat 4: AzureCaper ($173.14 in chips)
AzureCaper: posts small blind $1
MilPopov: posts big blind $3
*** HOLE CARDS ***
AzureCaper: raises $3 to $6
MilPopov: raises $3 to $9
AzureCaper: raises $3 to $12
Betting is capped
MilPopov: calls $3
*** FLOP *** [As 3c Ad]
MilPopov: checks
AzureCaper: bets $3
MilPopov: folds
Uncalled bet ($3) returned to AzureCaper
AzureCaper collected $23.52 from pot
AzureCaper: doesn't show hand
*** SUMMARY ***
Total pot $24 | Rake $0.48
Board [As 3c Ad]
Seat 3: MilPopov (big blind) folded on the Flop
Seat 4: AzureCaper (button) (small blind) collected ($23.52)


PokerStars Hand #148078335676:  Hold'em Limit ($3/$6 USD) - 2016/02/01 17:29:50 ET
Table 'Prokne' 6-max Seat #3 is the button
Seat 3: MilPopov ($27.97 in chips)
Seat 4: AzureCaper ($179.14 in chips)
MilPopov: posts small blind $1
AzureCaper: posts big blind $3
*** HOLE CARDS ***
MilPopov: raises $3 to $6
AzureCaper: calls $3
*** FLOP *** [Js 9c 5c]
AzureCaper: checks
MilPopov: bets $3
AzureCaper: folds
Uncalled bet ($3) returned to MilPopov
MilPopov collected $11.76 from pot
MilPopov: doesn't show hand
*** SUMMARY ***
Total pot $12 | Rake $0.24
Board [Js 9c 5c]
Seat 3: MilPopov (button) (small blind) collected ($11.76)
Seat 4: AzureCaper (big blind) folded on the Flop


PokerStars Hand #148078445505:  Hold'em Limit ($3/$6 USD) - 2016/02/01 17:31:41 ET
Table 'Prokne' 6-max Seat #3 is the button
Seat 3: MilPopov ($47.60 in chips)
Seat 4: AzureCaper ($157.93 in chips)
MilPopov: posts small blind $1
AzureCaper: posts big blind $3
*** HOLE CARDS ***
MilPopov: raises $3 to $6
AzureCaper: folds
Uncalled bet ($3) returned to MilPopov
MilPopov collected $6 from pot
MilPopov: doesn't show hand
*** SUMMARY ***
Total pot $6 | Rake $0
Seat 3: MilPopov (button) (small blind) collected ($6)
Seat 4: AzureCaper (big blind) folded before Flop


PokerStars Hand #148078436570:  Hold'em Limit ($3/$6 USD) - 2016/02/01 17:31:32 ET
Table 'Prokne' 6-max Seat #4 is the button
Seat 3: MilPopov ($50.60 in chips)
Seat 4: AzureCaper ($154.93 in chips)
AzureCaper: posts small blind $1
MilPopov: posts big blind $3
*** HOLE CARDS ***
AzureCaper: raises $3 to $6
MilPopov: folds
Uncalled bet ($3) returned to AzureCaper
AzureCaper collected $6 from pot
AzureCaper: doesn't show hand
*** SUMMARY ***
Total pot $6 | Rake $0
Seat 3: MilPopov (big blind) folded before Flop
Seat 4: AzureCaper (button) (small blind) collected ($6)


PokerStars Hand #148078431376:  Hold'em Limit ($3/$6 USD) - 2016/02/01 17:31:27 ET
Table 'Prokne' 6-max Seat #3 is the button
Seat 3: MilPopov ($51.60 in chips)
Seat 4: AzureCaper ($153.93 in chips)
MilPopov: posts small blind $1
AzureCaper: posts big blind $3
*** HOLE CARDS ***
MilPopov: folds
Uncalled bet ($2) returned to AzureCaper
AzureCaper collected $2 from pot
AzureCaper: doesn't show hand
*** SUMMARY ***
Total pot $2 | Rake $0
Seat 3: MilPopov (button) (small blind) folded before Flop
Seat 4: AzureCaper (big blind) collected ($2)


PokerStars Hand #148078417456:  Hold'em Limit ($3/$6 USD) - 2016/02/01 17:31:13 ET
Table 'Prokne' 6-max Seat #4 is the button
Seat 3: MilPopov ($42.96 in chips)
Seat 4: AzureCaper ($162.93 in chips)
AzureCaper: posts small blind $1
MilPopov: posts big blind $3
*** HOLE CARDS ***
AzureCaper: raises $3 to $6
MilPopov: raises $3 to $9
AzureCaper: calls $3
*** FLOP *** [3d Ts Ac]
MilPopov: bets $3
AzureCaper: folds
Uncalled bet ($3) returned to MilPopov
MilPopov collected $17.64 from pot
MilPopov: doesn't show hand
*** SUMMARY ***
Total pot $18 | Rake $0.36
Board [3d Ts Ac]
Seat 3: MilPopov (big blind) collected ($17.64)
Seat 4: AzureCaper (button) (small blind) folded on the Flop


PokerStars Hand #148078406807:  Hold'em Limit ($3/$6 USD) - 2016/02/01 17:31:02 ET
Table 'Prokne' 6-max Seat #3 is the button
Seat 3: MilPopov ($39.96 in chips)
Seat 4: AzureCaper ($165.93 in chips)
MilPopov: posts small blind $1
AzureCaper: posts big blind $3
*** HOLE CARDS ***
MilPopov: raises $3 to $6
AzureCaper: folds
Uncalled bet ($3) returned to MilPopov
MilPopov collected $6 from pot
MilPopov: doesn't show hand
*** SUMMARY ***
Total pot $6 | Rake $0
Seat 3: MilPopov (button) (small blind) collected ($6)
Seat 4: AzureCaper (big blind) folded before Flop


PokerStars Hand #148078396374:  Hold'em Limit ($3/$6 USD) - 2016/02/01 17:30:51 ET
Table 'Prokne' 6-max Seat #4 is the button
Seat 3: MilPopov ($42.96 in chips)
Seat 4: AzureCaper ($162.93 in chips)
AzureCaper: posts small blind $1
MilPopov: posts big blind $3
*** HOLE CARDS ***
AzureCaper: raises $3 to $6
MilPopov: folds
Uncalled bet ($3) returned to AzureCaper
AzureCaper collected $6 from pot
AzureCaper: doesn't show hand
*** SUMMARY ***
Total pot $6 | Rake $0
Seat 3: MilPopov (big blind) folded before Flop
Seat 4: AzureCaper (button) (small blind) collected ($6)


PokerStars Hand #148078453665:  Hold'em Limit ($3/$6 USD) - 2016/02/01 17:31:50 ET
Table 'Prokne' 6-max Seat #4 is the button
Seat 3: MilPopov ($50.60 in chips)
Seat 4: AzureCaper ($154.93 in chips)
AzureCaper: posts small blind $1
MilPopov: posts big blind $3
*** HOLE CARDS ***
AzureCaper: raises $3 to $6
MilPopov: raises $3 to $9
AzureCaper: calls $3
*** FLOP *** [Qs Ah 9d]
MilPopov: bets $3
AzureCaper: calls $3
*** TURN *** [Qs Ah 9d] [Ad]
MilPopov: checks
AzureCaper: checks
*** RIVER *** [Qs Ah 9d Ad] [2d]
MilPopov: checks
AzureCaper: checks
*** SHOW DOWN ***
MilPopov: shows [Tc Td] (two pair, Aces and Tens)
AzureCaper: mucks hand
MilPopov collected $23.52 from pot
*** SUMMARY ***
Total pot $24 | Rake $0.48
Board [Qs Ah 9d Ad 2d]
Seat 3: MilPopov (big blind) showed [Tc Td] and won ($23.52) with two pair, Aces and Tens
Seat 4: AzureCaper (button) (small blind) mucked


