PokerStars Hand #148387578549:  Hold'em Limit ($3/$6 USD) - 2016/02/07 9:03:33 ET
Table 'Prokne' 6-max Seat #5 is the button
Seat 3: poooohpooh ($119 in chips)
Seat 5: SashaYuvelir ($73 in chips)
SashaYuvelir: posts small blind $1
poooohpooh: posts big blind $3
*** HOLE CARDS ***
SashaYuvelir: raises $3 to $6
poooohpooh: calls $3
*** FLOP *** [7s 5s Th]
FrancoG67 joins the table at seat #1
TbIP-TbIP 88 joins the table at seat #2
poooohpooh: checks
SashaYuvelir: bets $3
poooohpooh: folds
Uncalled bet ($3) returned to SashaYuvelir
SashaYuvelir collected $11.76 from pot
SashaYuvelir: doesn't show hand
*** SUMMARY ***
Total pot $12 | Rake $0.24
Board [7s 5s Th]
Seat 3: poooohpooh (big blind) folded on the Flop
Seat 5: SashaYuvelir (button) (small blind) collected ($11.76)


PokerStars Hand #148387570273:  Hold'em Limit ($3/$6 USD) - 2016/02/07 9:03:23 ET
Table 'Prokne' 6-max Seat #3 is the button
Seat 3: poooohpooh ($120 in chips)
Seat 5: SashaYuvelir ($72 in chips)
poooohpooh: posts small blind $1
SashaYuvelir: posts big blind $3
*** HOLE CARDS ***
poooohpooh: folds
Uncalled bet ($2) returned to SashaYuvelir
SashaYuvelir collected $2 from pot
SashaYuvelir: doesn't show hand
*** SUMMARY ***
Total pot $2 | Rake $0
Seat 3: poooohpooh (button) (small blind) folded before Flop
Seat 5: SashaYuvelir (big blind) collected ($2)


PokerStars Hand #148387589938:  Hold'em Limit ($3/$6 USD) - 2016/02/07 9:03:48 ET
Table 'Prokne' 6-max Seat #3 is the button
Seat 3: poooohpooh ($113 in chips)
Seat 5: SashaYuvelir ($78.76 in chips)
poooohpooh: posts small blind $1
SashaYuvelir: posts big blind $3
*** HOLE CARDS ***
poooohpooh: raises $3 to $6
SashaYuvelir: folds
Uncalled bet ($3) returned to poooohpooh
poooohpooh collected $6 from pot
poooohpooh: doesn't show hand
*** SUMMARY ***
Total pot $6 | Rake $0
Seat 3: poooohpooh (button) (small blind) collected ($6)
Seat 5: SashaYuvelir (big blind) folded before Flop


PokerStars Hand #148401939000:  Hold'em Limit ($3/$6 USD) - 2016/02/07 13:18:22 ET
Table 'Prokne' 6-max Seat #1 is the button
Seat 1: BuzovaPro ($78.43 in chips)
Seat 5: DUKEOFORANGE ($106.64 in chips)
BuzovaPro: posts small blind $1
DUKEOFORANGE: posts big blind $3
*** HOLE CARDS ***
BuzovaPro: folds
Uncalled bet ($2) returned to DUKEOFORANGE
DUKEOFORANGE collected $2 from pot
DUKEOFORANGE: doesn't show hand
*** SUMMARY ***
Total pot $2 | Rake $0
Seat 1: BuzovaPro (button) (small blind) folded before Flop
Seat 5: DUKEOFORANGE (big blind) collected ($2)


PokerStars Hand #148401951778:  Hold'em Limit ($3/$6 USD) - 2016/02/07 13:18:33 ET
Table 'Prokne' 6-max Seat #5 is the button
Seat 1: BuzovaPro ($77.43 in chips)
Seat 5: DUKEOFORANGE ($107.64 in chips)
DUKEOFORANGE: posts small blind $1
BuzovaPro: posts big blind $3
*** HOLE CARDS ***
DUKEOFORANGE: raises $3 to $6
BuzovaPro: calls $3
*** FLOP *** [Kh 9s Jh]
BuzovaPro: checks
DUKEOFORANGE: bets $3
BuzovaPro: folds
Uncalled bet ($3) returned to DUKEOFORANGE
DUKEOFORANGE collected $11.76 from pot
DUKEOFORANGE: doesn't show hand
*** SUMMARY ***
Total pot $12 | Rake $0.24
Board [Kh 9s Jh]
Seat 1: BuzovaPro (big blind) folded on the Flop
Seat 5: DUKEOFORANGE (button) (small blind) collected ($11.76)


PokerStars Hand #148402001942:  Hold'em Limit ($3/$6 USD) - 2016/02/07 13:19:18 ET
Table 'Prokne' 6-max Seat #1 is the button
Seat 1: BuzovaPro ($72 in chips)
Seat 5: DUKEOFORANGE ($113.40 in chips)
BuzovaPro: posts small blind $1
DUKEOFORANGE: posts big blind $3
*** HOLE CARDS ***
BuzovaPro: raises $3 to $6
DUKEOFORANGE: calls $3
*** FLOP *** [Jd 7c 6h]
DUKEOFORANGE: checks
BuzovaPro: bets $3
DUKEOFORANGE: calls $3
*** TURN *** [Jd 7c 6h] [4d]
DUKEOFORANGE: checks
BuzovaPro: checks
*** RIVER *** [Jd 7c 6h 4d] [Qc]
DUKEOFORANGE: checks
BuzovaPro: bets $6
DUKEOFORANGE: folds
Uncalled bet ($6) returned to BuzovaPro
BuzovaPro collected $17.64 from pot
BuzovaPro: doesn't show hand
*** SUMMARY ***
Total pot $18 | Rake $0.36
Board [Jd 7c 6h 4d Qc]
Seat 1: BuzovaPro (button) (small blind) collected ($17.64)
Seat 5: DUKEOFORANGE (big blind) folded on the River


PokerStars Hand #148404665662:  Hold'em Limit ($3/$6 USD) - 2016/02/07 13:59:24 ET
Table 'Prokne' 6-max Seat #3 is the button
Seat 3: tutones87 ($46.52 in chips)
Seat 4: BuzovaPro ($72 in chips)
tutones87: posts small blind $1
GoliafUa joins the table at seat #5
BuzovaPro: posts big blind $3
*** HOLE CARDS ***
tutones87: raises $3 to $6
BuzovaPro: calls $3
*** FLOP *** [8h 3d 7c]
BuzovaPro: checks
tutones87 is disconnected
tutones87 has timed out while disconnected
tutones87: checks
*** TURN *** [8h 3d 7c] [3s]
BuzovaPro: bets $6
perten joins the table at seat #6
BigBone2 joins the table at seat #2
tutones87 has timed out while disconnected
tutones87: folds
Uncalled bet ($6) returned to BuzovaPro
BuzovaPro collected $11.76 from pot
BuzovaPro: doesn't show hand
*** SUMMARY ***
Total pot $12 | Rake $0.24
Board [8h 3d 7c 3s]
Seat 3: tutones87 (button) (small blind) folded on the Turn
Seat 4: BuzovaPro (big blind) collected ($11.76)


PokerStars Hand #148410696133:  Hold'em Limit ($3/$6 USD) - 2016/02/07 15:25:36 ET
Table 'Prokne' 6-max Seat #1 is the button
Seat 1: Barremarre21 ($84.51 in chips)
Seat 6: db49 ($68.16 in chips)
Barremarre21: posts small blind $1
Chessnok: is sitting out
db49: posts big blind $3
*** HOLE CARDS ***
Barremarre21: folds
Uncalled bet ($2) returned to db49
Chessnok leaves the table
db49 collected $2 from pot
db49: doesn't show hand
*** SUMMARY ***
Total pot $2 | Rake $0
Seat 1: Barremarre21 (button) (small blind) folded before Flop
Seat 6: db49 (big blind) collected ($2)


PokerStars Hand #148410741292:  Hold'em Limit ($3/$6 USD) - 2016/02/07 15:26:14 ET
Table 'Prokne' 6-max Seat #1 is the button
Seat 1: Barremarre21 ($110.01 in chips)
Seat 6: db49 ($42.16 in chips)
Barremarre21: posts small blind $1
db49: posts big blind $3
*** HOLE CARDS ***
Barremarre21: raises $3 to $6
db49: raises $3 to $9
Barremarre21: calls $3
*** FLOP *** [4s Th Kc]
db49: bets $3
Barremarre21: calls $3
*** TURN *** [4s Th Kc] [Ad]
db49: bets $6
Barremarre21: calls $6
*** RIVER *** [4s Th Kc Ad] [As]
db49: bets $6
Barremarre21: calls $6
*** SHOW DOWN ***
db49: shows [Ac 5h] (three of a kind, Aces)
Barremarre21: mucks hand
db49 collected $47.50 from pot
*** SUMMARY ***
Total pot $48 | Rake $0.50
Board [4s Th Kc Ad As]
Seat 1: Barremarre21 (button) (small blind) mucked
Seat 6: db49 (big blind) showed [Ac 5h] and won ($47.50) with three of a kind, Aces


PokerStars Hand #148410701496:  Hold'em Limit ($3/$6 USD) - 2016/02/07 15:25:40 ET
Table 'Prokne' 6-max Seat #6 is the button
Seat 1: Barremarre21 ($83.51 in chips)
Seat 6: db49 ($69.16 in chips)
db49: posts small blind $1
Barremarre21: posts big blind $3
*** HOLE CARDS ***
db49: raises $3 to $6
Barremarre21: calls $3
*** FLOP *** [4h Qd Th]
Barremarre21: checks
db49: bets $3
Barremarre21: calls $3
*** TURN *** [4h Qd Th] [8c]
Barremarre21: checks
db49: bets $6
Barremarre21: raises $6 to $12
db49: raises $6 to $18
Barremarre21: raises $6 to $24
Betting is capped
db49 said, "hoq lucky are you people"
db49: folds
Uncalled bet ($6) returned to Barremarre21
Barremarre21 collected $53.50 from pot
Barremarre21: doesn't show hand
*** SUMMARY ***
Total pot $54 | Rake $0.50
Board [4h Qd Th 8c]
Seat 1: Barremarre21 (big blind) collected ($53.50)
Seat 6: db49 (button) (small blind) folded on the Turn


PokerStars Hand #148410762805:  Hold'em Limit ($3/$6 USD) - 2016/02/07 15:26:31 ET
Table 'Prokne' 6-max Seat #6 is the button
Seat 1: Barremarre21 ($86.01 in chips)
Seat 6: db49 ($65.66 in chips)
db49: posts small blind $1
Barremarre21: posts big blind $3
*** HOLE CARDS ***
db49: raises $3 to $6
Barremarre21: calls $3
*** FLOP *** [8d 4d 7h]
Barremarre21: checks
db49: bets $3
Barremarre21: folds
Uncalled bet ($3) returned to db49
db49 collected $11.76 from pot
db49: doesn't show hand
*** SUMMARY ***
Total pot $12 | Rake $0.24
Board [8d 4d 7h]
Seat 1: Barremarre21 (big blind) folded on the Flop
Seat 6: db49 (button) (small blind) collected ($11.76)


PokerStars Hand #148410825248:  Hold'em Limit ($3/$6 USD) - 2016/02/07 15:27:24 ET
Table 'Prokne' 6-max Seat #6 is the button
Seat 1: Barremarre21 ($92.51 in chips)
Seat 6: db49 ($58.42 in chips)
db49: posts small blind $1
Barremarre21: posts big blind $3
*** HOLE CARDS ***
db49: raises $3 to $6
Barremarre21: calls $3
*** FLOP *** [Kc Ad 5s]
Barremarre21: checks
db49: bets $3
Barremarre21: folds
Uncalled bet ($3) returned to db49
db49 collected $11.76 from pot
db49: doesn't show hand
*** SUMMARY ***
Total pot $12 | Rake $0.24
Board [Kc Ad 5s]
Seat 1: Barremarre21 (big blind) folded on the Flop
Seat 6: db49 (button) (small blind) collected ($11.76)


PokerStars Hand #148410818903:  Hold'em Limit ($3/$6 USD) - 2016/02/07 15:27:18 ET
Table 'Prokne' 6-max Seat #1 is the button
Seat 1: Barremarre21 ($93.51 in chips)
Seat 6: db49 ($57.42 in chips)
Barremarre21: posts small blind $1
db49: posts big blind $3
*** HOLE CARDS ***
Barremarre21: folds
Uncalled bet ($2) returned to db49
db49 collected $2 from pot
db49: doesn't show hand
*** SUMMARY ***
Total pot $2 | Rake $0
Seat 1: Barremarre21 (button) (small blind) folded before Flop
Seat 6: db49 (big blind) collected ($2)


PokerStars Hand #148410792155:  Hold'em Limit ($3/$6 USD) - 2016/02/07 15:26:56 ET
Table 'Prokne' 6-max Seat #1 is the button
Seat 1: Barremarre21 ($80.01 in chips)
Seat 6: db49 ($71.42 in chips)
Barremarre21: posts small blind $1
db49: posts big blind $3
*** HOLE CARDS ***
Barremarre21: folds
Uncalled bet ($2) returned to db49
db49 collected $2 from pot
db49: doesn't show hand
*** SUMMARY ***
Total pot $2 | Rake $0
Seat 1: Barremarre21 (button) (small blind) folded before Flop
Seat 6: db49 (big blind) collected ($2)


PokerStars Hand #148410798329:  Hold'em Limit ($3/$6 USD) - 2016/02/07 15:27:01 ET
Table 'Prokne' 6-max Seat #6 is the button
Seat 1: Barremarre21 ($79.01 in chips)
Seat 6: db49 ($72.42 in chips)
db49: posts small blind $1
Barremarre21: posts big blind $3
*** HOLE CARDS ***
db49: raises $3 to $6
Barremarre21: calls $3
*** FLOP *** [4s 7s 4h]
Barremarre21: checks
db49: bets $3
Barremarre21: calls $3
*** TURN *** [4s 7s 4h] [Ad]
Barremarre21: checks
db49: bets $6
Barremarre21: raises $6 to $12
db49: folds
Uncalled bet ($6) returned to Barremarre21
Barremarre21 collected $29.50 from pot
Barremarre21: doesn't show hand
*** SUMMARY ***
Total pot $30 | Rake $0.50
Board [4s 7s 4h Ad]
Seat 1: Barremarre21 (big blind) collected ($29.50)
Seat 6: db49 (button) (small blind) folded on the Turn


PokerStars Hand #148410785659:  Hold'em Limit ($3/$6 USD) - 2016/02/07 15:26:51 ET
Table 'Prokne' 6-max Seat #6 is the button
Seat 1: Barremarre21 ($83.01 in chips)
Seat 6: db49 ($68.42 in chips)
db49: posts small blind $1
Barremarre21: posts big blind $3
*** HOLE CARDS ***
db49: raises $3 to $6
Barremarre21: folds
Uncalled bet ($3) returned to db49
db49 collected $6 from pot
db49: doesn't show hand
*** SUMMARY ***
Total pot $6 | Rake $0
Seat 1: Barremarre21 (big blind) folded before Flop
Seat 6: db49 (button) (small blind) collected ($6)


PokerStars Hand #148410777991:  Hold'em Limit ($3/$6 USD) - 2016/02/07 15:26:44 ET
Table 'Prokne' 6-max Seat #1 is the button
Seat 1: Barremarre21 ($80.01 in chips)
Seat 6: db49 ($71.42 in chips)
Barremarre21: posts small blind $1
db49: posts big blind $3
*** HOLE CARDS ***
Barremarre21: raises $3 to $6
db49: folds
Uncalled bet ($3) returned to Barremarre21
Barremarre21 collected $6 from pot
Barremarre21: doesn't show hand
*** SUMMARY ***
Total pot $6 | Rake $0
Seat 1: Barremarre21 (button) (small blind) collected ($6)
Seat 6: db49 (big blind) folded before Flop


PokerStars Hand #148410896017:  Hold'em Limit ($3/$6 USD) - 2016/02/07 15:28:24 ET
Table 'Prokne' 6-max Seat #1 is the button
Seat 1: Barremarre21 ($41.51 in chips)
Seat 6: db49 ($108.18 in chips)
Barremarre21: posts small blind $1
db49: posts big blind $3
*** HOLE CARDS ***
Barremarre21: folds
Uncalled bet ($2) returned to db49
db49 collected $2 from pot
db49: doesn't show hand
*** SUMMARY ***
Total pot $2 | Rake $0
Seat 1: Barremarre21 (button) (small blind) folded before Flop
Seat 6: db49 (big blind) collected ($2)


PokerStars Hand #148410867504:  Hold'em Limit ($3/$6 USD) - 2016/02/07 15:27:59 ET
Table 'Prokne' 6-max Seat #6 is the button
Seat 1: Barremarre21 ($59.51 in chips)
Seat 6: db49 ($90.68 in chips)
db49: posts small blind $1
Barremarre21: posts big blind $3
*** HOLE CARDS ***
db49: raises $3 to $6
Barremarre21: calls $3
*** FLOP *** [7d 8d 4s]
Barremarre21: bets $3
db49: raises $3 to $6
Barremarre21: calls $3
*** TURN *** [7d 8d 4s] [Qs]
Barremarre21: checks
db49: bets $6
Barremarre21: calls $6
*** RIVER *** [7d 8d 4s Qs] [8c]
Barremarre21: checks
db49: checks
*** SHOW DOWN ***
Barremarre21: shows [Th 9c] (a pair of Eights)
db49: shows [5h Ad] (a pair of Eights - Ace kicker)
db49 collected $35.50 from pot
*** SUMMARY ***
Total pot $36 | Rake $0.50
Board [7d 8d 4s Qs 8c]
Seat 1: Barremarre21 (big blind) showed [Th 9c] and lost with a pair of Eights
Seat 6: db49 (button) (small blind) showed [5h Ad] and won ($35.50) with a pair of Eights


PokerStars Hand #148410837822:  Hold'em Limit ($3/$6 USD) - 2016/02/07 15:27:34 ET
Table 'Prokne' 6-max Seat #1 is the button
Seat 1: Barremarre21 ($86.51 in chips)
Seat 6: db49 ($64.18 in chips)
Barremarre21: posts small blind $1
db49: posts big blind $3
*** HOLE CARDS ***
Barremarre21: raises $3 to $6
db49: raises $3 to $9
Barremarre21: calls $3
*** FLOP *** [5s Qd Th]
db49: bets $3
Barremarre21: raises $3 to $6
db49: calls $3
*** TURN *** [5s Qd Th] [7h]
db49: checks
Barremarre21: bets $6
db49: raises $6 to $12
Barremarre21: calls $6
*** RIVER *** [5s Qd Th 7h] [3d]
db49: bets $6
Barremarre21: folds
Uncalled bet ($6) returned to db49
db49 collected $53.50 from pot
db49: doesn't show hand
*** SUMMARY ***
Total pot $54 | Rake $0.50
Board [5s Qd Th 7h 3d]
Seat 1: Barremarre21 (button) (small blind) folded on the River
Seat 6: db49 (big blind) collected ($53.50)


PokerStars Hand #148410950414:  Hold'em Limit ($3/$6 USD) - 2016/02/07 15:29:09 ET
Table 'Prokne' 6-max Seat #1 is the button
Seat 1: Barremarre21 ($23.51 in chips)
Seat 6: db49 ($125.68 in chips)
Barremarre21: posts small blind $1
db49: posts big blind $3
*** HOLE CARDS ***
Barremarre21: raises $3 to $6
db49: calls $3
*** FLOP *** [9s Qd As]
db49: checks
Barremarre21: bets $3
db49: calls $3
*** TURN *** [9s Qd As] [6h]
db49: checks
Barremarre21: checks
*** RIVER *** [9s Qd As 6h] [9h]
db49: bets $6
Barremarre21: folds
Uncalled bet ($6) returned to db49
db49 collected $17.64 from pot
db49: doesn't show hand
*** SUMMARY ***
Total pot $18 | Rake $0.36
Board [9s Qd As 6h 9h]
Seat 1: Barremarre21 (button) (small blind) folded on the River
Seat 6: db49 (big blind) collected ($17.64)


PokerStars Hand #148410973430:  Hold'em Limit ($3/$6 USD) - 2016/02/07 15:29:28 ET
Table 'Prokne' 6-max Seat #6 is the button
Seat 1: Barremarre21 ($14.51 in chips)
Seat 6: db49 ($134.32 in chips)
db49: posts small blind $1
Barremarre21: posts big blind $3
*** HOLE CARDS ***
db49: raises $3 to $6
Barremarre21: raises $3 to $9
db49: raises $3 to $12
Betting is capped
Barremarre21: calls $3
*** FLOP *** [9s Jc 4h]
Barremarre21: bets $2.51 and is all-in
db49: calls $2.51
*** TURN *** [9s Jc 4h] [6s]
*** RIVER *** [9s Jc 4h 6s] [Tc]
*** SHOW DOWN ***
Barremarre21: shows [As 7s] (high card Ace)
db49: shows [Ah 9h] (a pair of Nines)
db49 collected $28.52 from pot
*** SUMMARY ***
Total pot $29.02 | Rake $0.50
Board [9s Jc 4h 6s Tc]
Seat 1: Barremarre21 (big blind) showed [As 7s] and lost with high card Ace
Seat 6: db49 (button) (small blind) showed [Ah 9h] and won ($28.52) with a pair of Nines


PokerStars Hand #148410945292:  Hold'em Limit ($3/$6 USD) - 2016/02/07 15:29:05 ET
Table 'Prokne' 6-max Seat #6 is the button
Seat 1: Barremarre21 ($22.51 in chips)
Seat 6: db49 ($126.68 in chips)
db49: posts small blind $1
Barremarre21: posts big blind $3
*** HOLE CARDS ***
db49: folds
Uncalled bet ($2) returned to Barremarre21
Barremarre21 collected $2 from pot
Barremarre21: doesn't show hand
*** SUMMARY ***
Total pot $2 | Rake $0
Seat 1: Barremarre21 (big blind) collected ($2)
Seat 6: db49 (button) (small blind) folded before Flop


PokerStars Hand #148410938809:  Hold'em Limit ($3/$6 USD) - 2016/02/07 15:28:59 ET
Table 'Prokne' 6-max Seat #1 is the button
Seat 1: Barremarre21 ($19.51 in chips)
Seat 6: db49 ($129.68 in chips)
Barremarre21: posts small blind $1
db49: posts big blind $3
*** HOLE CARDS ***
Barremarre21: raises $3 to $6
db49: folds
Uncalled bet ($3) returned to Barremarre21
Barremarre21 collected $6 from pot
Barremarre21: doesn't show hand
*** SUMMARY ***
Total pot $6 | Rake $0
Seat 1: Barremarre21 (button) (small blind) collected ($6)
Seat 6: db49 (big blind) folded before Flop


PokerStars Hand #148410901278:  Hold'em Limit ($3/$6 USD) - 2016/02/07 15:28:28 ET
Table 'Prokne' 6-max Seat #6 is the button
Seat 1: Barremarre21 ($40.51 in chips)
Seat 6: db49 ($109.18 in chips)
db49: posts small blind $1
Barremarre21: posts big blind $3
*** HOLE CARDS ***
db49: raises $3 to $6
Barremarre21: calls $3
*** FLOP *** [7d 5c 3c]
Barremarre21: checks
db49: bets $3
Barremarre21: calls $3
*** TURN *** [7d 5c 3c] [5s]
Barremarre21: checks
db49: bets $6
Barremarre21: calls $6
*** RIVER *** [7d 5c 3c 5s] [Ts]
Barremarre21: checks
db49: bets $6
Barremarre21: calls $6
*** SHOW DOWN ***
db49: shows [Ah Ad] (two pair, Aces and Fives)
Barremarre21: mucks hand
db49 collected $41.50 from pot
*** SUMMARY ***
Total pot $42 | Rake $0.50
Board [7d 5c 3c 5s Ts]
Seat 1: Barremarre21 (big blind) mucked
Seat 6: db49 (button) (small blind) showed [Ah Ad] and won ($41.50) with two pair, Aces and Fives


PokerStars Hand #148411023094:  Hold'em Limit ($3/$6 USD) - 2016/02/07 15:30:09 ET
Table 'Prokne' 6-max Seat #6 is the button
Seat 1: Barremarre21 ($123 in chips)
Seat 6: db49 ($145.33 in chips)
db49: posts small blind $1
Barremarre21: posts big blind $3
*** HOLE CARDS ***
db49: folds
Uncalled bet ($2) returned to Barremarre21
Barremarre21 collected $2 from pot
Barremarre21: doesn't show hand
*** SUMMARY ***
Total pot $2 | Rake $0
Seat 1: Barremarre21 (big blind) collected ($2)
Seat 6: db49 (button) (small blind) folded before Flop


PokerStars Hand #148411014936:  Hold'em Limit ($3/$6 USD) - 2016/02/07 15:30:02 ET
Table 'Prokne' 6-max Seat #1 is the button
Seat 1: Barremarre21 ($120 in chips)
Seat 6: db49 ($148.33 in chips)
Barremarre21: posts small blind $1
db49: posts big blind $3
*** HOLE CARDS ***
Barremarre21: raises $3 to $6
db49: folds
Uncalled bet ($3) returned to Barremarre21
Barremarre21 collected $6 from pot
Barremarre21: doesn't show hand
*** SUMMARY ***
Total pot $6 | Rake $0
Seat 1: Barremarre21 (button) (small blind) collected ($6)
Seat 6: db49 (big blind) folded before Flop


PokerStars Hand #148411028314:  Hold'em Limit ($3/$6 USD) - 2016/02/07 15:30:13 ET
Table 'Prokne' 6-max Seat #1 is the button
Seat 1: Barremarre21 ($124 in chips)
Seat 6: db49 ($144.33 in chips)
Barremarre21: posts small blind $1
db49: posts big blind $3
*** HOLE CARDS ***
Barremarre21: raises $3 to $6
db49: raises $3 to $9
Barremarre21: calls $3
*** FLOP *** [Jc 6h Ks]
db49: bets $3
Barremarre21: calls $3
*** TURN *** [Jc 6h Ks] [8s]
db49: bets $6
Barremarre21: raises $6 to $12
db49: folds
Uncalled bet ($6) returned to Barremarre21
Barremarre21 collected $35.50 from pot
Barremarre21: doesn't show hand
*** SUMMARY ***
Total pot $36 | Rake $0.50
Board [Jc 6h Ks 8s]
Seat 1: Barremarre21 (button) (small blind) collected ($35.50)
Seat 6: db49 (big blind) folded on the Turn


PokerStars Hand #148411117824:  Hold'em Limit ($3/$6 USD) - 2016/02/07 15:31:28 ET
Table 'Prokne' 6-max Seat #1 is the button
Seat 1: Barremarre21 ($105.50 in chips)
Seat 6: db49 ($160.99 in chips)
Barremarre21: posts small blind $1
db49: posts big blind $3
*** HOLE CARDS ***
Barremarre21: folds
Uncalled bet ($2) returned to db49
db49 collected $2 from pot
db49: doesn't show hand
*** SUMMARY ***
Total pot $2 | Rake $0
Seat 1: Barremarre21 (button) (small blind) folded before Flop
Seat 6: db49 (big blind) collected ($2)


PokerStars Hand #148411092537:  Hold'em Limit ($3/$6 USD) - 2016/02/07 15:31:07 ET
Table 'Prokne' 6-max Seat #6 is the button
Seat 1: Barremarre21 ($120.50 in chips)
Seat 6: db49 ($146.49 in chips)
db49: posts small blind $1
Barremarre21: posts big blind $3
*** HOLE CARDS ***
db49: raises $3 to $6
Barremarre21: calls $3
*** FLOP *** [3s 5h Ah]
Barremarre21: checks
db49: bets $3
Barremarre21: calls $3
*** TURN *** [3s 5h Ah] [Ac]
Barremarre21: checks
db49: checks
*** RIVER *** [3s 5h Ah Ac] [8h]
Barremarre21: bets $6
db49: calls $6
*** SHOW DOWN ***
Barremarre21: shows [6c 7c] (a pair of Aces)
db49: shows [Js 6s] (a pair of Aces - Jack kicker)
db49 collected $29.50 from pot
*** SUMMARY ***
Total pot $30 | Rake $0.50
Board [3s 5h Ah Ac 8h]
Seat 1: Barremarre21 (big blind) showed [6c 7c] and lost with a pair of Aces
Seat 6: db49 (button) (small blind) showed [Js 6s] and won ($29.50) with a pair of Aces


PokerStars Hand #148411071730:  Hold'em Limit ($3/$6 USD) - 2016/02/07 15:30:50 ET
Table 'Prokne' 6-max Seat #1 is the button
Seat 1: Barremarre21 ($132.50 in chips)
Seat 6: db49 ($134.97 in chips)
Barremarre21: posts small blind $1
db49: posts big blind $3
*** HOLE CARDS ***
Barremarre21: raises $3 to $6
db49: raises $3 to $9
Barremarre21: calls $3
*** FLOP *** [2d 8h 6h]
db49: bets $3
Barremarre21: calls $3
*** TURN *** [2d 8h 6h] [8s]
db49: bets $6
Barremarre21: folds
Uncalled bet ($6) returned to db49
db49 collected $23.52 from pot
db49: doesn't show hand
*** SUMMARY ***
Total pot $24 | Rake $0.48
Board [2d 8h 6h 8s]
Seat 1: Barremarre21 (button) (small blind) folded on the Turn
Seat 6: db49 (big blind) collected ($23.52)


PokerStars Hand #148411048024:  Hold'em Limit ($3/$6 USD) - 2016/02/07 15:30:30 ET
Table 'Prokne' 6-max Seat #6 is the button
Seat 1: Barremarre21 ($141.50 in chips)
Seat 6: db49 ($126.33 in chips)
db49: posts small blind $1
Barremarre21: posts big blind $3
*** HOLE CARDS ***
db49: raises $3 to $6
Barremarre21: calls $3
*** FLOP *** [Ac 5c 6h]
Barremarre21: checks
db49: bets $3
Barremarre21: calls $3
*** TURN *** [Ac 5c 6h] [5h]
Barremarre21: checks
db49: checks
*** RIVER *** [Ac 5c 6h 5h] [Kd]
Barremarre21: checks
db49: bets $6
Barremarre21: folds
Uncalled bet ($6) returned to db49
db49 collected $17.64 from pot
db49: doesn't show hand
*** SUMMARY ***
Total pot $18 | Rake $0.36
Board [Ac 5c 6h 5h Kd]
Seat 1: Barremarre21 (big blind) folded on the River
Seat 6: db49 (button) (small blind) collected ($17.64)


PokerStars Hand #148411134516:  Hold'em Limit ($3/$6 USD) - 2016/02/07 15:31:42 ET
Table 'Prokne' 6-max Seat #1 is the button
Seat 1: Barremarre21 ($101.50 in chips)
Seat 6: db49 ($164.99 in chips)
Barremarre21: posts small blind $1
db49: posts big blind $3
*** HOLE CARDS ***
Barremarre21: folds
Uncalled bet ($2) returned to db49
db49 collected $2 from pot
db49: doesn't show hand
*** SUMMARY ***
Total pot $2 | Rake $0
Seat 1: Barremarre21 (button) (small blind) folded before Flop
Seat 6: db49 (big blind) collected ($2)


PokerStars Hand #148411125989:  Hold'em Limit ($3/$6 USD) - 2016/02/07 15:31:35 ET
Table 'Prokne' 6-max Seat #6 is the button
Seat 1: Barremarre21 ($104.50 in chips)
Seat 6: db49 ($161.99 in chips)
db49: posts small blind $1
Barremarre21: posts big blind $3
*** HOLE CARDS ***
db49: raises $3 to $6
Barremarre21: folds
Uncalled bet ($3) returned to db49
db49 collected $6 from pot
db49: doesn't show hand
*** SUMMARY ***
Total pot $6 | Rake $0
Seat 1: Barremarre21 (big blind) folded before Flop
Seat 6: db49 (button) (small blind) collected ($6)


PokerStars Hand #148411139596:  Hold'em Limit ($3/$6 USD) - 2016/02/07 15:31:47 ET
Table 'Prokne' 6-max Seat #6 is the button
Seat 1: Barremarre21 ($100.50 in chips)
Seat 6: db49 ($165.99 in chips)
db49: posts small blind $1
Barremarre21: posts big blind $3
*** HOLE CARDS ***
db49: raises $3 to $6
Barremarre21: calls $3
*** FLOP *** [Ks 2h Qc]
Barremarre21: checks
db49: bets $3
Barremarre21: folds
Uncalled bet ($3) returned to db49
db49 collected $11.76 from pot
db49: doesn't show hand
*** SUMMARY ***
Total pot $12 | Rake $0.24
Board [Ks 2h Qc]
Seat 1: Barremarre21 (big blind) folded on the Flop
Seat 6: db49 (button) (small blind) collected ($11.76)


PokerStars Hand #148411191116:  Hold'em Limit ($3/$6 USD) - 2016/02/07 15:32:29 ET
Table 'Prokne' 6-max Seat #1 is the button
Seat 1: Barremarre21 ($84.50 in chips)
Seat 6: db49 ($181.39 in chips)
Barremarre21: posts small blind $1
db49: posts big blind $3
*** HOLE CARDS ***
Barremarre21: folds
Uncalled bet ($2) returned to db49
db49 collected $2 from pot
db49: doesn't show hand
*** SUMMARY ***
Total pot $2 | Rake $0
Seat 1: Barremarre21 (button) (small blind) folded before Flop
Seat 6: db49 (big blind) collected ($2)


PokerStars Hand #148411185615:  Hold'em Limit ($3/$6 USD) - 2016/02/07 15:32:25 ET
Table 'Prokne' 6-max Seat #6 is the button
Seat 1: Barremarre21 ($83.50 in chips)
Seat 6: db49 ($182.39 in chips)
db49: posts small blind $1
Barremarre21: posts big blind $3
*** HOLE CARDS ***
db49: folds
Uncalled bet ($2) returned to Barremarre21
Barremarre21 collected $2 from pot
Barremarre21: doesn't show hand
*** SUMMARY ***
Total pot $2 | Rake $0
Seat 1: Barremarre21 (big blind) collected ($2)
Seat 6: db49 (button) (small blind) folded before Flop


PokerStars Hand #148411179959:  Hold'em Limit ($3/$6 USD) - 2016/02/07 15:32:20 ET
Table 'Prokne' 6-max Seat #1 is the button
Seat 1: Barremarre21 ($84.50 in chips)
Seat 6: db49 ($181.39 in chips)
Barremarre21: posts small blind $1
db49: posts big blind $3
*** HOLE CARDS ***
Barremarre21: folds
Uncalled bet ($2) returned to db49
db49 collected $2 from pot
db49: doesn't show hand
*** SUMMARY ***
Total pot $2 | Rake $0
Seat 1: Barremarre21 (button) (small blind) folded before Flop
Seat 6: db49 (big blind) collected ($2)


PokerStars Hand #148411160402:  Hold'em Limit ($3/$6 USD) - 2016/02/07 15:32:04 ET
Table 'Prokne' 6-max Seat #6 is the button
Seat 1: Barremarre21 ($93.50 in chips)
Seat 6: db49 ($172.75 in chips)
db49: posts small blind $1
Barremarre21: posts big blind $3
*** HOLE CARDS ***
db49: raises $3 to $6
Barremarre21: calls $3
*** FLOP *** [7s 5d 6d]
Barremarre21: checks
db49: bets $3
Barremarre21: calls $3
*** TURN *** [7s 5d 6d] [4s]
Barremarre21: checks
db49: bets $6
Barremarre21: folds
Uncalled bet ($6) returned to db49
db49 collected $17.64 from pot
db49: doesn't show hand
*** SUMMARY ***
Total pot $18 | Rake $0.36
Board [7s 5d 6d 4s]
Seat 1: Barremarre21 (big blind) folded on the Turn
Seat 6: db49 (button) (small blind) collected ($17.64)


PokerStars Hand #148411155263:  Hold'em Limit ($3/$6 USD) - 2016/02/07 15:32:00 ET
Table 'Prokne' 6-max Seat #1 is the button
Seat 1: Barremarre21 ($94.50 in chips)
Seat 6: db49 ($171.75 in chips)
Barremarre21: posts small blind $1
db49: posts big blind $3
*** HOLE CARDS ***
Barremarre21: folds
Uncalled bet ($2) returned to db49
db49 collected $2 from pot
db49: doesn't show hand
*** SUMMARY ***
Total pot $2 | Rake $0
Seat 1: Barremarre21 (button) (small blind) folded before Flop
Seat 6: db49 (big blind) collected ($2)


PokerStars Hand #148411267202:  Hold'em Limit ($3/$6 USD) - 2016/02/07 15:33:32 ET
Table 'Prokne' 6-max Seat #1 is the button
Seat 1: Barremarre21 ($60.50 in chips)
Seat 6: db49 ($204.67 in chips)
Barremarre21: posts small blind $1
db49: posts big blind $3
*** HOLE CARDS ***
Barremarre21: raises $3 to $6
db49: folds
Uncalled bet ($3) returned to Barremarre21
Barremarre21 collected $6 from pot
Barremarre21: doesn't show hand
*** SUMMARY ***
Total pot $6 | Rake $0
Seat 1: Barremarre21 (button) (small blind) collected ($6)
Seat 6: db49 (big blind) folded before Flop


PokerStars Hand #148411258168:  Hold'em Limit ($3/$6 USD) - 2016/02/07 15:33:25 ET
Table 'Prokne' 6-max Seat #6 is the button
Seat 1: Barremarre21 ($63.50 in chips)
Seat 6: db49 ($201.67 in chips)
db49: posts small blind $1
Barremarre21: posts big blind $3
*** HOLE CARDS ***
db49: raises $3 to $6
Barremarre21: folds
Uncalled bet ($3) returned to db49
db49 collected $6 from pot
db49: doesn't show hand
*** SUMMARY ***
Total pot $6 | Rake $0
Seat 1: Barremarre21 (big blind) folded before Flop
Seat 6: db49 (button) (small blind) collected ($6)


PokerStars Hand #148411253111:  Hold'em Limit ($3/$6 USD) - 2016/02/07 15:33:21 ET
Table 'Prokne' 6-max Seat #1 is the button
Seat 1: Barremarre21 ($64.50 in chips)
Seat 6: db49 ($200.67 in chips)
Barremarre21: posts small blind $1
db49: posts big blind $3
*** HOLE CARDS ***
Barremarre21: folds
Uncalled bet ($2) returned to db49
db49 collected $2 from pot
db49: doesn't show hand
*** SUMMARY ***
Total pot $2 | Rake $0
Seat 1: Barremarre21 (button) (small blind) folded before Flop
Seat 6: db49 (big blind) collected ($2)


PokerStars Hand #148411236184:  Hold'em Limit ($3/$6 USD) - 2016/02/07 15:33:07 ET
Table 'Prokne' 6-max Seat #6 is the button
Seat 1: Barremarre21 ($73.50 in chips)
Seat 6: db49 ($192.03 in chips)
db49: posts small blind $1
Barremarre21: posts big blind $3
*** HOLE CARDS ***
db49: raises $3 to $6
Barremarre21: calls $3
*** FLOP *** [Ts Ks 7s]
Barremarre21: checks
db49: bets $3
Barremarre21: calls $3
*** TURN *** [Ts Ks 7s] [Qs]
Barremarre21: checks
db49: bets $6
Barremarre21: folds
Uncalled bet ($6) returned to db49
db49 collected $17.64 from pot
db49: doesn't show hand
*** SUMMARY ***
Total pot $18 | Rake $0.36
Board [Ts Ks 7s Qs]
Seat 1: Barremarre21 (big blind) folded on the Turn
Seat 6: db49 (button) (small blind) collected ($17.64)


PokerStars Hand #148411231176:  Hold'em Limit ($3/$6 USD) - 2016/02/07 15:33:03 ET
Table 'Prokne' 6-max Seat #1 is the button
Seat 1: Barremarre21 ($74.50 in chips)
Seat 6: db49 ($191.03 in chips)
Barremarre21: posts small blind $1
db49: posts big blind $3
*** HOLE CARDS ***
Barremarre21: folds
Uncalled bet ($2) returned to db49
db49 collected $2 from pot
db49: doesn't show hand
*** SUMMARY ***
Total pot $2 | Rake $0
Seat 1: Barremarre21 (button) (small blind) folded before Flop
Seat 6: db49 (big blind) collected ($2)


PokerStars Hand #148411225702:  Hold'em Limit ($3/$6 USD) - 2016/02/07 15:32:58 ET
Table 'Prokne' 6-max Seat #6 is the button
Seat 1: Barremarre21 ($73.50 in chips)
Seat 6: db49 ($192.03 in chips)
db49: posts small blind $1
Barremarre21: posts big blind $3
*** HOLE CARDS ***
db49: folds
Uncalled bet ($2) returned to Barremarre21
Barremarre21 collected $2 from pot
Barremarre21: doesn't show hand
*** SUMMARY ***
Total pot $2 | Rake $0
Seat 1: Barremarre21 (big blind) collected ($2)
Seat 6: db49 (button) (small blind) folded before Flop


PokerStars Hand #148411220898:  Hold'em Limit ($3/$6 USD) - 2016/02/07 15:32:54 ET
Table 'Prokne' 6-max Seat #1 is the button
Seat 1: Barremarre21 ($74.50 in chips)
Seat 6: db49 ($191.03 in chips)
Barremarre21: posts small blind $1
db49: posts big blind $3
*** HOLE CARDS ***
Barremarre21: folds
Uncalled bet ($2) returned to db49
db49 collected $2 from pot
db49: doesn't show hand
*** SUMMARY ***
Total pot $2 | Rake $0
Seat 1: Barremarre21 (button) (small blind) folded before Flop
Seat 6: db49 (big blind) collected ($2)


PokerStars Hand #148411196433:  Hold'em Limit ($3/$6 USD) - 2016/02/07 15:32:33 ET
Table 'Prokne' 6-max Seat #6 is the button
Seat 1: Barremarre21 ($83.50 in chips)
Seat 6: db49 ($182.39 in chips)
db49: posts small blind $1
Barremarre21: posts big blind $3
*** HOLE CARDS ***
db49: raises $3 to $6
Barremarre21: calls $3
*** FLOP *** [4h 4d 3c]
Barremarre21: checks
db49: bets $3
Barremarre21: calls $3
*** TURN *** [4h 4d 3c] [7c]
Barremarre21: checks
db49: bets $6
Barremarre21: folds
Uncalled bet ($6) returned to db49
db49 collected $17.64 from pot
db49: doesn't show hand
*** SUMMARY ***
Total pot $18 | Rake $0.36
Board [4h 4d 3c 7c]
Seat 1: Barremarre21 (big blind) folded on the Turn
Seat 6: db49 (button) (small blind) collected ($17.64)


PokerStars Hand #148411339177:  Hold'em Limit ($3/$6 USD) - 2016/02/07 15:34:33 ET
Table 'Prokne' 6-max Seat #1 is the button
Seat 1: Barremarre21 ($33.50 in chips)
Seat 6: db49 ($231.17 in chips)
Barremarre21: posts small blind $1
db49: posts big blind $3
*** HOLE CARDS ***
Barremarre21: folds
Uncalled bet ($2) returned to db49
db49 collected $2 from pot
db49: doesn't show hand
*** SUMMARY ***
Total pot $2 | Rake $0
Seat 1: Barremarre21 (button) (small blind) folded before Flop
Seat 6: db49 (big blind) collected ($2)


PokerStars Hand #148411331183:  Hold'em Limit ($3/$6 USD) - 2016/02/07 15:34:26 ET
Table 'Prokne' 6-max Seat #6 is the button
Seat 1: Barremarre21 ($36.50 in chips)
Seat 6: db49 ($228.17 in chips)
db49: posts small blind $1
Barremarre21: posts big blind $3
*** HOLE CARDS ***
db49: raises $3 to $6
Barremarre21: folds
Uncalled bet ($3) returned to db49
db49 collected $6 from pot
db49: doesn't show hand
*** SUMMARY ***
Total pot $6 | Rake $0
Seat 1: Barremarre21 (big blind) folded before Flop
Seat 6: db49 (button) (small blind) collected ($6)


PokerStars Hand #148411323241:  Hold'em Limit ($3/$6 USD) - 2016/02/07 15:34:19 ET
Table 'Prokne' 6-max Seat #1 is the button
Seat 1: Barremarre21 ($33.50 in chips)
Seat 6: db49 ($231.17 in chips)
Barremarre21: posts small blind $1
db49: posts big blind $3
*** HOLE CARDS ***
Barremarre21: raises $3 to $6
db49: folds
Uncalled bet ($3) returned to Barremarre21
Barremarre21 collected $6 from pot
Barremarre21: doesn't show hand
*** SUMMARY ***
Total pot $6 | Rake $0
Seat 1: Barremarre21 (button) (small blind) collected ($6)
Seat 6: db49 (big blind) folded before Flop


PokerStars Hand #148411273668:  Hold'em Limit ($3/$6 USD) - 2016/02/07 15:33:38 ET
Table 'Prokne' 6-max Seat #6 is the button
Seat 1: Barremarre21 ($63.50 in chips)
Seat 6: db49 ($201.67 in chips)
db49: posts small blind $1
Barremarre21: posts big blind $3
*** HOLE CARDS ***
db49: raises $3 to $6
Barremarre21: calls $3
*** FLOP *** [7h 8d 3d]
Barremarre21: checks
db49: bets $3
Barremarre21: raises $3 to $6
db49: calls $3
*** TURN *** [7h 8d 3d] [4c]
Barremarre21: bets $6
db49: raises $6 to $12
Barremarre21: calls $6
*** RIVER *** [7h 8d 3d 4c] [9h]
Barremarre21: checks
db49: bets $6
Barremarre21: calls $6
*** SHOW DOWN ***
db49: shows [6s 5h] (a straight, Five to Nine)
Barremarre21: mucks hand
db49 collected $59.50 from pot
*** SUMMARY ***
Total pot $60 | Rake $0.50
Board [7h 8d 3d 4c 9h]
Seat 1: Barremarre21 (big blind) mucked
Seat 6: db49 (button) (small blind) showed [6s 5h] and won ($59.50) with a straight, Five to Nine


PokerStars Hand #148411346287:  Hold'em Limit ($3/$6 USD) - 2016/02/07 15:34:39 ET
Table 'Prokne' 6-max Seat #6 is the button
Seat 1: Barremarre21 ($32.50 in chips)
Seat 6: db49 ($232.17 in chips)
db49: posts small blind $1
Barremarre21: posts big blind $3
*** HOLE CARDS ***
db49: raises $3 to $6
Barremarre21: calls $3
*** FLOP *** [Kh 6c 5h]
Barremarre21: checks
db49: bets $3
Barremarre21: folds
Uncalled bet ($3) returned to db49
db49 collected $11.76 from pot
db49: doesn't show hand
*** SUMMARY ***
Total pot $12 | Rake $0.24
Board [Kh 6c 5h]
Seat 1: Barremarre21 (big blind) folded on the Flop
Seat 6: db49 (button) (small blind) collected ($11.76)


PokerStars Hand #148411358381:  Hold'em Limit ($3/$6 USD) - 2016/02/07 15:34:49 ET
Table 'Prokne' 6-max Seat #1 is the button
Seat 1: Barremarre21 ($26.50 in chips)
Seat 6: db49 ($237.93 in chips)
Barremarre21: posts small blind $1
db49: posts big blind $3
*** HOLE CARDS ***
Barremarre21: folds
Uncalled bet ($2) returned to db49
db49 collected $2 from pot
db49: doesn't show hand
Murrrr_@T joins the table at seat #2
*** SUMMARY ***
Total pot $2 | Rake $0
Seat 1: Barremarre21 (button) (small blind) folded before Flop
Seat 6: db49 (big blind) collected ($2)


PokerStars Hand #148411363729:  Hold'em Limit ($3/$6 USD) - 2016/02/07 15:34:53 ET
Table 'Prokne' 6-max Seat #6 is the button
Seat 1: Barremarre21 ($25.50 in chips)
Seat 6: db49 ($238.93 in chips)
db49: posts small blind $1
Barremarre21: posts big blind $3
*** HOLE CARDS ***
db49: raises $3 to $6
Barremarre21: calls $3
*** FLOP *** [Kh Jh 8h]
Barremarre21: checks
db49: bets $3
Barremarre21: folds
Uncalled bet ($3) returned to db49
db49 collected $11.76 from pot
db49: doesn't show hand
*** SUMMARY ***
Total pot $12 | Rake $0.24
Board [Kh Jh 8h]
Seat 1: Barremarre21 (big blind) folded on the Flop
Seat 6: db49 (button) (small blind) collected ($11.76)


PokerStars Hand #148411472225:  Hold'em Limit ($3/$6 USD) - 2016/02/07 15:36:24 ET
Table 'Prokne' 6-max Seat #6 is the button
Seat 2: Murrrr_@T ($126.25 in chips)
Seat 6: db49 ($254.97 in chips)
JayEm82 will be allowed to play after the button
db49: posts small blind $1
Murrrr_@T: posts big blind $3
*** HOLE CARDS ***
db49: raises $3 to $6
Murrrr_@T: calls $3
*** FLOP *** [8c Jc 7h]
Murrrr_@T: checks
Barremarre21 leaves the table
db49: bets $3
Murrrr_@T: calls $3
*** TURN *** [8c Jc 7h] [Js]
Murrrr_@T: checks
db49: bets $6
Murrrr_@T: folds
Uncalled bet ($6) returned to db49
db49 collected $17.64 from pot
db49: doesn't show hand
*** SUMMARY ***
Total pot $18 | Rake $0.36
Board [8c Jc 7h Js]
Seat 2: Murrrr_@T (big blind) folded on the Turn
Seat 6: db49 (button) (small blind) collected ($17.64)


PokerStars Hand #148411604781:  Hold'em Limit ($3/$6 USD) - 2016/02/07 15:38:17 ET
Table 'Prokne' 6-max Seat #6 is the button
Seat 3: JayEm82 ($93 in chips)
Seat 6: db49 ($286.17 in chips)
db49: posts small blind $1
JayEm82: posts big blind $3
*** HOLE CARDS ***
db49: raises $3 to $6
JayEm82: raises $3 to $9
db49: calls $3
*** FLOP *** [8d Js 5s]
JayEm82: bets $3
db49: folds
Uncalled bet ($3) returned to JayEm82
JayEm82 collected $17.64 from pot
JayEm82: doesn't show hand
*** SUMMARY ***
Total pot $18 | Rake $0.36
Board [8d Js 5s]
Seat 3: JayEm82 (big blind) collected ($17.64)
Seat 6: db49 (button) (small blind) folded on the Flop


PokerStars Hand #148411596373:  Hold'em Limit ($3/$6 USD) - 2016/02/07 15:38:10 ET
Table 'Prokne' 6-max Seat #3 is the button
Seat 3: JayEm82 ($94 in chips)
Seat 6: db49 ($285.17 in chips)
JayEm82: posts small blind $1
db49: posts big blind $3
*** HOLE CARDS ***
JayEm82: folds
Uncalled bet ($2) returned to db49
db49 collected $2 from pot
db49: doesn't show hand
*** SUMMARY ***
Total pot $2 | Rake $0
Seat 3: JayEm82 (button) (small blind) folded before Flop
Seat 6: db49 (big blind) collected ($2)


PokerStars Hand #148411590934:  Hold'em Limit ($3/$6 USD) - 2016/02/07 15:38:05 ET
Table 'Prokne' 6-max Seat #6 is the button
Seat 3: JayEm82 ($93 in chips)
Seat 6: db49 ($286.17 in chips)
db49: posts small blind $1
Murrrr_@T: is sitting out
JayEm82: posts big blind $3
*** HOLE CARDS ***
db49: folds
Uncalled bet ($2) returned to JayEm82
JayEm82 collected $2 from pot
JayEm82: doesn't show hand
*** SUMMARY ***
Total pot $2 | Rake $0
Seat 3: JayEm82 (big blind) collected ($2)
Seat 6: db49 (button) (small blind) folded before Flop


