PokerStars Hand #169864756774:  Hold'em Limit ($3/$6 USD) - 2017/05/02 15:01:49 ET
Table 'Propus' 6-max Seat #4 is the button
Seat 3: SEVER4815 ($120 in chips)
Seat 4: kolaz03 ($72 in chips)
kolaz03: posts small blind $1
SEVER4815: posts big blind $3
*** HOLE CARDS ***
kolaz03: raises $3 to $6
SEVER4815: calls $3
*** FLOP *** [9s Th 2d]
SEVER4815: checks
kolaz03: bets $3
SEVER4815: calls $3
*** TURN *** [9s Th 2d] [2c]
SEVER4815: checks
kolaz03: bets $6
SEVER4815: folds
Uncalled bet ($6) returned to kolaz03
kolaz03 collected $17.64 from pot
kolaz03: doesn't show hand
*** SUMMARY ***
Total pot $18 | Rake $0.36
Board [9s Th 2d 2c]
Seat 3: SEVER4815 (big blind) folded on the Turn
Seat 4: kolaz03 (button) (small blind) collected ($17.64)


PokerStars Hand #169864770272:  Hold'em Limit ($3/$6 USD) - 2017/05/02 15:02:07 ET
Table 'Propus' 6-max Seat #3 is the button
Seat 3: SEVER4815 ($111 in chips)
Seat 4: kolaz03 ($80.64 in chips)
SEVER4815: posts small blind $1
kolaz03: posts big blind $3
*** HOLE CARDS ***
SEVER4815: folds
Uncalled bet ($2) returned to kolaz03
kolaz03 collected $2 from pot
kolaz03: doesn't show hand
*** SUMMARY ***
Total pot $2 | Rake $0
Seat 3: SEVER4815 (button) (small blind) folded before Flop
Seat 4: kolaz03 (big blind) collected ($2)


PokerStars Hand #169864830771:  Hold'em Limit ($3/$6 USD) - 2017/05/02 15:03:24 ET
Table 'Propus' 6-max Seat #4 is the button
Seat 3: SEVER4815 ($142.02 in chips)
Seat 4: kolaz03 ($72 in chips)
kolaz03: posts small blind $1
SEVER4815: posts big blind $3
*** HOLE CARDS ***
kolaz03: raises $3 to $6
SEVER4815: raises $3 to $9
kolaz03: calls $3
*** FLOP *** [8c 9c 3c]
SEVER4815: bets $3
kolaz03: calls $3
*** TURN *** [8c 9c 3c] [Ts]
SEVER4815: checks
kolaz03: checks
*** RIVER *** [8c 9c 3c Ts] [Qd]
SEVER4815: checks
kolaz03: checks
*** SHOW DOWN ***
SEVER4815: shows [Kh 3h] (a pair of Threes)
kolaz03: mucks hand
SEVER4815 collected $23.52 from pot
*** SUMMARY ***
Total pot $24 | Rake $0.48
Board [8c 9c 3c Ts Qd]
Seat 3: SEVER4815 (big blind) showed [Kh 3h] and won ($23.52) with a pair of Threes
Seat 4: kolaz03 (button) (small blind) mucked


PokerStars Hand #169864773835:  Hold'em Limit ($3/$6 USD) - 2017/05/02 15:02:12 ET
Table 'Propus' 6-max Seat #4 is the button
Seat 3: SEVER4815 ($110 in chips)
Seat 4: kolaz03 ($81.64 in chips)
kolaz03: posts small blind $1
SEVER4815: posts big blind $3
*** HOLE CARDS ***
kolaz03: raises $3 to $6
SEVER4815: raises $3 to $9
kolaz03: calls $3
*** FLOP *** [Jc 5h 7c]
SEVER4815: checks
kolaz03: checks
*** TURN *** [Jc 5h 7c] [8h]
SEVER4815: bets $6
kolaz03: calls $6
*** RIVER *** [Jc 5h 7c 8h] [4s]
SEVER4815: checks
kolaz03: bets $6
SEVER4815: calls $6
*** SHOW DOWN ***
kolaz03: shows [Tc Qs] (high card Queen)
SEVER4815: shows [8s Ts] (a pair of Eights)
SEVER4815 collected $41.50 from pot
*** SUMMARY ***
Total pot $42 | Rake $0.50
Board [Jc 5h 7c 8h 4s]
Seat 3: SEVER4815 (big blind) showed [8s Ts] and won ($41.50) with a pair of Eights
Seat 4: kolaz03 (button) (small blind) showed [Tc Qs] and lost with high card Queen


PokerStars Hand #169864817883:  Hold'em Limit ($3/$6 USD) - 2017/05/02 15:03:08 ET
Table 'Propus' 6-max Seat #3 is the button
Seat 3: SEVER4815 ($130.50 in chips)
Seat 4: kolaz03 ($72 in chips)
SEVER4815: posts small blind $1
kolaz03: posts big blind $3
*** HOLE CARDS ***
SEVER4815: raises $3 to $6
kolaz03: raises $3 to $9
SEVER4815: calls $3
*** FLOP *** [5d Qd Qs]
kolaz03: bets $3
SEVER4815: calls $3
*** TURN *** [5d Qd Qs] [5c]
kolaz03: checks
SEVER4815: bets $6
kolaz03: folds
Uncalled bet ($6) returned to SEVER4815
SEVER4815 collected $23.52 from pot
SEVER4815: doesn't show hand
*** SUMMARY ***
Total pot $24 | Rake $0.48
Board [5d Qd Qs 5c]
Seat 3: SEVER4815 (button) (small blind) collected ($23.52)
Seat 4: kolaz03 (big blind) folded on the Turn


PokerStars Hand #169864846825:  Hold'em Limit ($3/$6 USD) - 2017/05/02 15:03:45 ET
Table 'Propus' 6-max Seat #3 is the button
Seat 3: SEVER4815 ($153.54 in chips)
Seat 4: kolaz03 ($72 in chips)
SEVER4815: posts small blind $1
kolaz03: posts big blind $3
*** HOLE CARDS ***
SEVER4815: raises $3 to $6
Jack_Wu1985 joins the table at seat #6
kolaz03: raises $3 to $9
SEVER4815: calls $3
*** FLOP *** [3s Jd 3h]
kolaz03: bets $3
SEVER4815: calls $3
*** TURN *** [3s Jd 3h] [9c]
kolaz03: bets $6
SEVER4815: calls $6
*** RIVER *** [3s Jd 3h 9c] [Qd]
kolaz03: bets $6
SEVER4815: calls $6
*** SHOW DOWN ***
kolaz03: shows [7c Tc] (a pair of Threes)
SEVER4815: shows [Ad Th] (a pair of Threes - Ace kicker)
SEVER4815 collected $47.50 from pot
*** SUMMARY ***
Total pot $48 | Rake $0.50
Board [3s Jd 3h 9c Qd]
Seat 3: SEVER4815 (button) (small blind) showed [Ad Th] and won ($47.50) with a pair of Threes
Seat 4: kolaz03 (big blind) showed [7c Tc] and lost with a pair of Threes


PokerStars Hand #169864885085:  Hold'em Limit ($3/$6 USD) - 2017/05/02 15:04:34 ET
Table 'Propus' 6-max Seat #6 is the button
Seat 4: kolaz03 ($72 in chips)
Seat 6: Jack_Wu1985 ($135.10 in chips)
Jack_Wu1985: posts small blind $1
SEVER4815 leaves the table
kolaz03: posts big blind $3
*** HOLE CARDS ***
Jack_Wu1985: raises $3 to $6
kolaz03: calls $3
*** FLOP *** [Ts 2c Qc]
kolaz03: checks
Jack_Wu1985: bets $3
kolaz03: calls $3
*** TURN *** [Ts 2c Qc] [2h]
kolaz03: checks
Jack_Wu1985: bets $6
kolaz03: calls $6
*** RIVER *** [Ts 2c Qc 2h] [Jh]
kolaz03: checks
Jack_Wu1985: bets $6
kolaz03: folds
Uncalled bet ($6) returned to Jack_Wu1985
Jack_Wu1985 collected $29.50 from pot
SEVER4815 joins the table at seat #3
Jack_Wu1985: doesn't show hand
*** SUMMARY ***
Total pot $30 | Rake $0.50
Board [Ts 2c Qc 2h Jh]
Seat 4: kolaz03 (big blind) folded on the River
Seat 6: Jack_Wu1985 (button) (small blind) collected ($29.50)


PokerStars Hand #169865293939:  Hold'em Limit ($3/$6 USD) - 2017/05/02 15:13:09 ET
Table 'Propus' 6-max Seat #4 is the button
Seat 4: kolaz03 ($72 in chips)
Seat 6: Jack_Wu1985 ($206.71 in chips)
kolaz03: posts small blind $1
Jack_Wu1985: posts big blind $3
*** HOLE CARDS ***
SEVER4815 leaves the table
kolaz03: raises $3 to $6
Jack_Wu1985: folds
Uncalled bet ($3) returned to kolaz03
kolaz03 collected $6 from pot
kolaz03: doesn't show hand
*** SUMMARY ***
Total pot $6 | Rake $0
Seat 4: kolaz03 (button) (small blind) collected ($6)
Seat 6: Jack_Wu1985 (big blind) folded before Flop


