PokerStars Hand #160888375046:  Hold'em Limit ($3/$6 USD) - 2016/11/04 11:43:22 ET
Table 'Propus III' 6-max Seat #3 is the button
Seat 3: llmaiconll ($100.52 in chips)
Seat 4: VolkovDmitri ($120 in chips)
llmaiconll: posts small blind $1
VolkovDmitri: posts big blind $3
*** HOLE CARDS ***
llmaiconll: raises $3 to $6
VolkovDmitri: raises $3 to $9
llmaiconll: calls $3
*** FLOP *** [Ah 4s 5c]
VolkovDmitri: bets $3
llmaiconll: raises $3 to $6
VolkovDmitri: calls $3
*** TURN *** [Ah 4s 5c] [6c]
VolkovDmitri: checks
llmaiconll: bets $6
VolkovDmitri: folds
Uncalled bet ($6) returned to llmaiconll
llmaiconll collected $29.50 from pot
llmaiconll: doesn't show hand
*** SUMMARY ***
Total pot $30 | Rake $0.50
Board [Ah 4s 5c 6c]
Seat 3: llmaiconll (button) (small blind) collected ($29.50)
Seat 4: VolkovDmitri (big blind) folded on the Turn


PokerStars Hand #160888405005:  Hold'em Limit ($3/$6 USD) - 2016/11/04 11:44:05 ET
Table 'Propus III' 6-max Seat #4 is the button
Seat 3: llmaiconll ($115.02 in chips)
Seat 4: VolkovDmitri ($120 in chips)
VolkovDmitri: posts small blind $1
llmaiconll: posts big blind $3
*** HOLE CARDS ***
VolkovDmitri: raises $3 to $6
llmaiconll: calls $3
*** FLOP *** [Ks 8d 5d]
llmaiconll: checks
VolkovDmitri: bets $3
llmaiconll: folds
Uncalled bet ($3) returned to VolkovDmitri
VolkovDmitri collected $11.76 from pot
VolkovDmitri: doesn't show hand
*** SUMMARY ***
Total pot $12 | Rake $0.24
Board [Ks 8d 5d]
Seat 3: llmaiconll (big blind) folded on the Flop
Seat 4: VolkovDmitri (button) (small blind) collected ($11.76)


PokerStars Hand #160888419286:  Hold'em Limit ($3/$6 USD) - 2016/11/04 11:44:25 ET
Table 'Propus III' 6-max Seat #3 is the button
Seat 3: llmaiconll ($109.02 in chips)
Seat 4: VolkovDmitri ($125.76 in chips)
llmaiconll: posts small blind $1
VolkovDmitri: posts big blind $3
*** HOLE CARDS ***
llmaiconll: folds
Uncalled bet ($2) returned to VolkovDmitri
VolkovDmitri collected $2 from pot
VolkovDmitri: doesn't show hand
*** SUMMARY ***
Total pot $2 | Rake $0
Seat 3: llmaiconll (button) (small blind) folded before Flop
Seat 4: VolkovDmitri (big blind) collected ($2)


PokerStars Hand #160888423148:  Hold'em Limit ($3/$6 USD) - 2016/11/04 11:44:31 ET
Table 'Propus III' 6-max Seat #4 is the button
Seat 3: llmaiconll ($108.02 in chips)
Seat 4: VolkovDmitri ($126.76 in chips)
VolkovDmitri: posts small blind $1
llmaiconll: posts big blind $3
*** HOLE CARDS ***
VolkovDmitri: raises $3 to $6
llmaiconll: calls $3
*** FLOP *** [7c 9d 9c]
llmaiconll: checks
VolkovDmitri: bets $3
llmaiconll: folds
Uncalled bet ($3) returned to VolkovDmitri
VolkovDmitri collected $11.76 from pot
VolkovDmitri: doesn't show hand
*** SUMMARY ***
Total pot $12 | Rake $0.24
Board [7c 9d 9c]
Seat 3: llmaiconll (big blind) folded on the Flop
Seat 4: VolkovDmitri (button) (small blind) collected ($11.76)


PokerStars Hand #160888438885:  Hold'em Limit ($3/$6 USD) - 2016/11/04 11:44:53 ET
Table 'Propus III' 6-max Seat #3 is the button
Seat 3: llmaiconll ($102.02 in chips)
Seat 4: VolkovDmitri ($132.52 in chips)
llmaiconll: posts small blind $1
VolkovDmitri: posts big blind $3
*** HOLE CARDS ***
llmaiconll: raises $3 to $6
VolkovDmitri: folds
Uncalled bet ($3) returned to llmaiconll
llmaiconll collected $6 from pot
*** SUMMARY ***
Total pot $6 | Rake $0
Seat 3: llmaiconll (button) (small blind) collected ($6)
Seat 4: VolkovDmitri (big blind) folded before Flop


PokerStars Hand #160888445676:  Hold'em Limit ($3/$6 USD) - 2016/11/04 11:45:03 ET
Table 'Propus III' 6-max Seat #4 is the button
Seat 3: llmaiconll ($105.02 in chips)
Seat 4: VolkovDmitri ($129.52 in chips)
VolkovDmitri: posts small blind $1
llmaiconll: posts big blind $3
*** HOLE CARDS ***
VolkovDmitri: raises $3 to $6
llmaiconll: folds
Uncalled bet ($3) returned to VolkovDmitri
VolkovDmitri collected $6 from pot
VolkovDmitri: doesn't show hand
*** SUMMARY ***
Total pot $6 | Rake $0
Seat 3: llmaiconll (big blind) folded before Flop
Seat 4: VolkovDmitri (button) (small blind) collected ($6)


PokerStars Hand #160888450640:  Hold'em Limit ($3/$6 USD) - 2016/11/04 11:45:10 ET
Table 'Propus III' 6-max Seat #3 is the button
Seat 3: llmaiconll ($102.02 in chips)
Seat 4: VolkovDmitri ($132.52 in chips)
llmaiconll: posts small blind $1
VolkovDmitri: posts big blind $3
*** HOLE CARDS ***
llmaiconll: raises $3 to $6
VolkovDmitri: calls $3
*** FLOP *** [8d Js 3s]
VolkovDmitri: checks
llmaiconll: bets $3
VolkovDmitri: folds
Uncalled bet ($3) returned to llmaiconll
llmaiconll collected $11.76 from pot
llmaiconll: doesn't show hand
*** SUMMARY ***
Total pot $12 | Rake $0.24
Board [8d Js 3s]
Seat 3: llmaiconll (button) (small blind) collected ($11.76)
Seat 4: VolkovDmitri (big blind) folded on the Flop


PokerStars Hand #160888466822:  Hold'em Limit ($3/$6 USD) - 2016/11/04 11:45:33 ET
Table 'Propus III' 6-max Seat #4 is the button
Seat 3: llmaiconll ($107.78 in chips)
Seat 4: VolkovDmitri ($126.52 in chips)
VolkovDmitri: posts small blind $1
llmaiconll: posts big blind $3
*** HOLE CARDS ***
VolkovDmitri: raises $3 to $6
llmaiconll: calls $3
*** FLOP *** [Qd 9c Tc]
llmaiconll: checks
VolkovDmitri: bets $3
llmaiconll: calls $3
*** TURN *** [Qd 9c Tc] [7s]
llmaiconll: checks
VolkovDmitri: bets $6
llmaiconll: calls $6
*** RIVER *** [Qd 9c Tc 7s] [Qs]
llmaiconll: checks
VolkovDmitri: bets $6
llmaiconll: calls $6
*** SHOW DOWN ***
VolkovDmitri: shows [Js Jh] (two pair, Queens and Jacks)
llmaiconll: mucks hand
VolkovDmitri collected $41.50 from pot
*** SUMMARY ***
Total pot $42 | Rake $0.50
Board [Qd 9c Tc 7s Qs]
Seat 3: llmaiconll (big blind) mucked
Seat 4: VolkovDmitri (button) (small blind) showed [Js Jh] and won ($41.50) with two pair, Queens and Jacks


PokerStars Hand #160888489358:  Hold'em Limit ($3/$6 USD) - 2016/11/04 11:46:05 ET
Table 'Propus III' 6-max Seat #3 is the button
Seat 3: llmaiconll ($86.78 in chips)
Seat 4: VolkovDmitri ($147.02 in chips)
llmaiconll: posts small blind $1
VolkovDmitri: posts big blind $3
*** HOLE CARDS ***
llmaiconll: raises $3 to $6
VolkovDmitri: raises $3 to $9
llmaiconll: raises $3 to $12
Betting is capped
VolkovDmitri: calls $3
*** FLOP *** [5h 8c 2h]
VolkovDmitri: bets $3
llmaiconll: raises $3 to $6
VolkovDmitri: calls $3
*** TURN *** [5h 8c 2h] [Th]
VolkovDmitri: checks
llmaiconll: bets $6
VolkovDmitri: calls $6
*** RIVER *** [5h 8c 2h Th] [As]
VolkovDmitri: checks
llmaiconll: bets $6
VolkovDmitri: calls $6
*** SHOW DOWN ***
llmaiconll: shows [3c Ac] (a pair of Aces)
VolkovDmitri: mucks hand
llmaiconll collected $59.50 from pot
*** SUMMARY ***
Total pot $60 | Rake $0.50
Board [5h 8c 2h Th As]
Seat 3: llmaiconll (button) (small blind) showed [3c Ac] and won ($59.50) with a pair of Aces
Seat 4: VolkovDmitri (big blind) mucked


PokerStars Hand #160888556980:  Hold'em Limit ($3/$6 USD) - 2016/11/04 11:47:41 ET
Table 'Propus III' 6-max Seat #3 is the button
Seat 3: llmaiconll ($113.28 in chips)
Seat 4: VolkovDmitri ($123 in chips)
llmaiconll: posts small blind $1
VolkovDmitri: posts big blind $3
*** HOLE CARDS ***
llmaiconll: folds
Uncalled bet ($2) returned to VolkovDmitri
VolkovDmitri collected $2 from pot
VolkovDmitri: doesn't show hand
*** SUMMARY ***
Total pot $2 | Rake $0
Seat 3: llmaiconll (button) (small blind) folded before Flop
Seat 4: VolkovDmitri (big blind) collected ($2)


PokerStars Hand #160888548169:  Hold'em Limit ($3/$6 USD) - 2016/11/04 11:47:28 ET
Table 'Propus III' 6-max Seat #4 is the button
Seat 3: llmaiconll ($116.28 in chips)
Seat 4: VolkovDmitri ($120 in chips)
VolkovDmitri: posts small blind $1
llmaiconll: posts big blind $3
*** HOLE CARDS ***
VolkovDmitri said, "slow"
VolkovDmitri: raises $3 to $6
llmaiconll: folds
Uncalled bet ($3) returned to VolkovDmitri
VolkovDmitri collected $6 from pot
VolkovDmitri: doesn't show hand
*** SUMMARY ***
Total pot $6 | Rake $0
Seat 3: llmaiconll (big blind) folded before Flop
Seat 4: VolkovDmitri (button) (small blind) collected ($6)


PokerStars Hand #160888561678:  Hold'em Limit ($3/$6 USD) - 2016/11/04 11:47:48 ET
Table 'Propus III' 6-max Seat #4 is the button
Seat 3: llmaiconll ($112.28 in chips)
Seat 4: VolkovDmitri ($124 in chips)
VolkovDmitri: posts small blind $1
llmaiconll: posts big blind $3
*** HOLE CARDS ***
VolkovDmitri: raises $3 to $6
llmaiconll: calls $3
*** FLOP *** [3h 9s Qh]
llmaiconll: bets $3
VolkovDmitri: raises $3 to $6
llmaiconll: calls $3
*** TURN *** [3h 9s Qh] [Ad]
llmaiconll: checks
VolkovDmitri: checks
*** RIVER *** [3h 9s Qh Ad] [Qs]
llmaiconll: checks
VolkovDmitri: checks
*** SHOW DOWN ***
llmaiconll: shows [9h 7d] (two pair, Queens and Nines)
VolkovDmitri: mucks hand
llmaiconll collected $23.52 from pot
*** SUMMARY ***
Total pot $24 | Rake $0.48
Board [3h 9s Qh Ad Qs]
Seat 3: llmaiconll (big blind) showed [9h 7d] and won ($23.52) with two pair, Queens and Nines
Seat 4: VolkovDmitri (button) (small blind) mucked


PokerStars Hand #160888581689:  Hold'em Limit ($3/$6 USD) - 2016/11/04 11:48:16 ET
Table 'Propus III' 6-max Seat #3 is the button
Seat 3: llmaiconll ($123.80 in chips)
Seat 4: VolkovDmitri ($120 in chips)
llmaiconll: posts small blind $1
VolkovDmitri: posts big blind $3
*** HOLE CARDS ***
llmaiconll: calls $2
VolkovDmitri: raises $3 to $6
llmaiconll: calls $3
*** FLOP *** [5d 7s 4d]
VolkovDmitri: bets $3
llmaiconll: calls $3
*** TURN *** [5d 7s 4d] [Td]
VolkovDmitri: bets $6
llmaiconll: calls $6
*** RIVER *** [5d 7s 4d Td] [8h]
VolkovDmitri: bets $6
llmaiconll: calls $6
*** SHOW DOWN ***
VolkovDmitri: shows [6d 7h] (a straight, Four to Eight)
llmaiconll: mucks hand
VolkovDmitri collected $41.50 from pot
*** SUMMARY ***
Total pot $42 | Rake $0.50
Board [5d 7s 4d Td 8h]
Seat 3: llmaiconll (button) (small blind) mucked
Seat 4: VolkovDmitri (big blind) showed [6d 7h] and won ($41.50) with a straight, Four to Eight


PokerStars Hand #160888600792:  Hold'em Limit ($3/$6 USD) - 2016/11/04 11:48:43 ET
Table 'Propus III' 6-max Seat #4 is the button
Seat 3: llmaiconll ($102.80 in chips)
Seat 4: VolkovDmitri ($140.50 in chips)
VolkovDmitri: posts small blind $1
llmaiconll: posts big blind $3
*** HOLE CARDS ***
VolkovDmitri: raises $3 to $6
llmaiconll: raises $3 to $9
VolkovDmitri: raises $3 to $12
Betting is capped
llmaiconll: calls $3
*** FLOP *** [3d 6h Ac]
llmaiconll: bets $3
VolkovDmitri: calls $3
*** TURN *** [3d 6h Ac] [9d]
llmaiconll: bets $6
VolkovDmitri: raises $6 to $12
vitamin168 joins the table at seat #5
llmaiconll: folds
Uncalled bet ($6) returned to VolkovDmitri
VolkovDmitri collected $41.50 from pot
VolkovDmitri: doesn't show hand
*** SUMMARY ***
Total pot $42 | Rake $0.50
Board [3d 6h Ac 9d]
Seat 3: llmaiconll (big blind) folded on the Turn
Seat 4: VolkovDmitri (button) (small blind) collected ($41.50)


PokerStars Hand #160888618724:  Hold'em Limit ($3/$6 USD) - 2016/11/04 11:49:08 ET
Table 'Propus III' 6-max Seat #3 is the button
Seat 3: llmaiconll ($81.80 in chips)
Seat 4: VolkovDmitri ($161 in chips)
llmaiconll: posts small blind $1
VolkovDmitri: posts big blind $3
*** HOLE CARDS ***
llmaiconll: folds
Uncalled bet ($2) returned to VolkovDmitri
VolkovDmitri collected $2 from pot
VolkovDmitri: doesn't show hand
*** SUMMARY ***
Total pot $2 | Rake $0
Seat 3: llmaiconll (button) (small blind) folded before Flop
Seat 4: VolkovDmitri (big blind) collected ($2)


