PokerStars Hand #157716863370:  Hold'em Limit ($3/$6 USD) - 2016/08/25 8:55:00 ET
Table 'Prospero' 6-max Seat #3 is the button
Seat 3: simper11 ($120 in chips)
Seat 6: Kikken ($158.26 in chips)
simper11: posts small blind $1
Kikken: posts big blind $3
*** HOLE CARDS ***
simper11: folds
Uncalled bet ($2) returned to Kikken
Kikken collected $2 from pot
Kikken: doesn't show hand
*** SUMMARY ***
Total pot $2 | Rake $0
Seat 3: simper11 (button) (small blind) folded before Flop
Seat 6: Kikken (big blind) collected ($2)


PokerStars Hand #157716836847:  Hold'em Limit ($3/$6 USD) - 2016/08/25 8:54:07 ET
Table 'Prospero' 6-max Seat #6 is the button
Seat 3: simper11 ($120 in chips)
Seat 6: Kikken ($120 in chips)
Kikken: posts small blind $1
simper11: posts big blind $3
*** HOLE CARDS ***
Kikken: folds
Uncalled bet ($2) returned to simper11
Agrotait leaves the table
simper11 collected $2 from pot
simper11: doesn't show hand
*** SUMMARY ***
Total pot $2 | Rake $0
Seat 3: simper11 (big blind) collected ($2)
Seat 6: Kikken (button) (small blind) folded before Flop


PokerStars Hand #157716858223:  Hold'em Limit ($3/$6 USD) - 2016/08/25 8:54:50 ET
Table 'Prospero' 6-max Seat #6 is the button
Seat 3: simper11 ($120 in chips)
Seat 6: Kikken ($152.50 in chips)
Kikken: posts small blind $1
simper11: posts big blind $3
*** HOLE CARDS ***
Kikken: raises $3 to $6
Pelurile joins the table at seat #1
simper11: calls $3
*** FLOP *** [4d Ts Qh]
simper11: checks
Kikken: bets $3
simper11: folds
Uncalled bet ($3) returned to Kikken
Kikken collected $11.76 from pot
Kikken: doesn't show hand
*** SUMMARY ***
Total pot $12 | Rake $0.24
Board [4d Ts Qh]
Seat 3: simper11 (big blind) folded on the Flop
Seat 6: Kikken (button) (small blind) collected ($11.76)


PokerStars Hand #157716849238:  Hold'em Limit ($3/$6 USD) - 2016/08/25 8:54:32 ET
Table 'Prospero' 6-max Seat #3 is the button
Seat 3: simper11 ($120 in chips)
Seat 6: Kikken ($123 in chips)
simper11: posts small blind $1
Kikken: posts big blind $3
*** HOLE CARDS ***
simper11: raises $3 to $6
Kikken: raises $3 to $9
simper11: calls $3
*** FLOP *** [8c Tc 5s]
Kikken: bets $3
simper11: calls $3
*** TURN *** [8c Tc 5s] [7d]
Kikken: bets $6
simper11: raises $6 to $12
Kikken: calls $6
*** RIVER *** [8c Tc 5s 7d] [6s]
Kikken: checks
simper11: bets $6
Kikken: calls $6
*** SHOW DOWN ***
simper11: shows [Jh Qh] (high card Queen)
Kikken: shows [Ks Ah] (high card Ace)
Kikken collected $59.50 from pot
*** SUMMARY ***
Total pot $60 | Rake $0.50
Board [8c Tc 5s 7d 6s]
Seat 3: simper11 (button) (small blind) showed [Jh Qh] and lost with high card Queen
Seat 6: Kikken (big blind) showed [Ks Ah] and won ($59.50) with high card Ace


PokerStars Hand #157716845943:  Hold'em Limit ($3/$6 USD) - 2016/08/25 8:54:25 ET
Table 'Prospero' 6-max Seat #6 is the button
Seat 3: simper11 ($120 in chips)
Seat 6: Kikken ($120 in chips)
Kikken: posts small blind $1
simper11: posts big blind $3
*** HOLE CARDS ***
Kikken: raises $3 to $6
simper11: folds
Uncalled bet ($3) returned to Kikken
Kikken collected $6 from pot
*** SUMMARY ***
Total pot $6 | Rake $0
Seat 3: simper11 (big blind) folded before Flop
Seat 6: Kikken (button) (small blind) collected ($6)


PokerStars Hand #157716842073:  Hold'em Limit ($3/$6 USD) - 2016/08/25 8:54:17 ET
Table 'Prospero' 6-max Seat #3 is the button
Seat 3: simper11 ($121 in chips)
Seat 6: Kikken ($119 in chips)
simper11: posts small blind $1
Kikken: posts big blind $3
*** HOLE CARDS ***
simper11: folds
Uncalled bet ($2) returned to Kikken
Kikken collected $2 from pot
Kikken: doesn't show hand
*** SUMMARY ***
Total pot $2 | Rake $0
Seat 3: simper11 (button) (small blind) folded before Flop
Seat 6: Kikken (big blind) collected ($2)


PokerStars Hand #157717946848:  Hold'em Limit ($3/$6 USD) - 2016/08/25 9:31:22 ET
Table 'Prospero' 6-max Seat #5 is the button
Seat 4: fsreibnitz ($111.69 in chips)
Seat 5: Hannibal2211 ($102.78 in chips)
Hannibal2211: posts small blind $1
AzureCaper: is sitting out
fsreibnitz: posts big blind $3
*** HOLE CARDS ***
AzureCaper leaves the table
Hannibal2211: raises $3 to $6
fsreibnitz: calls $3
*** FLOP *** [Qh 6c 9s]
fsreibnitz: checks
Hannibal2211: bets $3
fsreibnitz: calls $3
*** TURN *** [Qh 6c 9s] [Ah]
fsreibnitz: checks
Hannibal2211: bets $6
fsreibnitz: calls $6
*** RIVER *** [Qh 6c 9s Ah] [Jh]
fsreibnitz: checks
Hannibal2211: checks
*** SHOW DOWN ***
fsreibnitz: shows [9h 8c] (a pair of Nines)
Hannibal2211: shows [Qs 3h] (a pair of Queens)
Hannibal2211 collected $29.50 from pot
*** SUMMARY ***
Total pot $30 | Rake $0.50
Board [Qh 6c 9s Ah Jh]
Seat 4: fsreibnitz (big blind) showed [9h 8c] and lost with a pair of Nines
Seat 5: Hannibal2211 (button) (small blind) showed [Qs 3h] and won ($29.50) with a pair of Queens


PokerStars Hand #157717971111:  Hold'em Limit ($3/$6 USD) - 2016/08/25 9:32:09 ET
Table 'Prospero' 6-max Seat #4 is the button
Seat 4: fsreibnitz ($96.69 in chips)
Seat 5: Hannibal2211 ($117.28 in chips)
fsreibnitz: posts small blind $1
Hannibal2211: posts big blind $3
*** HOLE CARDS ***
fsreibnitz: raises $3 to $6
Hannibal2211: calls $3
*** FLOP *** [Qd 2s 3s]
Hannibal2211: checks
fsreibnitz: bets $3
Hannibal2211: calls $3
*** TURN *** [Qd 2s 3s] [Js]
Hannibal2211: checks
fsreibnitz: bets $6
Hannibal2211: calls $6
*** RIVER *** [Qd 2s 3s Js] [Ks]
Hannibal2211: checks
fsreibnitz: checks
*** SHOW DOWN ***
Hannibal2211: shows [As 7c] (a flush, Ace high)
fsreibnitz: mucks hand
Hannibal2211 collected $29.50 from pot
*** SUMMARY ***
Total pot $30 | Rake $0.50
Board [Qd 2s 3s Js Ks]
Seat 4: fsreibnitz (button) (small blind) mucked
Seat 5: Hannibal2211 (big blind) showed [As 7c] and won ($29.50) with a flush, Ace high


PokerStars Hand #157717988067:  Hold'em Limit ($3/$6 USD) - 2016/08/25 9:32:41 ET
Table 'Prospero' 6-max Seat #5 is the button
Seat 4: fsreibnitz ($81.69 in chips)
Seat 5: Hannibal2211 ($131.78 in chips)
Hannibal2211: posts small blind $1
fsreibnitz: posts big blind $3
*** HOLE CARDS ***
Hannibal2211: raises $3 to $6
fsreibnitz: calls $3
*** FLOP *** [3c Th As]
fsreibnitz: checks
Hannibal2211: bets $3
fsreibnitz: calls $3
*** TURN *** [3c Th As] [8d]
fsreibnitz: checks
Hannibal2211: bets $6
fsreibnitz: folds
Uncalled bet ($6) returned to Hannibal2211
Hannibal2211 collected $17.64 from pot
*** SUMMARY ***
Total pot $18 | Rake $0.36
Board [3c Th As 8d]
Seat 4: fsreibnitz (big blind) folded on the Turn
Seat 5: Hannibal2211 (button) (small blind) collected ($17.64)


PokerStars Hand #157718012462:  Hold'em Limit ($3/$6 USD) - 2016/08/25 9:33:29 ET
Table 'Prospero' 6-max Seat #4 is the button
Seat 4: fsreibnitz ($72.69 in chips)
Seat 5: Hannibal2211 ($140.42 in chips)
bibbar joins the table at seat #6
fsreibnitz: posts small blind $1
Hannibal2211: posts big blind $3
*** HOLE CARDS ***
fsreibnitz: folds
Uncalled bet ($2) returned to Hannibal2211
Hannibal2211 collected $2 from pot
*** SUMMARY ***
Total pot $2 | Rake $0
Seat 4: fsreibnitz (button) (small blind) folded before Flop
Seat 5: Hannibal2211 (big blind) collected ($2)


PokerStars Hand #157718352364:  Hold'em Limit ($3/$6 USD) - 2016/08/25 9:44:14 ET
Table 'Prospero' 6-max Seat #5 is the button
Seat 4: fsreibnitz ($112.39 in chips)
Seat 5: Hannibal2211 ($127.37 in chips)
Hannibal2211: posts small blind $1
fsreibnitz: posts big blind $3
*** HOLE CARDS ***
bibbar leaves the table
Hannibal2211: raises $3 to $6
fsreibnitz: calls $3
*** FLOP *** [3d Qc 6d]
fsreibnitz: checks
Hannibal2211: bets $3
fsreibnitz: calls $3
*** TURN *** [3d Qc 6d] [5d]
fsreibnitz: checks
Hannibal2211: bets $6
fsreibnitz: folds
Uncalled bet ($6) returned to Hannibal2211
Hannibal2211 collected $17.64 from pot
*** SUMMARY ***
Total pot $18 | Rake $0.36
Board [3d Qc 6d 5d]
Seat 4: fsreibnitz (big blind) folded on the Turn
Seat 5: Hannibal2211 (button) (small blind) collected ($17.64)


PokerStars Hand #157718363656:  Hold'em Limit ($3/$6 USD) - 2016/08/25 9:44:35 ET
Table 'Prospero' 6-max Seat #4 is the button
Seat 4: fsreibnitz ($103.39 in chips)
Seat 5: Hannibal2211 ($136.01 in chips)
fsreibnitz: posts small blind $1
Hannibal2211: posts big blind $3
*** HOLE CARDS ***
fsreibnitz: raises $3 to $6
Hannibal2211: calls $3
*** FLOP *** [Ts 5d Kd]
Hannibal2211: checks
fsreibnitz: bets $3
Hannibal2211: folds
Uncalled bet ($3) returned to fsreibnitz
fsreibnitz collected $11.76 from pot
fsreibnitz: doesn't show hand
*** SUMMARY ***
Total pot $12 | Rake $0.24
Board [Ts 5d Kd]
Seat 4: fsreibnitz (button) (small blind) collected ($11.76)
Seat 5: Hannibal2211 (big blind) folded on the Flop


PokerStars Hand #157718373988:  Hold'em Limit ($3/$6 USD) - 2016/08/25 9:44:55 ET
Table 'Prospero' 6-max Seat #5 is the button
Seat 4: fsreibnitz ($109.15 in chips)
Seat 5: Hannibal2211 ($130.01 in chips)
Hannibal2211: posts small blind $1
fsreibnitz: posts big blind $3
*** HOLE CARDS ***
Hannibal2211: raises $3 to $6
fsreibnitz has timed out while being disconnected
fsreibnitz: folds
Uncalled bet ($3) returned to Hannibal2211
Hannibal2211 collected $6 from pot
*** SUMMARY ***
Total pot $6 | Rake $0
Seat 4: fsreibnitz (big blind) folded before Flop
Seat 5: Hannibal2211 (button) (small blind) collected ($6)


PokerStars Hand #157718407170:  Hold'em Limit ($3/$6 USD) - 2016/08/25 9:45:57 ET
Table 'Prospero' 6-max Seat #5 is the button
Seat 4: fsreibnitz ($105.15 in chips)
Seat 5: Hannibal2211 ($134.01 in chips)
Hannibal2211: posts small blind $1
fsreibnitz: posts big blind $3
*** HOLE CARDS ***
Hannibal2211: raises $3 to $6
fsreibnitz: folds
Uncalled bet ($3) returned to Hannibal2211
Hannibal2211 collected $6 from pot
*** SUMMARY ***
Total pot $6 | Rake $0
Seat 4: fsreibnitz (big blind) folded before Flop
Seat 5: Hannibal2211 (button) (small blind) collected ($6)


PokerStars Hand #157718403394:  Hold'em Limit ($3/$6 USD) - 2016/08/25 9:45:50 ET
Table 'Prospero' 6-max Seat #4 is the button
Seat 4: fsreibnitz ($106.15 in chips)
Seat 5: Hannibal2211 ($133.01 in chips)
fsreibnitz: posts small blind $1
Hannibal2211: posts big blind $3
*** HOLE CARDS ***
fsreibnitz: folds
Uncalled bet ($2) returned to Hannibal2211
Hannibal2211 collected $2 from pot
*** SUMMARY ***
Total pot $2 | Rake $0
Seat 4: fsreibnitz (button) (small blind) folded before Flop
Seat 5: Hannibal2211 (big blind) collected ($2)


PokerStars Hand #157718441646:  Hold'em Limit ($3/$6 USD) - 2016/08/25 9:47:02 ET
Table 'Prospero' 6-max Seat #5 is the button
Seat 4: fsreibnitz ($116.65 in chips)
Seat 5: Hannibal2211 ($122.01 in chips)
Hannibal2211: posts small blind $1
fsreibnitz: posts big blind $3
*** HOLE CARDS ***
Hannibal2211: raises $3 to $6
fsreibnitz: folds
Uncalled bet ($3) returned to Hannibal2211
Hannibal2211 collected $6 from pot
*** SUMMARY ***
Total pot $6 | Rake $0
Seat 4: fsreibnitz (big blind) folded before Flop
Seat 5: Hannibal2211 (button) (small blind) collected ($6)


PokerStars Hand #157718411811:  Hold'em Limit ($3/$6 USD) - 2016/08/25 9:46:06 ET
Table 'Prospero' 6-max Seat #4 is the button
Seat 4: fsreibnitz ($102.15 in chips)
Seat 5: Hannibal2211 ($137.01 in chips)
fsreibnitz: posts small blind $1
Hannibal2211: posts big blind $3
*** HOLE CARDS ***
fsreibnitz: raises $3 to $6
Hannibal2211: calls $3
*** FLOP *** [6s 2h 5s]
Hannibal2211: checks
fsreibnitz: bets $3
Hannibal2211: calls $3
*** TURN *** [6s 2h 5s] [7c]
Hannibal2211: checks
fsreibnitz: bets $6
Hannibal2211: calls $6
*** RIVER *** [6s 2h 5s 7c] [4c]
Hannibal2211: checks
fsreibnitz: checks
*** SHOW DOWN ***
Hannibal2211: shows [Ad 4s] (a pair of Fours)
fsreibnitz: shows [5d Jd] (a pair of Fives)
fsreibnitz collected $29.50 from pot
*** SUMMARY ***
Total pot $30 | Rake $0.50
Board [6s 2h 5s 7c 4c]
Seat 4: fsreibnitz (button) (small blind) showed [5d Jd] and won ($29.50) with a pair of Fives
Seat 5: Hannibal2211 (big blind) showed [Ad 4s] and lost with a pair of Fours


PokerStars Hand #157718461896:  Hold'em Limit ($3/$6 USD) - 2016/08/25 9:47:25 ET
Table 'Prospero' 6-max Seat #5 is the button
Seat 4: fsreibnitz ($104.65 in chips)
Seat 5: Hannibal2211 ($133.65 in chips)
Hannibal2211: posts small blind $1
fsreibnitz: posts big blind $3
*** HOLE CARDS ***
Hannibal2211: raises $3 to $6
fsreibnitz: folds
Uncalled bet ($3) returned to Hannibal2211
Hannibal2211 collected $6 from pot
*** SUMMARY ***
Total pot $6 | Rake $0
Seat 4: fsreibnitz (big blind) folded before Flop
Seat 5: Hannibal2211 (button) (small blind) collected ($6)


PokerStars Hand #157718449298:  Hold'em Limit ($3/$6 USD) - 2016/08/25 9:47:09 ET
Table 'Prospero' 6-max Seat #4 is the button
Seat 4: fsreibnitz ($113.65 in chips)
Seat 5: Hannibal2211 ($125.01 in chips)
fsreibnitz: posts small blind $1
Hannibal2211: posts big blind $3
*** HOLE CARDS ***
fsreibnitz: raises $3 to $6
Hannibal2211: calls $3
*** FLOP *** [Kh 8c Kc]
Hannibal2211: checks
fsreibnitz: bets $3
Hannibal2211: raises $3 to $6
fsreibnitz: folds
Uncalled bet ($3) returned to Hannibal2211
Hannibal2211 collected $17.64 from pot
*** SUMMARY ***
Total pot $18 | Rake $0.36
Board [Kh 8c Kc]
Seat 4: fsreibnitz (button) (small blind) folded on the Flop
Seat 5: Hannibal2211 (big blind) collected ($17.64)


PokerStars Hand #157718468867:  Hold'em Limit ($3/$6 USD) - 2016/08/25 9:47:31 ET
Table 'Prospero' 6-max Seat #4 is the button
Seat 4: fsreibnitz ($101.65 in chips)
Seat 5: Hannibal2211 ($136.65 in chips)
fsreibnitz: posts small blind $1
Hannibal2211: posts big blind $3
*** HOLE CARDS ***
fsreibnitz: raises $3 to $6
Hannibal2211: calls $3
*** FLOP *** [4h Th 7c]
Hannibal2211: checks
fsreibnitz: bets $3
Hannibal2211: raises $3 to $6
fsreibnitz: calls $3
*** TURN *** [4h Th 7c] [Qs]
Hannibal2211: bets $6
fsreibnitz: calls $6
*** RIVER *** [4h Th 7c Qs] [Ad]
Hannibal2211: bets $6
fsreibnitz: folds
Uncalled bet ($6) returned to Hannibal2211
Hannibal2211 collected $35.50 from pot
*** SUMMARY ***
Total pot $36 | Rake $0.50
Board [4h Th 7c Qs Ad]
Seat 4: fsreibnitz (button) (small blind) folded on the River
Seat 5: Hannibal2211 (big blind) collected ($35.50)


PokerStars Hand #157718520930:  Hold'em Limit ($3/$6 USD) - 2016/08/25 9:49:02 ET
Table 'Prospero' 6-max Seat #5 is the button
Seat 4: fsreibnitz ($55.65 in chips)
Seat 5: Hannibal2211 ($181.41 in chips)
Hannibal2211: posts small blind $1
fsreibnitz: posts big blind $3
*** HOLE CARDS ***
gazzzzzza joins the table at seat #6
Hannibal2211: folds
Uncalled bet ($2) returned to fsreibnitz
fsreibnitz collected $2 from pot
*** SUMMARY ***
Total pot $2 | Rake $0
Seat 4: fsreibnitz (big blind) collected ($2)
Seat 5: Hannibal2211 (button) (small blind) folded before Flop


PokerStars Hand #157718517818:  Hold'em Limit ($3/$6 USD) - 2016/08/25 9:48:57 ET
Table 'Prospero' 6-max Seat #4 is the button
Seat 4: fsreibnitz ($56.65 in chips)
Seat 5: Hannibal2211 ($180.41 in chips)
fsreibnitz: posts small blind $1
Hannibal2211: posts big blind $3
*** HOLE CARDS ***
fsreibnitz: folds
Uncalled bet ($2) returned to Hannibal2211
Hannibal2211 collected $2 from pot
*** SUMMARY ***
Total pot $2 | Rake $0
Seat 4: fsreibnitz (button) (small blind) folded before Flop
Seat 5: Hannibal2211 (big blind) collected ($2)


PokerStars Hand #157718513652:  Hold'em Limit ($3/$6 USD) - 2016/08/25 9:48:49 ET
Table 'Prospero' 6-max Seat #5 is the button
Seat 4: fsreibnitz ($59.65 in chips)
Seat 5: Hannibal2211 ($177.41 in chips)
Hannibal2211: posts small blind $1
fsreibnitz: posts big blind $3
*** HOLE CARDS ***
Hannibal2211: raises $3 to $6
fsreibnitz: folds
Uncalled bet ($3) returned to Hannibal2211
Hannibal2211 collected $6 from pot
*** SUMMARY ***
Total pot $6 | Rake $0
Seat 4: fsreibnitz (big blind) folded before Flop
Seat 5: Hannibal2211 (button) (small blind) collected ($6)


PokerStars Hand #157718497547:  Hold'em Limit ($3/$6 USD) - 2016/08/25 9:48:19 ET
Table 'Prospero' 6-max Seat #4 is the button
Seat 4: fsreibnitz ($65.65 in chips)
Seat 5: Hannibal2211 ($171.65 in chips)
fsreibnitz: posts small blind $1
Hannibal2211: posts big blind $3
*** HOLE CARDS ***
fsreibnitz: raises $3 to $6
Hannibal2211: calls $3
*** FLOP *** [Jc 5d Qh]
Hannibal2211: checks
fsreibnitz: checks
*** TURN *** [Jc 5d Qh] [Kh]
Hannibal2211: bets $6
fsreibnitz: folds
Uncalled bet ($6) returned to Hannibal2211
Hannibal2211 collected $11.76 from pot
*** SUMMARY ***
Total pot $12 | Rake $0.24
Board [Jc 5d Qh Kh]
Seat 4: fsreibnitz (button) (small blind) folded on the Turn
Seat 5: Hannibal2211 (big blind) collected ($11.76)


PokerStars Hand #157718482611:  Hold'em Limit ($3/$6 USD) - 2016/08/25 9:47:52 ET
Table 'Prospero' 6-max Seat #5 is the button
Seat 4: fsreibnitz ($83.65 in chips)
Seat 5: Hannibal2211 ($154.15 in chips)
Hannibal2211: posts small blind $1
fsreibnitz: posts big blind $3
*** HOLE CARDS ***
Hannibal2211: raises $3 to $6
fsreibnitz: raises $3 to $9
Hannibal2211: calls $3
*** FLOP *** [Tc 4d 6h]
fsreibnitz: checks
Hannibal2211: bets $3
fsreibnitz: calls $3
*** TURN *** [Tc 4d 6h] [3c]
fsreibnitz: checks
Hannibal2211: bets $6
fsreibnitz: calls $6
*** RIVER *** [Tc 4d 6h 3c] [8s]
fsreibnitz: checks
Hannibal2211: bets $6
fsreibnitz: folds
Uncalled bet ($6) returned to Hannibal2211
Hannibal2211 collected $35.50 from pot
*** SUMMARY ***
Total pot $36 | Rake $0.50
Board [Tc 4d 6h 3c 8s]
Seat 4: fsreibnitz (big blind) folded on the River
Seat 5: Hannibal2211 (button) (small blind) collected ($35.50)


PokerStars Hand #157718524694:  Hold'em Limit ($3/$6 USD) - 2016/08/25 9:49:09 ET
Table 'Prospero' 6-max Seat #4 is the button
Seat 4: fsreibnitz ($56.65 in chips)
Seat 5: Hannibal2211 ($180.41 in chips)
fsreibnitz: posts small blind $1
Hannibal2211: posts big blind $3
*** HOLE CARDS ***
fsreibnitz: raises $3 to $6
Hannibal2211: calls $3
*** FLOP *** [4s 5c 3s]
Hannibal2211: checks
fsreibnitz: bets $3
Hannibal2211: raises $3 to $6
fsreibnitz: calls $3
*** TURN *** [4s 5c 3s] [As]
Hannibal2211: checks
fsreibnitz: bets $6
Hannibal2211: calls $6
*** RIVER *** [4s 5c 3s As] [3d]
Hannibal2211: checks
fsreibnitz: bets $6
Hannibal2211: calls $6
*** SHOW DOWN ***
fsreibnitz: shows [Kc Qd] (a pair of Threes)
Hannibal2211: shows [5h Qc] (two pair, Fives and Threes)
Hannibal2211 collected $47.50 from pot
*** SUMMARY ***
Total pot $48 | Rake $0.50
Board [4s 5c 3s As 3d]
Seat 4: fsreibnitz (button) (small blind) showed [Kc Qd] and lost with a pair of Threes
Seat 5: Hannibal2211 (big blind) showed [5h Qc] and won ($47.50) with two pair, Fives and Threes


PokerStars Hand #157718632799:  Hold'em Limit ($3/$6 USD) - 2016/08/25 9:52:23 ET
Table 'Prospero' 6-max Seat #6 is the button
Seat 5: Hannibal2211 ($213.15 in chips)
Seat 6: gazzzzzza ($66.72 in chips)
gazzzzzza: posts small blind $1
Hannibal2211: posts big blind $3
*** HOLE CARDS ***
gazzzzzza: raises $3 to $6
Hannibal2211: calls $3
*** FLOP *** [8s Kc 4d]
Hannibal2211: checks
gazzzzzza: bets $3
Hannibal2211: raises $3 to $6
gazzzzzza: calls $3
*** TURN *** [8s Kc 4d] [7d]
Hannibal2211: bets $6
gazzzzzza: calls $6
*** RIVER *** [8s Kc 4d 7d] [Qh]
Hannibal2211: bets $6
gazzzzzza: folds
Uncalled bet ($6) returned to Hannibal2211
Hannibal2211 collected $35.50 from pot
*** SUMMARY ***
Total pot $36 | Rake $0.50
Board [8s Kc 4d 7d Qh]
Seat 5: Hannibal2211 (big blind) collected ($35.50)
Seat 6: gazzzzzza (button) (small blind) folded on the River


PokerStars Hand #157718676552:  Hold'em Limit ($3/$6 USD) - 2016/08/25 9:53:45 ET
Table 'Prospero' 6-max Seat #5 is the button
Seat 4: fsreibnitz ($38 in chips)
Seat 5: Hannibal2211 ($252.15 in chips)
Hannibal2211: posts small blind $1
fsreibnitz: posts big blind $3
*** HOLE CARDS ***
Hannibal2211: raises $3 to $6
fsreibnitz: calls $3
*** FLOP *** [Ah 8s 9c]
fsreibnitz: checks
Hannibal2211: bets $3
fsreibnitz: calls $3
*** TURN *** [Ah 8s 9c] [Jd]
fsreibnitz: checks
Hannibal2211: checks
*** RIVER *** [Ah 8s 9c Jd] [6s]
fsreibnitz: bets $6
Hannibal2211: folds
Uncalled bet ($6) returned to fsreibnitz
fsreibnitz collected $17.64 from pot
fsreibnitz: doesn't show hand
*** SUMMARY ***
Total pot $18 | Rake $0.36
Board [Ah 8s 9c Jd 6s]
Seat 4: fsreibnitz (big blind) collected ($17.64)
Seat 5: Hannibal2211 (button) (small blind) folded on the River


PokerStars Hand #157718673783:  Hold'em Limit ($3/$6 USD) - 2016/08/25 9:53:40 ET
Table 'Prospero' 6-max Seat #4 is the button
Seat 4: fsreibnitz ($39 in chips)
Seat 5: Hannibal2211 ($251.15 in chips)
fsreibnitz: posts small blind $1
Hannibal2211: posts big blind $3
*** HOLE CARDS ***
fsreibnitz: folds
Uncalled bet ($2) returned to Hannibal2211
Hannibal2211 collected $2 from pot
*** SUMMARY ***
Total pot $2 | Rake $0
Seat 4: fsreibnitz (button) (small blind) folded before Flop
Seat 5: Hannibal2211 (big blind) collected ($2)


PokerStars Hand #157718654155:  Hold'em Limit ($3/$6 USD) - 2016/08/25 9:53:03 ET
Table 'Prospero' 6-max Seat #5 is the button
Seat 4: fsreibnitz ($60 in chips)
Seat 5: Hannibal2211 ($230.65 in chips)
Hannibal2211: posts small blind $1
fsreibnitz is disconnected
fsreibnitz is connected
fsreibnitz: posts big blind $3
*** HOLE CARDS ***
Hannibal2211: raises $3 to $6
fsreibnitz: calls $3
*** FLOP *** [Ac 9d Th]
fsreibnitz: checks
Hannibal2211: bets $3
fsreibnitz: calls $3
*** TURN *** [Ac 9d Th] [As]
fsreibnitz: checks
Hannibal2211: bets $6
fsreibnitz: calls $6
*** RIVER *** [Ac 9d Th As] [3d]
fsreibnitz: checks
Hannibal2211: bets $6
fsreibnitz: calls $6
*** SHOW DOWN ***
Hannibal2211: shows [Ts 4s] (two pair, Aces and Tens)
fsreibnitz: mucks hand
Hannibal2211 collected $41.50 from pot
*** SUMMARY ***
Total pot $42 | Rake $0.50
Board [Ac 9d Th As 3d]
Seat 4: fsreibnitz (big blind) mucked
Seat 5: Hannibal2211 (button) (small blind) showed [Ts 4s] and won ($41.50) with two pair, Aces and Tens


PokerStars Hand #157718715786:  Hold'em Limit ($3/$6 USD) - 2016/08/25 9:54:59 ET
Table 'Prospero' 6-max Seat #4 is the button
Seat 4: fsreibnitz ($16.14 in chips)
Seat 5: Hannibal2211 ($272.65 in chips)
fsreibnitz: posts small blind $1
Hannibal2211: posts big blind $3
*** HOLE CARDS ***
fsreibnitz: raises $3 to $6
Hannibal2211: folds
Uncalled bet ($3) returned to fsreibnitz
fsreibnitz collected $6 from pot
fsreibnitz: doesn't show hand
*** SUMMARY ***
Total pot $6 | Rake $0
Seat 4: fsreibnitz (button) (small blind) collected ($6)
Seat 5: Hannibal2211 (big blind) folded before Flop


PokerStars Hand #157718703524:  Hold'em Limit ($3/$6 USD) - 2016/08/25 9:54:36 ET
Table 'Prospero' 6-max Seat #5 is the button
Seat 4: fsreibnitz ($61.14 in chips)
Seat 5: Hannibal2211 ($228.15 in chips)
Hannibal2211: posts small blind $1
fsreibnitz: posts big blind $3
*** HOLE CARDS ***
Hannibal2211: raises $3 to $6
fsreibnitz: raises $3 to $9
Hannibal2211: calls $3
*** FLOP *** [7s 5c 2d]
fsreibnitz: bets $3
Hannibal2211: raises $3 to $6
fsreibnitz: calls $3
*** TURN *** [7s 5c 2d] [Tc]
fsreibnitz: checks
Hannibal2211: bets $6
fsreibnitz: raises $6 to $12
Hannibal2211: raises $6 to $18
fsreibnitz: raises $6 to $24
Betting is capped
Hannibal2211: calls $6
*** RIVER *** [7s 5c 2d Tc] [Kd]
fsreibnitz: bets $6
Hannibal2211: calls $6
*** SHOW DOWN ***
fsreibnitz: shows [Qc Qs] (a pair of Queens)
Hannibal2211: shows [7d 5d] (two pair, Sevens and Fives)
Hannibal2211 collected $89.50 from pot
*** SUMMARY ***
Total pot $90 | Rake $0.50
Board [7s 5c 2d Tc Kd]
Seat 4: fsreibnitz (big blind) showed [Qc Qs] and lost with a pair of Queens
Seat 5: Hannibal2211 (button) (small blind) showed [7d 5d] and won ($89.50) with two pair, Sevens and Fives


PokerStars Hand #157718691272:  Hold'em Limit ($3/$6 USD) - 2016/08/25 9:54:13 ET
Table 'Prospero' 6-max Seat #4 is the button
Seat 4: fsreibnitz ($46.64 in chips)
Seat 5: Hannibal2211 ($243.15 in chips)
fsreibnitz: posts small blind $1
Hannibal2211: posts big blind $3
*** HOLE CARDS ***
fsreibnitz: raises $3 to $6
Hannibal2211: calls $3
*** FLOP *** [Qs Td Js]
Hannibal2211: checks
fsreibnitz: bets $3
Hannibal2211: calls $3
*** TURN *** [Qs Td Js] [8d]
Hannibal2211: checks
fsreibnitz: bets $6
Hannibal2211: calls $6
*** RIVER *** [Qs Td Js 8d] [3s]
Hannibal2211: checks
fsreibnitz: bets $6
Hannibal2211: folds
Uncalled bet ($6) returned to fsreibnitz
fsreibnitz collected $29.50 from pot
fsreibnitz: doesn't show hand
*** SUMMARY ***
Total pot $30 | Rake $0.50
Board [Qs Td Js 8d 3s]
Seat 4: fsreibnitz (button) (small blind) collected ($29.50)
Seat 5: Hannibal2211 (big blind) folded on the River


PokerStars Hand #157718725057:  Hold'em Limit ($3/$6 USD) - 2016/08/25 9:55:18 ET
Table 'Prospero' 6-max Seat #4 is the button
Seat 4: fsreibnitz ($13.14 in chips)
Seat 5: Hannibal2211 ($275.41 in chips)
fsreibnitz: posts small blind $1
Hannibal2211: posts big blind $3
*** HOLE CARDS ***
fsreibnitz: raises $3 to $6
Hannibal2211: raises $3 to $9
fsreibnitz: raises $3 to $12
Betting is capped
Hannibal2211: calls $3
*** FLOP *** [4c 5c 5d]
Hannibal2211: bets $3
fsreibnitz: calls $1.14 and is all-in
Uncalled bet ($1.86) returned to Hannibal2211
*** TURN *** [4c 5c 5d] [Jd]
*** RIVER *** [4c 5c 5d Jd] [6c]
*** SHOW DOWN ***
Hannibal2211: shows [Kh Ks] (two pair, Kings and Fives)
fsreibnitz: shows [Ah Qs] (a pair of Fives)
Hannibal2211 collected $25.78 from pot
*** SUMMARY ***
Total pot $26.28 | Rake $0.50
Board [4c 5c 5d Jd 6c]
Seat 4: fsreibnitz (button) (small blind) showed [Ah Qs] and lost with a pair of Fives
Seat 5: Hannibal2211 (big blind) showed [Kh Ks] and won ($25.78) with two pair, Kings and Fives


PokerStars Hand #157718719345:  Hold'em Limit ($3/$6 USD) - 2016/08/25 9:55:06 ET
Table 'Prospero' 6-max Seat #5 is the button
Seat 4: fsreibnitz ($19.14 in chips)
Seat 5: Hannibal2211 ($269.65 in chips)
Hannibal2211: posts small blind $1
fsreibnitz: posts big blind $3
*** HOLE CARDS ***
Hannibal2211: raises $3 to $6
fsreibnitz: calls $3
*** FLOP *** [8d 6d 7h]
fsreibnitz: checks
Hannibal2211: bets $3
fsreibnitz: folds
Uncalled bet ($3) returned to Hannibal2211
Hannibal2211 collected $11.76 from pot
*** SUMMARY ***
Total pot $12 | Rake $0.24
Board [8d 6d 7h]
Seat 4: fsreibnitz (big blind) folded on the Flop
Seat 5: Hannibal2211 (button) (small blind) collected ($11.76)


PokerStars Hand #157719340215:  Hold'em Limit ($3/$6 USD) - 2016/08/25 10:10:30 ET
Table 'Prospero' 6-max Seat #1 is the button
Seat 1: Krazy90 ($154.57 in chips)
Seat 2: gazzzzzza ($75.03 in chips)
fsreibnitz will be allowed to play after the button
Hannibal2211 will be allowed to play after the button
Krazy90: posts small blind $1
gazzzzzza: posts big blind $3
*** HOLE CARDS ***
coma0815 leaves the table
Krazy90: folds
Uncalled bet ($2) returned to gazzzzzza
gazzzzzza collected $2 from pot
*** SUMMARY ***
Total pot $2 | Rake $0
Seat 1: Krazy90 (button) (small blind) folded before Flop
Seat 2: gazzzzzza (big blind) collected ($2)


