PokerStars Hand #169973246608:  Hold'em Limit ($3/$6 USD) - 2017/05/05 1:57:44 ET
Table 'Proserpina' 6-max Seat #1 is the button
Seat 1: LifeisagameX ($84 in chips)
Seat 3: bekooi ($30 in chips)
LifeisagameX: posts small blind $1
bekooi: posts big blind $3
*** HOLE CARDS ***
LifeisagameX: raises $3 to $6
bekooi: calls $3
*** FLOP *** [5d Ad Kd]
bekooi: bets $3
LifeisagameX: folds
Uncalled bet ($3) returned to bekooi
bekooi collected $11.76 from pot
*** SUMMARY ***
Total pot $12 | Rake $0.24
Board [5d Ad Kd]
Seat 1: LifeisagameX (button) (small blind) folded on the Flop
Seat 3: bekooi (big blind) collected ($11.76)


PokerStars Hand #169973255633:  Hold'em Limit ($3/$6 USD) - 2017/05/05 1:58:23 ET
Table 'Proserpina' 6-max Seat #3 is the button
Seat 1: LifeisagameX ($84 in chips)
Seat 3: bekooi ($35.76 in chips)
bekooi: posts small blind $1
LifeisagameX: posts big blind $3
*** HOLE CARDS ***
bekooi: raises $3 to $6
LifeisagameX: folds
Uncalled bet ($3) returned to bekooi
bekooi collected $6 from pot
*** SUMMARY ***
Total pot $6 | Rake $0
Seat 1: LifeisagameX (big blind) folded before Flop
Seat 3: bekooi (button) (small blind) collected ($6)


PokerStars Hand #169973259549:  Hold'em Limit ($3/$6 USD) - 2017/05/05 1:58:39 ET
Table 'Proserpina' 6-max Seat #1 is the button
Seat 1: LifeisagameX ($84 in chips)
Seat 3: bekooi ($38.76 in chips)
LifeisagameX: posts small blind $1
bekooi: posts big blind $3
*** HOLE CARDS ***
LifeisagameX: raises $3 to $6
bekooi: raises $3 to $9
LifeisagameX: calls $3
*** FLOP *** [8h 7s 3d]
bekooi: bets $3
LifeisagameX: calls $3
*** TURN *** [8h 7s 3d] [7h]
bekooi: checks
LifeisagameX: bets $6
bekooi: calls $6
*** RIVER *** [8h 7s 3d 7h] [9c]
bekooi: checks
LifeisagameX: bets $6
bekooi: calls $6
*** SHOW DOWN ***
LifeisagameX: shows [Qh 8c] (two pair, Eights and Sevens)
bekooi: mucks hand
LifeisagameX collected $47.50 from pot
*** SUMMARY ***
Total pot $48 | Rake $0.50
Board [8h 7s 3d 7h 9c]
Seat 1: LifeisagameX (button) (small blind) showed [Qh 8c] and won ($47.50) with two pair, Eights and Sevens
Seat 3: bekooi (big blind) mucked


PokerStars Hand #169973273824:  Hold'em Limit ($3/$6 USD) - 2017/05/05 1:59:39 ET
Table 'Proserpina' 6-max Seat #3 is the button
Seat 1: LifeisagameX ($107.50 in chips)
Seat 3: bekooi ($14.76 in chips)
bekooi: posts small blind $1
LifeisagameX: posts big blind $3
*** HOLE CARDS ***
bekooi: raises $3 to $6
LifeisagameX: calls $3
*** FLOP *** [Js 7h Ad]
LifeisagameX: checks
bekooi: bets $3
LifeisagameX: calls $3
*** TURN *** [Js 7h Ad] [Jc]
LifeisagameX: checks
bekooi: bets $5.76 and is all-in
LifeisagameX: calls $5.76
*** RIVER *** [Js 7h Ad Jc] [Th]
*** SHOW DOWN ***
LifeisagameX: shows [Qc 4h] (a pair of Jacks)
bekooi: shows [7d 6d] (two pair, Jacks and Sevens)
bekooi collected $29.02 from pot
*** SUMMARY ***
Total pot $29.52 | Rake $0.50
Board [Js 7h Ad Jc Th]
Seat 1: LifeisagameX (big blind) showed [Qc 4h] and lost with a pair of Jacks
Seat 3: bekooi (button) (small blind) showed [7d 6d] and won ($29.02) with two pair, Jacks and Sevens


PokerStars Hand #169973298157:  Hold'em Limit ($3/$6 USD) - 2017/05/05 2:01:13 ET
Table 'Proserpina' 6-max Seat #3 is the button
Seat 1: LifeisagameX ($101.38 in chips)
Seat 3: bekooi ($20.02 in chips)
bekooi: posts small blind $1
LifeisagameX: posts big blind $3
*** HOLE CARDS ***
bekooi: folds
Uncalled bet ($2) returned to LifeisagameX
LifeisagameX collected $2 from pot
LifeisagameX: doesn't show hand
*** SUMMARY ***
Total pot $2 | Rake $0
Seat 1: LifeisagameX (big blind) collected ($2)
Seat 3: bekooi (button) (small blind) folded before Flop


PokerStars Hand #169973287077:  Hold'em Limit ($3/$6 USD) - 2017/05/05 2:00:28 ET
Table 'Proserpina' 6-max Seat #1 is the button
Seat 1: LifeisagameX ($92.74 in chips)
Seat 3: bekooi ($29.02 in chips)
LifeisagameX: posts small blind $1
bekooi: posts big blind $3
*** HOLE CARDS ***
LifeisagameX: raises $3 to $6
bekooi: calls $3
*** FLOP *** [4c 7c 9h]
bekooi: checks
LifeisagameX: bets $3
bekooi: calls $3
*** TURN *** [4c 7c 9h] [Jc]
bekooi: checks
LifeisagameX: checks
*** RIVER *** [4c 7c 9h Jc] [Th]
bekooi: checks
LifeisagameX: bets $6
bekooi: folds
Uncalled bet ($6) returned to LifeisagameX
LifeisagameX collected $17.64 from pot
LifeisagameX: doesn't show hand
*** SUMMARY ***
Total pot $18 | Rake $0.36
Board [4c 7c 9h Jc Th]
Seat 1: LifeisagameX (button) (small blind) collected ($17.64)
Seat 3: bekooi (big blind) folded on the River


PokerStars Hand #169973300005:  Hold'em Limit ($3/$6 USD) - 2017/05/05 2:01:21 ET
Table 'Proserpina' 6-max Seat #1 is the button
Seat 1: LifeisagameX ($102.38 in chips)
Seat 3: bekooi ($19.02 in chips)
LifeisagameX: posts small blind $1
bekooi: posts big blind $3
*** HOLE CARDS ***
LifeisagameX: folds
Uncalled bet ($2) returned to bekooi
bekooi collected $2 from pot
*** SUMMARY ***
Total pot $2 | Rake $0
Seat 1: LifeisagameX (button) (small blind) folded before Flop
Seat 3: bekooi (big blind) collected ($2)


PokerStars Hand #169973329204:  Hold'em Limit ($3/$6 USD) - 2017/05/05 2:03:13 ET
Table 'Proserpina' 6-max Seat #1 is the button
Seat 1: LifeisagameX ($121.70 in chips)
Seat 3: bekooi ($29 in chips)
LifeisagameX: posts small blind $1
bekooi: posts big blind $3
*** HOLE CARDS ***
CharginWapos joins the table at seat #6
LifeisagameX: folds
Uncalled bet ($2) returned to bekooi
bekooi collected $2 from pot
*** SUMMARY ***
Total pot $2 | Rake $0
Seat 1: LifeisagameX (button) (small blind) folded before Flop
Seat 3: bekooi (big blind) collected ($2)


PokerStars Hand #169973326892:  Hold'em Limit ($3/$6 USD) - 2017/05/05 2:03:05 ET
Table 'Proserpina' 6-max Seat #3 is the button
Seat 1: LifeisagameX ($120.70 in chips)
Seat 3: bekooi ($30 in chips)
bekooi: posts small blind $1
LifeisagameX: posts big blind $3
*** HOLE CARDS ***
bekooi: folds
Uncalled bet ($2) returned to LifeisagameX
LifeisagameX collected $2 from pot
LifeisagameX: doesn't show hand
*** SUMMARY ***
Total pot $2 | Rake $0
Seat 1: LifeisagameX (big blind) collected ($2)
Seat 3: bekooi (button) (small blind) folded before Flop


PokerStars Hand #169973318321:  Hold'em Limit ($3/$6 USD) - 2017/05/05 2:02:32 ET
Table 'Proserpina' 6-max Seat #1 is the button
Seat 1: LifeisagameX ($115.88 in chips)
Seat 3: bekooi ($5.02 in chips)
LifeisagameX: posts small blind $1
bekooi: posts big blind $3
*** HOLE CARDS ***
LifeisagameX: raises $3 to $6
bekooi: calls $2.02 and is all-in
Uncalled bet ($0.98) returned to LifeisagameX
*** FLOP *** [6h 6c 4s]
*** TURN *** [6h 6c 4s] [7d]
*** RIVER *** [6h 6c 4s 7d] [Ts]
*** SHOW DOWN ***
bekooi: shows [5d Qs] (a pair of Sixes)
LifeisagameX: shows [4h Kc] (two pair, Sixes and Fours)
LifeisagameX collected $9.84 from pot
*** SUMMARY ***
Total pot $10.04 | Rake $0.20
Board [6h 6c 4s 7d Ts]
Seat 1: LifeisagameX (button) (small blind) showed [4h Kc] and won ($9.84) with two pair, Sixes and Fours
Seat 3: bekooi (big blind) showed [5d Qs] and lost with a pair of Sixes


PokerStars Hand #169973302692:  Hold'em Limit ($3/$6 USD) - 2017/05/05 2:01:31 ET
Table 'Proserpina' 6-max Seat #3 is the button
Seat 1: LifeisagameX ($101.38 in chips)
Seat 3: bekooi ($20.02 in chips)
bekooi: posts small blind $1
LifeisagameX: posts big blind $3
*** HOLE CARDS ***
bekooi: raises $3 to $6
LifeisagameX: calls $3
*** FLOP *** [8s Ts 2s]
LifeisagameX: checks
bekooi: bets $3
LifeisagameX: calls $3
*** TURN *** [8s Ts 2s] [6h]
LifeisagameX: checks
bekooi: bets $6
LifeisagameX: calls $6
*** RIVER *** [8s Ts 2s 6h] [Js]
LifeisagameX: bets $6
bekooi: folds
Uncalled bet ($6) returned to LifeisagameX
LifeisagameX collected $29.50 from pot
LifeisagameX: doesn't show hand
*** SUMMARY ***
Total pot $30 | Rake $0.50
Board [8s Ts 2s 6h Js]
Seat 1: LifeisagameX (big blind) collected ($29.50)
Seat 3: bekooi (button) (small blind) folded on the River


PokerStars Hand #169975139727:  Hold'em Limit ($3/$6 USD) - 2017/05/05 3:51:10 ET
Table 'Proserpina' 6-max Seat #4 is the button
Seat 1: Qvidde ($128.42 in chips)
Seat 4: krossguard ($81.18 in chips)
krossguard: posts small blind $1
Agrotait: is sitting out
CharginWapos: is sitting out
Qvidde: posts big blind $3
*** HOLE CARDS ***
Agrotait leaves the table
krossguard: raises $3 to $6
CharginWapos leaves the table
Qvidde: calls $3
*** FLOP *** [Js 2c 8h]
Qvidde: checks
krossguard: bets $3
Qvidde: folds
Uncalled bet ($3) returned to krossguard
krossguard collected $11.76 from pot
krossguard: doesn't show hand
*** SUMMARY ***
Total pot $12 | Rake $0.24
Board [Js 2c 8h]
Seat 1: Qvidde (big blind) folded on the Flop
Seat 4: krossguard (button) (small blind) collected ($11.76)


