PokerStars Hand #158154005978:  Hold'em Limit ($3/$6 USD) - 2016/09/04 13:13:40 ET
Table 'Prospero II' 6-max Seat #2 is the button
Seat 2: AzureCaper ($72 in chips)
Seat 6: xxRGx ($106.05 in chips)
AzureCaper: posts small blind $1
Hi Im Alexey: is sitting out
xxRGx: posts big blind $3
*** HOLE CARDS ***
AzureCaper: folds
Uncalled bet ($2) returned to xxRGx
lvn030178 joins the table at seat #4
xxRGx collected $2 from pot
xxRGx: doesn't show hand
*** SUMMARY ***
Total pot $2 | Rake $0
Seat 2: AzureCaper (button) (small blind) folded before Flop
Seat 6: xxRGx (big blind) collected ($2)


PokerStars Hand #158154024216:  Hold'em Limit ($3/$6 USD) - 2016/09/04 13:14:01 ET
Table 'Prospero II' 6-max Seat #2 is the button
Seat 2: AzureCaper ($73 in chips)
Seat 6: xxRGx ($106.05 in chips)
AzureCaper: posts small blind $1
xxRGx: posts big blind $3
*** HOLE CARDS ***
AzureCaper: raises $3 to $6
xxRGx: calls $3
*** FLOP *** [3s Ts Qs]
xxRGx: checks
AzureCaper: bets $3
xxRGx: raises $3 to $6
AzureCaper: raises $3 to $9
xxRGx: calls $3
*** TURN *** [3s Ts Qs] [7s]
xxRGx: checks
AzureCaper: bets $6
xxRGx: raises $6 to $12
AzureCaper: raises $6 to $18
xxRGx: calls $6
*** RIVER *** [3s Ts Qs 7s] [5d]
xxRGx: checks
AzureCaper: bets $6
xxRGx: calls $6
*** SHOW DOWN ***
AzureCaper: shows [As 7h] (a flush, Ace high)
xxRGx: mucks hand
AzureCaper collected $77.50 from pot
*** SUMMARY ***
Total pot $78 | Rake $0.50
Board [3s Ts Qs 7s 5d]
Seat 2: AzureCaper (button) (small blind) showed [As 7h] and won ($77.50) with a flush, Ace high
Seat 6: xxRGx (big blind) mucked


PokerStars Hand #158154019744:  Hold'em Limit ($3/$6 USD) - 2016/09/04 13:13:56 ET
Table 'Prospero II' 6-max Seat #6 is the button
Seat 2: AzureCaper ($72 in chips)
Seat 6: xxRGx ($107.05 in chips)
xxRGx: posts small blind $1
AzureCaper: posts big blind $3
*** HOLE CARDS ***
xxRGx: folds
Uncalled bet ($2) returned to AzureCaper
AzureCaper collected $2 from pot
AzureCaper: doesn't show hand
*** SUMMARY ***
Total pot $2 | Rake $0
Seat 2: AzureCaper (big blind) collected ($2)
Seat 6: xxRGx (button) (small blind) folded before Flop


PokerStars Hand #158154015913:  Hold'em Limit ($3/$6 USD) - 2016/09/04 13:13:51 ET
Table 'Prospero II' 6-max Seat #2 is the button
Seat 2: AzureCaper ($73 in chips)
Seat 6: xxRGx ($106.05 in chips)
AzureCaper: posts small blind $1
xxRGx: posts big blind $3
*** HOLE CARDS ***
AzureCaper: folds
Uncalled bet ($2) returned to xxRGx
xxRGx collected $2 from pot
xxRGx: doesn't show hand
*** SUMMARY ***
Total pot $2 | Rake $0
Seat 2: AzureCaper (button) (small blind) folded before Flop
Seat 6: xxRGx (big blind) collected ($2)


PokerStars Hand #158154010464:  Hold'em Limit ($3/$6 USD) - 2016/09/04 13:13:45 ET
Table 'Prospero II' 6-max Seat #6 is the button
Seat 2: AzureCaper ($72 in chips)
Seat 6: xxRGx ($107.05 in chips)
xxRGx: posts small blind $1
AzureCaper: posts big blind $3
*** HOLE CARDS ***
xxRGx: folds
Uncalled bet ($2) returned to AzureCaper
lvn030178 leaves the table
AzureCaper collected $2 from pot
AzureCaper: doesn't show hand
*** SUMMARY ***
Total pot $2 | Rake $0
Seat 2: AzureCaper (big blind) collected ($2)
Seat 6: xxRGx (button) (small blind) folded before Flop


PokerStars Hand #158154046636:  Hold'em Limit ($3/$6 USD) - 2016/09/04 13:14:25 ET
Table 'Prospero II' 6-max Seat #6 is the button
Seat 2: AzureCaper ($111.50 in chips)
Seat 6: xxRGx ($67.05 in chips)
xxRGx: posts small blind $1
AzureCaper: posts big blind $3
*** HOLE CARDS ***
xxRGx: raises $3 to $6
AzureCaper: folds
Uncalled bet ($3) returned to xxRGx
xxRGx collected $6 from pot
xxRGx: doesn't show hand
*** SUMMARY ***
Total pot $6 | Rake $0
Seat 2: AzureCaper (big blind) folded before Flop
Seat 6: xxRGx (button) (small blind) collected ($6)


PokerStars Hand #158154894858:  Hold'em Limit ($3/$6 USD) - 2016/09/04 13:29:54 ET
Table 'Prospero II' 6-max Seat #1 is the button
Seat 1: Wurst2000 ($156.44 in chips)
Seat 4: pejoba ($45.96 in chips)
Wurst2000: posts small blind $1
pejoba: posts big blind $3
*** HOLE CARDS ***
Wurst2000: raises $3 to $6
pejoba: folds
Uncalled bet ($3) returned to Wurst2000
Wurst2000 collected $6 from pot
Wurst2000: doesn't show hand
*** SUMMARY ***
Total pot $6 | Rake $0
Seat 1: Wurst2000 (button) (small blind) collected ($6)
Seat 4: pejoba (big blind) folded before Flop


PokerStars Hand #158154883000:  Hold'em Limit ($3/$6 USD) - 2016/09/04 13:29:41 ET
Table 'Prospero II' 6-max Seat #4 is the button
Seat 1: Wurst2000 ($162.44 in chips)
Seat 4: pejoba ($40.20 in chips)
pejoba: posts small blind $1
Wurst2000: posts big blind $3
*** HOLE CARDS ***
pejoba: raises $3 to $6
Wurst2000: calls $3
*** FLOP *** [Kc 7s Qs]
Wurst2000: checks
pejoba: bets $3
Wurst2000: folds
Uncalled bet ($3) returned to pejoba
pejoba collected $11.76 from pot
pejoba: doesn't show hand
*** SUMMARY ***
Total pot $12 | Rake $0.24
Board [Kc 7s Qs]
Seat 1: Wurst2000 (big blind) folded on the Flop
Seat 4: pejoba (button) (small blind) collected ($11.76)


PokerStars Hand #158154877476:  Hold'em Limit ($3/$6 USD) - 2016/09/04 13:29:35 ET
Table 'Prospero II' 6-max Seat #1 is the button
Seat 1: Wurst2000 ($159.44 in chips)
Seat 4: pejoba ($43.20 in chips)
Wurst2000: posts small blind $1
pejoba: posts big blind $3
*** HOLE CARDS ***
Wurst2000: raises $3 to $6
pejoba: folds
Uncalled bet ($3) returned to Wurst2000
Wurst2000 collected $6 from pot
Wurst2000: doesn't show hand
*** SUMMARY ***
Total pot $6 | Rake $0
Seat 1: Wurst2000 (button) (small blind) collected ($6)
Seat 4: pejoba (big blind) folded before Flop


PokerStars Hand #158154916353:  Hold'em Limit ($3/$6 USD) - 2016/09/04 13:30:18 ET
Table 'Prospero II' 6-max Seat #1 is the button
Seat 1: Wurst2000 ($150.44 in chips)
Seat 4: pejoba ($51.60 in chips)
Wurst2000: posts small blind $1
pejoba: posts big blind $3
*** HOLE CARDS ***
Wurst2000: raises $3 to $6
pejoba: folds
Uncalled bet ($3) returned to Wurst2000
Wurst2000 collected $6 from pot
Wurst2000: doesn't show hand
*** SUMMARY ***
Total pot $6 | Rake $0
Seat 1: Wurst2000 (button) (small blind) collected ($6)
Seat 4: pejoba (big blind) folded before Flop


PokerStars Hand #158154899307:  Hold'em Limit ($3/$6 USD) - 2016/09/04 13:29:59 ET
Table 'Prospero II' 6-max Seat #4 is the button
Seat 1: Wurst2000 ($159.44 in chips)
Seat 4: pejoba ($42.96 in chips)
pejoba: posts small blind $1
Wurst2000: posts big blind $3
*** HOLE CARDS ***
pejoba: raises $3 to $6
Wurst2000: calls $3
*** FLOP *** [9s Th 6c]
Wurst2000: checks
pejoba: bets $3
Wurst2000: calls $3
*** TURN *** [9s Th 6c] [3c]
Wurst2000: checks
pejoba: bets $6
Wurst2000: folds
Uncalled bet ($6) returned to pejoba
pejoba collected $17.64 from pot
pejoba: doesn't show hand
*** SUMMARY ***
Total pot $18 | Rake $0.36
Board [9s Th 6c 3c]
Seat 1: Wurst2000 (big blind) folded on the Turn
Seat 4: pejoba (button) (small blind) collected ($17.64)


PokerStars Hand #158154935502:  Hold'em Limit ($3/$6 USD) - 2016/09/04 13:30:39 ET
Table 'Prospero II' 6-max Seat #1 is the button
Seat 1: Wurst2000 ($144.44 in chips)
Seat 4: pejoba ($57.24 in chips)
Wurst2000: posts small blind $1
pejoba: posts big blind $3
*** HOLE CARDS ***
Wurst2000: raises $3 to $6
pejoba: calls $3
*** FLOP *** [Ac 7c 6d]
pejoba: bets $3
Wurst2000: raises $3 to $6
pejoba: calls $3
*** TURN *** [Ac 7c 6d] [Ts]
pejoba: checks
Wurst2000: checks
*** RIVER *** [Ac 7c 6d Ts] [Qd]
pejoba: bets $6
Wurst2000: folds
Uncalled bet ($6) returned to pejoba
pejoba collected $23.52 from pot
pejoba: doesn't show hand
*** SUMMARY ***
Total pot $24 | Rake $0.48
Board [Ac 7c 6d Ts Qd]
Seat 1: Wurst2000 (button) (small blind) folded on the River
Seat 4: pejoba (big blind) collected ($23.52)


PokerStars Hand #158154969019:  Hold'em Limit ($3/$6 USD) - 2016/09/04 13:31:17 ET
Table 'Prospero II' 6-max Seat #1 is the button
Seat 1: Wurst2000 ($137.44 in chips)
Seat 4: pejoba ($63.76 in chips)
Wurst2000: posts small blind $1
pejoba: posts big blind $3
*** HOLE CARDS ***
Wurst2000: raises $3 to $6
pejoba: folds
Uncalled bet ($3) returned to Wurst2000
Wurst2000 collected $6 from pot
Wurst2000: doesn't show hand
*** SUMMARY ***
Total pot $6 | Rake $0
Seat 1: Wurst2000 (button) (small blind) collected ($6)
Seat 4: pejoba (big blind) folded before Flop


PokerStars Hand #158154964421:  Hold'em Limit ($3/$6 USD) - 2016/09/04 13:31:12 ET
Table 'Prospero II' 6-max Seat #4 is the button
Seat 1: Wurst2000 ($136.44 in chips)
Seat 4: pejoba ($64.76 in chips)
pejoba: posts small blind $1
Wurst2000: posts big blind $3
*** HOLE CARDS ***
pejoba: folds
Uncalled bet ($2) returned to Wurst2000
Wurst2000 collected $2 from pot
Wurst2000: doesn't show hand
*** SUMMARY ***
Total pot $2 | Rake $0
Seat 1: Wurst2000 (big blind) collected ($2)
Seat 4: pejoba (button) (small blind) folded before Flop


PokerStars Hand #158154921418:  Hold'em Limit ($3/$6 USD) - 2016/09/04 13:30:23 ET
Table 'Prospero II' 6-max Seat #4 is the button
Seat 1: Wurst2000 ($153.44 in chips)
Seat 4: pejoba ($48.60 in chips)
pejoba: posts small blind $1
Wurst2000: posts big blind $3
*** HOLE CARDS ***
pejoba: calls $2
Wurst2000: checks
*** FLOP *** [Qh Jd 5d]
Wurst2000: checks
pejoba: checks
*** TURN *** [Qh Jd 5d] [5s]
Wurst2000: checks
pejoba: bets $6
Wurst2000: calls $6
*** RIVER *** [Qh Jd 5d 5s] [8d]
Wurst2000: checks
pejoba: checks
*** SHOW DOWN ***
Wurst2000: shows [As 2d] (a pair of Fives)
pejoba: shows [8c Ac] (two pair, Eights and Fives)
pejoba collected $17.64 from pot
*** SUMMARY ***
Total pot $18 | Rake $0.36
Board [Qh Jd 5d 5s 8d]
Seat 1: Wurst2000 (big blind) showed [As 2d] and lost with a pair of Fives
Seat 4: pejoba (button) (small blind) showed [8c Ac] and won ($17.64) with two pair, Eights and Fives


PokerStars Hand #158154974077:  Hold'em Limit ($3/$6 USD) - 2016/09/04 13:31:23 ET
Table 'Prospero II' 6-max Seat #4 is the button
Seat 1: Wurst2000 ($140.44 in chips)
Seat 4: pejoba ($60.76 in chips)
pejoba: posts small blind $1
Wurst2000: posts big blind $3
*** HOLE CARDS ***
pejoba: raises $3 to $6
Wurst2000: calls $3
*** FLOP *** [Jd Ah 6c]
Wurst2000: checks
pejoba: bets $3
Wurst2000: folds
Uncalled bet ($3) returned to pejoba
pejoba collected $11.76 from pot
pejoba: doesn't show hand
*** SUMMARY ***
Total pot $12 | Rake $0.24
Board [Jd Ah 6c]
Seat 1: Wurst2000 (big blind) folded on the Flop
Seat 4: pejoba (button) (small blind) collected ($11.76)


PokerStars Hand #158154958508:  Hold'em Limit ($3/$6 USD) - 2016/09/04 13:31:05 ET
Table 'Prospero II' 6-max Seat #1 is the button
Seat 1: Wurst2000 ($133.44 in chips)
Seat 4: pejoba ($67.76 in chips)
Wurst2000: posts small blind $1
pejoba: posts big blind $3
*** HOLE CARDS ***
Wurst2000: raises $3 to $6
pejoba: folds
Uncalled bet ($3) returned to Wurst2000
Wurst2000 collected $6 from pot
Wurst2000: doesn't show hand
*** SUMMARY ***
Total pot $6 | Rake $0
Seat 1: Wurst2000 (button) (small blind) collected ($6)
Seat 4: pejoba (big blind) folded before Flop


PokerStars Hand #158154952930:  Hold'em Limit ($3/$6 USD) - 2016/09/04 13:31:00 ET
Table 'Prospero II' 6-max Seat #4 is the button
Seat 1: Wurst2000 ($132.44 in chips)
Seat 4: pejoba ($68.76 in chips)
pejoba: posts small blind $1
Wurst2000: posts big blind $3
*** HOLE CARDS ***
pejoba: folds
Uncalled bet ($2) returned to Wurst2000
Wurst2000 collected $2 from pot
*** SUMMARY ***
Total pot $2 | Rake $0
Seat 1: Wurst2000 (big blind) collected ($2)
Seat 4: pejoba (button) (small blind) folded before Flop


PokerStars Hand #158154988696:  Hold'em Limit ($3/$6 USD) - 2016/09/04 13:31:39 ET
Table 'Prospero II' 6-max Seat #4 is the button
Seat 1: Wurst2000 ($133.44 in chips)
Seat 4: pejoba ($67.52 in chips)
pejoba: posts small blind $1
Wurst2000: posts big blind $3
*** HOLE CARDS ***
pejoba: raises $3 to $6
Wurst2000: raises $3 to $9
pejoba: calls $3
*** FLOP *** [3c 7c 6d]
Wurst2000: bets $3
pejoba: calls $3
*** TURN *** [3c 7c 6d] [As]
Wurst2000: bets $6
pejoba: folds
Uncalled bet ($6) returned to Wurst2000
Wurst2000 collected $23.52 from pot
Wurst2000: doesn't show hand
*** SUMMARY ***
Total pot $24 | Rake $0.48
Board [3c 7c 6d As]
Seat 1: Wurst2000 (big blind) collected ($23.52)
Seat 4: pejoba (button) (small blind) folded on the Turn


PokerStars Hand #158155001636:  Hold'em Limit ($3/$6 USD) - 2016/09/04 13:31:53 ET
Table 'Prospero II' 6-max Seat #1 is the button
Seat 1: Wurst2000 ($144.96 in chips)
Seat 4: pejoba ($55.52 in chips)
Wurst2000: posts small blind $1
pejoba: posts big blind $3
*** HOLE CARDS ***
Wurst2000: raises $3 to $6
pejoba: raises $3 to $9
Wurst2000: calls $3
*** FLOP *** [8c Jd 4d]
pejoba: bets $3
Wurst2000: raises $3 to $6
pejoba: calls $3
*** TURN *** [8c Jd 4d] [Ad]
pejoba: checks
Wurst2000: bets $6
pejoba: raises $6 to $12
Wurst2000: calls $6
*** RIVER *** [8c Jd 4d Ad] [8d]
pejoba: bets $6
Wurst2000: raises $6 to $12
pejoba: calls $6
*** SHOW DOWN ***
Wurst2000: shows [8h Kd] (a flush, Ace high)
pejoba: mucks hand
Wurst2000 collected $77.50 from pot
*** SUMMARY ***
Total pot $78 | Rake $0.50
Board [8c Jd 4d Ad 8d]
Seat 1: Wurst2000 (button) (small blind) showed [8h Kd] and won ($77.50) with a flush, Ace high
Seat 4: pejoba (big blind) mucked


PokerStars Hand #158154984693:  Hold'em Limit ($3/$6 USD) - 2016/09/04 13:31:34 ET
Table 'Prospero II' 6-max Seat #1 is the button
Seat 1: Wurst2000 ($134.44 in chips)
Seat 4: pejoba ($66.52 in chips)
Wurst2000: posts small blind $1
pejoba: posts big blind $3
*** HOLE CARDS ***
Wurst2000: folds
Uncalled bet ($2) returned to pejoba
pejoba collected $2 from pot
pejoba: doesn't show hand
*** SUMMARY ***
Total pot $2 | Rake $0
Seat 1: Wurst2000 (button) (small blind) folded before Flop
Seat 4: pejoba (big blind) collected ($2)


PokerStars Hand #158155025003:  Hold'em Limit ($3/$6 USD) - 2016/09/04 13:32:19 ET
Table 'Prospero II' 6-max Seat #1 is the button
Seat 1: Wurst2000 ($180.46 in chips)
Seat 4: pejoba ($19.52 in chips)
Wurst2000: posts small blind $1
pejoba: posts big blind $3
*** HOLE CARDS ***
Wurst2000: raises $3 to $6
pejoba: folds
Uncalled bet ($3) returned to Wurst2000
Wurst2000 collected $6 from pot
Wurst2000: doesn't show hand
*** SUMMARY ***
Total pot $6 | Rake $0
Seat 1: Wurst2000 (button) (small blind) collected ($6)
Seat 4: pejoba (big blind) folded before Flop


PokerStars Hand #158155018644:  Hold'em Limit ($3/$6 USD) - 2016/09/04 13:32:12 ET
Table 'Prospero II' 6-max Seat #4 is the button
Seat 1: Wurst2000 ($183.46 in chips)
Seat 4: pejoba ($16.52 in chips)
pejoba: posts small blind $1
Wurst2000: posts big blind $3
*** HOLE CARDS ***
pejoba: raises $3 to $6
Wurst2000: folds
Uncalled bet ($3) returned to pejoba
pejoba collected $6 from pot
pejoba: doesn't show hand
*** SUMMARY ***
Total pot $6 | Rake $0
Seat 1: Wurst2000 (big blind) folded before Flop
Seat 4: pejoba (button) (small blind) collected ($6)


PokerStars Hand #158155049616:  Hold'em Limit ($3/$6 USD) - 2016/09/04 13:32:46 ET
Table 'Prospero II' 6-max Seat #4 is the button
Seat 1: Wurst2000 ($169.94 in chips)
Seat 4: pejoba ($29.54 in chips)
pejoba: posts small blind $1
Wurst2000: posts big blind $3
*** HOLE CARDS ***
pejoba: folds
Uncalled bet ($2) returned to Wurst2000
Wurst2000 collected $2 from pot
Wurst2000: doesn't show hand
*** SUMMARY ***
Total pot $2 | Rake $0
Seat 1: Wurst2000 (big blind) collected ($2)
Seat 4: pejoba (button) (small blind) folded before Flop


PokerStars Hand #158155044441:  Hold'em Limit ($3/$6 USD) - 2016/09/04 13:32:40 ET
Table 'Prospero II' 6-max Seat #1 is the button
Seat 1: Wurst2000 ($166.94 in chips)
Seat 4: pejoba ($32.54 in chips)
Wurst2000: posts small blind $1
pejoba: posts big blind $3
*** HOLE CARDS ***
Wurst2000: raises $3 to $6
pejoba: folds
Uncalled bet ($3) returned to Wurst2000
Wurst2000 collected $6 from pot
Wurst2000: doesn't show hand
*** SUMMARY ***
Total pot $6 | Rake $0
Seat 1: Wurst2000 (button) (small blind) collected ($6)
Seat 4: pejoba (big blind) folded before Flop


PokerStars Hand #158155029800:  Hold'em Limit ($3/$6 USD) - 2016/09/04 13:32:24 ET
Table 'Prospero II' 6-max Seat #4 is the button
Seat 1: Wurst2000 ($183.46 in chips)
Seat 4: pejoba ($16.52 in chips)
pejoba: posts small blind $1
Wurst2000: posts big blind $3
*** HOLE CARDS ***
pejoba: raises $3 to $6
Wurst2000: calls $3
*** FLOP *** [5h Ac Ts]
Wurst2000: checks
pejoba: checks
*** TURN *** [5h Ac Ts] [5d]
Wurst2000: bets $6
pejoba: raises $4.52 to $10.52 and is all-in
Wurst2000: calls $4.52
*** RIVER *** [5h Ac Ts 5d] [6s]
*** SHOW DOWN ***
Wurst2000: shows [4s Td] (two pair, Tens and Fives)
pejoba: shows [7c As] (two pair, Aces and Fives)
pejoba collected $32.54 from pot
*** SUMMARY ***
Total pot $33.04 | Rake $0.50
Board [5h Ac Ts 5d 6s]
Seat 1: Wurst2000 (big blind) showed [4s Td] and lost with two pair, Tens and Fives
Seat 4: pejoba (button) (small blind) showed [7c As] and won ($32.54) with two pair, Aces and Fives


PokerStars Hand #158155072325:  Hold'em Limit ($3/$6 USD) - 2016/09/04 13:33:12 ET
Table 'Prospero II' 6-max Seat #4 is the button
Seat 1: Wurst2000 ($158.94 in chips)
Seat 4: pejoba ($40.06 in chips)
pejoba: posts small blind $1
Wurst2000: posts big blind $3
*** HOLE CARDS ***
pejoba: raises $3 to $6
Wurst2000: calls $3
*** FLOP *** [5d 5s 3h]
Wurst2000: checks
pejoba: checks
*** TURN *** [5d 5s 3h] [3s]
Wurst2000: bets $6
pejoba: folds
Uncalled bet ($6) returned to Wurst2000
Wurst2000 collected $11.76 from pot
Wurst2000: doesn't show hand
*** SUMMARY ***
Total pot $12 | Rake $0.24
Board [5d 5s 3h 3s]
Seat 1: Wurst2000 (big blind) collected ($11.76)
Seat 4: pejoba (button) (small blind) folded on the Turn


PokerStars Hand #158155087243:  Hold'em Limit ($3/$6 USD) - 2016/09/04 13:33:29 ET
Table 'Prospero II' 6-max Seat #4 is the button
Seat 1: Wurst2000 ($163.70 in chips)
Seat 4: pejoba ($35.06 in chips)
pejoba: posts small blind $1
Wurst2000: posts big blind $3
*** HOLE CARDS ***
pejoba: raises $3 to $6
Wurst2000: folds
Uncalled bet ($3) returned to pejoba
pejoba collected $6 from pot
pejoba: doesn't show hand
*** SUMMARY ***
Total pot $6 | Rake $0
Seat 1: Wurst2000 (big blind) folded before Flop
Seat 4: pejoba (button) (small blind) collected ($6)


PokerStars Hand #158155083371:  Hold'em Limit ($3/$6 USD) - 2016/09/04 13:33:24 ET
Table 'Prospero II' 6-max Seat #1 is the button
Seat 1: Wurst2000 ($164.70 in chips)
Seat 4: pejoba ($34.06 in chips)
Wurst2000: posts small blind $1
pejoba: posts big blind $3
*** HOLE CARDS ***
Wurst2000: folds
Uncalled bet ($2) returned to pejoba
pejoba collected $2 from pot
pejoba: doesn't show hand
*** SUMMARY ***
Total pot $2 | Rake $0
Seat 1: Wurst2000 (button) (small blind) folded before Flop
Seat 4: pejoba (big blind) collected ($2)


PokerStars Hand #158155053943:  Hold'em Limit ($3/$6 USD) - 2016/09/04 13:32:50 ET
Table 'Prospero II' 6-max Seat #1 is the button
Seat 1: Wurst2000 ($170.94 in chips)
Seat 4: pejoba ($28.54 in chips)
Wurst2000: posts small blind $1
pejoba: posts big blind $3
*** HOLE CARDS ***
Wurst2000: raises $3 to $6
pejoba: raises $3 to $9
Wurst2000: calls $3
*** FLOP *** [Kd 7c Tc]
pejoba: bets $3
Wurst2000: calls $3
*** TURN *** [Kd 7c Tc] [4h]
pejoba: bets $6
Wurst2000: folds
Uncalled bet ($6) returned to pejoba
pejoba collected $23.52 from pot
pejoba: doesn't show hand
*** SUMMARY ***
Total pot $24 | Rake $0.48
Board [Kd 7c Tc 4h]
Seat 1: Wurst2000 (button) (small blind) folded on the Turn
Seat 4: pejoba (big blind) collected ($23.52)


PokerStars Hand #158155134910:  Hold'em Limit ($3/$6 USD) - 2016/09/04 13:34:21 ET
Table 'Prospero II' 6-max Seat #1 is the button
Seat 1: Wurst2000 ($162.21 in chips)
Seat 4: pejoba ($35.81 in chips)
Wurst2000: posts small blind $1
pejoba: posts big blind $3
*** HOLE CARDS ***
Wurst2000: raises $3 to $6
pejoba: folds
Uncalled bet ($3) returned to Wurst2000
Wurst2000 collected $6 from pot
Wurst2000: doesn't show hand
*** SUMMARY ***
Total pot $6 | Rake $0
Seat 1: Wurst2000 (button) (small blind) collected ($6)
Seat 4: pejoba (big blind) folded before Flop


PokerStars Hand #158155129907:  Hold'em Limit ($3/$6 USD) - 2016/09/04 13:34:16 ET
Table 'Prospero II' 6-max Seat #4 is the button
Seat 1: Wurst2000 ($165.21 in chips)
Seat 4: pejoba ($32.81 in chips)
pejoba: posts small blind $1
Wurst2000: posts big blind $3
*** HOLE CARDS ***
pejoba: raises $3 to $6
Wurst2000: folds
Uncalled bet ($3) returned to pejoba
pejoba collected $6 from pot
pejoba: doesn't show hand
*** SUMMARY ***
Total pot $6 | Rake $0
Seat 1: Wurst2000 (big blind) folded before Flop
Seat 4: pejoba (button) (small blind) collected ($6)


PokerStars Hand #158155112082:  Hold'em Limit ($3/$6 USD) - 2016/09/04 13:33:56 ET
Table 'Prospero II' 6-max Seat #1 is the button
Seat 1: Wurst2000 ($157.45 in chips)
Seat 4: pejoba ($40.81 in chips)
Wurst2000: posts small blind $1
pejoba: posts big blind $3
*** HOLE CARDS ***
Wurst2000: raises $3 to $6
pejoba: folds
Uncalled bet ($3) returned to Wurst2000
Wurst2000 collected $6 from pot
Wurst2000: doesn't show hand
*** SUMMARY ***
Total pot $6 | Rake $0
Seat 1: Wurst2000 (button) (small blind) collected ($6)
Seat 4: pejoba (big blind) folded before Flop


PokerStars Hand #158155107750:  Hold'em Limit ($3/$6 USD) - 2016/09/04 13:33:51 ET
Table 'Prospero II' 6-max Seat #4 is the button
Seat 1: Wurst2000 ($160.45 in chips)
Seat 4: pejoba ($37.81 in chips)
pejoba: posts small blind $1
Wurst2000: posts big blind $3
*** HOLE CARDS ***
pejoba: raises $3 to $6
Wurst2000: folds
Uncalled bet ($3) returned to pejoba
pejoba collected $6 from pot
pejoba: doesn't show hand
*** SUMMARY ***
Total pot $6 | Rake $0
Seat 1: Wurst2000 (big blind) folded before Flop
Seat 4: pejoba (button) (small blind) collected ($6)


PokerStars Hand #158155126147:  Hold'em Limit ($3/$6 USD) - 2016/09/04 13:34:11 ET
Table 'Prospero II' 6-max Seat #1 is the button
Seat 1: Wurst2000 ($166.21 in chips)
Seat 4: pejoba ($31.81 in chips)
Wurst2000: posts small blind $1
pejoba: posts big blind $3
*** HOLE CARDS ***
Wurst2000: folds
Uncalled bet ($2) returned to pejoba
pejoba collected $2 from pot
pejoba: doesn't show hand
*** SUMMARY ***
Total pot $2 | Rake $0
Seat 1: Wurst2000 (button) (small blind) folded before Flop
Seat 4: pejoba (big blind) collected ($2)


PokerStars Hand #158155116956:  Hold'em Limit ($3/$6 USD) - 2016/09/04 13:34:01 ET
Table 'Prospero II' 6-max Seat #4 is the button
Seat 1: Wurst2000 ($160.45 in chips)
Seat 4: pejoba ($37.81 in chips)
pejoba: posts small blind $1
Wurst2000: posts big blind $3
*** HOLE CARDS ***
pejoba: calls $2
Wurst2000: checks
*** FLOP *** [7d Js 2c]
Wurst2000: bets $3
pejoba: calls $3
*** TURN *** [7d Js 2c] [8h]
Wurst2000: bets $6
pejoba: folds
Uncalled bet ($6) returned to Wurst2000
Wurst2000 collected $11.76 from pot
Wurst2000: doesn't show hand
*** SUMMARY ***
Total pot $12 | Rake $0.24
Board [7d Js 2c 8h]
Seat 1: Wurst2000 (big blind) collected ($11.76)
Seat 4: pejoba (button) (small blind) folded on the Turn


PokerStars Hand #158155091681:  Hold'em Limit ($3/$6 USD) - 2016/09/04 13:33:33 ET
Table 'Prospero II' 6-max Seat #1 is the button
Seat 1: Wurst2000 ($160.70 in chips)
Seat 4: pejoba ($38.06 in chips)
Wurst2000: posts small blind $1
pejoba: posts big blind $3
*** HOLE CARDS ***
Wurst2000: raises $3 to $6
pejoba: calls $3
*** FLOP *** [Jh Qc 2c]
pejoba: checks
Wurst2000: bets $3
pejoba: raises $3 to $6
Wurst2000: calls $3
*** TURN *** [Jh Qc 2c] [9c]
pejoba: bets $6
Wurst2000: raises $6 to $12
pejoba: raises $6 to $18
Wurst2000: calls $6
*** RIVER *** [Jh Qc 2c 9c] [3s]
pejoba: bets $6
Wurst2000: calls $6
*** SHOW DOWN ***
pejoba: shows [Js Qd] (two pair, Queens and Jacks)
Wurst2000: shows [Qs Jc] (two pair, Queens and Jacks)
pejoba collected $35.75 from pot
Wurst2000 collected $35.75 from pot
*** SUMMARY ***
Total pot $72 | Rake $0.50
Board [Jh Qc 2c 9c 3s]
Seat 1: Wurst2000 (button) (small blind) showed [Qs Jc] and won ($35.75) with two pair, Queens and Jacks
Seat 4: pejoba (big blind) showed [Js Qd] and won ($35.75) with two pair, Queens and Jacks


PokerStars Hand #158155139307:  Hold'em Limit ($3/$6 USD) - 2016/09/04 13:34:26 ET
Table 'Prospero II' 6-max Seat #4 is the button
Seat 1: Wurst2000 ($165.21 in chips)
Seat 4: pejoba ($32.81 in chips)
pejoba: posts small blind $1
Wurst2000: posts big blind $3
*** HOLE CARDS ***
pejoba: raises $3 to $6
Wurst2000: calls $3
*** FLOP *** [4s 7c 3d]
Wurst2000: checks
pejoba: checks
*** TURN *** [4s 7c 3d] [7h]
Wurst2000: checks
pejoba: checks
*** RIVER *** [4s 7c 3d 7h] [Kd]
Wurst2000: checks
pejoba: bets $6
Wurst2000: folds
Uncalled bet ($6) returned to pejoba
pejoba collected $11.76 from pot
pejoba: doesn't show hand
*** SUMMARY ***
Total pot $12 | Rake $0.24
Board [4s 7c 3d 7h Kd]
Seat 1: Wurst2000 (big blind) folded on the River
Seat 4: pejoba (button) (small blind) collected ($11.76)


PokerStars Hand #158155188799:  Hold'em Limit ($3/$6 USD) - 2016/09/04 13:35:20 ET
Table 'Prospero II' 6-max Seat #1 is the button
Seat 1: Wurst2000 ($123.21 in chips)
Seat 4: pejoba ($73.83 in chips)
Wurst2000: posts small blind $1
pejoba: posts big blind $3
*** HOLE CARDS ***
Wurst2000: raises $3 to $6
pejoba: calls $3
*** FLOP *** [Kc As 7c]
pejoba: checks
Wurst2000: bets $3
pejoba: folds
Uncalled bet ($3) returned to Wurst2000
Wurst2000 collected $11.76 from pot
Wurst2000: doesn't show hand
*** SUMMARY ***
Total pot $12 | Rake $0.24
Board [Kc As 7c]
Seat 1: Wurst2000 (button) (small blind) collected ($11.76)
Seat 4: pejoba (big blind) folded on the Flop


PokerStars Hand #158155171543:  Hold'em Limit ($3/$6 USD) - 2016/09/04 13:35:01 ET
Table 'Prospero II' 6-max Seat #4 is the button
Seat 1: Wurst2000 ($153.21 in chips)
Seat 4: pejoba ($44.33 in chips)
pejoba: posts small blind $1
Wurst2000: posts big blind $3
*** HOLE CARDS ***
pejoba: raises $3 to $6
Wurst2000: calls $3
*** FLOP *** [8s 5s Td]
Wurst2000: checks
pejoba: bets $3
Wurst2000: raises $3 to $6
pejoba: calls $3
*** TURN *** [8s 5s Td] [Jc]
Wurst2000: bets $6
pejoba: raises $6 to $12
Wurst2000: calls $6
*** RIVER *** [8s 5s Td Jc] [Ah]
Wurst2000: checks
pejoba: bets $6
Wurst2000: calls $6
*** SHOW DOWN ***
pejoba: shows [8d Jh] (two pair, Jacks and Eights)
Wurst2000: mucks hand
pejoba collected $59.50 from pot
*** SUMMARY ***
Total pot $60 | Rake $0.50
Board [8s 5s Td Jc Ah]
Seat 1: Wurst2000 (big blind) mucked
Seat 4: pejoba (button) (small blind) showed [8d Jh] and won ($59.50) with two pair, Jacks and Eights


PokerStars Hand #158155167040:  Hold'em Limit ($3/$6 USD) - 2016/09/04 13:34:56 ET
Table 'Prospero II' 6-max Seat #1 is the button
Seat 1: Wurst2000 ($154.21 in chips)
Seat 4: pejoba ($43.33 in chips)
Wurst2000: posts small blind $1
pejoba: posts big blind $3
*** HOLE CARDS ***
Wurst2000: folds
Uncalled bet ($2) returned to pejoba
pejoba collected $2 from pot
pejoba: doesn't show hand
*** SUMMARY ***
Total pot $2 | Rake $0
Seat 1: Wurst2000 (button) (small blind) folded before Flop
Seat 4: pejoba (big blind) collected ($2)


PokerStars Hand #158155161828:  Hold'em Limit ($3/$6 USD) - 2016/09/04 13:34:51 ET
Table 'Prospero II' 6-max Seat #4 is the button
Seat 1: Wurst2000 ($153.21 in chips)
Seat 4: pejoba ($44.33 in chips)
pejoba: posts small blind $1
Wurst2000: posts big blind $3
*** HOLE CARDS ***
pejoba: folds
Uncalled bet ($2) returned to Wurst2000
Wurst2000 collected $2 from pot
Wurst2000: doesn't show hand
*** SUMMARY ***
Total pot $2 | Rake $0
Seat 1: Wurst2000 (big blind) collected ($2)
Seat 4: pejoba (button) (small blind) folded before Flop


PokerStars Hand #158155152552:  Hold'em Limit ($3/$6 USD) - 2016/09/04 13:34:40 ET
Table 'Prospero II' 6-max Seat #1 is the button
Seat 1: Wurst2000 ($159.21 in chips)
Seat 4: pejoba ($38.57 in chips)
Wurst2000: posts small blind $1
pejoba: posts big blind $3
*** HOLE CARDS ***
Wurst2000: raises $3 to $6
pejoba: calls $3
*** FLOP *** [9c 8d 3s]
pejoba: bets $3
Wurst2000: folds
Uncalled bet ($3) returned to pejoba
pejoba collected $11.76 from pot
pejoba: doesn't show hand
*** SUMMARY ***
Total pot $12 | Rake $0.24
Board [9c 8d 3s]
Seat 1: Wurst2000 (button) (small blind) folded on the Flop
Seat 4: pejoba (big blind) collected ($11.76)


PokerStars Hand #158155196754:  Hold'em Limit ($3/$6 USD) - 2016/09/04 13:35:29 ET
Table 'Prospero II' 6-max Seat #4 is the button
Seat 1: Wurst2000 ($128.97 in chips)
Seat 4: pejoba ($67.83 in chips)
pejoba: posts small blind $1
Wurst2000: posts big blind $3
*** HOLE CARDS ***
pejoba: raises $3 to $6
Wurst2000: calls $3
*** FLOP *** [Jh Js 7s]
Wurst2000: checks
pejoba: checks
*** TURN *** [Jh Js 7s] [Kd]
Wurst2000: bets $6
pejoba: raises $6 to $12
Vetal949 joins the table at seat #3
Wurst2000: calls $6
*** RIVER *** [Jh Js 7s Kd] [5s]
Wurst2000: checks
pejoba: bets $6
Wurst2000: raises $6 to $12
pejoba: raises $6 to $18
Wurst2000: calls $6
*** SHOW DOWN ***
pejoba: shows [6c Jc] (three of a kind, Jacks)
Wurst2000: shows [Qs 6s] (a flush, Queen high)
Wurst2000 collected $71.50 from pot
*** SUMMARY ***
Total pot $72 | Rake $0.50
Board [Jh Js 7s Kd 5s]
Seat 1: Wurst2000 (big blind) showed [Qs 6s] and won ($71.50) with a flush, Queen high
Seat 4: pejoba (button) (small blind) showed [6c Jc] and lost with three of a kind, Jacks


PokerStars Hand #158155308321:  Hold'em Limit ($3/$6 USD) - 2016/09/04 13:37:31 ET
Table 'Prospero II' 6-max Seat #1 is the button
Seat 1: Wurst2000 ($205.80 in chips)
Seat 4: pejoba ($21.89 in chips)
Wurst2000: posts small blind $1
pejoba: posts big blind $3
*** HOLE CARDS ***
Wurst2000: folds
Uncalled bet ($2) returned to pejoba
pejoba collected $2 from pot
pejoba: doesn't show hand
*** SUMMARY ***
Total pot $2 | Rake $0
Seat 1: Wurst2000 (button) (small blind) folded before Flop
Seat 4: pejoba (big blind) collected ($2)


PokerStars Hand #158155301959:  Hold'em Limit ($3/$6 USD) - 2016/09/04 13:37:24 ET
Table 'Prospero II' 6-max Seat #4 is the button
Seat 1: Wurst2000 ($208.80 in chips)
Seat 4: pejoba ($18.89 in chips)
pejoba: posts small blind $1
Wurst2000: posts big blind $3
*** HOLE CARDS ***
sailence joins the table at seat #5
Vetal949 leaves the table
pejoba: raises $3 to $6
Wurst2000: folds
Uncalled bet ($3) returned to pejoba
pejoba collected $6 from pot
pejoba: doesn't show hand
*** SUMMARY ***
Total pot $6 | Rake $0
Seat 1: Wurst2000 (big blind) folded before Flop
Seat 4: pejoba (button) (small blind) collected ($6)


PokerStars Hand #158155383549:  Hold'em Limit ($3/$6 USD) - 2016/09/04 13:38:54 ET
Table 'Prospero II' 6-max Seat #4 is the button
Seat 1: Wurst2000 ($229.63 in chips)
Seat 4: pejoba ($24.53 in chips)
pejoba: posts small blind $1
Wurst2000: posts big blind $3
*** HOLE CARDS ***
pejoba: calls $2
Wurst2000: raises $3 to $6
pejoba: raises $3 to $9
Wurst2000: calls $3
*** FLOP *** [Qc 4h 5c]
Wurst2000: checks
pejoba: bets $3
Wurst2000: calls $3
*** TURN *** [Qc 4h 5c] [8c]
Wurst2000: checks
pejoba: bets $6
Wurst2000: raises $6 to $12
pejoba: raises $0.53 to $12.53 and is all-in
Wurst2000: calls $0.53
*** RIVER *** [Qc 4h 5c 8c] [Tc]
*** SHOW DOWN ***
Wurst2000: shows [Kc Jc] (a flush, King high)
pejoba: shows [Jd As] (high card Ace)
Wurst2000 collected $48.56 from pot
*** SUMMARY ***
Total pot $49.06 | Rake $0.50
Board [Qc 4h 5c 8c Tc]
Seat 1: Wurst2000 (big blind) showed [Kc Jc] and won ($48.56) with a flush, King high
Seat 4: pejoba (button) (small blind) showed [Jd As] and lost with high card Ace


